{"host":"ov7kp8bjf83ind03","time":1607975503,"event":{"mods":["AchievementEnabler","BaseMod","Better Note","Colored Map","Colored Powertips","Downfall","Minty Spire (QoL Compilation)","Permanent Neow","Rare Cards Sparkle","Relic Sorter","Relic Stats","StSLib","everything is the same but u backflip on backflip"],"gold_per_floor":[0,11,36,49,49,49,49,68,81,114,129,229,245,264,282,384,384,384,416,426,457,474,474,474,199,210,243,263,275,16,16,16,16],"floor_reached":32,"playtime":4382,"items_purged":["champ:Strike","champ:Strike"],"score":316,"play_id":"7056f22f-35d2-4d33-a491-4245b88ad41a","local_time":"20201214145143","is_ascension_mode":false,"campfire_choices":[{"floor":1,"key":"RECALL"},{"data":"Apotheosis","floor":6,"key":"SMITH"},{"data":"champ:DefensiveStyle","floor":18,"key":"SMITH"},{"floor":23,"key":"REST"}],"circlet_count":0,"master_deck":["champ:Strike","champ:Defend","champ:Defend","champ:Defend","champ:Defend","champ:Execute","champ:Taunt","Apotheosis+1","champ:CrookedStrike","champ:DefensiveShout","champ:DefensiveStyle+1","champ:Circumvent","champ:StanceDance","champ:Lariat","champ:TornadoPunch","champ:EnGarde","champ:ShieldSlam","champ:RisingSlash","champ:FlashCut","champ:Circumvent","champ:FalseCounter","champ:EnGarde","champ:ShieldWall+1","champ:SkillfulDodge","champ:CheapShot"],"relics":["champ:ChampionCrown","champ:FightingForDummies","Shuriken","Ancient Tea Set","Velvet Choker","Lantern","Frozen Egg 2","InkBottle","Chemical X","Dream Catcher","Bronze Scales"],"acts_visited":["Exordium","TheCity"],"potions_floor_usage":[9,9,16,19,21],"damage_taken":[{"damage":13,"enemies":"Small Slimes","floor":2,"turns":4},{"damage":54,"enemies":"Gremlin Nob","floor":3,"turns":5},{"damage":20,"enemies":"Cultist","floor":4,"turns":4},{"damage":1,"enemies":"Jaw Worm","floor":8,"turns":3},{"damage":5,"enemies":"Exordium Wildlife","floor":9,"turns":4},{"damage":7,"enemies":"Lagavulin","floor":10,"turns":9},{"damage":5,"enemies":"Lots of Slimes","floor":11,"turns":4},{"damage":5,"enemies":"3 Louse","floor":13,"turns":3},{"damage":2,"enemies":"Exordium Thugs","floor":14,"turns":6},{"damage":0,"enemies":"3 Louse","floor":15,"turns":3},{"damage":12,"enemies":"downfall:Ironclad","floor":16,"turns":11},{"damage":33,"enemies":"Slavers","floor":19,"turns":5},{"damage":7,"enemies":"3 Byrds","floor":20,"turns":3},{"damage":43,"enemies":"Gremlin Leader","floor":21,"turns":8},{"damage":5,"enemies":"Spheric Guardian","floor":22,"turns":4},{"damage":10,"enemies":"downfall:FleeingMerchant","floor":25,"turns":4},{"damage":5,"enemies":"Snecko","floor":26,"turns":4},{"damage":28,"enemies":"Slavers","floor":27,"turns":6},{"damage":10,"enemies":"Cultist and Chosen","floor":28,"turns":4},{"damage":0,"enemies":"Shelled Parasite and Fungi","floor":29,"turns":3},{"damage":8,"enemies":"downfall:FleeingMerchant","floor":30,"turns":5},{"damage":10,"enemies":"Centurion and Healer","floor":32,"turns":4}],"seed_played":"-7808490809839808441","potions_obtained":[{"floor":4,"key":"Energy Potion"},{"floor":8,"key":"Fire Potion"},{"floor":14,"key":"SkillPotion"},{"floor":16,"key":"LiquidBronze"},{"floor":20,"key":"AttackPotion"},{"floor":22,"key":"CultistPotion"},{"floor":28,"key":"SkillPotion"}],"is_trial":false,"path_per_floor":["R","M","E","M","?","R","T","M","M","E","M","?","M","M","M","B",null,"R","E","M","E","M","R","T","$","M","E","M","M","$","?","M"],"character_chosen":"THE_CHAMP","items_purchased":["Chemical X","champ:ShieldWall+1","Bronze Scales"],"campfire_rested":1,"item_purchase_floors":[25,25,30],"current_hp_per_floor":[90,82,38,26,26,26,26,25,25,21,21,21,21,19,19,7,90,90,57,50,19,19,46,46,41,41,19,9,9,9,9,0,0],"gold":16,"neow_bonus":"RANDOM_COLORLESS_2","is_daily":false,"chose_seed":false,"campfire_upgraded":2,"win_rate":0.0,"timestamp":1607975503,"path_taken":["R","M","E","M","?","R","T","M","?","E","M","?","M","M","M","BOSS","R","E","M","E","M","R","T","$","M","E","M","M","$","?","M"],"items_purchased_type":["Relic","Card","Relic"],"build_version":"2020-12-13","purchased_purges":2,"victory":false,"max_hp_per_floor":[90,90,90,90,90,90,90,90,90,90,90,90,90,90,90,90,90,90,90,90,90,90,90,90,90,90,90,90,90,90,90,90,90],"relic_stats":{"Dream Catcher":0,"counters":[22,106],"Shuriken":[7],"Bronze Scales":[6],"Chemical X":[7],"obtain_stats":[{"Lantern":19,"Dream Catcher":27,"Shuriken":7,"Bronze Scales":30,"Velvet Choker":17,"champ:ChampionCrown":0,"Chemical X":25,"champ:FightingForDummies":3,"Frozen Egg 2":21,"Ancient Tea Set":10,"InkBottle":24},{"Lantern":12,"Dream Catcher":18,"Shuriken":3,"Bronze Scales":21,"Velvet Choker":11,"champ:ChampionCrown":0,"Chemical X":16,"champ:FightingForDummies":2,"Frozen Egg 2":14,"Ancient Tea Set":6,"InkBottle":15},{"Lantern":61,"Dream Catcher":90,"Shuriken":13,"Bronze Scales":102,"Velvet Choker":56,"champ:ChampionCrown":0,"Chemical X":80,"champ:FightingForDummies":9,"Frozen Egg 2":72,"Ancient Tea Set":29,"InkBottle":76}],"InkBottle":[10]},"card_choices":[{"not_picked":["Sadistic Nature","expansioncontent:Corrupt"],"picked":"Apotheosis","floor":0},{"not_picked":["champ:Lariat","champ:FocusedDefense"],"picked":"champ:CrookedStrike","floor":2},{"not_picked":["champ:EnGarde","champ:BerserkersShout"],"picked":"champ:DefensiveShout","floor":3},{"not_picked":["champ:DefensiveShout","champ:PerfectedStrike"],"picked":"champ:DefensiveStyle","floor":4},{"not_picked":["champ:BladeFlurry","champ:AdrenalArmor"],"picked":"champ:Circumvent","floor":8},{"not_picked":["champ:BladeFlurry","champ:ViciousMockery","champ:PerfectedStrike"],"picked":"SKIP","floor":9},{"not_picked":["champ:CrookedStrike","champ:PreciseThrust"],"picked":"champ:StanceDance","floor":10},{"not_picked":["champ:DefensiveStyle","champ:StanceDance"],"picked":"champ:Lariat","floor":11},{"not_picked":["champ:Backstep","champ:StanceDance"],"picked":"champ:TornadoPunch","floor":13},{"not_picked":["champ:BringItOn","champ:RecklessLeap"],"picked":"champ:EnGarde","floor":14},{"not_picked":["champ:TornadoPunch","champ:DancingMaster","champ:FaceSlap"],"picked":"SKIP","floor":15},{"not_picked":["champ:CheapShot","champ:SwordThrow"],"picked":"champ:ShieldSlam","floor":16},{"not_picked":["champ:Backstep","champ:Lariat+1"],"picked":"champ:RisingSlash","floor":19},{"not_picked":["champ:StanceDance","champ:BerserkersShout+1"],"picked":"champ:FlashCut","floor":20},{"not_picked":["champ:DancingMaster+1","champ:DefensiveStyle+1"],"picked":"champ:Circumvent","floor":21},{"not_picked":["champ:Shatter","champ:TornadoPunch"],"picked":"champ:FalseCounter","floor":22},{"not_picked":["champ:GladiatorsShout","champ:FlashCut"],"picked":"champ:EnGarde","floor":25},{"not_picked":["champ:Haymaker+1","champ:DefensiveStyle+1"],"picked":"champ:SkillfulDodge","floor":26},{"not_picked":["champ:GladiatorStyle+1","champ:GutPunch","champ:CalledShot+1"],"picked":"SKIP","floor":27},{"not_picked":["champ:EnGarde+1","champ:TornadoPunch+1","champ:Encircle"],"picked":"SKIP","floor":28},{"not_picked":["champ:GladiatorsShout+1","champ:FlashCut+1"],"picked":"champ:CheapShot","floor":29},{"not_picked":["champ:Duel","champ:CrownThrow","champ:FanOfKnives+1"],"picked":"SKIP","floor":30}],"player_experience":165913,"relics_obtained":[{"floor":3,"key":"champ:FightingForDummies"},{"floor":7,"key":"Shuriken"},{"floor":10,"key":"Ancient Tea Set"},{"floor":19,"key":"Lantern"},{"floor":21,"key":"Frozen Egg 2"},{"floor":24,"key":"InkBottle"},{"floor":27,"key":"Dream Catcher"}],"event_choices":[{"cards_removed":["champ:Strike"],"damage_healed":0,"gold_gain":0,"player_choice":"Purged","damage_taken":0,"max_hp_gain":0,"max_hp_loss":0,"event_name":"Purifier","floor":5,"gold_loss":0},{"cards_removed":["Apotheosis"],"damage_healed":0,"gold_gain":0,"player_choice":"Give","damage_taken":0,"max_hp_gain":0,"max_hp_loss":0,"event_name":"betterNote:BetterNote","floor":31,"gold_loss":0,"cards_obtained":["hexamod:SixthSeal"]}],"is_beta":false,"boss_relics":[{"not_picked":["SacredBark","Snecko Eye"],"picked":"Velvet Choker"}],"items_purged_floors":[25,30],"is_endless":false,"potions_floor_spawned":[4,8,14,16,20,22,28],"killed_by":"Centurion and Healer","ascension_level":0}}