{"host":"2uu78764idqc8x2u","time":1607929058,"event":{"mods":["BaseMod","Better Altar","Better Note","Better Skull","Better Third Choice","Downfall","Energized Spire","Minty Spire (QoL Compilation)","Spicy Shops","StSLib"],"gold_per_floor":[114,128,147,167,342,342,361,361,440,405,415,433,452,50,50,151,151,165,175,97,97,114,114,128,2,2,2,2,2],"floor_reached":28,"playtime":1624,"items_purged":["Doubt"],"score":214,"play_id":"dd523ca1-6888-4dfd-a8f9-78ac23146ac8","local_time":"20201214015738","is_ascension_mode":false,"campfire_choices":[{"data":"Eruption","floor":6,"key":"SMITH"},{"data":"Vigilance","floor":8,"key":"SMITH"},{"data":"Study","floor":15,"key":"SMITH"},{"data":"MasterReality","floor":23,"key":"SMITH"},{"data":"Prostrate","floor":27,"key":"SMITH"}],"circlet_count":0,"master_deck":["Strike_P","Strike_P","Strike_P","Strike_P","Defend_P","Defend_P","Defend_P","Defend_P","Eruption+1","Vigilance+1","BattleHymn","EmptyFist","JustLucky","ClearTheMind","FlurryOfBlows","Prostrate+1","DeceiveReality","Study+1","MasterReality+1","ReachHeaven","Pray","BattleHymn","Prostrate+1","WheelKick","EmptyBody"],"relics":["PureWater","Mercury Hourglass","WingedGreaves","energizedSpire:SpiderWeb","ClockworkSouvenir","Ornamental Fan"],"acts_visited":["Exordium","TheCity"],"potions_floor_usage":[3,11,13,16,24,28],"damage_taken":[{"damage":9,"enemies":"2 Louse","floor":1,"turns":2},{"damage":1,"enemies":"Small Slimes","floor":2,"turns":3},{"damage":0,"enemies":"Jaw Worm","floor":3,"turns":4},{"damage":7,"enemies":"Gremlin Gang","floor":4,"turns":6},{"damage":17,"enemies":"3 Louse","floor":7,"turns":4},{"damage":3,"enemies":"Exordium Wildlife","floor":11,"turns":3},{"damage":12,"enemies":"Blue Slaver","floor":12,"turns":2},{"damage":19,"enemies":"Exordium Thugs","floor":13,"turns":4},{"damage":2,"enemies":"Hexaghost","floor":16,"turns":7},{"damage":9,"enemies":"Chosen","floor":18,"turns":5},{"damage":0,"enemies":"Spheric Guardian","floor":19,"turns":3},{"damage":7,"enemies":"Snecko","floor":22,"turns":6},{"damage":25,"enemies":"Snake Plant","floor":24,"turns":4},{"damage":45,"enemies":"Slavers","floor":28,"turns":3}],"seed_played":"1921941129944543326","potions_obtained":[{"floor":1,"key":"EssenceOfSteel"},{"floor":7,"key":"Dexterity Potion"},{"floor":12,"key":"sneckomod:MuddlingPotion"},{"floor":13,"key":"ColorlessPotion"},{"floor":22,"key":"StancePotion"},{"floor":24,"key":"SkillPotion"}],"is_trial":false,"path_per_floor":["M","M","M","M","?","R","M","R","T","?","M","M","M","$","R","B",null,"M","M","$","?","M","R","M","$","T","R","E"],"character_chosen":"WATCHER","items_purchased":["Study","WingedGreaves","BattleHymn","ClockworkSouvenir","EmptyBody"],"campfire_rested":0,"item_purchase_floors":[14,14,20,25,25],"current_hp_per_floor":[70,69,69,62,62,62,45,45,45,64,61,49,30,30,30,28,79,70,70,70,70,63,63,38,38,38,38,0,0],"gold":2,"neow_bonus":"TEN_PERCENT_HP_BONUS","is_daily":false,"chose_seed":false,"campfire_upgraded":5,"win_rate":0.0,"timestamp":1607929058,"path_taken":["M","M","M","M","?","R","M","R","T","?","M","M","M","$","R","BOSS","M","M","$","?","M","R","?","$","T","R","E"],"items_purchased_type":["Card","Relic","Card","Relic","Card"],"build_version":"2020-11-30","purchased_purges":1,"victory":false,"max_hp_per_floor":[79,79,79,79,79,79,79,79,79,79,79,79,79,79,79,79,79,79,79,79,79,79,79,79,79,79,79,79,79],"card_choices":[{"not_picked":["Halt","Crescendo"],"picked":"BattleHymn","floor":1},{"not_picked":["CrushJoints","Crescendo"],"picked":"EmptyFist","floor":2},{"not_picked":["ThirdEye","CrushJoints"],"picked":"JustLucky","floor":3},{"not_picked":["BowlingBash","JustLucky","CrushJoints"],"picked":"SKIP","floor":4},{"not_picked":["SashWhip","JustLucky"],"picked":"ClearTheMind","floor":7},{"not_picked":["WaveOfTheHand","Vengeance"],"picked":"FlurryOfBlows","floor":11},{"not_picked":["Consecrate","Weave"],"picked":"Prostrate","floor":12},{"not_picked":["ClearTheMind","ForeignInfluence"],"picked":"DeceiveReality","floor":13},{"not_picked":["Devotion","Vault"],"picked":"MasterReality","floor":16},{"not_picked":["FlyingSleeves","Evaluate"],"picked":"ReachHeaven","floor":18},{"not_picked":["CrushJoints+1","Weave+1"],"picked":"Pray","floor":19},{"not_picked":["EmptyFist+1","Weave+1"],"picked":"Prostrate+1","floor":22},{"not_picked":["Wireheading","Wallop"],"picked":"WheelKick","floor":24}],"player_experience":418502,"relics_obtained":[{"floor":9,"key":"Mercury Hourglass"},{"floor":26,"key":"Ornamental Fan"}],"event_choices":[{"damage_healed":0,"gold_gain":175,"player_choice":"AGREE","damage_taken":167,"max_hp_gain":0,"max_hp_loss":0,"event_name":"betterThird:BetterSerpent","floor":5,"gold_loss":0},{"damage_healed":19,"gold_gain":0,"player_choice":"Healed","damage_taken":0,"max_hp_gain":0,"max_hp_loss":0,"event_name":"The Cleric","floor":10,"gold_loss":35},{"cards_removed":["Prostrate"],"damage_healed":0,"gold_gain":0,"player_choice":"Give","damage_taken":0,"max_hp_gain":0,"max_hp_loss":0,"event_name":"betterNote:BetterNote","floor":21,"gold_loss":0,"cards_obtained":["Zap"]}],"is_beta":false,"boss_relics":[{"not_picked":["energizedSpire:RedRose","energizedSpire:BlackCloud"],"picked":"energizedSpire:SpiderWeb"}],"items_purged_floors":[14],"is_endless":false,"potions_floor_spawned":[1,7,12,13,22,24],"killed_by":"Slavers","ascension_level":0}}