{"host":"4c7oxphrh4ok8x7u","time":1607961296,"event":{"mods":["2.2 Compatiblity","Act Like it!","Aspiration","BaseMod","Better Skull","Better Vampires","BetterRewards","Challenge The Spire","Conjunction","Conspire","Custom Start","Dota2Spire","Friendly Minions","FruityMod","GifTheSpireLib","Halation","Hermit","HololiveMod","Hubris","Hyrulean Relics","Jedi Mod","Kratos Character Expansion","Minty Spire (QoL Compilation)","MostiFishMod","Permanent Neow","Prisma Mod","Quarter Circle Forward PUNCH!","RatMod","Replay The Spire","Robot Space Explorer","SCP261 Mod","Shade Mod","Slay the Relics Exporter","Small Relic Pack","Spicy Shops","Spikes Relics","Spires And Sneckos","StSLib","Stuff the Spire","The Animator","The Blue Laboratory","The Death Knight","The Edgeheg","The Exalted","The Fake Hero","The Trickster","TheWitcher","Wandering Minibosses"],"gold_per_floor":[115,134,134,134,148,148,148],"floor_reached":6,"playtime":298,"items_purged":[],"score":36,"play_id":"61a9ec60-4b52-4003-abed-0a74b217defa","local_time":"20201214185456","is_ascension_mode":false,"campfire_choices":[],"circlet_count":0,"master_deck":["DeathKnight:Strike_DeathKnight","DeathKnight:Strike_DeathKnight","DeathKnight:Defend_DeathKnight","DeathKnight:Defend_DeathKnight","DeathKnight:RuneTap","DeathKnight:RuneStrike","DeathKnight:DeathAndDecay","relicPack:TruthCard","RobotSpaceExplorer:Exploration","Tools of the Trade","Omniscience","Injury","DeathKnight:Ossuary+1"],"relics":["DeathKnight:BrokenRuneblade","DaveBox","ThornShield","Question Card","relicPack:EdsArm","Toxic Egg 2"],"acts_visited":["Exordium"],"potions_floor_usage":[6],"damage_taken":[{"damage":11,"enemies":"Jaw Worm","floor":1,"turns":3},{"damage":0,"enemies":"2 Louse","floor":2,"turns":3},{"damage":3,"enemies":"Cultist","floor":5,"turns":3},{"damage":22,"enemies":"Gremlin Nob","floor":6,"turns":4}],"seed_played":"8165852469007725940","potions_obtained":[{"floor":1,"key":"Dexterity Potion"},{"floor":5,"key":"Conjunction:LightningMarble"}],"is_trial":false,"path_per_floor":["M","M","?","?","M","E"],"character_chosen":"DEATH_KNIGHT","items_purchased":[],"campfire_rested":0,"item_purchase_floors":[],"current_hp_per_floor":[57,57,57,57,54,32,32],"gold":148,"neow_bonus":"TWENTY_PERCENT_HP_BONUS","is_daily":false,"chose_seed":false,"campfire_upgraded":0,"win_rate":0.0,"timestamp":1607961296,"path_taken":["M","M","?","?","?","E"],"items_purchased_type":[],"build_version":"2020-12-13","purchased_purges":0,"victory":false,"max_hp_per_floor":[89,89,84,84,84,84,84],"card_choices":[{"not_picked":["DeathKnight:ScourgeStrike","DeathKnight:BloodEchoes","DeathKnight:MindFreeze"],"picked":"SKIP","floor":1},{"not_picked":["DeathKnight:FrosPresence","DeathKnight:DeathsAdvance","DeathKnight:UnholyPresence"],"picked":"DeathKnight:DeathAndDecay","floor":2},{"not_picked":["DeathKnight:DeathsAdvance+1","DeathKnight:RuneShock","DeathKnight:BludPresence"],"picked":"DeathKnight:Ossuary+1","floor":5}],"player_experience":614891,"relics_obtained":[{"floor":1,"key":"Question Card"}],"event_choices":[],"is_beta":false,"boss_relics":[],"items_purged_floors":[],"is_endless":false,"potions_floor_spawned":[1,5],"killed_by":"Gremlin Nob","ascension_level":0}}