{"host":"ryuep8ewa00k39z9","time":1607904681,"event":{"mods":["AchievementEnabler","BaseMod","Best Route Mod","Colored Map","Colored Powertips","Displayed Cursed Tome","Highlight Path","Minty Spire (QoL Compilation)","Quick Restart","SuperFastMode"],"gold_per_floor":[111,26,42,53,53,79,79,110,184,198,211,224,224,374,374,451,451,440,42,57,57,57,84,84,84,84],"floor_reached":25,"playtime":1672,"items_purged":["Doubt"],"score":441,"play_id":"456fc2c4-ad9e-46b2-92f3-307f906ffb6a","local_time":"20201213181121","is_ascension_mode":true,"campfire_choices":[{"data":"Inflame","floor":7.0,"key":"SMITH"},{"data":"Fire Breathing","floor":13.0,"key":"SMITH"},{"data":"Fire Breathing","floor":15.0,"key":"SMITH"},{"data":"Reaper","floor":24.0,"key":"SMITH"}],"circlet_count":0,"master_deck":["AscendersBane","Defend_R","Defend_R","Defend_R","Bash","Entrench+1","Inflame+1","Exhume+1","Reaper+1","Fire Breathing+1","Fire Breathing+1","Feed","Bite","Bite","Bite","Bite","Bite","Warcry","Feed"],"relics":["Burning Blood","NeowsBlessing","Magic Flower","Akabeko","Letter Opener","Kunai","Runic Cube","Strange Spoon","War Paint","Darkstone Periapt"],"acts_visited":["Exordium","TheCity"],"potions_floor_usage":[],"damage_taken":[{"damage":0.0,"enemies":"2 Louse","floor":1.0,"turns":1.0},{"damage":0.0,"enemies":"Cultist","floor":3.0,"turns":1.0},{"damage":0.0,"enemies":"Jaw Worm","floor":4.0,"turns":1.0},{"damage":40.0,"enemies":"Gremlin Nob","floor":6.0,"turns":5.0},{"damage":25.0,"enemies":"3 Sentries","floor":8.0,"turns":9.0},{"damage":22.0,"enemies":"Exordium Thugs","floor":10.0,"turns":5.0},{"damage":0.0,"enemies":"Large Slime","floor":11.0,"turns":6.0},{"damage":0.0,"enemies":"Lots of Slimes","floor":12.0,"turns":1.0},{"damage":28.0,"enemies":"Slime Boss","floor":16.0,"turns":7.0},{"damage":34.0,"enemies":"2 Thieves","floor":18.0,"turns":4.0},{"damage":63.0,"enemies":"3 Byrds","floor":20.0,"turns":9.0},{"damage":96.0,"enemies":"Gremlin Leader","floor":23.0,"turns":9.0},{"damage":71,"enemies":"Book of Stabbing","floor":25,"turns":5}],"seed_played":"8180034424956664881","potions_obtained":[{"floor":6.0,"key":"PowerPotion"},{"floor":10.0,"key":"Regen Potion"},{"floor":11.0,"key":"BlessingOfTheForge"}],"is_trial":false,"path_per_floor":["M","?","M","M","$","E","R","E","T","M","M","M","R","?","R","B",null,"M","$","M","?","?","E","R","E"],"character_chosen":"IRONCLAD","items_purchased":["Strange Spoon","War Paint"],"campfire_rested":0,"item_purchase_floors":[19,19],"current_hp_per_floor":[74,74,75,75,75,44,44,28,28,27,62,75,75,75,75,75,75,50,50,27,27,27,57,57,0,0],"gold":84,"neow_bonus":"THREE_ENEMY_KILL","is_daily":false,"chose_seed":false,"campfire_upgraded":4,"win_rate":0.0,"timestamp":1607904681,"path_taken":["M","?","M","?","$","E","R","E","T","M","M","M","R","?","R","BOSS","M","$","M","?","?","E","R","E"],"items_purchased_type":["Relic","Relic"],"build_version":"2020-11-30","purchased_purges":1,"victory":false,"max_hp_per_floor":[75,75,75,75,75,75,75,75,75,75,75,75,75,75,75,75,75,75,75,81,56,56,59,59,59,59],"card_choices":[{"not_picked":["Warcry","Havoc","Clash"],"picked":"SKIP","floor":1.0},{"not_picked":["Headbutt","Cleave"],"picked":"Entrench","floor":3.0},{"not_picked":["Perfected Strike","Combust"],"picked":"Inflame","floor":4.0},{"not_picked":["Evolve","Blood for Blood"],"picked":"Exhume","floor":6.0},{"not_picked":["Thunderclap","Metallicize"],"picked":"Reaper","floor":8.0},{"not_picked":["Havoc","Headbutt","Armaments"],"picked":"SKIP","floor":10.0},{"not_picked":["Twin Strike","Dropkick"],"picked":"Fire Breathing","floor":11.0},{"not_picked":["Body Slam","Clash"],"picked":"Fire Breathing","floor":12.0},{"not_picked":["Impervious","Offering"],"picked":"Feed","floor":16.0},{"not_picked":["True Grit","Anger","Clash"],"picked":"SKIP","floor":18.0},{"not_picked":["Flex","Iron Wave","Clothesline"],"picked":"SKIP","floor":20.0},{"not_picked":["Rage","Berserk"],"picked":"Feed","floor":23.0}],"player_experience":3139442,"relics_obtained":[{"floor":6.0,"key":"Akabeko"},{"floor":8.0,"key":"Letter Opener"},{"floor":9.0,"key":"Kunai"},{"floor":23.0,"key":"Darkstone Periapt"}],"event_choices":[{"damage_healed":0.0,"max_hp_gain":0.0,"max_hp_loss":0.0,"gold_gain":0.0,"event_name":"WeMeetAgain","player_choice":"Paid Gold","floor":2.0,"gold_loss":85.0,"damage_taken":0.0,"relics_obtained":["Magic Flower"]},{"damage_healed":0.0,"max_hp_gain":0.0,"max_hp_loss":0.0,"gold_gain":150.0,"event_name":"Liars Game","player_choice":"AGREE","floor":14.0,"gold_loss":0.0,"damage_taken":0.0,"cards_obtained":["Doubt"]},{"damage_healed":0.0,"max_hp_gain":0.0,"max_hp_loss":25.0,"gold_gain":0.0,"event_name":"Vampires","player_choice":"Became a vampire","floor":21.0,"gold_loss":0.0,"damage_taken":0.0,"cards_obtained":["Bite","Bite","Bite","Bite","Bite"]},{"damage_healed":0.0,"max_hp_gain":0.0,"max_hp_loss":0.0,"gold_gain":0.0,"cards_transformed":["Defend_R"],"event_name":"Transmorgrifier","player_choice":"Transformed","floor":22.0,"gold_loss":0.0,"damage_taken":0.0,"cards_obtained":["Warcry"]}],"is_beta":false,"boss_relics":[{"not_picked":["Runic Dome","SlaversCollar"],"picked":"Runic Cube"}],"items_purged_floors":[19],"is_endless":false,"potions_floor_spawned":[6,10,11,12],"killed_by":"Book of Stabbing","ascension_level":16}}