{"host":"y1qks9cbebtax51i","time":1607922784,"event":{"mods":["BaseMod","Better Match","Better Silent Start","BetterRewards","Colorless Booster Pack","Conspire","Downfall","Energized Spire","Exacting","GifTheSpireLib","Gremlin Mod","GungeonMod","Halation","Hubris","Hyrulean Relics","Infinite Spire","Magitek Elite","Minty Spire (QoL Compilation)","Rare Cards Sparkle","Replay The Spire","SacredBarkPlus","Small Relic Pack","Spikes Relics","Spire Birthday Party","StSLib","Stuff the Spire","The Construct","The Disciple","Trackpad","Useless Jewels Mod","everything is the same but u backflip on backflip","vexMod"],"gold_per_floor":[118,138,138,138,157,171,189,34,34,34,47,47,47,57,57,154,154,165,165,178,178,191,191,191],"floor_reached":23,"playtime":2312,"items_purged":[],"score":231,"play_id":"f86089a4-471d-4e10-9c54-410f19611652","local_time":"20201214001304","is_ascension_mode":true,"campfire_choices":[{"data":"Zap","floor":12,"key":"SMITH"}],"circlet_count":0,"master_deck":["Strike_B","Strike_B","Strike_B","Strike_B","Defend_B","Defend_B","Defend_B","Defend_B","Zap+1","Dualcast","conspire:SharedLibrary","Coolheaded","Gash","DiskWipe","Defragment","Compile Driver","Gash","Static Discharge","Buffer","hubris:Ukulele+1","Stack","Go for the Eyes"],"relics":["Cracked Core","NeowsBlessing","NlothsMask","Orichalcum","halation:RedSoulGem","hubris:Backtick","DemoMod:GundromedaStrain"],"acts_visited":["Exordium","TheCity"],"potions_floor_usage":[16,22,23,23],"damage_taken":[{"damage":0.0,"enemies":"Cultist","floor":1.0,"turns":1.0},{"damage":0,"enemies":"2 Louse","floor":2,"turns":1},{"damage":0,"enemies":"Small Slimes","floor":5,"turns":1},{"damage":11,"enemies":"Exordium Wildlife","floor":6,"turns":5},{"damage":6,"enemies":"Large Slime","floor":7,"turns":10},{"damage":5,"enemies":"2 Fungi Beasts","floor":11,"turns":5},{"damage":5,"enemies":"Blue Slaver","floor":14,"turns":3},{"damage":44,"enemies":"Fading Forest","floor":16,"turns":11},{"damage":21,"enemies":"3 Byrds","floor":18,"turns":3},{"damage":24,"enemies":"Shell Parasite","floor":20,"turns":5},{"damage":15,"enemies":"Centurion and Healer","floor":22,"turns":7},{"damage":6,"enemies":"Replay:Snechameleon","floor":23,"turns":1}],"seed_played":"3383607573891089868","potions_obtained":[{"floor":2,"key":"Dexterity Potion"},{"floor":13,"key":"LifebloodPotion"},{"floor":16,"key":"sneckomod:MuddlingPotion"},{"floor":22,"key":"sneckomod:MuddlingPotion"}],"is_trial":false,"path_per_floor":["M","M","?","?","M","M","M","$","T","?","M","R","?","M","R","B",null,"M","AVR","M","?","M","E"],"character_chosen":"DEFECT","items_purchased":["Orichalcum"],"campfire_rested":0,"item_purchase_floors":[8],"current_hp_per_floor":[75,75,75,75,75,64,58,58,58,75,70,70,70,65,65,29,64,43,43,19,19,4,0,0],"gold":191,"neow_bonus":"THREE_ENEMY_KILL","is_daily":false,"chose_seed":false,"campfire_upgraded":1,"win_rate":0.0,"timestamp":1607922784,"path_taken":["M","M","?","?","M","M","?","$","T","?","M","R","?","M","R","BOSS","M","AVR","M","?","M","E"],"items_purchased_type":["Relic"],"build_version":"2020-12-13","purchased_purges":0,"victory":false,"max_hp_per_floor":[75,75,75,75,75,75,75,75,75,75,75,75,75,75,75,75,75,75,75,75,75,75,75,75],"card_choices":[{"not_picked":["Redo","StuffTheSpire:LoadUp"],"picked":"conspire:SharedLibrary","floor":1},{"not_picked":["Gash","Recycle"],"picked":"Coolheaded","floor":2},{"not_picked":["Beam Cell","StuffTheSpire:LoadUp"],"picked":"Gash","floor":5},{"not_picked":["hubris:SpecializedCircuitry","Coolheaded"],"picked":"DiskWipe","floor":6},{"not_picked":["Redo","StuffTheSpire:Plugnplay"],"picked":"Defragment","floor":7},{"not_picked":["StuffTheSpire:LoadUp","StuffTheSpire:GlassShard"],"picked":"Compile Driver","floor":11},{"not_picked":["StuffTheSpire:Plugnplay","Cold Snap"],"picked":"Gash","floor":14},{"not_picked":["Heatsinks","Go for the Eyes"],"picked":"Static Discharge","floor":14},{"not_picked":["Hyperbeam","Biased Cognition"],"picked":"Buffer","floor":16},{"not_picked":["Stack","Skim+1"],"picked":"hubris:Ukulele+1","floor":18},{"not_picked":["Rebound","StuffTheSpire:ShieldGenerator"],"picked":"Stack","floor":20},{"not_picked":["Compile Driver","White Noise"],"picked":"Go for the Eyes","floor":22}],"player_experience":975748,"relics_obtained":[],"event_choices":[{"damage_healed":0,"gold_gain":0,"player_choice":"Ignored","damage_taken":0,"max_hp_gain":0,"max_hp_loss":0,"event_name":"Golden Wing","floor":3,"gold_loss":0},{"damage_healed":0,"gold_gain":0,"player_choice":"Trade","damage_taken":0,"relics_obtained":["NlothsMask"],"max_hp_gain":0,"max_hp_loss":0,"event_name":"FaceTrader","floor":4,"gold_loss":0},{"damage_healed":25,"gold_gain":0,"player_choice":"Banana","damage_taken":0,"max_hp_gain":0,"max_hp_loss":0,"event_name":"Big Fish","floor":10,"gold_loss":0}],"is_beta":false,"boss_relics":[{"not_picked":["Kintsugi","construct:WeddingRing"],"picked":"hubris:Backtick"}],"items_purged_floors":[],"is_endless":false,"potions_floor_spawned":[2,16,22],"killed_by":"Replay:Snechameleon","ascension_level":5}}