{"host":"15dd7v8o90xso62x","time":1607919854,"event":{"mods":["BaseMod","Minty Spire (QoL Compilation)","Quick Restart","StSLib"],"gold_per_floor":[111,36,55,73,73,73,108,122,122,122,141,176,176,187,187,261,261,278,15,15,15,15,15,31,31,31,31,47,47,47],"floor_reached":29,"playtime":896,"items_purged":["Defend_G","Strike_G"],"score":566,"play_id":"3bfe5ff2-37b4-4657-a620-df2fded345d7","local_time":"20201214132414","is_ascension_mode":true,"campfire_choices":[{"data":"Predator","floor":6.0,"key":"SMITH"},{"data":"Deadly Poison","floor":10.0,"key":"SMITH"},{"data":"Noxious Fumes","floor":15,"key":"SMITH"},{"floor":23,"key":"REST"},{"data":"Wraith Form v2","floor":25,"key":"SMITH"},{"data":"Neutralize","floor":27,"key":"SMITH"}],"circlet_count":0,"master_deck":["AscendersBane","Strike_G","Defend_G","Defend_G","Defend_G","Defend_G","Survivor","Neutralize+1","Deadly Poison+1","Footwork","Predator+1","Backflip","Blade Dance","Noxious Fumes+1","Corpse Explosion","CurseOfTheBell","Wraith Form v2+1","Dagger Spray","Caltrops","Deflect"],"relics":["Ring of the Snake","NeowsBlessing","Bag of Marbles","Bottled Lightning","Singing Bowl","Blood Vial","Calling Bell","Snake Skull","Paper Crane","Gambling Chip","Bottled Tornado"],"acts_visited":["Exordium","TheCity"],"potions_floor_usage":[16,16],"damage_taken":[{"damage":0.0,"enemies":"Cultist","floor":1.0,"turns":1.0},{"damage":0.0,"enemies":"Jaw Worm","floor":3.0,"turns":1.0},{"damage":0.0,"enemies":"Small Slimes","floor":4.0,"turns":1.0},{"damage":17.0,"enemies":"Lagavulin","floor":7.0,"turns":8.0},{"damage":0.0,"enemies":"2 Fungi Beasts","floor":8.0,"turns":2.0},{"damage":8.0,"enemies":"Blue Slaver","floor":11.0,"turns":2.0},{"damage":16.0,"enemies":"3 Sentries","floor":12.0,"turns":8.0},{"damage":12.0,"enemies":"Exordium Wildlife","floor":14.0,"turns":3.0},{"damage":0,"enemies":"Hexaghost","floor":16,"turns":9},{"damage":39,"enemies":"2 Thieves","floor":18,"turns":4},{"damage":9,"enemies":"Shell Parasite","floor":24,"turns":7},{"damage":21,"enemies":"Snake Plant","floor":28,"turns":4},{"damage":12,"enemies":"Colosseum Slavers","floor":29,"turns":2}],"seed_played":"-6475686851450113425","potions_obtained":[{"floor":7.0,"key":"EntropicBrew"},{"floor":8.0,"key":"Strength Potion"},{"floor":14.0,"key":"Weak Potion"},{"floor":18,"key":"SteroidPotion"}],"is_trial":false,"path_per_floor":["M","$","M","M","?","R","E","M","T","R","M","E","?","M","R","B",null,"M","$","?","?","$","R","M","R","T","R","M","?"],"character_chosen":"THE_SILENT","items_purchased":["Wraith Form v2"],"campfire_rested":1,"item_purchase_floors":[19],"current_hp_per_floor":[59,59,59,59,52,52,35,35,35,35,27,13,13,3,3,5,52,17,17,17,17,17,38,33,33,33,33,14,4,4],"gold":47,"neow_bonus":"THREE_ENEMY_KILL","is_daily":false,"chose_seed":false,"campfire_upgraded":5,"win_rate":0.0,"timestamp":1607919854,"path_taken":["M","$","?","M","?","R","E","M","T","R","M","E","?","?","R","BOSS","M","$","?","?","?","R","M","R","T","R","M","?"],"items_purchased_type":["Card"],"build_version":"2020-12-13","purchased_purges":2,"victory":false,"max_hp_per_floor":[66,66,66,66,66,66,66,66,66,66,66,68,68,68,68,68,68,70,70,70,70,70,70,72,72,72,72,72,72,72],"card_choices":[{"not_picked":["Flying Knee","Sucker Punch"],"picked":"Deadly Poison","floor":1.0},{"not_picked":["Terror","Outmaneuver"],"picked":"Footwork","floor":3.0},{"not_picked":["Bane","Expertise"],"picked":"Predator","floor":4.0},{"not_picked":["Dodge and Roll","Riddle With Holes","Eviscerate"],"picked":"SKIP","floor":7.0},{"not_picked":["Setup","Predator"],"picked":"Backflip","floor":8.0},{"not_picked":["Deadly Poison","Expertise"],"picked":"Blade Dance","floor":11.0},{"not_picked":["Dagger Spray","Sucker Punch","Slice"],"picked":"Singing Bowl","floor":12.0},{"not_picked":["Skewer","Night Terror"],"picked":"Noxious Fumes","floor":14.0},{"not_picked":["Adrenaline","After Image"],"picked":"Corpse Explosion","floor":16},{"not_picked":["Acrobatics+1","Backflip+1","Dodge and Roll"],"picked":"Singing Bowl","floor":18},{"not_picked":["Quick Slash","Flying Knee","Cloak And Dagger"],"picked":"Singing Bowl","floor":24},{"not_picked":["Backflip","Bouncing Flask"],"picked":"Deflect","floor":28}],"player_experience":897455,"relics_obtained":[{"floor":7.0,"key":"Bag of Marbles"},{"floor":9.0,"key":"Bottled Lightning"},{"floor":12.0,"key":"Singing Bowl"},{"floor":17,"key":"Snake Skull"},{"floor":17,"key":"Paper Crane"},{"floor":17,"key":"Gambling Chip"},{"floor":26,"key":"Bottled Tornado"}],"event_choices":[{"cards_removed":["Strike_G"],"damage_healed":0.0,"max_hp_gain":0.0,"max_hp_loss":0.0,"gold_gain":0.0,"event_name":"Golden Wing","player_choice":"Card Removal","floor":5.0,"gold_loss":0.0,"damage_taken":7.0},{"damage_healed":0.0,"max_hp_gain":0.0,"max_hp_loss":0.0,"gold_gain":0.0,"event_name":"WeMeetAgain","player_choice":"Gave Potion","floor":13.0,"gold_loss":0.0,"damage_taken":0.0,"relics_obtained":["Blood Vial"]},{"damage_healed":0,"gold_gain":0,"cards_transformed":["Strike_G","Strike_G"],"player_choice":"Became Test Subject","damage_taken":0,"max_hp_gain":0,"max_hp_loss":0,"event_name":"Drug Dealer","floor":21,"gold_loss":0,"cards_obtained":["Dagger Spray","Caltrops"]},{"damage_healed":0,"gold_gain":0,"player_choice":"Fight","damage_taken":0,"max_hp_gain":0,"max_hp_loss":0,"event_name":"Colosseum","floor":29,"gold_loss":0}],"is_beta":false,"boss_relics":[{"not_picked":["Runic Pyramid","Coffee Dripper"],"picked":"Calling Bell"}],"items_purged_floors":[2,19],"is_endless":false,"potions_floor_spawned":[7,8,11,14,18],"killed_by":"Colosseum Slavers","ascension_level":20}}