{"host":"gbop6m4qugddaz18","time":1607966640,"event":{"mods":["2.2 Compatiblity","BaseMod","Better Third Choice","Block Reminder","Downfall","GifTheSpireLib","Highlight Path","Minty Spire (QoL Compilation)","Replay The Spire","StSLib"],"gold_per_floor":[99,111,139,139,139,157,182,282,282,292,292],"floor_reached":10,"playtime":294,"items_purged":[],"score":64,"play_id":"6483c8cd-2e19-498a-a5b4-8c2e009a4d24","local_time":"20201214122400","is_ascension_mode":false,"campfire_choices":[{"data":"hexamod:Float","floor":1,"key":"SMITH"}],"circlet_count":0,"master_deck":["hexamod:Strike","hexamod:Strike","hexamod:Strike","hexamod:Strike","hexamod:Defend","hexamod:Defend","hexamod:Defend","hexamod:Defend","hexamod:Sear","hexamod:Float+1","hexamod:ShieldOfDarkness","hexamod:SpectersWail","hexamod:PhantomFireball"],"relics":["hexamod:SpiritBrand","Blue Doll","Pen Nib","Gremlin Horn","Replay:Mystery Machine","Replay:Bandana"],"acts_visited":["Exordium"],"potions_floor_usage":[3],"damage_taken":[{"damage":4,"enemies":"Cultist","floor":2,"turns":4},{"damage":54,"enemies":"Gremlin Nob","floor":3,"turns":5},{"damage":0,"enemies":"2 Louse","floor":6,"turns":2},{"damage":6,"enemies":"Lagavulin","floor":10,"turns":3}],"seed_played":"-4087292907210582947","potions_obtained":[{"floor":0,"key":"EssenceOfSteel"},{"floor":0,"key":"BlessingOfTheForge"},{"floor":0,"key":"SteroidPotion"},{"floor":2,"key":"AttackPotion"}],"is_trial":false,"path_per_floor":["R","M","E","?","?","M","T","?","T","E"],"character_chosen":"THE_SPIRIT","items_purchased":[],"campfire_rested":0,"item_purchase_floors":[],"current_hp_per_floor":[70,66,12,5,5,5,5,5,5,0,0],"gold":292,"neow_bonus":"THREE_SMALL_POTIONS","is_daily":false,"chose_seed":false,"campfire_upgraded":1,"win_rate":0.0,"timestamp":1607966640,"path_taken":["R","M","E","?","?","?","T","?","?","E"],"items_purchased_type":[],"build_version":"2020-11-30","purchased_purges":0,"victory":false,"max_hp_per_floor":[70,70,70,70,70,70,70,70,70,70,70],"card_choices":[{"not_picked":["hexamod:FastForward","hexamod:NightmareGuise"],"picked":"hexamod:ShieldOfDarkness","floor":2},{"not_picked":["hexamod:BacktrackSmack","hexamod:GhostOfSpirePast"],"picked":"hexamod:SpectersWail","floor":3},{"not_picked":["hexamod:SpectralAdrenaline","hexamod:TurnItUp"],"picked":"hexamod:PhantomFireball","floor":6}],"player_experience":401138,"relics_obtained":[{"floor":3,"key":"Blue Doll"},{"floor":5,"key":"Gremlin Horn"},{"floor":7,"key":"Replay:Mystery Machine"},{"floor":9,"key":"Replay:Bandana"}],"event_choices":[{"damage_healed":0,"gold_gain":1,"player_choice":"Relic ","damage_taken":7,"max_hp_gain":0,"max_hp_loss":0,"event_name":"betterThird:BetterScrap","floor":4,"gold_loss":0,"cards_obtained":["Feed"]},{"damage_healed":0,"gold_gain":0,"player_choice":"Relic","damage_taken":0,"max_hp_gain":0,"max_hp_loss":0,"event_name":"Wheel of Change","floor":5,"gold_loss":0}],"is_beta":false,"boss_relics":[],"items_purged_floors":[],"is_endless":false,"potions_floor_spawned":[2],"killed_by":"Lagavulin","ascension_level":0}}