{"host":"l8lkgdumzpe3823a","time":1607917660,"event":{"mods":["Aspiration","BaseMod","Better Note","Colored Powertips","Curses Come First","Custom Start","DeckTracker","Defuse TimeMaze Blight","Highlight Path","Hubris","Infinite Spire","Minty Spire (QoL Compilation)","Quick Restart","Replay The Spire","Shop Mod","StSLib","SuperFastMode","The Construct","The Dragon Tamer","vexMod"],"gold_per_floor":[113,125,125,141,155,155,155],"floor_reached":6,"playtime":240,"items_purged":[],"score":42,"play_id":"5f7175ec-f951-43a7-8c7a-a56bef27e43e","local_time":"20201213214740","is_ascension_mode":true,"campfire_choices":[],"circlet_count":0,"master_deck":["Strike_G","Strike_G","Strike_G","Strike_G","Strike_G","Defend_G","Defend_G","Defend_G","Defend_G","Defend_G","Survivor","Neutralize","ReplayTheSpireMod:Shiv Toss+1","Quick Slash","Cloak And Dagger"],"relics":["Ring of the Snake","NeowsBlessing"],"acts_visited":["Exordium"],"potions_floor_usage":[5,6],"damage_taken":[{"damage":0,"enemies":"Jaw Worm","floor":1,"turns":1},{"damage":0,"enemies":"Cultist","floor":2,"turns":1},{"damage":0,"enemies":"2 Louse","floor":4,"turns":1},{"damage":8,"enemies":"Large Slime","floor":5,"turns":8},{"damage":68,"enemies":"Lagavulin","floor":6,"turns":11}],"seed_played":"3623886014472267585","potions_obtained":[{"floor":1,"key":"AttackPotion"},{"floor":5,"key":"DuplicationPotion"}],"is_trial":false,"path_per_floor":["M","M","?","M","M","E"],"character_chosen":"THE_SILENT","items_purchased":[],"campfire_rested":0,"item_purchase_floors":[],"current_hp_per_floor":[70,70,70,70,62,0,0],"gold":155,"neow_bonus":"THREE_ENEMY_KILL","is_daily":false,"chose_seed":false,"campfire_upgraded":0,"win_rate":0.0,"timestamp":1607917660,"path_taken":["M","M","?","?","M","E"],"items_purchased_type":[],"build_version":"2020-12-13","purchased_purges":0,"victory":false,"max_hp_per_floor":[70,70,70,70,70,70,70],"card_choices":[{"not_picked":["Dagger Throw","hubris:SlightOfHand"],"picked":"ReplayTheSpireMod:Shiv Toss","floor":1},{"not_picked":["Deflect","Poisoned Stab"],"picked":"Quick Slash","floor":2},{"not_picked":["Predator","hubris:SlightOfHand","Deflect"],"picked":"SKIP","floor":4},{"not_picked":["Toxin Wave","hubris:TrickCloak"],"picked":"Cloak And Dagger","floor":5}],"player_experience":550630,"relics_obtained":[],"event_choices":[{"damage_healed":0,"gold_gain":0,"player_choice":"Forge","damage_taken":0,"max_hp_gain":0,"max_hp_loss":0,"event_name":"Accursed Blacksmith","floor":3,"gold_loss":0,"cards_upgraded":["ReplayTheSpireMod:Shiv Toss"]}],"is_beta":false,"boss_relics":[],"items_purged_floors":[],"is_endless":false,"potions_floor_spawned":[1,5],"killed_by":"Lagavulin","ascension_level":2}}