{"host":"y76x98twjnyyxs83","time":1607952796,"event":{"mods":["BaseMod","Colored Powertips","Minty Spire (QoL Compilation)","Permanent Neow","Quick Restart","Rare Cards Sparkle","Relic Stats","StSLib"],"gold_per_floor":[116,134,150,70,70,103,253,253,280,291,51,51,85,102,102,178,178,190,105,116,116,133,133,145,180,205,205,239,84,95,122,122,197,197,238,278,1,0,43,94,146,158,193,255,315,327,388,463,475,487,499,499],"floor_reached":51,"playtime":3395,"items_purged":["Doubt"],"score":1608,"play_id":"6a9de8dd-e4ef-4161-9bf0-aaf029f2d5bd","local_time":"20201214213316","is_ascension_mode":true,"campfire_choices":[{"data":"EmptyFist","floor":8.0,"key":"SMITH"},{"data":"SandsOfTime","floor":12.0,"key":"SMITH"},{"floor":15.0,"key":"REST"},{"floor":23.0,"key":"REST"},{"data":"TalkToTheHand","floor":27.0,"key":"SMITH"},{"floor":32.0,"key":"REST"},{"floor":46.0,"key":"RECALL"},{"floor":49.0,"key":"REST"}],"circlet_count":0,"master_deck":["AscendersBane","Eruption+1","Vigilance","Tantrum","SandsOfTime+1","Halt","Wireheading+1","EmptyFist+1","Wallop+1","CarveReality","LessonLearned+1","Tantrum+1","JustLucky+1","Sanctity+1","DeceiveReality+1","FlyingSleeves","Adaptation+1","Wireheading","Vengeance+1","Meditate+1","Conclude","TalkToTheHand+1","Halt+1","FlurryOfBlows+1","Dramatic Entrance+1","Wish+1","InnerPeace","WheelKick+1","Writhe","Wallop+1","Establishment+1","Parasite","Worship+1"],"relics":["Black Star","Happy Flower","HornCleat","Bag of Preparation","Potion Belt","Darkstone Periapt","Singing Bowl","Pandora\u0027s Box","InkBottle","Bag of Marbles","Centennial Puzzle","Sundial","Tiny Chest","Toy Ornithopter","Oddly Smooth Stone","Fusion Hammer","Red Mask","MawBank","White Beast Statue","MealTicket","Molten Egg 2","Omamori"],"acts_visited":["Exordium","TheCity","TheBeyond"],"potions_floor_usage":[],"damage_taken":[{"damage":1.0,"enemies":"Cultist","floor":1.0,"turns":3.0},{"damage":3.0,"enemies":"2 Louse","floor":2.0,"turns":3.0},{"damage":8.0,"enemies":"Small Slimes","floor":3.0,"turns":3.0},{"damage":20.0,"enemies":"3 Sentries","floor":6.0,"turns":8.0},{"damage":8.0,"enemies":"Exordium Wildlife","floor":10.0,"turns":3.0},{"damage":2.0,"enemies":"Gremlin Nob","floor":13.0,"turns":3.0},{"damage":5.0,"enemies":"2 Fungi Beasts","floor":14.0,"turns":3.0},{"damage":0.0,"enemies":"Slime Boss","floor":16.0,"turns":5.0},{"damage":26.0,"enemies":"Shell Parasite","floor":18.0,"turns":3.0},{"damage":2.0,"enemies":"2 Thieves","floor":20.0,"turns":3.0},{"damage":18.0,"enemies":"Cultist and Chosen","floor":22.0,"turns":4.0},{"damage":0.0,"enemies":"3 Cultists","floor":24.0,"turns":3.0},{"damage":7.0,"enemies":"Slavers","floor":25.0,"turns":3.0},{"damage":12.0,"enemies":"Book of Stabbing","floor":28.0,"turns":6.0},{"damage":0.0,"enemies":"Snake Plant","floor":30.0,"turns":1.0},{"damage":5.0,"enemies":"Slavers","floor":31.0,"turns":3.0},{"damage":40.0,"enemies":"Collector","floor":33.0,"turns":11.0},{"damage":0.0,"enemies":"3 Darklings","floor":35.0,"turns":5.0},{"damage":5.0,"enemies":"3 Shapes","floor":36.0,"turns":4.0},{"damage":0.0,"enemies":"Transient","floor":39.0,"turns":6.0},{"damage":30.0,"enemies":"Reptomancer","floor":40.0,"turns":6.0},{"damage":9.0,"enemies":"Jaw Worm Horde","floor":41.0,"turns":4.0},{"damage":12.0,"enemies":"Spire Growth","floor":44.0,"turns":5.0},{"damage":0.0,"enemies":"Transient","floor":45.0,"turns":6.0},{"damage":5.0,"enemies":"Writhing Mass","floor":47.0,"turns":8.0},{"damage":3.0,"enemies":"Giant Head","floor":48.0,"turns":6.0},{"damage":92.0,"enemies":"Time Eater","floor":50.0,"turns":10.0},{"damage":16,"enemies":"Awakened One","floor":51,"turns":5}],"seed_played":"5980259836019510347","potions_obtained":[{"floor":1.0,"key":"Explosive Potion"},{"floor":3.0,"key":"SkillPotion"},{"floor":16.0,"key":"StancePotion"},{"floor":18.0,"key":"SkillPotion"},{"floor":22.0,"key":"EntropicBrew"},{"floor":25.0,"key":"Energy Potion"},{"floor":35.0,"key":"FearPotion"},{"floor":40.0,"key":"Fire Potion"},{"floor":44.0,"key":"Regen Potion"},{"floor":45.0,"key":"GamblersBrew"},{"floor":47.0,"key":"BottledMiracle"},{"floor":48.0,"key":"GamblersBrew"}],"is_trial":false,"path_per_floor":["M","M","M","$","?","E","?","R","T","M","$","R","E","M","R","B",null,"M","?","M","?","M","R","M","E","T","R","E","$","M","E","R","B",null,"M","M","$","?","M","E","M","?","T","M","M","R","M","E","R","B","B"],"character_chosen":"WATCHER","items_purchased":["Wireheading","Potion Belt","FlurryOfBlows","Dramatic Entrance","Weak Potion","InnerPeace","WheelKick","Dexterity Potion"],"campfire_rested":4,"item_purchase_floors":[4,11,29,29,37,37,37,37],"current_hp_per_floor":[60,57,49,49,49,29,29,29,29,21,21,21,19,14,34,34,60,36,36,34,34,16,37,37,30,30,30,20,20,22,19,41,6,59,61,58,58,58,60,37,30,53,53,41,46,46,54,51,81,14,0,0],"gold":499,"neow_bonus":"BOSS_RELIC","is_daily":false,"chose_seed":false,"campfire_upgraded":3,"win_rate":0.0,"timestamp":1607952796,"path_taken":["M","M","M","?","?","E","?","R","T","M","$","R","E","M","R","BOSS","M","?","M","?","M","R","M","E","T","R","E","$","M","E","R","BOSS","M","M","$","?","M","E","M","?","T","M","M","R","M","E","R","BOSS","BOSS"],"items_purchased_type":["Card","Relic","Card","Card","Potion","Card","Card","Potion"],"build_version":"2020-12-13","purchased_purges":1,"victory":false,"max_hp_per_floor":[68,68,68,68,68,68,68,68,68,68,68,68,68,68,68,68,68,70,70,70,70,70,70,70,70,70,70,72,72,74,76,76,76,76,78,80,80,80,82,84,86,92,92,92,92,92,100,100,100,100,100,100],"relic_stats":{"Darkstone Periapt":12,"Happy Flower":[38],"Singing Bowl":20,"counters":[28,133],"Bag of Preparation":[48],"MawBank":132,"Centennial Puzzle":[33],"Sundial":[14],"Pandora\u0027s Box":["Tantrum","JustLucky","Sanctity","DeceiveReality","FlyingSleeves","Adaptation","Wireheading","Vengeance"],"Tiny Chest":0,"MealTicket":0,"Black Star":7,"obtain_stats":[{"Potion Belt":11,"Darkstone Periapt":13,"Happy Flower":6,"Singing Bowl":13,"Oddly Smooth Stone":31,"Bag of Preparation":9,"Omamori":48,"MawBank":40,"White Beast Statue":40,"Centennial Puzzle":25,"HornCleat":6,"Sundial":28,"Pandora\u0027s Box":17,"Tiny Chest":28,"MealTicket":43,"Molten Egg 2":48,"Fusion Hammer":34,"Black Star":0,"Bag of Marbles":25,"Red Mask":38,"PureWater":0,"InkBottle":19,"Toy Ornithopter":31},{"Potion Belt":5,"Darkstone Periapt":6,"Happy Flower":4,"Singing Bowl":6,"Oddly Smooth Stone":16,"Bag of Preparation":4,"Omamori":26,"MawBank":21,"White Beast Statue":21,"Centennial Puzzle":13,"HornCleat":4,"Sundial":14,"Pandora\u0027s Box":8,"Tiny Chest":14,"MealTicket":22,"Molten Egg 2":26,"Fusion Hammer":17,"Black Star":0,"Bag of Marbles":13,"Red Mask":19,"PureWater":0,"InkBottle":9,"Toy Ornithopter":16},{"Potion Belt":20,"Darkstone Periapt":23,"Happy Flower":17,"Singing Bowl":23,"Oddly Smooth Stone":57,"Bag of Preparation":17,"Omamori":118,"MawBank":89,"White Beast Statue":89,"Centennial Puzzle":47,"HornCleat":17,"Sundial":53,"Pandora\u0027s Box":31,"Tiny Chest":53,"MealTicket":93,"Molten Egg 2":118,"Fusion Hammer":68,"Black Star":0,"Bag of Marbles":47,"Red Mask":77,"PureWater":0,"InkBottle":34,"Toy Ornithopter":57}],"InkBottle":[46],"Toy Ornithopter":30},"card_choices":[{"not_picked":["ThirdEye","TalkToTheHand"],"picked":"Tantrum","floor":1.0},{"not_picked":["SashWhip","CrushJoints"],"picked":"SandsOfTime","floor":2.0},{"not_picked":["Protect","CutThroughFate"],"picked":"Halt","floor":3.0},{"not_picked":["EmptyBody","DeusExMachina"],"picked":"EmptyFist","floor":6.0},{"not_picked":["ForeignInfluence","CrushJoints","WreathOfFlame"],"picked":"SKIP","floor":10.0},{"not_picked":["EmptyFist","Scrawl"],"picked":"Wallop","floor":13.0},{"not_picked":["Evaluate","Swivel"],"picked":"CarveReality","floor":14.0},{"not_picked":["MasterReality","Establishment"],"picked":"LessonLearned","floor":16.0},{"not_picked":["Fasting2","Crescendo","Halt"],"picked":"Singing Bowl","floor":18.0},{"not_picked":["CrushJoints","Weave"],"picked":"Meditate","floor":20.0},{"not_picked":["Protect","Study"],"picked":"Conclude","floor":22.0},{"not_picked":["SashWhip","CutThroughFate"],"picked":"TalkToTheHand","floor":24.0},{"not_picked":["Vengeance","ReachHeaven"],"picked":"Halt+1","floor":25.0},{"not_picked":["Prostrate","FlyingSleeves","DevaForm"],"picked":"Singing Bowl","floor":28.0},{"not_picked":["CutThroughFate","Protect","Halt"],"picked":"Singing Bowl","floor":30.0},{"not_picked":["CrushJoints","FlyingSleeves+1","BattleHymn"],"picked":"Singing Bowl","floor":31.0},{"not_picked":["Brilliance","Ragnarok"],"picked":"Wish","floor":33.0},{"not_picked":["SashWhip","Adaptation","EmptyMind+1"],"picked":"Singing Bowl","floor":35.0},{"not_picked":["FlyingSleeves","FollowUp","Consecrate"],"picked":"Singing Bowl","floor":36.0},{"not_picked":["SashWhip","LikeWater+1","EmptyFist"],"picked":"Singing Bowl","floor":39.0},{"not_picked":["ForeignInfluence","Collect+1","Evaluate+1"],"picked":"Singing Bowl","floor":40.0},{"not_picked":["PathToVictory","Wireheading","Pray"],"picked":"Singing Bowl","floor":41.0},{"not_picked":["FlurryOfBlows","EmptyBody"],"picked":"Wallop+1","floor":44.0},{"not_picked":["CarveReality+1","FollowUp"],"picked":"Establishment","floor":45.0},{"not_picked":["WreathOfFlame","Halt","SashWhip"],"picked":"Singing Bowl","floor":47.0},{"not_picked":["Halt","SignatureMove+1"],"picked":"Worship+1","floor":48.0}],"player_experience":1087909,"relics_obtained":[{"floor":6.0,"key":"Happy Flower"},{"floor":6.0,"key":"HornCleat"},{"floor":9.0,"key":"Bag of Preparation"},{"floor":13.0,"key":"Darkstone Periapt"},{"floor":13.0,"key":"Singing Bowl"},{"floor":25.0,"key":"Bag of Marbles"},{"floor":25.0,"key":"Centennial Puzzle"},{"floor":28.0,"key":"Sundial"},{"floor":28.0,"key":"Tiny Chest"},{"floor":31.0,"key":"Toy Ornithopter"},{"floor":31.0,"key":"Oddly Smooth Stone"},{"floor":40.0,"key":"MawBank"},{"floor":40.0,"key":"White Beast Statue"},{"floor":43.0,"key":"MealTicket"},{"floor":48.0,"key":"Molten Egg 2"},{"floor":48.0,"key":"Omamori"}],"event_choices":[{"damage_healed":0.0,"max_hp_gain":0.0,"max_hp_loss":0.0,"gold_gain":0.0,"event_name":"The Cleric","player_choice":"Leave","floor":5.0,"gold_loss":0.0,"damage_taken":0.0},{"damage_healed":0.0,"max_hp_gain":0.0,"max_hp_loss":0.0,"gold_gain":150.0,"event_name":"Liars Game","player_choice":"AGREE","floor":7.0,"gold_loss":0.0,"damage_taken":0.0,"cards_obtained":["Doubt"]},{"damage_healed":0.0,"max_hp_gain":0.0,"max_hp_loss":0.0,"gold_gain":0.0,"event_name":"Addict","player_choice":"Obtained Relic","floor":19.0,"gold_loss":85.0,"damage_taken":0.0,"relics_obtained":["InkBottle"]},{"damage_healed":0.0,"max_hp_gain":0.0,"max_hp_loss":0.0,"gold_gain":0.0,"event_name":"Cursed Tome","player_choice":"Ignored","floor":21.0,"gold_loss":0.0,"damage_taken":0.0},{"damage_healed":0.0,"max_hp_gain":0.0,"max_hp_loss":0.0,"gold_gain":0.0,"event_name":"Tomb of Lord Red Mask","player_choice":"Paid","floor":38.0,"gold_loss":1.0,"damage_taken":0.0,"relics_obtained":["Red Mask"]},{"damage_healed":17.0,"max_hp_gain":0.0,"max_hp_loss":0.0,"gold_gain":0.0,"event_name":"Winding Halls","player_choice":"Writhe","floor":42.0,"gold_loss":0.0,"damage_taken":0.0,"cards_obtained":["Writhe"]}],"is_beta":false,"boss_relics":[{"not_picked":["Coffee Dripper","VioletLotus"],"picked":"Pandora\u0027s Box"},{"not_picked":["Astrolabe","Sozu"],"picked":"Fusion Hammer"}],"items_purged_floors":[11],"is_endless":false,"potions_floor_spawned":[1,3,16,18,22,25,35,40,41,44,45,47,48],"killed_by":"Awakened One","ascension_level":20}}