{"host":"v0byp44r5syn346h","time":1607953543,"event":{"mods":["2.2 Compatiblity","AchievementEnabler","Act Like it!","AlwaysNeverKeys","Aspiration","BaseMod","Bestiary","Better Match","Better Note","Better Skull","Better Third Choice","Better Vampires","BetterRewards","Card Filter","Colored Map","Colored Powertips","Conspire","Defuse TimeMaze Blight","Displayed Cursed Tome","Downfall","Friendly Minions","Gremlin Skip","Halation","Highlight Path","Hubris","Infinite Spire","Minty Spire (QoL Compilation)","Pale of the Ancients","Quarter Circle Forward PUNCH!","Quick Restart","Random Character Button","Rare Cards Sparkle","Relic Filter","Relic Stats","Reorder Act Four","Replay The Spire","Reworked Bosses","Shop Mod","Spicy Shops","Spikes Relics","StSLib","SuperFastMode","The Blue Laboratory","The Construct","The Cursed","The Hierophant","The Jungle","Thieving Mod","Trackpad","Unknown Chances","egg","vexMod"],"gold_per_floor":[115,115,135,168,243,243,276,77,77,77,108,132,132,153,153,281,281,295,56,69,95,114,147,171,171,171,214,214,245,269,304,304,432,432,453,477,477,477,477,512,512,545,545,578,578,578,578,578,597,597,285,285,304,304,304,304,304],"floor_reached":61,"playtime":2287,"items_purged":["Strike_P","Defend_P","Strike_P","Defend_P","Strike_P","Defend_P","BattleHymn+1"],"score":2755,"play_id":"72c3992b-4b22-4760-905b-5e54d86b6d55","local_time":"20201214144543","is_ascension_mode":true,"campfire_choices":[{"floor":6,"key":"REST"},{"data":"TalkToTheHand","floor":15,"key":"SMITH"},{"data":"Vault","floor":25,"key":"SMITH"},{"data":"Vault","floor":28,"key":"SMITH"},{"data":"TalkToTheHand","floor":32,"key":"SMITH"},{"floor":41,"key":"REST"},{"floor":46,"key":"REST"},{"floor":49,"key":"DIG"},{"data":"hubris:Fate","floor":55,"key":"SMITH"},{"data":"hubris:Rewind","floor":57,"key":"SMITH"}],"circlet_count":0,"master_deck":["Defend_P+1","Eruption+1","Vigilance+1","CarveReality+1","TalkToTheHand+1","Vault+1","Vault+1","TalkToTheHand+1","Collect+1","ThirdEye+1","DeusExMachina+1","CutThroughFate+1","DevaForm+1","FearNoEvil+1","Scrawl+1","TalkToTheHand+1","hubris:Fate+1","hubris:Rewind+1"],"relics":["PureWater","ReplayTheSpireMod:TigerMarble","Replay:Baseball","halation:LettersToHer","conspire:GiftBox","Prayer Wheel","DollysMirror","Pantograph","Replay:Mystery Machine","BargainBundle","hubris:CuriousFeather","Strange Spoon","BicycleWheel","vexMod:CardConverter","Golden Idol","Odd Mushroom","construct:ClawGrip","trackpad:AdjectivePendant","Ornamental Fan","BranchBurnRelic","halation:VictoryRuler","Oddly Smooth Stone","halation:BlackBeret","Bottled Lightning","aspiration:PoetsPen_weak","Lantern","hubris:TenFootPole","trackpad:PetRock","hubris:Teleporter","Happy Flower","Pet Ghost","paleoftheancients:Timepiece","paleoftheancients:KeyRelic","Anchor","Sozu","Gremlin Horn","Incense Burner","paleoftheancients:SoulOfTheDefect","qcfpunch:Wild_Herbs_Ointment","qcfpunch:School_Backpack","trackpad:VoidSphere","Shuriken","vexMod:Spyglass","Replay:Bottled Snecko"],"acts_visited":["Exordium","TheCity","TheBeyond","TheBeyond"],"potions_floor_usage":[4,23,39,39,39],"damage_taken":[{"damage":0,"enemies":"Jaw Worm","floor":1,"turns":1},{"damage":0,"enemies":"2 Louse","floor":3,"turns":1},{"damage":0,"enemies":"conspire:MimicChest","floor":4,"turns":2},{"damage":0,"enemies":"Lagavulin","floor":7,"turns":2},{"damage":0,"enemies":"The Mushroom Lair","floor":11,"turns":4},{"damage":0,"enemies":"Small Slimes","floor":12,"turns":1},{"damage":4,"enemies":"3 Louse","floor":14,"turns":2},{"damage":0,"enemies":"Fading Forest","floor":16,"turns":14},{"damage":4,"enemies":"2 Thieves","floor":18,"turns":4},{"damage":0,"enemies":"3 Byrds","floor":20,"turns":3},{"damage":5,"enemies":"Centurion and Healer","floor":22,"turns":4},{"damage":0,"enemies":"Book of Stabbing","floor":23,"turns":2},{"damage":10,"enemies":"conspire:HollyBat","floor":24,"turns":4},{"damage":0,"enemies":"Gremlin Leader","floor":27,"turns":4},{"damage":0,"enemies":"conspire:SneckoGhost","floor":29,"turns":5},{"damage":0,"enemies":"Cultist and Chosen","floor":30,"turns":3},{"damage":34,"enemies":"Slavers","floor":31,"turns":4},{"damage":0,"enemies":"Automaton","floor":33,"turns":5},{"damage":6,"enemies":"3 Shapes","floor":35,"turns":2},{"damage":0,"enemies":"3 Darklings","floor":36,"turns":3},{"damage":0,"enemies":"infinitespire:Three Voidlings","floor":39,"turns":3},{"damage":47,"enemies":"Nightmare_Alpha","floor":39,"turns":4},{"damage":0,"enemies":"Reptomancer","floor":40,"turns":2},{"damage":27,"enemies":"R_Hoarder","floor":42,"turns":7},{"damage":0,"enemies":"Giant Head","floor":44,"turns":2},{"damage":0,"enemies":"Awakened One","floor":50,"turns":2},{"damage":0,"enemies":"Awakened One","floor":51,"turns":5},{"damage":7,"enemies":"Awakened One","floor":56,"turns":2},{"damage":0,"enemies":"hubris:Merchant","floor":58,"turns":2},{"damage":0,"enemies":"paleoftheancients:N","floor":60,"turns":2}],"seed_played":"9221485090377572301","potions_obtained":[{"floor":3,"key":"blueLaboratory:BottleOfRum"},{"floor":7,"key":"FearPotion"},{"floor":12,"key":"Swift Potion"},{"floor":27,"key":"EntropicBrew"},{"floor":33,"key":"blueLaboratory:StoneskinPotion"}],"is_trial":false,"path_per_floor":["M","?","M","?","?","R","E","$","T","?","?","M","$","M","R","B",null,"M","$","M","T","M","E","M","R","T","E","R","E","M","E","R","B",null,"M","M","?","?","?","E","R","E","T","E","R","AVR","R_BF","B","M","?","$","R","M","R","$","?","B",null],"character_chosen":"WATCHER","items_purchased":["ReplayTheSpireMod:TigerMarble","CarveReality","TalkToTheHand","Replay:Baseball","halation:LettersToHer","conspire:GiftBox","DollysMirror","BargainBundle","hubris:CuriousFeather","Strange Spoon","BicycleWheel","ThirdEye","Dead Branch","Incense Burner"],"campfire_rested":3,"item_purchase_floors":[0,0,0,0,0,0,0,8,8,8,8,8,19,54],"current_hp_per_floor":[23,16,16,16,5,26,26,26,26,26,26,28,28,26,26,73,73,71,71,71,71,66,66,56,56,56,68,68,75,75,43,43,79,79,75,77,77,77,30,30,30,3,3,3,3,3,3,87,87,87,87,87,84,84,87,87,87],"gold":304,"neow_bonus":"","is_daily":false,"chose_seed":false,"campfire_upgraded":6,"win_rate":0.0,"timestamp":1607953543,"path_taken":["M","?","M","?","?","R","E","$","T","?","?","?","?","M","R","BOSS","M","$","M","?","M","E","M","R","T","E","R","E","?","E","R","BOSS","M","M","?","?","?","E","R","E","T","E","R","AVR","R_BF","BOSS","M","?","$","R","M","R","$","?","BOSS"],"items_purchased_type":["Relic","Card","Card","Relic","Relic","Relic","Relic","Relic","Relic","Relic","Relic","Card","Relic","Relic"],"build_version":"2020-12-13","purchased_purges":7,"victory":true,"max_hp_per_floor":[72,72,72,72,72,72,72,72,72,67,67,69,69,71,71,73,73,75,75,75,75,75,75,75,75,75,75,75,75,75,77,77,79,79,81,83,83,83,83,83,83,83,83,83,83,87,87,87,87,87,87,87,87,87,87,87,87],"relic_stats":{"Sozu":0,"Strange Spoon":[209],"Happy Flower":[4],"Gremlin Horn":[29,31],"counters":[111,349],"Golden Idol":303,"Ornamental Fan":[244],"Shuriken":[5],"Pantograph":51,"Prayer Wheel":13,"obtain_stats":[{"Golden Egg":9,"trackpad:Mousetrap":7,"vexMod:MemoryStick":13,"aspiration:PoetsPen_weak":34,"Boot":9,"halation:RedSoulGem":2,"Replay:Ringing Soul":9,"trackpad:PocketGalaxy":0,"vexMod:CardConverter":9,"Necronomicon":22,"trackpad:AdjectivePendant":3,"hubris:MobiusCoin":0,"vexMod:MysteryBossChallenge":17,"qcfpunch:School_Backpack":58,"hubris:TenFootPole":2,"trackpad:WindUpAutoDealer":7,"halation:BlackBeret":10,"qcfpunch:Spiky_Bracers":48,"Regal Pillow":5,"Lantern":40,"Torii":27,"RoseTintedShades":12,"Replay:Multitool":46,"Cursed Key":17,"Smiling Mask":26,"Pet Ghost":44,"qcfpunch:Wild_Herbs_Ointment":58,"BranchBurnRelic":25,"vexMod:RedPlottingStone":0,"WingedGreaves":0,"hubris:CuriousFeather":8,"Chemical X":0,"Ring of Panic":2,"BicycleWheel":8,"construct:ClawGrip":17,"NeowsBlessing":0,"Golden Idol":10,"qcfpunch:Black_Training_Shirt":31,"halation:Yufonium":34,"Damaru":0,"infinitespire:Joker Card":8,"PreservedInsect":0,"aspiration:RandomNobGenerator":17,"Omamori":27,"hubris:Towel":53,"Ornamental Fan":42,"halation:AfternoonTea":13,"Bottled Lightning":31,"ReplayTheSpireMod:Ring of Challenge":2,"conspire:DeflatedDodgeball":54,"ReplayTheSpireMod:Lightbulb":28,"Mark of the Bloom":47,"Gremlin Horn":50,"Sozu":50,"DollysMirror":0,"Strawberry":30,"halation:VictoryRuler":26,"Prayer Wheel":0,"Iron Hammer":27,"paleoftheancients:KeyRelic":50,"hubris:Teleporter":44,"Happy Flower":6,"Dead Branch":19,"Oddly Smooth Stone":22,"infinitespire:Beetle Shell":9,"vexMod:PaidLearning":0,"conspire:Boomerang":8,"aspiration:HiddenCompartment":6,"Question Card":26,"paleoftheancients:Timepiece":50,"OrangePellets":0,"Replay:Baseball":0,"conspire:GiftBox":0,"Shuriken":58,"ReplayTheSpireMod:TigerMarble":0,"Meat on the Bone":8,"halation:PapillonHeart":49,"trackpad:PetRock":43,"Juzu Bracelet":40,"Incense Burner":54,"paleoftheancients:SoulOfTheDefect":56,"Replay:Mystery Machine":7,"vexMod:Spyglass":58,"vexMod:FluxCapacitor":17,"Nunchaku":41,"TheAbacus":4,"Gambling Chip":11,"Pantograph":4,"trackpad:VoidSphere":58,"Replay:Bottled Snecko":58,"halation:LettersToHer":0,"BargainBundle":8,"trackpad:HandOfMidas":0,"trackpad:Trackpad":17,"Guide Book":0,"paleoftheancients:SoulOfTheHexaghost":56,"aspiration:HummingbirdHeart":5,"Odd Mushroom":11,"qcfpunch:White_Boots":43,"Strange Spoon":8,"Pondfish Scales":0,"Anchor":50,"infinitespire:WardingShard":13,"Snack Pack":23,"PureWater":0},{"Golden Egg":4,"trackpad:Mousetrap":16,"vexMod:MemoryStick":18,"aspiration:PoetsPen_weak":99,"Boot":47,"halation:RedSoulGem":1,"Replay:Ringing Soul":16,"trackpad:PocketGalaxy":32,"vexMod:CardConverter":85,"Necronomicon":23,"trackpad:AdjectivePendant":1,"hubris:MobiusCoin":32,"vexMod:MysteryBossChallenge":8,"qcfpunch:School_Backpack":110,"hubris:TenFootPole":33,"trackpad:WindUpAutoDealer":54,"halation:BlackBeret":37,"qcfpunch:Spiky_Bracers":76,"Regal Pillow":54,"Lantern":104,"Torii":62,"RoseTintedShades":38,"Replay:Multitool":75,"Cursed Key":20,"Smiling Mask":62,"Pet Ghost":73,"qcfpunch:Wild_Herbs_Ointment":110,"BranchBurnRelic":94,"vexMod:RedPlottingStone":29,"WingedGreaves":32,"hubris:CuriousFeather":85,"Chemical X":32,"Ring of Panic":30,"BicycleWheel":85,"construct:ClawGrip":89,"NeowsBlessing":0,"Golden Idol":85,"qcfpunch:Black_Training_Shirt":65,"halation:Yufonium":66,"Damaru":52,"infinitespire:Joker Card":4,"PreservedInsect":12,"aspiration:RandomNobGenerator":41,"Omamori":62,"hubris:Towel":79,"Ornamental Fan":72,"halation:AfternoonTea":6,"Bottled Lightning":98,"ReplayTheSpireMod:Ring of Challenge":30,"conspire:DeflatedDodgeball":79,"ReplayTheSpireMod:Lightbulb":63,"Mark of the Bloom":75,"Gremlin Horn":77,"Sozu":107,"DollysMirror":81,"Strawberry":27,"halation:VictoryRuler":94,"Prayer Wheel":81,"Iron Hammer":62,"paleoftheancients:KeyRelic":77,"hubris:Teleporter":106,"Happy Flower":45,"Dead Branch":90,"Oddly Smooth Stone":11,"infinitespire:Beetle Shell":36,"vexMod:PaidLearning":32,"conspire:Boomerang":47,"aspiration:HiddenCompartment":3,"Question Card":25,"paleoftheancients:Timepiece":77,"OrangePellets":32,"Replay:Baseball":81,"conspire:GiftBox":81,"Shuriken":110,"ReplayTheSpireMod:TigerMarble":81,"Meat on the Bone":36,"halation:PapillonHeart":76,"trackpad:PetRock":105,"Juzu Bracelet":70,"Incense Burner":108,"paleoftheancients:SoulOfTheDefect":109,"Replay:Mystery Machine":85,"vexMod:Spyglass":110,"vexMod:FluxCapacitor":57,"Nunchaku":71,"TheAbacus":30,"Gambling Chip":49,"Pantograph":84,"trackpad:VoidSphere":110,"Replay:Bottled Snecko":110,"halation:LettersToHer":81,"BargainBundle":85,"trackpad:HandOfMidas":42,"trackpad:Trackpad":8,"Guide Book":32,"paleoftheancients:SoulOfTheHexaghost":80,"aspiration:HummingbirdHeart":44,"Odd Mushroom":86,"qcfpunch:White_Boots":72,"Strange Spoon":85,"Pondfish Scales":12,"Anchor":77,"infinitespire:WardingShard":50,"Snack Pack":24,"PureWater":0},{"Golden Egg":6,"trackpad:Mousetrap":57,"vexMod:MemoryStick":63,"aspiration:PoetsPen_weak":313,"Boot":170,"halation:RedSoulGem":1,"Replay:Ringing Soul":57,"trackpad:PocketGalaxy":124,"vexMod:CardConverter":254,"Necronomicon":88,"trackpad:AdjectivePendant":1,"hubris:MobiusCoin":124,"vexMod:MysteryBossChallenge":22,"qcfpunch:School_Backpack":347,"hubris:TenFootPole":126,"trackpad:WindUpAutoDealer":190,"halation:BlackBeret":138,"qcfpunch:Spiky_Bracers":235,"Regal Pillow":190,"Lantern":327,"Torii":208,"RoseTintedShades":139,"Replay:Multitool":234,"Cursed Key":73,"Smiling Mask":208,"Pet Ghost":226,"qcfpunch:Wild_Herbs_Ointment":347,"BranchBurnRelic":292,"vexMod:RedPlottingStone":114,"WingedGreaves":124,"hubris:CuriousFeather":254,"Chemical X":124,"Ring of Panic":119,"BicycleWheel":254,"construct:ClawGrip":275,"NeowsBlessing":0,"Golden Idol":254,"qcfpunch:Black_Training_Shirt":214,"halation:Yufonium":216,"Damaru":185,"infinitespire:Joker Card":6,"PreservedInsect":38,"aspiration:RandomNobGenerator":149,"Omamori":208,"hubris:Towel":240,"Ornamental Fan":224,"halation:AfternoonTea":12,"Bottled Lightning":308,"ReplayTheSpireMod:Ring of Challenge":119,"conspire:DeflatedDodgeball":240,"ReplayTheSpireMod:Lightbulb":210,"Mark of the Bloom":234,"Gremlin Horn":236,"Sozu":338,"DollysMirror":248,"Strawberry":105,"halation:VictoryRuler":292,"Prayer Wheel":248,"Iron Hammer":208,"paleoftheancients:KeyRelic":236,"hubris:Teleporter":336,"Happy Flower":163,"Dead Branch":279,"Oddly Smooth Stone":35,"infinitespire:Beetle Shell":136,"vexMod:PaidLearning":124,"conspire:Boomerang":170,"aspiration:HiddenCompartment":3,"Question Card":96,"paleoftheancients:Timepiece":236,"OrangePellets":124,"Replay:Baseball":248,"conspire:GiftBox":248,"Shuriken":347,"ReplayTheSpireMod:TigerMarble":248,"Meat on the Bone":136,"halation:PapillonHeart":235,"trackpad:PetRock":334,"Juzu Bracelet":220,"Incense Burner":343,"paleoftheancients:SoulOfTheDefect":345,"Replay:Mystery Machine":254,"vexMod:Spyglass":347,"vexMod:FluxCapacitor":195,"Nunchaku":221,"TheAbacus":119,"Gambling Chip":177,"Pantograph":252,"trackpad:VoidSphere":347,"Replay:Bottled Snecko":347,"halation:LettersToHer":248,"BargainBundle":254,"trackpad:HandOfMidas":154,"trackpad:Trackpad":22,"Guide Book":124,"paleoftheancients:SoulOfTheHexaghost":246,"aspiration:HummingbirdHeart":158,"Odd Mushroom":258,"qcfpunch:White_Boots":224,"Strange Spoon":254,"Pondfish Scales":38,"Anchor":236,"infinitespire:WardingShard":180,"Snack Pack":92,"PureWater":0}]},"card_choices":[{"not_picked":["Replay:LoomingThreat","Replay:AllIn"],"picked":"Vault","floor":0},{"not_picked":["FlurryOfBlows","Prostrate","Protect"],"picked":"SKIP","floor":1},{"not_picked":["EmptyFist","Replay:Vibes","ThirdEye"],"picked":"SKIP","floor":1},{"not_picked":["Swivel","WaveOfTheHand"],"picked":"TalkToTheHand","floor":3},{"not_picked":["Replay:Battleflow","Replay:ManipulateFuture","Replay:AtTheReady"],"picked":"SKIP","floor":3},{"not_picked":["Replay:Cycle","Replay:Vibes"],"picked":"Collect","floor":7},{"not_picked":["ClearTheMind","Replay:AtTheReady"],"picked":"DeusExMachina","floor":12},{"not_picked":["Halt","Replay:ManipulateFuture","ClearTheMind"],"picked":"SKIP","floor":12},{"not_picked":["Indignation","FlyingSleeves"],"picked":"CutThroughFate","floor":14},{"not_picked":["Prostrate","Halt","Evaluate"],"picked":"SKIP","floor":14},{"not_picked":["MasterReality","Replay:AllIn"],"picked":"DevaForm","floor":16},{"not_picked":["EmptyFist+1","Replay:AtTheReady"],"picked":"Consecrate","floor":18},{"not_picked":["Pray","LikeWater","Fasting2"],"picked":"SKIP","floor":18},{"not_picked":["FlyingSleeves","Fasting2","FollowUp+1"],"picked":"SKIP","floor":20},{"not_picked":["EmptyFist","ClearTheMind","ThirdEye+1"],"picked":"SKIP","floor":20},{"not_picked":["InnerPeace","Replay:BluntJabs","Evaluate+1"],"picked":"SKIP","floor":22},{"not_picked":["FlyingSleeves","Replay:Hum","FlurryOfBlows"],"picked":"SKIP","floor":22},{"not_picked":["Consecrate","Study","CutThroughFate"],"picked":"SKIP","floor":23},{"not_picked":["FollowUp+1","ForeignInfluence","FlurryOfBlows"],"picked":"SKIP","floor":24},{"not_picked":["Weave","FlurryOfBlows","CrushJoints"],"picked":"SKIP","floor":24},{"not_picked":["WreathOfFlame","Halt+1","Evaluate"],"picked":"SKIP","floor":27},{"not_picked":["WreathOfFlame","LikeWater","FlurryOfBlows"],"picked":"SKIP","floor":29},{"not_picked":["CutThroughFate+1","SashWhip+1","PathToVictory"],"picked":"SKIP","floor":30},{"not_picked":["EmptyBody","FlyingSleeves","SandsOfTime"],"picked":"SKIP","floor":30},{"not_picked":["Wireheading+1","MentalFortress"],"picked":"FearNoEvil","floor":31},{"not_picked":["Devotion","Replay:AllIn"],"picked":"Scrawl","floor":33},{"not_picked":["EmptyBody","Prostrate+1"],"picked":"TalkToTheHand+1","floor":35},{"not_picked":["FlurryOfBlows+1","Replay:AtTheReady+1","Tantrum+1"],"picked":"SKIP","floor":35},{"not_picked":["Collect+1","Fasting2"],"picked":"BattleHymn","floor":36},{"not_picked":["ThirdEye+1","Halt+1","Replay:Anticipation+1"],"picked":"SKIP","floor":36},{"not_picked":["Collect+1","SignatureMove+1","Crescendo+1"],"picked":"SKIP","floor":40},{"not_picked":["Perseverance+1","Devotion","Replay:DivineShield+1"],"picked":"SKIP","floor":42},{"not_picked":["Prostrate","DeceiveReality+1","ForeignInfluence+1"],"picked":"SKIP","floor":44},{"not_picked":["Adaptation+1","ThirdEye","EmptyBody+1"],"picked":"SKIP","floor":51},{"not_picked":["SashWhip","Replay:Anticipation","Replay:AllIn"],"picked":"SKIP","floor":51},{"not_picked":["WaveOfTheHand+1","Replay:ManipulateFuture+1","Sanctity"],"picked":"SKIP","floor":56},{"not_picked":["Evaluate","CrushJoints","Replay:Anticipation+1"],"picked":"SKIP","floor":56},{"not_picked":["FlurryOfBlows"],"picked":"SKIP","floor":58},{"not_picked":["EmptyFist"],"picked":"SKIP","floor":58},{"not_picked":["Alpha"],"picked":"SKIP","floor":58},{"not_picked":["EmptyBody"],"picked":"SKIP","floor":58},{"not_picked":["Study"],"picked":"SKIP","floor":58},{"not_picked":["Specialist"],"picked":"SKIP","floor":58},{"not_picked":["vexMod:StairwayStrike"],"picked":"SKIP","floor":58}],"player_experience":818220,"relics_obtained":[{"floor":4,"key":"Pantograph"},{"floor":7,"key":"Replay:Mystery Machine"},{"floor":9,"key":"halation:LettersToHer"},{"floor":9,"key":"vexMod:CardConverter"},{"floor":11,"key":"Odd Mushroom"},{"floor":21,"key":"halation:LettersToHer"},{"floor":21,"key":"trackpad:AdjectivePendant"},{"floor":23,"key":"Ornamental Fan"},{"floor":26,"key":"halation:LettersToHer"},{"floor":26,"key":"halation:VictoryRuler"},{"floor":27,"key":"Oddly Smooth Stone"},{"floor":29,"key":"halation:BlackBeret"},{"floor":31,"key":"Bottled Lightning"},{"floor":40,"key":"Lantern"},{"floor":42,"key":"hubris:TenFootPole"},{"floor":43,"key":"halation:LettersToHer"},{"floor":43,"key":"trackpad:PetRock"},{"floor":44,"key":"hubris:Teleporter"},{"floor":49,"key":"Pet Ghost"},{"floor":56,"key":"paleoftheancients:SoulOfTheDefect"},{"floor":58,"key":"qcfpunch:Wild_Herbs_Ointment"},{"floor":58,"key":"qcfpunch:School_Backpack"},{"floor":58,"key":"trackpad:VoidSphere"},{"floor":58,"key":"Shuriken"},{"floor":58,"key":"vexMod:Spyglass"},{"floor":58,"key":"Replay:Bottled Snecko"}],"event_choices":[{"cards_removed":["Strike_P"],"damage_healed":0,"gold_gain":0,"player_choice":"Card Removal","damage_taken":7,"max_hp_gain":0,"max_hp_loss":0,"event_name":"Golden Wing","floor":2,"gold_loss":0},{"damage_healed":0,"gold_gain":75,"player_choice":"Gold","damage_taken":11,"max_hp_gain":0,"max_hp_loss":0,"event_name":"betterThird:BetterGoop","floor":5,"gold_loss":0},{"damage_healed":0,"gold_gain":0,"player_choice":"Lose Max HP","damage_taken":0,"relics_obtained":["Golden Idol"],"max_hp_gain":0,"max_hp_loss":5,"event_name":"Golden Idol","floor":10,"gold_loss":0},{"damage_healed":0,"gold_gain":0,"player_choice":"Fought Mushrooms","damage_taken":0,"max_hp_gain":0,"max_hp_loss":0,"event_name":"Mushrooms","floor":11,"gold_loss":0},{"damage_healed":0,"gold_gain":0,"player_choice":"Upgrade","damage_taken":0,"relics_obtained":["Mark of the Bloom"],"max_hp_gain":0,"max_hp_loss":0,"event_name":"MindBloom","floor":37,"gold_loss":0,"cards_upgraded":["Defend_P","Eruption","Vigilance","CarveReality","Collect","ThirdEye","DeusExMachina","CutThroughFate","DevaForm","Consecrate","FearNoEvil","Scrawl","BattleHymn"]},{"cards_removed":["Consecrate"],"damage_healed":0,"gold_gain":0,"player_choice":"Purged","damage_taken":0,"max_hp_gain":0,"max_hp_loss":0,"event_name":"Purifier","floor":53,"gold_loss":0}],"is_beta":false,"boss_relics":[{"not_picked":["Ectoplasm","halation:ForbiddenBikini"],"picked":"construct:ClawGrip"},{"not_picked":["aspiration:DefectSkillbook","Honey Jar"],"picked":"aspiration:PoetsPen_weak"}],"items_purged_floors":[0,0,0,0,0,0,54],"is_endless":false,"potions_floor_spawned":[3,7,12,20,22,27,29,31,33,39],"ascension_level":8}}