{"host":"xr9kfrtt7uxz0mdc","time":1607975713,"event":{"mods":["AchievementEnabler","BaseMod","Highlight Path","Minty Spire (QoL Compilation)"],"gold_per_floor":[114,114,189,200,47,79,104,104,153,103,114,114,114,114,114,214,214,229,229,328,253,144,224,235,235,235,235,196,221,232,132,132,230,280,293,303,317,317,334,334,334,334,334,345,362,84,84,100,100,100],"floor_reached":51,"playtime":2480,"items_purged":["Defend_B","Defend_B","Parasite"],"score":736,"play_id":"0f16103e-d098-4b9b-aa78-24ae0a46e0fe","local_time":"20201214205513","is_ascension_mode":false,"campfire_choices":[{"data":"Defend_B","floor":8,"key":"SMITH"},{"data":"Redo","floor":12,"key":"SMITH"},{"data":"Seek","floor":15,"key":"SMITH"},{"data":"Streamline","floor":25,"key":"SMITH"},{"data":"Capacitor","floor":27,"key":"SMITH"},{"floor":32,"key":"REST"},{"data":"Blizzard","floor":40,"key":"SMITH"},{"data":"Defragment","floor":49,"key":"SMITH"}],"circlet_count":0,"master_deck":["Strike_B","Strike_B+1","Defend_B+1","Defend_B+1","Dualcast","Blizzard+1","Streamline+1","Redo+1","Seek+1","Machine Learning+1","Cold Snap","Necronomicurse","Capacitor+1","Loop","Blizzard+1","Defragment+1","Coolheaded+1"],"relics":["FrozenCore","NeowsBlessing","Whetstone","Sundial","Tiny Chest","Lantern","White Beast Statue","Necronomicon","Ornamental Fan","Bottled Lightning","Gremlin Horn","Tiny House","Bird Faced Urn","Singing Bowl","Happy Flower","Bottled Tornado"],"acts_visited":["Exordium","TheCity","TheBeyond"],"potions_floor_usage":[33,50],"damage_taken":[{"damage":0,"enemies":"2 Louse","floor":1,"turns":1},{"damage":0,"enemies":"Jaw Worm","floor":4,"turns":1},{"damage":0,"enemies":"3 Sentries","floor":6,"turns":1},{"damage":0,"enemies":"Small Slimes","floor":11,"turns":2},{"damage":43,"enemies":"Hexaghost","floor":16,"turns":16},{"damage":7,"enemies":"Shell Parasite","floor":18,"turns":7},{"damage":2,"enemies":"Spheric Guardian","floor":24,"turns":6},{"damage":0,"enemies":"Gremlin Leader","floor":29,"turns":6},{"damage":22,"enemies":"Snake Plant","floor":30,"turns":5},{"damage":10,"enemies":"Champ","floor":33,"turns":12},{"damage":19,"enemies":"3 Shapes","floor":35,"turns":4},{"damage":17,"enemies":"Orb Walker","floor":36,"turns":5},{"damage":15,"enemies":"Spire Growth","floor":37,"turns":6},{"damage":15,"enemies":"Jaw Worm Horde","floor":39,"turns":5},{"damage":12,"enemies":"Writhing Mass","floor":44,"turns":8},{"damage":15,"enemies":"3 Darklings","floor":45,"turns":6},{"damage":3,"enemies":"Spire Growth","floor":48,"turns":6},{"damage":8,"enemies":"Donu and Deca","floor":50,"turns":10}],"seed_played":"-2454194581104732322","potions_obtained":[{"floor":1,"key":"BlessingOfTheForge"},{"floor":4,"key":"FocusPotion"},{"floor":16,"key":"PowerPotion"},{"floor":24,"key":"Explosive Potion"},{"floor":33,"key":"Energy Potion"},{"floor":35,"key":"Regen Potion"}],"is_trial":false,"path_per_floor":["M","?","?","M","$","E","T","R","T","?","M","R","?","T","R","B",null,"M","?","?","?","$","T","M","R","T","R","$","E","M","$","R","B",null,"M","M","M","?","M","R","T","?","T","M","M","$","T","M","R","B",null],"character_chosen":"DEFECT","items_purchased":["Whetstone","Capacitor","Blizzard","Happy Flower"],"campfire_rested":1,"item_purchase_floors":[5,22,28,46],"current_hp_per_floor":[75,75,64,64,64,64,64,64,64,64,64,64,64,64,64,21,75,68,52,52,52,52,52,50,50,50,50,50,50,28,28,50,40,80,61,44,29,70,55,55,55,55,55,53,46,46,46,53,53,68],"gold":100,"neow_bonus":"THREE_ENEMY_KILL","is_daily":false,"chose_seed":false,"campfire_upgraded":7,"win_rate":0.0,"timestamp":1607975713,"path_taken":["M","?","?","M","?","E","?","R","T","?","?","R","?","?","R","BOSS","M","?","?","?","$","?","M","R","T","R","?","E","?","$","R","BOSS","M","M","M","?","M","R","?","?","T","M","M","?","?","M","R","BOSS"],"items_purchased_type":["Relic","Card","Card","Relic"],"build_version":"2020-12-13","purchased_purges":3,"victory":true,"max_hp_per_floor":[75,75,75,75,75,75,75,75,75,75,75,75,75,75,75,75,75,75,75,75,75,75,75,75,75,75,75,75,75,75,75,75,75,80,80,80,80,70,70,70,70,70,70,72,72,69,69,71,71,71],"card_choices":[{"not_picked":["White Noise","Rip and Tear"],"picked":"Blizzard","floor":1},{"not_picked":["Streamline","Stack"],"picked":"Coolheaded","floor":4},{"not_picked":["Machine Learning","Ball Lightning"],"picked":"Streamline","floor":6},{"not_picked":["Beam Cell","Streamline"],"picked":"Redo","floor":11},{"not_picked":["Buffer","Rainbow"],"picked":"Machine Learning","floor":16},{"not_picked":["Conserve Battery","Beam Cell+1"],"picked":"Cold Snap","floor":18},{"not_picked":["Go for the Eyes","Compile Driver"],"picked":"Loop","floor":24},{"not_picked":["Hologram","Doom and Gloom+1","Fission"],"picked":"SKIP","floor":29},{"not_picked":["Reprogram","Redo+1","Genetic Algorithm"],"picked":"SKIP","floor":30},{"not_picked":["Hologram+1","Stack","Consume"],"picked":"SKIP","floor":35},{"not_picked":["Darkness","Ball Lightning+1","FTL"],"picked":"SKIP","floor":36},{"not_picked":["Beam Cell","Turbo"],"picked":"Defragment","floor":37},{"not_picked":["Go for the Eyes","Blizzard+1","Beam Cell"],"picked":"SKIP","floor":39},{"not_picked":["Hyperbeam","Lockon","Steam+1"],"picked":"Singing Bowl","floor":44},{"not_picked":["Skim","Go for the Eyes"],"picked":"Coolheaded+1","floor":45},{"not_picked":["Force Field","Melter","Double Energy+1"],"picked":"Singing Bowl","floor":48}],"player_experience":78418,"relics_obtained":[{"floor":6,"key":"Sundial"},{"floor":7,"key":"Tiny Chest"},{"floor":9,"key":"Lantern"},{"floor":14,"key":"White Beast Statue"},{"floor":19,"key":"Necronomicon"},{"floor":23,"key":"Ornamental Fan"},{"floor":26,"key":"Bottled Lightning"},{"floor":29,"key":"Gremlin Horn"},{"floor":41,"key":"Bird Faced Urn"},{"floor":43,"key":"Singing Bowl"},{"floor":47,"key":"Bottled Tornado"}],"event_choices":[{"damage_healed":0,"gold_gain":0,"player_choice":"Grow","damage_taken":0,"max_hp_gain":0,"max_hp_loss":0,"event_name":"Living Wall","floor":2,"gold_loss":0,"cards_upgraded":["Defend_B"]},{"damage_healed":0,"gold_gain":75,"player_choice":"Gather Gold","damage_taken":11,"max_hp_gain":0,"max_hp_loss":0,"event_name":"World of Goop","floor":3,"gold_loss":0},{"cards_removed":["Zap"],"damage_healed":0,"gold_gain":0,"player_choice":"Card Removal","damage_taken":0,"max_hp_gain":0,"max_hp_loss":0,"event_name":"The Cleric","floor":10,"gold_loss":50},{"damage_healed":0,"gold_gain":0,"cards_transformed":["Strike_B"],"player_choice":"Transformed","damage_taken":0,"max_hp_gain":0,"max_hp_loss":0,"event_name":"Transmorgrifier","floor":13,"gold_loss":0,"cards_obtained":["Seek"]},{"damage_healed":0,"gold_gain":0,"player_choice":"Obtained Book","damage_taken":16,"max_hp_gain":0,"max_hp_loss":0,"event_name":"Cursed Tome","floor":19,"gold_loss":0},{"damage_healed":0,"gold_gain":99,"player_choice":"Stole From Cult","damage_taken":0,"max_hp_gain":0,"max_hp_loss":0,"event_name":"Nest","floor":20,"gold_loss":0},{"cards_removed":["Strike_B"],"damage_healed":0,"gold_gain":0,"player_choice":"Gave Gold","damage_taken":0,"max_hp_gain":0,"max_hp_loss":0,"event_name":"Beggar","floor":21,"gold_loss":75},{"damage_healed":70,"gold_gain":0,"player_choice":"Heal","damage_taken":0,"max_hp_gain":0,"max_hp_loss":10,"event_name":"The Moai Head","floor":38,"gold_loss":0},{"cards_removed":["Coolheaded"],"damage_healed":0,"gold_gain":0,"player_choice":"Removed Skill","damage_taken":0,"max_hp_gain":0,"max_hp_loss":0,"event_name":"Falling","floor":42,"gold_loss":0}],"is_beta":false,"boss_relics":[{"not_picked":["Coffee Dripper","SlaversCollar"],"picked":"FrozenCore"},{"not_picked":["Cursed Key","Pandora\u0027s Box"],"picked":"Tiny House"}],"items_purged_floors":[22,31,46],"is_endless":false,"potions_floor_spawned":[1,4,16,18,24,29,30,33,35,36,37,39,44,45,48],"ascension_level":0}}