{"host":"cz3p2o9n3b1gdmkz","time":1607963577,"event":{"mods":["AchievementEnabler","BaseMod","CapriCore","GungeonMod","Hermit","Lobotomy","Minty Spire (QoL Compilation)","Replay The Spire","Shop Mod","StSLib","SuperFastMode","The Cursed","The Dragon Tamer","The Gatherer","The Jungle","The Poker Player","The Runesmith"],"gold_per_floor":[109,124,49,49,68,95,113,113,113,93,113,447,447,479,479,556,556,568,568,568,568,88,100,100,100,128,128,154,154,204,393,410,425,425,504,504,522,522,539,539,539,570,587,242,296,296,341,352,27,53,53,53,53],"floor_reached":54,"playtime":4855,"items_purged":[],"score":1865,"play_id":"46d94ffa-a378-4480-8380-99d562a79e3d","local_time":"20201215013257","is_ascension_mode":true,"metric_token":1118,"campfire_choices":[{"data":"PokerPlayerMod:Mulligan","floor":8.0,"key":"SMITH"},{"data":"PokerPlayerMod:VarietyAttack","floor":13.0,"key":"SMITH"},{"data":"PokerPlayerMod:CardBurn","floor":15.0,"key":"SMITH"},{"data":"Survey Options","floor":25.0,"key":"SMITH"},{"data":"PokerPlayerMod:FillThePot","floor":27.0,"key":"SMITH"},{"data":"PokerPlayerMod:BadJoker","floor":29.0,"key":"SMITH"},{"data":"PokerPlayerMod:Heart1","floor":34.0,"key":"SMITH"},{"data":"PokerPlayerMod:Club2","floor":46.0,"key":"SMITH"},{"floor":51,"key":"DIG"}],"circlet_count":0,"master_deck":["AscendersBane","PokerPlayerMod:Diamond2","PokerPlayerMod:Diamond3","PokerPlayerMod:Diamond4","PokerPlayerMod:Diamond5","PokerPlayerMod:Spade1","PokerPlayerMod:Spade3","PokerPlayerMod:Spade3","PokerPlayerMod:Spade4","PokerPlayerMod:Club3","PokerPlayerMod:Club3","PokerPlayerMod:Heart2","PokerPlayerMod:TrumpStrike+1","PokerPlayerMod:BadJoker+1","PokerPlayerMod:Mulligan+1","PokerPlayerMod:VarietyAttack+1","PokerPlayerMod:CardBurn+1","PokerPlayerMod:Club10+","PokerPlayerMod:FillThePot+1","PokerPlayerMod:VarietyAttack+1","Survey Options+1","PokerPlayerMod:Diamond5","PokerPlayerMod:Club10+","PokerPlayerMod:Spade7","PokerPlayerMod:Club4","PokerPlayerMod:Heart2","PokerPlayerMod:Spade3","PokerPlayerMod:Spade10+","PokerPlayerMod:Heart3","PokerPlayerMod:VarietyAttack+1","PokerPlayerMod:SecretDealer"],"relics":["PokerPlayerMod:DeckCase","DemoMod:OrangeGuonStone","DemoMod:Bottle","Old Coin","Simple Rune","Honey Jar","ReplayTheSpireMod:Lightbulb","Frozen Eye","DemoMod:Antibody","Toy Ornithopter","Sozu","DemoMod:GlassGuonStoneRelic","PreservedInsect","DemoMod:PartiallyEatenCheese","Potion Belt","DemoMod:NanoMachines","DemoMod:Armor","DollysMirror","Vajra","Akabeko","DemoMod:WhiteGuonStone"],"acts_visited":["Exordium","TheCity","TheBeyond"],"potions_floor_usage":[52],"damage_taken":[{"damage":0.0,"enemies":"Cultist","floor":1.0,"turns":2.0},{"damage":0.0,"enemies":"2 Louse","floor":2.0,"turns":1.0},{"damage":0.0,"enemies":"Small Slimes","floor":5.0,"turns":2.0},{"damage":11.0,"enemies":"3 Sentries","floor":6.0,"turns":3.0},{"damage":0.0,"enemies":"Exordium Thugs","floor":7.0,"turns":1.0},{"damage":1.0,"enemies":"Blue Slaver","floor":11.0,"turns":2.0},{"damage":0.0,"enemies":"Gremlin Nob","floor":12.0,"turns":3.0},{"damage":0.0,"enemies":"Lagavulin","floor":14.0,"turns":3.0},{"damage":0.0,"enemies":"Fading Forest","floor":16.0,"turns":13.0},{"damage":0.0,"enemies":"Shell Parasite","floor":18.0,"turns":3.0},{"damage":0.0,"enemies":"3 Byrds","floor":23.0,"turns":1.0},{"damage":0.0,"enemies":"Book of Stabbing","floor":26.0,"turns":3.0},{"damage":0.0,"enemies":"Centurion and Healer","floor":32.0,"turns":2.0},{"damage":0.0,"enemies":"Shelled Parasite and Fungi","floor":33.0,"turns":1.0},{"damage":2.0,"enemies":"Collector","floor":35.0,"turns":4.0},{"damage":0.0,"enemies":"3 Shapes","floor":37.0,"turns":1.0},{"damage":0.0,"enemies":"Orb Walker","floor":39.0,"turns":2.0},{"damage":5.0,"enemies":"Giant Head","floor":42.0,"turns":4.0},{"damage":0.0,"enemies":"Spire Growth","floor":43.0,"turns":2.0},{"damage":0.0,"enemies":"2 Orb Walkers","floor":47.0,"turns":2.0},{"damage":0.0,"enemies":"Sphere and 2 Shapes","floor":48.0,"turns":1.0},{"damage":0.0,"enemies":"Nemesis","floor":50.0,"turns":3.0},{"damage":0,"enemies":"Time Eater","floor":52,"turns":6}],"seed_played":"-3349626544229656851","potions_obtained":[{"floor":2.0,"key":"Venom Potion"},{"floor":7.0,"key":"Weak Potion"},{"floor":10.0,"key":"Block Potion"},{"floor":12.0,"key":"LiquidMemories"},{"floor":18.0,"key":"FearPotion"},{"floor":32.0,"key":"SkillPotion"},{"floor":35.0,"key":"Strength Potion"}],"is_trial":false,"path_per_floor":["M","M","?","?","M","E","M","R","T","?","M","E","R","E","R","B",null,"M","?","PTL","PTL","$","M","?","R","E","R","T","R","?","?","M","M","R","B",null,"M","?","M","?","?","E","M","$","T","R","?","M","$","E","R","B",null,null],"character_chosen":"THE_POKER_PLAYER","items_purchased":["ReplayTheSpireMod:Lightbulb","Frozen Eye","Survey Options","DemoMod:PartiallyEatenCheese","DollysMirror","Vajra"],"campfire_rested":0,"item_purchase_floors":[22,22,22,44,49,49],"current_hp_per_floor":[44,44,44,31,35,26,30,30,30,30,31,31,31,33,33,35,42,44,44,44,44,44,44,44,44,44,44,44,44,44,30,39,39,39,37,44,44,44,44,44,44,43,43,43,43,43,44,44,44,44,44,44,44],"gold":53,"neow_bonus":"THREE_RARE_CARDS","is_daily":false,"chose_seed":false,"campfire_upgraded":8,"win_rate":0.0,"timestamp":1607963577,"path_taken":["M","?","?","?","M","E","?","R","T","?","?","E","R","E","R","BOSS","M","?","PTL","PTL","$","?","?","R","E","R","T","R","?","?","M","M","R","BOSS","M","?","?","?","?","E","M","$","T","R","?","M","$","E","R","BOSS"],"items_purchased_type":["Relic","Relic","Card","Relic","Relic","Relic"],"build_version":"2020-12-13","purchased_purges":0,"victory":true,"max_hp_per_floor":[44,44,44,44,44,44,44,44,44,44,44,44,44,44,44,44,44,44,44,44,44,44,44,44,44,44,44,44,44,44,44,44,44,44,44,44,44,44,44,44,44,44,44,44,44,44,44,44,44,44,44,44,44],"card_choices":[{"not_picked":["PokerPlayerMod:ItsShowtime","PokerPlayerMod:RoyalStrike"],"picked":"PokerPlayerMod:VarietyAttack","floor":0.0},{"not_picked":["PokerPlayerMod:DiamondStrike","PokerPlayerMod:Configure","PokerPlayerMod:Spade2"],"picked":"SKIP","floor":1.0},{"not_picked":["PokerPlayerMod:ClubDance","PokerPlayerMod:Spade5","PokerPlayerMod:Diamond6"],"picked":"SKIP","floor":2.0},{"not_picked":["PokerPlayerMod:PoorCopy","PokerPlayerMod:ClubsClub","PokerPlayerMod:MagicTrick"],"picked":"SKIP","floor":5.0},{"not_picked":["PokerPlayerMod:PoorCopy","PokerPlayerMod:ClubsClub","PokerPlayerMod:MagicTrick"],"picked":"SKIP","floor":5.0},{"not_picked":["PokerPlayerMod:Diamond1","PokerPlayerMod:Diamond5","PokerPlayerMod:ClubDance"],"picked":"SKIP","floor":6.0},{"not_picked":["PokerPlayerMod:Spade3","PokerPlayerMod:Diamond3","PokerPlayerMod:ClubStrike"],"picked":"SKIP","floor":7.0},{"not_picked":["PokerPlayerMod:SpadeStrike","PokerPlayerMod:DiamondStrike"],"picked":"PokerPlayerMod:CardBurn","floor":11.0},{"not_picked":["PokerPlayerMod:SpadeStrike","PokerPlayerMod:CardBurn","PokerPlayerMod:Club7"],"picked":"SKIP","floor":12.0},{"not_picked":["PokerPlayerMod:WildCard","PokerPlayerMod:Diamond4","PokerPlayerMod:Spade3"],"picked":"SKIP","floor":14.0},{"not_picked":["PokerPlayerMod:Diamond9","PokerPlayerMod:Spade9"],"picked":"PokerPlayerMod:Club10+","floor":16.0},{"not_picked":["PokerPlayerMod:Diamond7","PokerPlayerMod:ClubStrike","PokerPlayerMod:HeartStrike"],"picked":"PokerPlayerMod:FillThePot","floor":18.0},{"not_picked":["PokerPlayerMod:Spade2","PokerPlayerMod:Diamond4","PokerPlayerMod:ClubDance"],"picked":"PokerPlayerMod:Diamond5","floor":23.0},{"not_picked":["PokerPlayerMod:Sharpen","PokerPlayerMod:Spade3","PokerPlayerMod:MagicTrick"],"picked":"PokerPlayerMod:Spade7","floor":26.0},{"not_picked":["PokerPlayerMod:CloakAndDiamond+1","PokerPlayerMod:PoorCopy","PokerPlayerMod:Club1"],"picked":"PokerPlayerMod:Club4","floor":31.0},{"not_picked":["PokerPlayerMod:Diamond3","PokerPlayerMod:DartThrow","PokerPlayerMod:Diamond2"],"picked":"PokerPlayerMod:Heart1","floor":32.0},{"not_picked":["PokerPlayerMod:Diamond3","PokerPlayerMod:Raise","PokerPlayerMod:Diamond1"],"picked":"PokerPlayerMod:Spade3","floor":33.0},{"not_picked":["PokerPlayerMod:Heart7","PokerPlayerMod:Heart8","PokerPlayerMod:Club7"],"picked":"PokerPlayerMod:Spade10+","floor":35.0},{"not_picked":["PokerPlayerMod:Spade4","PokerPlayerMod:DartThrow","PokerPlayerMod:Diamond2"],"picked":"PokerPlayerMod:Heart3","floor":37.0},{"not_picked":["PokerPlayerMod:Club1","PokerPlayerMod:Spade6","PokerPlayerMod:CardBurn+1","PokerPlayerMod:Fold"],"picked":"SKIP","floor":39.0},{"not_picked":["PokerPlayerMod:Spade2","PokerPlayerMod:Diamond5","PokerPlayerMod:Spade4","PokerPlayerMod:HiddenCard"],"picked":"SKIP","floor":42.0},{"not_picked":["PokerPlayerMod:CloakAndDiamond","PokerPlayerMod:Spade2","PokerPlayerMod:Fold+1","PokerPlayerMod:DartThrow"],"picked":"SKIP","floor":43.0},{"not_picked":["PokerPlayerMod:Spade2","PokerPlayerMod:Spade1","PokerPlayerMod:Diamond3","PokerPlayerMod:MagicTrick"],"picked":"SKIP","floor":48.0},{"not_picked":["PokerPlayerMod:Fold","PokerPlayerMod:Diamond9","PokerPlayerMod:Spade5"],"picked":"PokerPlayerMod:SecretDealer","floor":50.0}],"player_experience":929919,"relics_obtained":[{"floor":6.0,"key":"DemoMod:OrangeGuonStone"},{"floor":9.0,"key":"DemoMod:Bottle"},{"floor":12.0,"key":"Old Coin"},{"floor":14.0,"key":"Simple Rune"},{"floor":26.0,"key":"DemoMod:Antibody"},{"floor":28.0,"key":"Toy Ornithopter"},{"floor":42.0,"key":"PreservedInsect"},{"floor":45.0,"key":"Potion Belt"},{"floor":47.0,"key":"DemoMod:NanoMachines"},{"floor":50.0,"key":"Akabeko"},{"floor":51,"key":"DemoMod:WhiteGuonStone"}],"event_choices":[{"cards_removed":["PokerPlayerMod:Diamond1"],"damage_healed":0.0,"max_hp_gain":0.0,"max_hp_loss":0.0,"gold_gain":0.0,"event_name":"The Cleric","player_choice":"Card Removal","floor":3.0,"gold_loss":75.0,"damage_taken":0.0},{"damage_healed":0.0,"max_hp_gain":0.0,"max_hp_loss":0.0,"gold_gain":0.0,"event_name":"Shining Light","player_choice":"Entered Light","floor":4.0,"gold_loss":0.0,"damage_taken":13.0,"cards_upgraded":["PokerPlayerMod:Club3","PokerPlayerMod:Club2"]},{"damage_healed":0.0,"max_hp_gain":0.0,"max_hp_loss":0.0,"gold_gain":0.0,"event_name":"The Woman in Blue","player_choice":"Bought 1 Potion","floor":10.0,"gold_loss":0.0,"damage_taken":0.0},{"damage_healed":0.0,"max_hp_gain":0.0,"max_hp_loss":0.0,"gold_gain":0.0,"event_name":"Duplicator","player_choice":"Copied","floor":19.0,"gold_loss":0.0,"damage_taken":0.0,"cards_obtained":["PokerPlayerMod:VarietyAttack"]},{"damage_healed":0.0,"max_hp_gain":0.0,"max_hp_loss":0.0,"gold_gain":0.0,"event_name":"The Library","player_choice":"Read","floor":24.0,"gold_loss":0.0,"damage_taken":0.0,"cards_obtained":["PokerPlayerMod:Club10"]},{"damage_healed":0.0,"max_hp_gain":0.0,"max_hp_loss":0.0,"gold_gain":50.0,"event_name":"Nest","player_choice":"Stole From Cult","floor":30.0,"gold_loss":0.0,"damage_taken":0.0},{"damage_healed":0.0,"max_hp_gain":0.0,"max_hp_loss":0.0,"gold_gain":0.0,"event_name":"Upgrade Shrine","player_choice":"Upgraded","floor":38.0,"gold_loss":0.0,"damage_taken":0.0,"cards_upgraded":["PokerPlayerMod:Spade3"]},{"damage_healed":0.0,"max_hp_gain":0.0,"max_hp_loss":0.0,"gold_gain":0.0,"event_name":"Tomb of Lord Red Mask","player_choice":"Ignored","floor":41.0,"gold_loss":0.0,"damage_taken":0.0},{"damage_healed":0.0,"max_hp_gain":0.0,"max_hp_loss":0.0,"gold_gain":0.0,"event_name":"Mysterious Sphere","player_choice":"Fight","floor":47.0,"gold_loss":0.0,"damage_taken":0.0}],"is_beta":false,"boss_relics":[{"not_picked":["Busted Crown","Replay:Fungal Core"],"picked":"Honey Jar"},{"not_picked":["PokerPlayerMod:AceCard","SacredBark"],"picked":"Sozu"}],"items_purged_floors":[],"is_endless":false,"potions_floor_spawned":[2,7,12,16,18,32,35,43,50],"ascension_level":19}}