{"host":"16je3t89sok2dgub","time":1607924378,"event":{"mods":["BaseMod","Better Altar","Better Match","Better Sensory Stone","Better Skull","Better Third Choice","Colored Map","Downfall","Hermit","Jorbs\u0027s Wanderer Trilogy","Minty Spire (QoL Compilation)","Permanent Neow","Relic Stats","StSLib","The Mystic","The Poker Player","The Runesmith","The Showman","The Spell Scribe","TheBandit","Trackpad"],"gold_per_floor":[360,370,49,59,69,69,69,83,83,83,113,133,83,83,83,184,184,166,180,180,180,200,200,216,216,216,235,160,160,176,37,37,134,134,145,145,162,162,178,178,193,243,243,90,90,90],"floor_reached":45,"playtime":2639,"items_purged":["hermit:Defend_Hermit","hermit:Strike_Hermit"],"score":438,"play_id":"49872707-7496-4445-8ec5-eff53f81ada5","local_time":"20201213233938","is_ascension_mode":true,"campfire_choices":[{"data":"hermit:Snapshot","floor":6,"key":"SMITH"},{"data":"hermit:TakeCover","floor":10,"key":"SMITH"},{"data":"hermit:Reprieve","floor":15,"key":"SMITH"},{"data":"hermit:Defend_Hermit","floor":23,"key":"PURGE"},{"data":"hermit:Dive","floor":25,"key":"SMITH"},{"data":"hermit:BigShot","floor":29,"key":"SMITH"},{"floor":32,"key":"REST"}],"circlet_count":0,"master_deck":["hermit:Strike_Hermit+1","hermit:Strike_Hermit+1","hermit:Defend_Hermit","hermit:Snapshot+1","hermit:Covet","hermit:Dive+1","hermit:Spite","hermit:Virtue","hermit:TakeCover+1","hermit:BigShot+1","hermit:Reprieve+1","hermit:BigShot","hermit:Horror+1","hermit:BodyArmor+1","Panacea","Finesse","hermit:Vantage","hermit:Deadeye+1","hermit:Brawl","hermit:Brawl+1","Writhe","hermit:Quickdraw"],"relics":["hermit:Momento","Kunai","Peace Pipe","Ginger","SacredBark","trackpad:RapidFire","Sozu","Prayer Wheel","Sundial","Membership Card"],"acts_visited":["Exordium","TheCity","TheBeyond"],"potions_floor_usage":[11,16,27,33,33,45],"damage_taken":[{"damage":0,"enemies":"Cultist","floor":1,"turns":3},{"damage":1,"enemies":"Small Slimes","floor":2,"turns":3},{"damage":1,"enemies":"Jaw Worm","floor":4,"turns":3},{"damage":1,"enemies":"Looter","floor":5,"turns":4},{"damage":2,"enemies":"2 Fungi Beasts","floor":8,"turns":4},{"damage":14,"enemies":"3 Sentries","floor":11,"turns":12},{"damage":1,"enemies":"3 Louse","floor":12,"turns":3},{"damage":19,"enemies":"Slime Boss","floor":16,"turns":14},{"damage":17,"enemies":"2 Thieves","floor":18,"turns":4},{"damage":11,"enemies":"Spheric Guardian","floor":19,"turns":4},{"damage":30,"enemies":"Snake Plant","floor":22,"turns":5},{"damage":8,"enemies":"Centurion and Healer","floor":24,"turns":8},{"damage":10,"enemies":"Shelled Parasite and Fungi","floor":27,"turns":5},{"damage":23,"enemies":"3 Cultists","floor":30,"turns":6},{"damage":17,"enemies":"Collector","floor":33,"turns":10},{"damage":17,"enemies":"Orb Walker","floor":35,"turns":5},{"damage":43,"enemies":"3 Darklings","floor":37,"turns":8},{"damage":12,"enemies":"Maw","floor":39,"turns":8},{"damage":20,"enemies":"4 Shapes","floor":41,"turns":10},{"damage":15,"enemies":"Mind Bloom Boss Battle","floor":42,"turns":9},{"damage":12,"enemies":"Giant Head","floor":45,"turns":5}],"seed_played":"3881890919720899161","potions_obtained":[{"floor":1,"key":"SteroidPotion"},{"floor":2,"key":"hermit:Tonic"},{"floor":8,"key":"champ:CounterPotion"},{"floor":16,"key":"ColorlessPotion"},{"floor":22,"key":"DuplicationPotion"},{"floor":27,"key":"Block Potion"}],"is_trial":false,"path_per_floor":["M","M","$","M","M","R","?","M","T","R","E","M","?","?","R","B",null,"M","M","?","?","M","R","M","R","T","M","$","R","M","$","R","B",null,"M","?","M","?","M","?","M","?","T","$","E"],"character_chosen":"HERMIT","items_purchased":["Kunai","hermit:Virtue","hermit:Brawl","Membership Card"],"campfire_rested":1,"item_purchase_floors":[3,3,31,44],"current_hp_per_floor":[75,74,74,73,72,72,72,70,70,70,56,55,55,40,40,21,75,58,47,47,72,45,45,41,41,41,35,35,35,16,16,38,25,75,58,58,19,19,11,30,14,3,3,3,0,0],"gold":90,"neow_bonus":"TWO_FIFTY_GOLD","is_daily":false,"chose_seed":false,"campfire_upgraded":5,"win_rate":0.0,"timestamp":1607924378,"path_taken":["M","M","$","?","M","R","?","M","T","R","E","?","?","?","R","BOSS","M","M","?","?","M","R","M","R","T","M","$","R","M","$","R","BOSS","M","?","M","?","M","?","M","?","T","$","E"],"items_purchased_type":["Relic","Card","Card","Relic"],"build_version":"2020-12-13","purchased_purges":2,"victory":false,"max_hp_per_floor":[75,75,75,75,75,75,75,75,75,75,75,75,75,75,75,75,75,75,75,75,75,75,75,75,75,75,75,75,75,75,75,75,75,75,75,75,75,75,75,75,75,75,75,75,75,75],"relic_stats":{"Peace Pipe":1,"Sozu":3,"counters":[21,133],"Sundial":[0],"Prayer Wheel":0,"Kunai":[15],"Ginger":[16],"obtain_stats":[{"Peace Pipe":9,"Sozu":34,"trackpad:RapidFire":26,"Sundial":43,"SacredBark":17,"Prayer Wheel":42,"Kunai":3,"Ginger":11,"Membership Card":44,"hermit:Momento":0},{"Peace Pipe":5,"Sozu":15,"trackpad:RapidFire":12,"Sundial":20,"SacredBark":8,"Prayer Wheel":20,"Kunai":2,"Ginger":6,"Membership Card":20,"hermit:Momento":0},{"Peace Pipe":17,"Sozu":88,"trackpad:RapidFire":67,"Sundial":128,"SacredBark":46,"Prayer Wheel":128,"Kunai":6,"Ginger":29,"Membership Card":128,"hermit:Momento":0}]},"card_choices":[{"not_picked":["hermit:Manifest","hermit:Spite"],"picked":"hermit:Dive","floor":1},{"not_picked":["hermit:Midnight","hermit:Dive"],"picked":"hermit:Spite","floor":2},{"not_picked":["hermit:FullyLoaded","hermit:Roulette"],"picked":"hermit:TakeCover","floor":4},{"not_picked":["hermit:ItchyTrigger","hermit:Gambit","hermit:HoleUp"],"picked":"SKIP","floor":5},{"not_picked":["hermit:Spite","hermit:Manifest"],"picked":"hermit:BigShot","floor":8},{"not_picked":["hermit:DeadOrAlive","hermit:Coalescence"],"picked":"hermit:Reprieve","floor":11},{"not_picked":["hermit:CalledShot","hermit:Dive"],"picked":"hermit:BigShot","floor":12},{"not_picked":["hermit:BodyArmor","hermit:Coalescence"],"picked":"hermit:Horror+1","floor":18},{"not_picked":["hermit:Desperado+1","hermit:Feint"],"picked":"hermit:BodyArmor+1","floor":19},{"not_picked":["Sadistic Nature","expansioncontent:PolyBeam"],"picked":"Panacea","floor":20},{"not_picked":["Secret Technique","expansioncontent:Collect"],"picked":"Finesse","floor":20},{"not_picked":["hermit:WideOpen","hermit:Glare"],"picked":"hermit:Vantage","floor":22},{"not_picked":["hermit:HighCaliber","hermit:Showdown"],"picked":"hermit:Deadeye+1","floor":24},{"not_picked":["hermit:Vantage","hermit:Midnight","hermit:HighCaliber"],"picked":"SKIP","floor":27},{"not_picked":["hermit:CursedWeapon","hermit:Ricochet+1","hermit:HighCaliber"],"picked":"SKIP","floor":30},{"not_picked":["hermit:TakeCover+1","hermit:Headshot+1"],"picked":"hermit:Brawl+1","floor":35},{"not_picked":["hermit:Roulette+1","hermit:Snipe","hermit:BodyArmor"],"picked":"SKIP","floor":37},{"not_picked":["hermit:Dive","hermit:Purgatory","hermit:CalledShot"],"picked":"SKIP","floor":39},{"not_picked":["hermit:Manifest","hermit:PistolWhip"],"picked":"hermit:Quickdraw","floor":41}],"player_experience":369747,"relics_obtained":[{"floor":9,"key":"Peace Pipe"},{"floor":11,"key":"Ginger"},{"floor":26,"key":"trackpad:RapidFire"},{"floor":42,"key":"Prayer Wheel"},{"floor":43,"key":"Sundial"}],"event_choices":[{"cards_removed":["stsjorbsmod:Procrastination"],"damage_healed":0,"gold_gain":0,"player_choice":"Purged","damage_taken":0,"max_hp_gain":0,"max_hp_loss":0,"event_name":"Purifier","floor":7,"gold_loss":0},{"cards_removed":["hermit:Defend_Hermit"],"damage_healed":0,"gold_gain":0,"player_choice":"Card Removal","damage_taken":0,"max_hp_gain":0,"max_hp_loss":0,"event_name":"The Cleric","floor":13,"gold_loss":50},{"damage_healed":55,"gold_gain":0,"player_choice":"Upgrade","damage_taken":15,"max_hp_gain":0,"max_hp_loss":75,"event_name":"betterThird:BetterShining","floor":14,"gold_loss":0,"cards_upgraded":["hermit:Strike_Hermit","hermit:Strike_Hermit"]},{"damage_healed":0,"gold_gain":2,"player_choice":"1","damage_taken":0,"max_hp_gain":0,"max_hp_loss":0,"event_name":"betterStone:BetterStone","floor":20,"gold_loss":0},{"damage_healed":25,"gold_gain":0,"player_choice":"Heal","damage_taken":0,"max_hp_gain":0,"max_hp_loss":0,"event_name":"The Library","floor":21,"gold_loss":0},{"cards_removed":["hermit:Strike_Hermit"],"damage_healed":0,"gold_gain":0,"player_choice":"Removed Attack","damage_taken":0,"max_hp_gain":0,"max_hp_loss":0,"event_name":"Falling","floor":36,"gold_loss":0},{"damage_healed":0,"gold_gain":0,"player_choice":"Ignored","damage_taken":0,"max_hp_gain":0,"max_hp_loss":0,"event_name":"Tomb of Lord Red Mask","floor":38,"gold_loss":0},{"damage_healed":19,"gold_gain":0,"player_choice":"Writhe","damage_taken":0,"max_hp_gain":0,"max_hp_loss":0,"event_name":"Winding Halls","floor":40,"gold_loss":0,"cards_obtained":["Writhe"]},{"damage_healed":0,"gold_gain":0,"player_choice":"Fight","damage_taken":0,"max_hp_gain":0,"max_hp_loss":0,"event_name":"MindBloom","floor":42,"gold_loss":0}],"is_beta":false,"boss_relics":[{"not_picked":["trackpad:StolenKidneys","trackpad:Trackpad"],"picked":"SacredBark"},{"not_picked":["SlaversCollar","Velvet Choker"],"picked":"Sozu"}],"items_purged_floors":[28,31],"is_endless":false,"potions_floor_spawned":[1,2,8,16,22,24,27,35,37,41],"killed_by":"Giant Head","ascension_level":1}}