{"host":"6rmw1q50jy0xmvyl","time":1607945662,"event":{"mods":["BaseMod","Clockwork Mod","GungeonMod","Minty Spire (QoL Compilation)","MostiFishMod","Remove Card Discount Mod","StSLib"],"gold_per_floor":[113,24,24,40,40,40,75,75,154,167,195,205,233,252,252,351,351,361,276,159,159,173,201,201,201,224,253,253,266,282,282,282,379,379,395,44,44,44,64,96,115,144,216,98,109,109,141,160,160,160],"floor_reached":51,"playtime":4156,"items_purged":["DemoMod:Strike_Huntress","DemoMod:Strike_Huntress","DemoMod:Defend_Huntress","DemoMod:Defend_Huntress","DemoMod:RustySidearm","DemoMod:Defend_Huntress"],"score":1193,"play_id":"ae6d03c0-c778-4127-9d5c-5a54d141f894","local_time":"20201214123422","is_ascension_mode":true,"campfire_choices":[{"data":"DemoMod:Roll","floor":6,"key":"SMITH"},{"data":"Beam Cell","floor":8,"key":"SMITH"},{"floor":15,"key":"REST"},{"data":"Madness","floor":25,"key":"SMITH"},{"data":"Static Discharge","floor":28,"key":"SMITH"},{"data":"Clockwork:ChargingBlade","floor":32,"key":"SMITH"},{"data":"DemoMod:HighKaliber","floor":46,"key":"SMITH"},{"data":"Genetic Algorithm","floor":49,"key":"SMITH"}],"circlet_count":0,"master_deck":["DemoMod:Defend_Huntress","DemoMod:Roll+1","DemoMod:ManualReload","DemoMod:CrossBow+1","Madness+1","DemoMod:ShadowBullets","DemoMod:HighKaliber+1","PathToVictory","Beam Cell+1","Deflect+1","Clockwork:ElasticNanites","Clockwork:CraftBloodPhial+1","MostiFishMod:LethalBlade","DemoMod:TeaPot","DemoMod:StickyCrossBow","Shrug It Off","Clockwork:CogShield+1","Static Discharge+1","Clockwork:ChargingBlade+1","MostiFishMod:ButterFly","DemoMod:DoubleSwitch+1","Genetic Algorithm+1","Clockwork:SmithsMallet+1"],"relics":["DemoMod:Dog","DaveBox","SynthV:C4","Question Card","PrismaticShard","Orichalcum","ThornShield","DemoMod:JetPack","Mummified Hand","DemoMod:SerJunkan","ImportantClient","PatriotShield","StoneCalendar","DemoMod:ClearGuonStone","DemoMod:GlassGuonStoneRelic","Happy Flower","DemoMod:VorpalBullet","DemoMod:ElasticCartridgeClip","DemoMod:Junk","DemoMod:PoisonVial","Bag of Marbles","SynthV","MealTicket","DemoMod:MeatBun","Vajra"],"acts_visited":["Exordium","TheCity","TheBeyond"],"potions_floor_usage":[11,11,13,13,22,29,40,40,40,50,50],"damage_taken":[{"damage":1,"enemies":"Jaw Worm","floor":1,"turns":4},{"damage":5,"enemies":"2 Louse","floor":4,"turns":3},{"damage":5,"enemies":"Lagavulin","floor":7,"turns":4},{"damage":0,"enemies":"Cultist","floor":10,"turns":2},{"damage":8,"enemies":"Gremlin Nob","floor":11,"turns":3},{"damage":2,"enemies":"Blue Slaver","floor":12,"turns":2},{"damage":17,"enemies":"Lagavulin","floor":13,"turns":4},{"damage":0,"enemies":"Looter","floor":14,"turns":3},{"damage":8,"enemies":"The Guardian","floor":16,"turns":8},{"damage":0,"enemies":"Spheric Guardian","floor":18,"turns":3},{"damage":0,"enemies":"3 Byrds","floor":22,"turns":1},{"damage":0,"enemies":"Gremlin Leader","floor":23,"turns":5},{"damage":0,"enemies":"Book of Stabbing","floor":27,"turns":3},{"damage":0,"enemies":"Sentry and Sphere","floor":29,"turns":3},{"damage":0,"enemies":"Centurion and Healer","floor":30,"turns":3},{"damage":0,"enemies":"Automaton","floor":33,"turns":7},{"damage":0,"enemies":"3 Shapes","floor":35,"turns":2},{"damage":0,"enemies":"3 Darklings","floor":39,"turns":2},{"damage":0,"enemies":"Nemesis","floor":40,"turns":1},{"damage":0,"enemies":"Spire Growth","floor":41,"turns":3},{"damage":0,"enemies":"Reptomancer","floor":42,"turns":2},{"damage":0,"enemies":"Sphere and 2 Shapes","floor":45,"turns":3},{"damage":0,"enemies":"Giant Head","floor":47,"turns":3},{"damage":0,"enemies":"4 Shapes","floor":48,"turns":2},{"damage":0,"enemies":"Awakened One","floor":50,"turns":5}],"seed_played":"-4041004257634388739","potions_obtained":[{"floor":4,"key":"SkillPotion"},{"floor":7,"key":"AttackPotion"},{"floor":10,"key":"Strength Potion"},{"floor":11,"key":"Strength Potion"},{"floor":18,"key":"Fire Potion"},{"floor":23,"key":"LiquidMemories"},{"floor":29,"key":"FearPotion"},{"floor":30,"key":"Weak Potion"},{"floor":39,"key":"FearPotion"},{"floor":42,"key":"PowerPotion"},{"floor":48,"key":"DemoMod:BlankPotion"}],"is_trial":false,"path_per_floor":["M","$","?","M","?","R","E","R","T","M","E","M","E","M","R","B",null,"M","?","$","?","M","E","?","R","T","E","R","M","M","?","R","B",null,"M","$","?","T","M","E","M","E","T","$","M","R","E","M","R","B",null],"character_chosen":"HUNTRESS","items_purchased":["DemoMod:HighKaliber","DemoMod:ClearGuonStone","DemoMod:PoisonVial","Bag of Marbles","SynthV","DemoMod:MeatBun"],"campfire_rested":1,"item_purchase_floors":[2,20,36,36,36,44],"current_hp_per_floor":[69,69,57,52,52,52,47,47,47,47,39,37,20,20,41,33,70,70,70,70,70,70,70,70,70,70,70,70,70,70,70,70,70,70,70,70,70,70,70,70,70,70,70,70,70,70,70,70,70,70],"gold":160,"neow_bonus":"RANDOM_COLORLESS","is_daily":false,"chose_seed":false,"campfire_upgraded":7,"win_rate":0.0,"timestamp":1607945662,"path_taken":["M","$","?","M","?","R","E","R","T","M","E","M","E","?","R","BOSS","M","?","$","?","M","E","?","R","T","E","R","M","?","?","R","BOSS","M","$","?","?","?","E","M","E","T","$","M","R","E","M","R","BOSS"],"items_purchased_type":["Card","Relic","Relic","Relic","Relic","Relic"],"build_version":"2020-12-13","purchased_purges":6,"victory":true,"max_hp_per_floor":[70,70,70,70,70,70,70,70,70,70,70,70,70,70,70,70,70,70,70,70,70,70,70,70,70,70,70,70,70,70,70,70,70,70,70,70,70,70,70,70,70,70,70,70,70,70,70,70,70,70],"card_choices":[{"not_picked":["Discovery","Mind Blast"],"picked":"Madness","floor":0},{"not_picked":["DemoMod:StickyCrossBow","DemoMod:Unmoved"],"picked":"DemoMod:ShadowBullets","floor":1},{"not_picked":["InnerPeace","MostiFishMod:VineMother","DemoMod:DoubleSwitch"],"picked":"PathToVictory","floor":4},{"not_picked":["DemoMod:FastSwitch","Gash","Flechettes"],"picked":"Beam Cell","floor":7},{"not_picked":["Clockwork:CogToss","Clockwork:Roundhouse","Stack"],"picked":"Deflect","floor":10},{"not_picked":["Crescendo","PiercingWail","DemoMod:SkilledReload","DemoMod:Unity"],"picked":"SKIP","floor":11},{"not_picked":["Lockon","MostiFishMod:UniPurple","DemoMod:SAA"],"picked":"Clockwork:ElasticNanites","floor":12},{"not_picked":["Steam","Swift Strike","Amplify","Clockwork:StasisBreak"],"picked":"SKIP","floor":13},{"not_picked":["Cold Snap","Sweeping Beam","CarveReality"],"picked":"Clockwork:CraftBloodPhial","floor":14},{"not_picked":["MostiFishMod:StarOceanB","MostiFishMod:Opportunism","MostiFishMod:DustFall"],"picked":"MostiFishMod:LethalBlade","floor":16},{"not_picked":["Dagger Spray","Cold Snap+1","Twin Strike"],"picked":"DemoMod:TeaPot","floor":18},{"not_picked":["Shrug It Off","Ghostly Armor","FollowUp+1"],"picked":"DemoMod:StickyCrossBow","floor":22},{"not_picked":["Meditate","Coolheaded","Redo"],"picked":"Shrug It Off","floor":22},{"not_picked":["WindmillStrike+1","Sucker Punch","DemoMod:Purify"],"picked":"Clockwork:CogShield+1","floor":23},{"not_picked":["DemoMod:GunShield","Capacitor+1","DemoMod:BoxingGlove+1"],"picked":"Static Discharge","floor":27},{"not_picked":["JustLucky","DemoMod:SniperShot","Acrobatics","DemoMod:PotionOfGunFriendShip"],"picked":"SKIP","floor":29},{"not_picked":["DemoMod:BoxingGlove","Clockwork:CogToss+1","Dropkick+1"],"picked":"Clockwork:ChargingBlade","floor":30},{"not_picked":["Coolheaded","Power Through+1","Clockwork:RampUp+1","EmptyBody+1"],"picked":"SKIP","floor":35},{"not_picked":["Panacea","MostiFishMod:FantasySummer","Forethought"],"picked":"MostiFishMod:ButterFly","floor":37},{"not_picked":["Power Through+1","WindmillStrike+1","Steam+1","Clockwork:Redundancy+1"],"picked":"SKIP","floor":39},{"not_picked":["Gash+1","Backstab+1","Reflex","Clockwork:SystemHardening"],"picked":"SKIP","floor":40},{"not_picked":["PiercingWail","Halt+1","Flechettes+1"],"picked":"DemoMod:DoubleSwitch+1","floor":41},{"not_picked":["Discovery","DeceiveReality","Ragnarok"],"picked":"Genetic Algorithm","floor":42},{"not_picked":["DemoMod:BoxingGlove","Uppercut+1","Clothesline"],"picked":"Clockwork:SmithsMallet+1","floor":45},{"not_picked":["Clockwork:Pluck","FlurryOfBlows","DemoMod:TeaPot","Havoc+1"],"picked":"SKIP","floor":47},{"not_picked":["DemoMod:FastSwitch+1","Clash","InnerPeace+1","Ball Lightning"],"picked":"SKIP","floor":48}],"player_experience":403400,"relics_obtained":[{"floor":1,"key":"Question Card"},{"floor":1,"key":"PrismaticShard"},{"floor":7,"key":"ThornShield"},{"floor":9,"key":"DemoMod:JetPack"},{"floor":11,"key":"Mummified Hand"},{"floor":13,"key":"DemoMod:SerJunkan"},{"floor":16,"key":"ImportantClient"},{"floor":23,"key":"Happy Flower"},{"floor":27,"key":"DemoMod:VorpalBullet"},{"floor":35,"key":"DemoMod:Junk"},{"floor":38,"key":"DemoMod:Junk"},{"floor":40,"key":"MealTicket"},{"floor":42,"key":"DemoMod:Junk"},{"floor":43,"key":"DemoMod:Junk"},{"floor":47,"key":"Vajra"}],"event_choices":[{"damage_healed":0,"gold_gain":0,"player_choice":"Success","damage_taken":12,"relics_obtained":["Orichalcum"],"max_hp_gain":0,"max_hp_loss":0,"event_name":"Scrap Ooze","floor":3,"gold_loss":0},{"cards_removed":["DemoMod:Strike_Huntress"],"damage_healed":0,"gold_gain":0,"player_choice":"Purged","damage_taken":0,"max_hp_gain":0,"max_hp_loss":0,"event_name":"Purifier","floor":5,"gold_loss":0},{"damage_healed":0,"gold_gain":0,"player_choice":"Obtained Relic","damage_taken":0,"relics_obtained":["StoneCalendar"],"max_hp_gain":0,"max_hp_loss":0,"event_name":"Addict","floor":19,"gold_loss":85},{"damage_healed":0,"gold_gain":0,"player_choice":"Ignored","damage_taken":0,"max_hp_gain":0,"max_hp_loss":0,"event_name":"Vampires","floor":21,"gold_loss":0},{"damage_healed":0,"gold_gain":0,"player_choice":"Forge","damage_taken":0,"max_hp_gain":0,"max_hp_loss":0,"event_name":"Accursed Blacksmith","floor":24,"gold_loss":0,"cards_upgraded":["Clockwork:CraftBloodPhial"]},{"damage_healed":0,"gold_gain":0,"player_choice":"Ignored","damage_taken":0,"max_hp_gain":0,"max_hp_loss":0,"event_name":"Beggar","floor":31,"gold_loss":0},{"damage_healed":0,"gold_gain":0,"player_choice":"Memory 1","damage_taken":0,"max_hp_gain":0,"max_hp_loss":0,"event_name":"SensoryStone","floor":37,"gold_loss":0}],"is_beta":false,"boss_relics":[{"not_picked":["RhineSuit","Runic Dome"],"picked":"PatriotShield"},{"not_picked":["Calling Bell","Fusion Hammer"],"picked":"DemoMod:ElasticCartridgeClip"}],"items_purged_floors":[2,2,2,2,2,2],"is_endless":false,"potions_floor_spawned":[4,7,10,11,16,18,23,29,30,39,42,48],"ascension_level":1}}