{"host":"4kqw88srlhl37mck","time":1607971635,"event":{"mods":["BaseMod","Better Altar","Better Match","Better Note","Better Sensory Stone","Better Skull","Better Third Choice","BetterRewards","Colored Map","Highlight Path","Marisa（霧雨　魔理沙）","Minty Spire (QoL Compilation)","Quick Restart","Rare Cards Sparkle","Remilia（蕾米莉亚）","Shade Mod","Spicy Shops","StSLib","The Animator","The Forsaken","The Servant 0.9.4","Yuri Mod"],"gold_per_floor":[116,135,155,167,177,177,207,226,306,318,318,318,318,336,336,431,431,449,464,464,480,480,510,521,548,574,586,619,619,638,668,668,773,773,790,803,803,814,831,831,863,863,863,878,895,227,259,277,277,277,277,277,45,70,70],"floor_reached":56,"playtime":3540,"items_purged":["BatForm","Normality"],"score":1372,"play_id":"7876801c-4fc0-4529-a23f-3d81cfddfe38","local_time":"20201214104715","is_ascension_mode":true,"campfire_choices":[{"floor":6,"key":"RECALL"},{"data":"RedMoon","floor":11,"key":"SMITH"},{"data":"ScarletShoot","floor":13,"key":"SMITH"},{"data":"MastersStateliness","floor":15,"key":"SMITH"},{"data":"QueenOfMidnight","floor":29,"key":"SMITH"},{"floor":32,"key":"DIG"},{"floor":40,"key":"DIG"},{"floor":42,"key":"DIG"},{"floor":49,"key":"DIG"},{"data":"StarOfDavid","floor":52,"key":"SMITH"}],"circlet_count":0,"master_deck":["Strike_RM+1","Strike_RM+1","Strike_RM+1","Defend_RM+1","Defend_RM+1","Defend_RM+1","Defend_RM+1","RedMoon+1","ScarletShoot+1","MastersStateliness+1","QueenOfMidnight+1","StarOfDavid+1","StarOfDavid+1","MastersStateliness+1","StarOfDavid+1"],"relics":["ScarletHat","Membership Card","Incense Burner","Lee\u0027s Waffle","yuri:PortableGlitches","theForsaken:Lifeblossom","Orichalcum","Cursed Key","War Paint","NlothsMask","Empty Cage","Mercury Hourglass","Shovel","Bag of Marbles","Toy Ornithopter","Toxic Egg 2","Meat on the Bone","Akabeko","Lantern","Vajra","Mummified Hand","CaptainsWheel","PrismaticShard","theForsaken:Gavel","Potion Belt","Chemical X","RedBat","PreservedInsect","FairyMaid","Bag of Preparation","Blood Vial","Frozen Eye","Sundial"],"acts_visited":["Exordium","TheCity","TheBeyond","TheEnding"],"potions_floor_usage":[41,41,55,55],"damage_taken":[{"damage":0,"enemies":"Small Slimes","floor":1,"turns":3},{"damage":0,"enemies":"Cultist","floor":2,"turns":3},{"damage":0,"enemies":"Jaw Worm","floor":3,"turns":3},{"damage":1,"enemies":"Blue Slaver","floor":4,"turns":3},{"damage":0,"enemies":"3 Louse","floor":5,"turns":4},{"damage":0,"enemies":"3 Sentries","floor":7,"turns":11},{"damage":0,"enemies":"Red Slaver","floor":8,"turns":4},{"damage":0,"enemies":"Gremlin Gang","floor":10,"turns":5},{"damage":0,"enemies":"3 Louse","floor":14,"turns":4},{"damage":14,"enemies":"Hexaghost","floor":16,"turns":11},{"damage":0,"enemies":"Spheric Guardian","floor":18,"turns":3},{"damage":0,"enemies":"Shell Parasite","floor":19,"turns":4},{"damage":0,"enemies":"Snake Plant","floor":21,"turns":4},{"damage":14,"enemies":"Slavers","floor":23,"turns":6},{"damage":0,"enemies":"Centurion and Healer","floor":24,"turns":5},{"damage":37,"enemies":"Gremlin Leader","floor":25,"turns":4},{"damage":0,"enemies":"Chosen and Byrds","floor":27,"turns":4},{"damage":2,"enemies":"Book of Stabbing","floor":28,"turns":4},{"damage":6,"enemies":"Snake Plant","floor":30,"turns":3},{"damage":3,"enemies":"Slavers","floor":31,"turns":6},{"damage":16,"enemies":"Collector","floor":33,"turns":5},{"damage":0,"enemies":"Orb Walker","floor":35,"turns":3},{"damage":0,"enemies":"3 Shapes","floor":36,"turns":3},{"damage":1,"enemies":"Jaw Worm Horde","floor":38,"turns":3},{"damage":10,"enemies":"Transient","floor":39,"turns":5},{"damage":85,"enemies":"Reptomancer","floor":41,"turns":4},{"damage":5,"enemies":"3 Darklings","floor":44,"turns":5},{"damage":2,"enemies":"Writhing Mass","floor":45,"turns":4},{"damage":4,"enemies":"Nemesis","floor":47,"turns":5},{"damage":11,"enemies":"Maw","floor":48,"turns":5},{"damage":41,"enemies":"Donu and Deca","floor":50,"turns":9},{"damage":8,"enemies":"Shield and Spear","floor":54,"turns":3},{"damage":90,"enemies":"The Heart","floor":55,"turns":7}],"seed_played":"3264431111965316383","potions_obtained":[{"floor":2,"key":"Dexterity Potion"},{"floor":4,"key":"Energy Potion"},{"floor":8,"key":"ColorlessPotion"},{"floor":16,"key":"Weak Potion"},{"floor":23,"key":"DistilledChaos"},{"floor":24,"key":"Regen Potion"},{"floor":25,"key":"Block Potion"},{"floor":38,"key":"BlessingOfTheForge"},{"floor":48,"key":"SkillPotion"}],"is_trial":false,"path_per_floor":["M","M","M","M","M","R","E","M","T","M","R","?","R","M","R","B",null,"M","M","?","M","?","E","M","E","T","M","E","R","M","E","R","B",null,"M","M","?","M","M","R","E","R","T","M","M","$","E","M","R","B",null,"R","$","E","B",null],"character_chosen":"REMILIA","items_purchased":["Membership Card","Lee\u0027s Waffle","yuri:PortableGlitches","Strawberry","theForsaken:Lifeblossom","Orichalcum","FairyPotion","Mummified Hand","CaptainsWheel","PrismaticShard","theForsaken:Gavel","Potion Belt","Chemical X","FairyMaid","Bag of Preparation","Blood Vial","CultistPotion","Frozen Eye"],"campfire_rested":0,"item_purchase_floors":[0,0,0,0,0,0,46,46,46,46,46,46,46,53,53,53,53,53],"current_hp_per_floor":[89,89,89,89,89,89,89,89,89,89,89,89,89,89,89,80,89,89,89,89,89,89,81,89,62,62,73,87,87,87,89,89,79,89,89,89,89,88,89,89,38,38,38,51,62,62,76,81,81,81,89,89,89,89,57],"gold":70,"neow_bonus":"","is_daily":false,"chose_seed":false,"campfire_upgraded":5,"win_rate":0.0,"timestamp":1607971635,"path_taken":["M","M","M","M","M","R","E","M","T","M","R","?","R","?","R","BOSS","M","M","?","M","?","E","M","E","T","M","E","R","M","E","R","BOSS","M","M","?","?","M","R","E","R","T","M","M","$","E","?","R","BOSS","R","$","E","BOSS"],"items_purchased_type":["Relic","Relic","Relic","Relic","Relic","Relic","Potion","Relic","Relic","Relic","Relic","Relic","Relic","Relic","Relic","Relic","Potion","Relic"],"build_version":"2020-12-13","purchased_purges":2,"victory":true,"max_hp_per_floor":[89,89,89,89,89,89,89,89,89,89,89,89,89,89,89,89,89,89,89,89,89,89,89,89,89,89,89,89,89,89,89,89,89,89,89,89,89,89,89,89,89,89,89,89,89,89,89,89,89,89,89,89,89,89,89],"card_choices":[{"not_picked":["Stigmanizer","MiserableFate","ScarletDream"],"picked":"SKIP","floor":1},{"not_picked":["Stigmanizer","BadLadyScramble","UnderTheZenith"],"picked":"SKIP","floor":2},{"not_picked":["HeartBreak","BloodHunter","VampireKiss"],"picked":"SKIP","floor":3},{"not_picked":["VampireFantasy","VampireKiss","NightLord"],"picked":"SKIP","floor":4},{"not_picked":["ScarletNetherworld","FavorOfDestiny","TwelveNightmare"],"picked":"SKIP","floor":5},{"not_picked":["Maim","MiserableFate","ForbiddenFruit"],"picked":"SKIP","floor":7},{"not_picked":["ReincarnationDial","CharismaGuard","FavorOfDestiny"],"picked":"SKIP","floor":8},{"not_picked":["GlobalNightmare","FavorOfDestiny","MillenniumVampire"],"picked":"SKIP","floor":10},{"not_picked":["DiffusionOfMisfortune","CharismaGuard"],"picked":"MastersStateliness","floor":14},{"not_picked":["HellCatastrophe","ForecastOfChange"],"picked":"QueenOfMidnight","floor":16},{"not_picked":["VampireKiss","BombardNight","ScarletDevil"],"picked":"SKIP","floor":18},{"not_picked":["ScarletDream+1","EndlessAdversity","NightDance"],"picked":"SKIP","floor":19},{"not_picked":["UnderTheZenith","BloodHunter"],"picked":"StarOfDavid","floor":21},{"not_picked":["Maim","NightDance","MastersStateliness"],"picked":"SKIP","floor":23},{"not_picked":["UnderTheZenith","RedRainbow"],"picked":"StarOfDavid+1","floor":24},{"not_picked":["RedMagic","FavorOfDestiny","BombardNight"],"picked":"SKIP","floor":25},{"not_picked":["FitfulNightmare","UnderTheZenith+1"],"picked":"MastersStateliness+1","floor":27},{"not_picked":["UnstableMagic","EndlessAdversity","MastersStateliness"],"picked":"SKIP","floor":28},{"not_picked":["QueenOfMidnight","RedRainbow","ForbiddenFruit"],"picked":"SKIP","floor":30},{"not_picked":["DiffusionOfMisfortune","VampireFantasy+1","UnstableMagic"],"picked":"SKIP","floor":31},{"not_picked":["BlasphemousPunishment+1","ScarletDevil","EndlessAdversity+1"],"picked":"SKIP","floor":35},{"not_picked":["BloodHunter+1","UnderTheZenith+1","BlasphemousPunishment+1"],"picked":"SKIP","floor":36},{"not_picked":["RedRainbow","UnderTheZenith+1","FitfulNightmare+1"],"picked":"SKIP","floor":38},{"not_picked":["VampireKiss+1","ScarletImprint","RedNightlessCastle"],"picked":"SKIP","floor":39},{"not_picked":["BloodHunter+1","ScarletCoffin","BombardNight+1"],"picked":"SKIP","floor":41},{"not_picked":["LeisurelyOfLord","BloodHunter+1"],"picked":"StarOfDavid+1","floor":44},{"not_picked":["RedRainbow","MiserableFate+1","EmergencyRegeneration+1"],"picked":"SKIP","floor":45},{"not_picked":["GravityBeat","animator:Magilou+1","Indignation+1"],"picked":"SKIP","floor":47},{"not_picked":["Prepared+1","Underhanded Strike","Halt+1"],"picked":"SKIP","floor":48},{"not_picked":["Shade:Excise+1","yuri:GreenTea+1","Double Energy+1"],"picked":"SKIP","floor":54}],"player_experience":206047,"relics_obtained":[{"floor":7,"key":"War Paint"},{"floor":23,"key":"Mercury Hourglass"},{"floor":25,"key":"Shovel"},{"floor":28,"key":"Bag of Marbles"},{"floor":31,"key":"Toy Ornithopter"},{"floor":32,"key":"Toxic Egg 2"},{"floor":40,"key":"Akabeko"},{"floor":41,"key":"Lantern"},{"floor":42,"key":"Vajra"},{"floor":47,"key":"RedBat"},{"floor":49,"key":"PreservedInsect"},{"floor":54,"key":"Sundial"}],"event_choices":[{"damage_healed":0,"gold_gain":0,"player_choice":"Trade","damage_taken":0,"relics_obtained":["NlothsMask"],"max_hp_gain":0,"max_hp_loss":0,"event_name":"FaceTrader","floor":12,"gold_loss":0},{"damage_healed":0,"gold_gain":0,"player_choice":"Simplicity","damage_taken":0,"max_hp_gain":0,"max_hp_loss":5,"event_name":"betterThird:BetterWriting","floor":20,"gold_loss":0},{"damage_healed":0,"gold_gain":2,"player_choice":"1","damage_taken":0,"max_hp_gain":0,"max_hp_loss":0,"event_name":"betterStone:BetterStone","floor":22,"gold_loss":0},{"damage_healed":0,"gold_gain":0,"player_choice":"Gave Potion","damage_taken":0,"relics_obtained":["Meat on the Bone"],"max_hp_gain":0,"max_hp_loss":0,"event_name":"WeMeetAgain","floor":37,"gold_loss":0}],"is_beta":false,"boss_relics":[{"not_picked":["Runic Dome","Sozu"],"picked":"Empty Cage"},{"not_picked":["Philosopher\u0027s Stone","Runic Pyramid","Astrolabe"]}],"items_purged_floors":[0,46],"is_endless":false,"potions_floor_spawned":[2,4,8,16,23,24,25,27,31,33,38,39,48,54],"ascension_level":1}}