{"host":"Crutt","time":1607945723,"event":{"mods":["2.2 Compatiblity","Aspiration","Bard","BaseMod","Better Altar","Better Skull","Better Third Choice","Googly Eyes","Hermit","Jedi Mod","Jorbs\u0027s Wanderer Trilogy","Minty Spire (QoL Compilation)","Optimize The Spire","Potionbrewer","Spicy Shops","StSLib","The Construct","The Cursed","The Disciple","The Hierophant","The Runesmith","thorton","vexMod"],"gold_per_floor":[138,138,155,175,204,248,248,258,258,258],"floor_reached":8,"playtime":211,"items_purged":[],"score":87,"play_id":"1c9ffa72-1fde-49d7-a93a-1fedccdece03","local_time":"20201214053523","is_ascension_mode":true,"campfire_choices":[{"floor":7,"key":"REST"}],"circlet_count":0,"master_deck":["AscendersBane","thethorton:Strike","thethorton:Strike","thethorton:Strike","thethorton:Strike","thethorton:Defend+1","thethorton:Defend+1","thethorton:Defend","thethorton:Defend","thethorton:Heckle","thethorton:CreditCard","Normality","thethorton:BookBash","thethorton:CashBash","thethorton:BusinessBoom","thethorton:MomentaryBreak","thethorton:OddChange"],"relics":["thethorton:CouragePotion","NeowsBlessing","vexMod:FocusSash","War Paint"],"acts_visited":["Exordium"],"potions_floor_usage":[6],"damage_taken":[{"damage":0,"enemies":"Small Slimes","floor":1,"turns":2},{"damage":0,"enemies":"Cultist","floor":3,"turns":1},{"damage":0,"enemies":"Jaw Worm","floor":4,"turns":1},{"damage":18,"enemies":"Blue Slaver","floor":5,"turns":4},{"damage":24,"enemies":"Gremlin Nob","floor":6,"turns":4},{"damage":46,"enemies":"3 Sentries","floor":8,"turns":6}],"seed_played":"-1343364987037198803","potions_obtained":[{"floor":1,"key":"Strength Potion"},{"floor":4,"key":"potionbrewer:ToxicPotion"}],"is_trial":false,"path_per_floor":["M","?","M","M","M","E","R","E"],"character_chosen":"THE_THORT","items_purchased":[],"campfire_rested":1,"item_purchase_floors":[],"current_hp_per_floor":[61,61,61,61,43,22,42,0,0,0],"gold":258,"neow_bonus":"THREE_ENEMY_KILL","is_daily":false,"chose_seed":false,"campfire_upgraded":0,"win_rate":0.0,"timestamp":1607945723,"path_taken":["M","?","M","?","?","E","R","E"],"items_purchased_type":[],"build_version":"2020-12-07","purchased_purges":0,"victory":false,"max_hp_per_floor":[68,68,68,68,68,68,68,68,68,68],"card_choices":[{"not_picked":["thethorton:StampSmack","thethorton:DownPayment"],"picked":"thethorton:BookBash","floor":1},{"not_picked":["thethorton:TakeAccounts","thethorton:FearfulRun"],"picked":"thethorton:CashBash","floor":3},{"not_picked":["thethorton:SicklyRun","thethorton:CallIn"],"picked":"thethorton:BusinessBoom","floor":4},{"not_picked":["thethorton:BookBash","thethorton:DoubleRun"],"picked":"thethorton:MomentaryBreak","floor":5},{"not_picked":["thethorton:TakeAccounts","thethorton:SicklyRun"],"picked":"thethorton:OddChange","floor":6}],"player_experience":3518746,"relics_obtained":[{"floor":6,"key":"War Paint"}],"event_choices":[{"damage_healed":0,"gold_gain":0,"player_choice":"Gave Potion","damage_taken":0,"relics_obtained":["vexMod:FocusSash"],"max_hp_gain":0,"max_hp_loss":0,"event_name":"WeMeetAgain","floor":2,"gold_loss":0}],"is_beta":true,"boss_relics":[],"items_purged_floors":[],"is_endless":false,"potions_floor_spawned":[1,4],"killed_by":"3 Sentries","ascension_level":10}}