{"host":"J","time":1607987009,"event":{"mods":["AchievementEnabler","BaseMod","Block Reminder","Highlight Path","Minty Spire (QoL Compilation)","Permanent Neow","Quick Restart","Relic Stats","UnlockEverythingMod"],"gold_per_floor":[216,216,57,76,76,76,89,89,171,206,206,244,268,292,292,382,382,400,400,424,76,89,89,110,151,151,151,201,232,232,267,267,362,362,375,394,394,394,99,99,99],"floor_reached":40,"playtime":5493,"items_purged":["Injury","Strike_B"],"score":954,"play_id":"f388ba81-f5c2-45d6-9435-96e4e01e6f80","local_time":"20201215000329","is_ascension_mode":true,"campfire_choices":[{"data":"Zap","floor":6.0,"key":"SMITH"},{"data":"Beam Cell","floor":8.0,"key":"SMITH"},{"data":"Dualcast","floor":11.0,"key":"SMITH"},{"data":"Loop","floor":15.0,"key":"SMITH"},{"data":"Fission","floor":23.0,"key":"SMITH"},{"data":"Consume","floor":27.0,"key":"SMITH"},{"data":"Darkness","floor":30.0,"key":"SMITH"},{"data":"Chill","floor":32.0,"key":"SMITH"}],"circlet_count":0,"master_deck":["AscendersBane","Strike_B","Strike_B","Defend_B","Defend_B","Defend_B","Defend_B","Zap+1","Dualcast+1","Capacitor","Sunder","Beam Cell+1","Chill+1","Ball Lightning","BootSequence","Coolheaded","Loop+1","Amplify","Cold Snap","Darkness+1","Consume+1","Fission+1","Self Repair+1","Compile Driver+1","Redo+1","Seek+1","Chaos+1","Coolheaded+1","Aggregate+1","Compile Driver"],"relics":["Cracked Core","Golden Idol","Pantograph","Symbiotic Virus","Peace Pipe","Inserter","Lee\u0027s Waffle","White Beast Statue","Toxic Egg 2","Shuriken","The Courier","Nuclear Battery","Orrery","Vajra"],"acts_visited":["Exordium","TheCity","TheBeyond"],"potions_floor_usage":[],"damage_taken":[{"damage":2.0,"enemies":"Jaw Worm","floor":1.0,"turns":3.0},{"damage":2.0,"enemies":"2 Louse","floor":4.0,"turns":2.0},{"damage":0.0,"enemies":"Cultist","floor":7.0,"turns":2.0},{"damage":28.0,"enemies":"Gremlin Nob","floor":10.0,"turns":4.0},{"damage":8.0,"enemies":"Lagavulin","floor":12.0,"turns":5.0},{"damage":14.0,"enemies":"Exordium Thugs","floor":13.0,"turns":3.0},{"damage":0.0,"enemies":"2 Fungi Beasts","floor":14.0,"turns":2.0},{"damage":21.0,"enemies":"Hexaghost","floor":16.0,"turns":7.0},{"damage":19.0,"enemies":"3 Byrds","floor":18.0,"turns":6.0},{"damage":34.0,"enemies":"2 Thieves","floor":20.0,"turns":5.0},{"damage":14.0,"enemies":"3 Cultists","floor":22.0,"turns":6.0},{"damage":33.0,"enemies":"Snake Plant","floor":24.0,"turns":3.0},{"damage":22.0,"enemies":"Gremlin Leader","floor":25.0,"turns":8.0},{"damage":37.0,"enemies":"Slavers","floor":29.0,"turns":11.0},{"damage":3.0,"enemies":"Gremlin Leader","floor":31.0,"turns":6.0},{"damage":1.0,"enemies":"Collector","floor":33.0,"turns":12.0},{"damage":25.0,"enemies":"3 Darklings","floor":35.0,"turns":7.0},{"damage":1.0,"enemies":"3 Shapes","floor":36.0,"turns":6.0},{"damage":79,"enemies":"Giant Head","floor":40,"turns":6}],"seed_played":"-4276408827855354746","potions_obtained":[{"floor":4.0,"key":"FairyPotion"},{"floor":7.0,"key":"PotionOfCapacity"},{"floor":20.0,"key":"Energy Potion"},{"floor":24.0,"key":"DistilledChaos"},{"floor":29.0,"key":"AttackPotion"},{"floor":31.0,"key":"SkillPotion"},{"floor":33.0,"key":"AttackPotion"},{"floor":35.0,"key":"Ancient Potion"},{"floor":36.0,"key":"Strength Potion"}],"is_trial":false,"path_per_floor":["M","?","$","M","?","R","M","R","T","E","R","E","M","M","R","B",null,"M","?","M","$","M","R","M","E","T","R","?","E","R","E","R","B",null,"M","M","?","?","$","E"],"character_chosen":"DEFECT","items_purchased":["Sunder","Lee\u0027s Waffle","Fission","Orrery","Vajra","Compile Driver"],"campfire_rested":0,"item_purchase_floors":[3,21,21,39,39,39],"current_hp_per_floor":[62,62,62,60,60,60,60,60,60,32,32,24,10,10,10,14,57,38,38,4,78,64,64,31,19,19,19,19,20,20,27,27,61,74,59,68,68,68,68,0,0],"gold":99,"neow_bonus":"HUNDRED_GOLD","is_daily":false,"chose_seed":false,"campfire_upgraded":8,"win_rate":0.0,"timestamp":1607987009,"path_taken":["M","?","$","M","?","R","M","R","T","E","R","E","?","M","R","BOSS","M","?","M","$","M","R","M","E","T","R","?","E","R","E","R","BOSS","M","M","?","?","$","E"],"items_purchased_type":["Card","Relic","Card","Relic","Relic","Card"],"build_version":"2020-12-07","purchased_purges":2,"victory":false,"max_hp_per_floor":[71,71,71,71,71,71,71,71,71,71,71,71,71,71,71,71,71,71,71,71,78,78,78,78,78,78,78,78,78,78,78,78,78,78,78,78,78,78,78,78,78],"relic_stats":{"Peace Pipe":0,"Lee\u0027s Waffle":74,"Inserter":[38],"counters":[19,103],"Golden Idol":113,"Shuriken":[11],"Pantograph":50,"obtain_stats":[{"Lee\u0027s Waffle":21,"Inserter":17,"Golden Idol":2,"Vajra":39,"The Courier":31,"White Beast Statue":25,"Nuclear Battery":34,"Peace Pipe":12,"Shuriken":29,"Pantograph":9,"Orrery":39,"Toxic Egg 2":26,"Cracked Core":0,"Symbiotic Virus":10},{"Lee\u0027s Waffle":10,"Inserter":8,"Golden Idol":1,"Vajra":18,"The Courier":15,"White Beast Statue":13,"Nuclear Battery":16,"Peace Pipe":5,"Shuriken":14,"Pantograph":3,"Orrery":18,"Toxic Egg 2":13,"Cracked Core":0,"Symbiotic Virus":4},{"Lee\u0027s Waffle":39,"Inserter":28,"Golden Idol":3,"Vajra":97,"The Courier":73,"White Beast Statue":56,"Nuclear Battery":85,"Peace Pipe":16,"Shuriken":67,"Pantograph":7,"Orrery":97,"Toxic Egg 2":56,"Cracked Core":0,"Symbiotic Virus":11}]},"card_choices":[{"not_picked":["Leap","Reprogram"],"picked":"Capacitor","floor":1.0},{"not_picked":["Turbo","Redo"],"picked":"Beam Cell","floor":4.0},{"not_picked":["Double Energy","Rebound"],"picked":"Chill","floor":7.0},{"not_picked":["Turbo","Sunder"],"picked":"Ball Lightning","floor":10.0},{"not_picked":["Skim","Go for the Eyes"],"picked":"BootSequence","floor":12.0},{"not_picked":["Steam","Capacitor"],"picked":"Coolheaded","floor":13.0},{"not_picked":["Consume","Sweeping Beam"],"picked":"Loop","floor":14.0},{"not_picked":["Thunder Strike","Rainbow"],"picked":"Amplify","floor":16.0},{"not_picked":["Hologram","Barrage"],"picked":"Cold Snap","floor":18.0},{"not_picked":["Hologram","Conserve Battery"],"picked":"Consume","floor":20.0},{"not_picked":["Steam Power","Sweeping Beam+1"],"picked":"Self Repair+1","floor":22.0},{"not_picked":["Sweeping Beam","Blizzard"],"picked":"Compile Driver+1","floor":24.0},{"not_picked":["Rip and Tear+1","Blizzard","Thunder Strike"],"picked":"SKIP","floor":25.0},{"not_picked":["Ball Lightning","Skim+1","Static Discharge"],"picked":"SKIP","floor":29.0},{"not_picked":["Go for the Eyes","Gash"],"picked":"Redo+1","floor":31.0},{"not_picked":["Thunder Strike","Electrodynamics"],"picked":"Seek+1","floor":33.0},{"not_picked":["Reinforced Body+1","Capacitor","Go for the Eyes"],"picked":"SKIP","floor":35.0},{"not_picked":["Rebound","Static Discharge"],"picked":"Chaos+1","floor":36.0},{"not_picked":["Heatsinks","Go for the Eyes"],"picked":"Coolheaded+1","floor":39.0},{"not_picked":["Rip and Tear+1","Steam+1"],"picked":"Aggregate+1","floor":39.0}],"player_experience":158642,"relics_obtained":[{"floor":9.0,"key":"Pantograph"},{"floor":10.0,"key":"Symbiotic Virus"},{"floor":12.0,"key":"Peace Pipe"},{"floor":25.0,"key":"White Beast Statue"},{"floor":26.0,"key":"Toxic Egg 2"},{"floor":29.0,"key":"Shuriken"},{"floor":31.0,"key":"The Courier"}],"event_choices":[{"damage_healed":0.0,"max_hp_gain":0.0,"max_hp_loss":0.0,"gold_gain":0.0,"event_name":"Golden Idol","player_choice":"Take Wound","floor":2.0,"gold_loss":0.0,"damage_taken":0.0,"relics_obtained":["Golden Idol"],"cards_obtained":["Injury"]},{"cards_removed":["Strike_B"],"damage_healed":0.0,"max_hp_gain":0.0,"max_hp_loss":0.0,"gold_gain":0.0,"event_name":"Purifier","player_choice":"Purged","floor":5.0,"gold_loss":0.0,"damage_taken":0.0},{"damage_healed":0.0,"max_hp_gain":0.0,"max_hp_loss":0.0,"gold_gain":0.0,"event_name":"The Library","player_choice":"Read","floor":19.0,"gold_loss":0.0,"damage_taken":0.0,"cards_obtained":["Darkness"]},{"damage_healed":0.0,"max_hp_gain":0.0,"max_hp_loss":0.0,"gold_gain":50.0,"event_name":"Nest","player_choice":"Stole From Cult","floor":28.0,"gold_loss":0.0,"damage_taken":0.0},{"damage_healed":0.0,"max_hp_gain":0.0,"max_hp_loss":0.0,"gold_gain":0.0,"event_name":"Mysterious Sphere","player_choice":"Ignored","floor":37.0,"gold_loss":0.0,"damage_taken":0.0},{"damage_healed":0.0,"max_hp_gain":0.0,"max_hp_loss":0.0,"gold_gain":0.0,"event_name":"Lab","player_choice":"Got Potions","floor":38.0,"gold_loss":0.0,"damage_taken":0.0}],"is_beta":true,"boss_relics":[{"not_picked":["Cursed Key","Runic Pyramid"],"picked":"Inserter"},{"not_picked":["Velvet Choker","Runic Dome"],"picked":"Nuclear Battery"}],"items_purged_floors":[3,21],"is_endless":false,"potions_floor_spawned":[4,7,13,14,20,24,25,29,31,33,35,36],"killed_by":"Giant Head","ascension_level":20}}