{"host":"kw4o7b3ro2ktmmbe","time":1607934510,"event":{"mods":["BaseMod","Minty Spire (QoL Compilation)","StSLib","The Death Knight","Treasure Hunter"],"gold_per_floor":[115,115,190,190,204,204,215,215,215,215,215,228,245,280,280,381,381,400,420,131,131,144,144,144,144,144,144,144,144],"floor_reached":28,"playtime":1893,"items_purged":[],"score":248,"play_id":"c7509a5f-906b-46a4-a294-4f5bc08699ef","local_time":"20201214212830","is_ascension_mode":true,"campfire_choices":[{"data":"DeathKnight:Outbreak","floor":6.0,"key":"SMITH"},{"data":"DeathKnight:BladedArmor","floor":8.0,"key":"SMITH"},{"data":"TH:ElvenBoots","floor":15.0,"key":"SMITH"},{"floor":23,"key":"REST"},{"floor":25,"key":"REST"},{"data":"DeathKnight:BladedArmor","floor":27,"key":"SMITH"}],"circlet_count":0,"master_deck":["DeathKnight:Strike_DeathKnight","DeathKnight:Strike_DeathKnight","DeathKnight:Strike_DeathKnight","DeathKnight:Strike_DeathKnight","DeathKnight:Strike_DeathKnight","DeathKnight:Defend_DeathKnight","DeathKnight:Defend_DeathKnight","DeathKnight:Defend_DeathKnight","DeathKnight:Defend_DeathKnight","DeathKnight:RuneTap","DeathKnight:RuneStrike","TH:TreasureMap","DeathKnight:Outbreak+1","DeathKnight:Contagion","DeathKnight:BladedArmor+1","TH:CursedSword","DeathKnight:BladedArmor+1","TH:ElvenBoots+1","TH:DeckOfManyThings","DeathKnight:Frostscythe","DeathKnight:BludPresence+1","TH:DeckOfManyThings"],"relics":["DeathKnight:BrokenRuneblade","Happy Flower","DeathKnight:ScourgePlagueSample","DeathKnight:CorpseWagon","Matryoshka","Velvet Choker","CaptainsWheel","Blood Vial","Singing Bowl"],"acts_visited":["Exordium","TheCity"],"potions_floor_usage":[19,28,28],"damage_taken":[{"damage":10.0,"enemies":"Cultist","floor":1.0,"turns":5.0},{"damage":2.0,"enemies":"Jaw Worm","floor":5.0,"turns":4.0},{"damage":0.0,"enemies":"Small Slimes","floor":7.0,"turns":4.0},{"damage":0.0,"enemies":"Exordium Wildlife","floor":12.0,"turns":3.0},{"damage":10.0,"enemies":"Looter","floor":13.0,"turns":3.0},{"damage":24.0,"enemies":"Gremlin Nob","floor":14.0,"turns":4.0},{"damage":12.0,"enemies":"Slime Boss","floor":16.0,"turns":7.0},{"damage":39.0,"enemies":"2 Thieves","floor":18.0,"turns":5.0},{"damage":20,"enemies":"Shell Parasite","floor":19,"turns":5},{"damage":18,"enemies":"Chosen and Byrds","floor":22,"turns":3},{"damage":47,"enemies":"Slavers","floor":28,"turns":4}],"seed_played":"4558964323537229369","potions_obtained":[{"floor":5.0,"key":"Explosive Potion"},{"floor":7.0,"key":"Weak Potion"},{"floor":13.0,"key":"Fire Potion"},{"floor":14.0,"key":"DistilledChaos"},{"floor":18.0,"key":"SpeedPotion"},{"floor":19,"key":"AttackPotion"}],"is_trial":false,"path_per_floor":["M","T","?","?","M","R","M","R","T","?","$","M","M","E","R","B",null,"M","M","$","$","M","R","?","R","T","R","E"],"character_chosen":"DEATH_KNIGHT","items_purchased":["CaptainsWheel"],"campfire_rested":2,"item_purchase_floors":[20],"current_hp_per_floor":[72,72,61,61,59,59,59,59,59,59,59,59,49,25,25,13,82,43,23,23,23,5,29,13,39,39,39,0,0],"gold":144,"neow_bonus":"TEN_PERCENT_HP_BONUS","is_daily":false,"chose_seed":false,"campfire_upgraded":4,"win_rate":0.0,"timestamp":1607934510,"path_taken":["M","?","?","?","M","R","?","R","T","?","$","M","M","E","R","BOSS","M","?","?","$","M","R","?","R","T","R","E"],"items_purchased_type":["Relic"],"build_version":"2020-12-13","purchased_purges":0,"victory":false,"max_hp_per_floor":[82,82,82,82,82,82,82,82,82,82,82,82,82,82,82,82,82,82,82,82,82,82,82,87,87,87,87,87,87],"card_choices":[{"not_picked":["DeathKnight:DeathCoil","DeathKnight:ChainsOfIce","DeathKnight:BloodStrike"],"picked":"SKIP","floor":1.0},{"not_picked":["TH:EnergyPotion"],"picked":"TH:TreasureMap","floor":2.0},{"not_picked":["DeathKnight:DeathGrip","DeathKnight:AntiMagicShell"],"picked":"DeathKnight:Contagion","floor":5.0},{"not_picked":["DeathKnight:BloodBoil","DeathKnight:PathOfFrost"],"picked":"DeathKnight:BladedArmor","floor":7.0},{"not_picked":["TH:BikiniMail"],"picked":"TH:CursedSword","floor":9.0},{"not_picked":["DeathKnight:Hemostasis","DeathKnight:BloodBoil"],"picked":"DeathKnight:BladedArmor","floor":12.0},{"not_picked":["DeathKnight:ShatteringStrikes","DeathKnight:FrosPresence","DeathKnight:RunicCorruption"],"picked":"SKIP","floor":13.0},{"not_picked":["TH:PixieDust"],"picked":"TH:ElvenBoots","floor":14.0},{"not_picked":["DeathKnight:DeathAndDecay","DeathKnight:ChainsOfIce","DeathKnight:BloodPact"],"picked":"SKIP","floor":14.0},{"not_picked":["TH:EnergyPotion"],"picked":"TH:DeckOfManyThings","floor":16.0},{"not_picked":["DeathKnight:BoneStorm","DeathKnight:ArmyOfTheDead"],"picked":"DeathKnight:Frostscythe","floor":16.0},{"not_picked":["DeathKnight:Parry","DeathKnight:BloodEchoes"],"picked":"DeathKnight:BludPresence+1","floor":18.0},{"not_picked":["DeathKnight:DeathRune+1","DeathKnight:Lichborne","DeathKnight:BloodStrike"],"picked":"SKIP","floor":19},{"not_picked":["DeathKnight:DeathRune","DeathKnight:MindFreeze","DeathKnight:BloodStrike"],"picked":"SKIP","floor":22},{"not_picked":["TH:PixieDust"],"picked":"TH:DeckOfManyThings","floor":26}],"player_experience":1782120,"relics_obtained":[{"floor":2.0,"key":"Happy Flower"},{"floor":9.0,"key":"DeathKnight:ScourgePlagueSample"},{"floor":14.0,"key":"Matryoshka"},{"floor":26,"key":"Blood Vial"},{"floor":26,"key":"Singing Bowl"}],"event_choices":[{"damage_healed":0.0,"max_hp_gain":0.0,"max_hp_loss":0.0,"gold_gain":75.0,"event_name":"World of Goop","player_choice":"Gather Gold","floor":3.0,"gold_loss":0.0,"damage_taken":11.0},{"damage_healed":0.0,"max_hp_gain":0.0,"max_hp_loss":0.0,"gold_gain":0.0,"cards_transformed":["DeathKnight:Defend_DeathKnight"],"event_name":"Living Wall","player_choice":"Change","floor":4.0,"gold_loss":0.0,"damage_taken":0.0,"cards_obtained":["DeathKnight:Outbreak"]},{"damage_healed":0.0,"max_hp_gain":0.0,"max_hp_loss":0.0,"gold_gain":0.0,"event_name":"WeMeetAgain","player_choice":"Gave Potion","floor":10.0,"gold_loss":0.0,"damage_taken":0.0,"relics_obtained":["DeathKnight:CorpseWagon"]},{"damage_healed":0,"gold_gain":0,"player_choice":"Shed Blood","damage_taken":21,"max_hp_gain":5,"max_hp_loss":0,"event_name":"Forgotten Altar","floor":24,"gold_loss":0}],"is_beta":false,"boss_relics":[{"not_picked":["Snecko Eye","SacredBark"],"picked":"Velvet Choker"}],"items_purged_floors":[],"is_endless":false,"potions_floor_spawned":[5,7,13,14,18,19],"killed_by":"Slavers","ascension_level":3}}