{"host":"a8v0czv88scrgx5i","time":1607910810,"event":{"mods":["2.2 Compatiblity","Act Like it!","Aspiration","Astrologer","Bard","BaseMod","Beaked The Cultist","Better Third Choice","BetterRewards","Colored Map","Colored Powertips","Dota2Spire","Downfall","Friendly Minions","GifTheSpireLib","GungeonMod","Hermit","Hubris","Infinite Spire","Luminous","Marisa????????","Minty Spire (QoL Compilation)","READ ME - Guardian Mod","Rare Cards Sparkle","Relic Sorter","Replay The Spire","Shade Mod","Shop Mod","StSLib","The Animator","The Blackbeard","The Bug Knight","The Construct","The Cursed","The Disciple","The Elementalist","The Hierophant","The Jungle","The Mystic","The Necromancer","The Runesmith","The Servant 0.9.4","The Spell Scribe","vexMod"],"gold_per_floor":[99,128,139,159,172,188,214,139,157,188,104,122,134,145,164,164,164],"floor_reached":16,"playtime":1178,"items_purged":[],"score":168,"play_id":"9eb61916-6511-4f64-8b14-34aac336d405","local_time":"20201213205330","is_ascension_mode":false,"campfire_choices":[{"data":"champ:Execute","floor":1,"key":"SMITH"},{"floor":8,"key":"RECALL"}],"circlet_count":0,"master_deck":["champ:Strike","champ:Strike","champ:Strike","champ:Strike","champ:Defend","champ:Defend","champ:Defend","champ:Defend","champ:Execute+1","champ:Taunt","champ:RisingSlash","champ:FocusedBerserking","champ:Backstep","champ:Haymaker","champ:Encircle","champ:GladiatorsShout","champ:PerfectedStrike","champ:IronFortress","champ:VampiricStrike","champ:FlashCut","champ:IronFortress","champ:FalseCounter"],"relics":["champ:ChampionCrown","Replay:Ringing Soul","downfall:HeartBlessingBlue","Replay:Baseball"],"acts_visited":["Exordium"],"potions_floor_usage":[15],"damage_taken":[{"damage":37,"enemies":"3 Sentries","floor":2,"turns":10},{"damage":9,"enemies":"Cultist","floor":3,"turns":3},{"damage":17,"enemies":"Small Slimes","floor":4,"turns":4},{"damage":5,"enemies":"2 Louse","floor":5,"turns":3},{"damage":16,"enemies":"Exordium Wildlife","floor":6,"turns":6},{"damage":17,"enemies":"Exordium Thugs","floor":9,"turns":5},{"damage":38,"enemies":"Lagavulin","floor":10,"turns":8},{"damage":7,"enemies":"downfall:FleeingMerchant","floor":11,"turns":4},{"damage":10,"enemies":"Large Slime","floor":12,"turns":5},{"damage":15,"enemies":"Lots of Slimes","floor":13,"turns":3},{"damage":5,"enemies":"2 Fungi Beasts","floor":14,"turns":3},{"damage":9,"enemies":"Large Slime","floor":15,"turns":3},{"damage":92,"enemies":"downfall:Silent","floor":16,"turns":9}],"seed_played":"-2820847966761750831","potions_obtained":[{"floor":9,"key":"Energy Potion"},{"floor":10,"key":"Swift Potion"},{"floor":12,"key":"champ:OpenerPotion"},{"floor":15,"key":"Ancient Potion"}],"is_trial":false,"path_per_floor":["R","E","M","M","M","M","T","R","M","E","$","M","M","M","M","B"],"character_chosen":"THE_CHAMP","items_purchased":["champ:IronFortress"],"campfire_rested":0,"item_purchase_floors":[11],"current_hp_per_floor":[99,80,79,75,78,65,65,75,68,47,52,59,60,70,87,0,0],"gold":164,"neow_bonus":"TEN_PERCENT_HP_BONUS","is_daily":false,"chose_seed":false,"campfire_upgraded":1,"win_rate":0.0,"timestamp":1607910810,"path_taken":["R","E","M","M","M","M","T","R","?","E","?","?","M","M","M","BOSS"],"items_purchased_type":["Card"],"build_version":"2020-12-13","purchased_purges":0,"victory":false,"max_hp_per_floor":[99,102,105,108,111,114,114,124,127,130,133,136,139,142,145,145,145],"card_choices":[{"not_picked":["champ:FocusedGladiator","champ:BerserkersShout"],"picked":"champ:RisingSlash","floor":2},{"not_picked":["champ:Circumvent","champ:Duel"],"picked":"champ:FocusedBerserking","floor":3},{"not_picked":["champ:FlashCut","champ:StanceDance"],"picked":"champ:Backstep","floor":4},{"not_picked":["champ:TornadoPunch","champ:FlashCut"],"picked":"champ:Haymaker","floor":5},{"not_picked":["champ:GutPunch","champ:BringItOn"],"picked":"champ:Encircle","floor":6},{"not_picked":["champ:CalledShot","champ:BladeFlurry"],"picked":"champ:GladiatorsShout","floor":9},{"not_picked":["champ:Circumvent","champ:TornadoPunch"],"picked":"champ:PerfectedStrike","floor":10},{"not_picked":["champ:HeartStrike","champ:TornadoPunch","champ:EnragedBash"],"picked":"SKIP","floor":11},{"not_picked":["champ:Circumvent","champ:EndlessRage"],"picked":"champ:VampiricStrike","floor":12},{"not_picked":["champ:TornadoPunch","champ:CrookedStrike"],"picked":"champ:FlashCut","floor":13},{"not_picked":["champ:EnGarde","champ:RisingSlash"],"picked":"champ:IronFortress","floor":14},{"not_picked":["champ:DefensiveShout","champ:Backstep"],"picked":"champ:FalseCounter","floor":15}],"player_experience":923778,"relics_obtained":[{"floor":2,"key":"Replay:Ringing Soul"},{"floor":10,"key":"Replay:Baseball"}],"event_choices":[],"is_beta":false,"boss_relics":[],"items_purged_floors":[],"is_endless":false,"potions_floor_spawned":[9,10,12,13,15],"killed_by":"downfall:Silent","ascension_level":0}}