{"host":"5uvzo7moqy5vd63g","time":1607907758,"event":{"mods":["Aspiration","BaseMod","Conspire","Dio Mod","Downfall","Hermit","Hubris","Jedi Mod","Jorbs\u0027s Wanderer Trilogy","Mimic Mod","Minty Spire (QoL Compilation)","Replay The Spire","StSLib","The Animator","Wandering Minibosses"],"gold_per_floor":[127,227,244,261,261,261,261,261],"floor_reached":7,"playtime":355,"items_purged":[],"score":51,"play_id":"2ccd9ca6-52f3-4d25-9f83-71a49fbaeb1a","local_time":"20201213200238","is_ascension_mode":true,"campfire_choices":[{"data":"animator:Demiurge","floor":6,"key":"SMITH"}],"circlet_count":0,"master_deck":["animator:Strike_Overlord","animator:Defend_Overlord","animator:Strike","animator:Strike","animator:Strike","animator:Defend","animator:Defend","animator:Defend","animator:Cocytus","animator:Demiurge+1","animator:PandorasActor","animator:NarberalGamma+1","animator:Demiurge"],"relics":["animator:LivingPicture","animator:TheMissingPiece","animator:PurgingStone"],"acts_visited":["Exordium"],"potions_floor_usage":[],"damage_taken":[{"damage":20,"enemies":"Small Slimes","floor":1,"turns":3},{"damage":3,"enemies":"Cultist","floor":3,"turns":4},{"damage":9,"enemies":"Jaw Worm","floor":4,"turns":4},{"damage":41,"enemies":"Gremlin Nob","floor":7,"turns":4}],"seed_played":"-8278879546094286188","potions_obtained":[{"floor":3,"key":"FearPotion"},{"floor":4,"key":"SteroidPotion"}],"is_trial":false,"path_per_floor":["M","?","M","M","?","R","E"],"character_chosen":"THE_ANIMATOR","items_purchased":[],"campfire_rested":0,"item_purchase_floors":[],"current_hp_per_floor":[52,52,50,41,41,41,0,0],"gold":261,"neow_bonus":"TEN_PERCENT_HP_BONUS","is_daily":false,"chose_seed":false,"campfire_upgraded":1,"win_rate":0.0,"timestamp":1607907758,"path_taken":["M","?","M","?","?","R","E"],"items_purchased_type":[],"build_version":"2020-11-30","purchased_purges":0,"victory":false,"max_hp_per_floor":[72,72,73,73,73,73,73,73],"card_choices":[{"not_picked":["animator:Guy","animator:DwarfShaman"],"picked":"animator:PandorasActor","floor":1},{"not_picked":["animator:Chung","animator:GuildGirl"],"picked":"animator:NarberalGamma","floor":3},{"not_picked":["animator:Bozes","animator:TukaLunaMarceau"],"picked":"animator:Demiurge","floor":4}],"player_experience":1285671,"relics_obtained":[],"event_choices":[{"damage_healed":0,"gold_gain":100,"player_choice":"Pray","damage_taken":0,"max_hp_gain":0,"max_hp_loss":0,"event_name":"Golden Shrine","floor":2,"gold_loss":0},{"damage_healed":0,"gold_gain":0,"player_choice":"Upgraded","damage_taken":0,"max_hp_gain":0,"max_hp_loss":0,"event_name":"Upgrade Shrine","floor":5,"gold_loss":0,"cards_upgraded":["animator:NarberalGamma"]}],"is_beta":false,"boss_relics":[],"items_purged_floors":[],"is_endless":false,"potions_floor_spawned":[3,4],"killed_by":"Gremlin Nob","ascension_level":5}}