{"host":"v0dnu0zs4qo0v13s","time":1607933259,"event":{"mods":["BaseMod","Colored Map","Colored Powertips","Minty Spire (QoL Compilation)","Relic Stats","StSLib","SuperFastMode","everything is the same but u backflip on backflip"],"gold_per_floor":[109,120,140,158,158,158,186,186,186,31,44,61,11,40,40,111,111,126,126,145,156,156,156],"floor_reached":22,"playtime":1370,"items_purged":[],"score":368,"play_id":"cba95dc2-3a94-4793-b9ae-2e419cbc6684","local_time":"20201214030739","is_ascension_mode":true,"campfire_choices":[{"data":"Bash","floor":6.0,"key":"SMITH"},{"data":"Feel No Pain","floor":8.0,"key":"SMITH"},{"data":"True Grit","floor":15.0,"key":"SMITH"}],"circlet_count":0,"master_deck":["AscendersBane","Strike_R+1","Strike_R+1","Strike_R+1","Strike_R+1","Strike_R+1","Defend_R+1","Defend_R+1","Defend_R+1","Defend_R+1","Bash+1","Pummel","Perfected Strike+1","Feel No Pain+1","Flex","Feel No Pain+1","Intimidate","True Grit+1","Rupture","Offering","Metallicize","Fire Breathing"],"relics":["SacredBark","Shuriken","Letter Opener","DollysMirror","Ice Cream","Mark of Pain"],"acts_visited":["Exordium","TheCity"],"potions_floor_usage":[22],"damage_taken":[{"damage":7.0,"enemies":"Small Slimes","floor":1.0,"turns":4.0},{"damage":1.0,"enemies":"Cultist","floor":2.0,"turns":3.0},{"damage":2.0,"enemies":"Jaw Worm","floor":3.0,"turns":3.0},{"damage":0.0,"enemies":"Large Slime","floor":4.0,"turns":5.0},{"damage":15.0,"enemies":"3 Sentries","floor":7.0,"turns":7.0},{"damage":10.0,"enemies":"Gremlin Gang","floor":11.0,"turns":6.0},{"damage":0.0,"enemies":"Exordium Wildlife","floor":12.0,"turns":4.0},{"damage":0.0,"enemies":"Gremlin Nob","floor":14.0,"turns":2.0},{"damage":10.0,"enemies":"Slime Boss","floor":16.0,"turns":14.0},{"damage":9.0,"enemies":"3 Byrds","floor":18.0,"turns":6.0},{"damage":15.0,"enemies":"Shell Parasite","floor":20.0,"turns":3.0},{"damage":17.0,"enemies":"Chosen and Byrds","floor":21.0,"turns":5.0},{"damage":27,"enemies":"Snake Plant","floor":22,"turns":4}],"seed_played":"7883574501952619482","potions_obtained":[{"floor":1.0,"key":"Weak Potion"},{"floor":2.0,"key":"Dexterity Potion"},{"floor":4.0,"key":"Dexterity Potion"},{"floor":11.0,"key":"EssenceOfSteel"},{"floor":14.0,"key":"FearPotion"},{"floor":21.0,"key":"PowerPotion"}],"is_trial":false,"path_per_floor":["M","M","M","M","?","R","E","R","T","$","M","M","$","E","R","B",null,"M","?","M","M","M"],"character_chosen":"IRONCLAD","items_purchased":["DollysMirror","SteroidPotion"],"campfire_rested":0,"item_purchase_floors":[10,13],"current_hp_per_floor":[65,64,62,62,62,62,47,47,47,47,37,37,37,37,37,27,67,58,58,43,26,0,0],"gold":156,"neow_bonus":"BOSS_RELIC","is_daily":false,"chose_seed":false,"campfire_upgraded":3,"win_rate":0.0,"timestamp":1607933259,"path_taken":["M","M","M","M","?","R","E","R","T","$","M","M","?","E","R","BOSS","M","?","M","M","M"],"items_purchased_type":["Relic","Potion"],"build_version":"2020-12-13","purchased_purges":0,"victory":false,"max_hp_per_floor":[80,80,80,80,80,80,80,80,80,80,80,80,80,80,80,80,80,80,80,80,80,80,80],"relic_stats":{"counters":[13,65],"Shuriken":[6],"Letter Opener":[34],"obtain_stats":[{"Ice Cream":14,"Shuriken":7,"DollysMirror":10,"SacredBark":0,"Mark of Pain":17,"Letter Opener":9,"Burning Blood":0},{"Ice Cream":8,"Shuriken":5,"DollysMirror":5,"SacredBark":0,"Mark of Pain":9,"Letter Opener":5,"Burning Blood":0},{"Ice Cream":34,"Shuriken":22,"DollysMirror":22,"SacredBark":0,"Mark of Pain":48,"Letter Opener":22,"Burning Blood":0}]},"card_choices":[{"not_picked":["Infernal Blade","Flame Barrier"],"picked":"Pummel","floor":1.0},{"not_picked":["Anger","Cleave"],"picked":"Perfected Strike","floor":2.0},{"not_picked":["Ghostly Armor","Pummel","Anger"],"picked":"SKIP","floor":3.0},{"not_picked":["Body Slam","Pommel Strike"],"picked":"Feel No Pain","floor":4.0},{"not_picked":["Pummel","Perfected Strike"],"picked":"Flex","floor":7.0},{"not_picked":["Anger","Pummel"],"picked":"Intimidate","floor":11.0},{"not_picked":["Body Slam","Twin Strike"],"picked":"True Grit","floor":12.0},{"not_picked":["Reckless Charge","Thunderclap"],"picked":"Rupture","floor":14.0},{"not_picked":["Corruption","Juggernaut"],"picked":"Offering","floor":16.0},{"not_picked":["Warcry","Wild Strike"],"picked":"Metallicize","floor":18.0},{"not_picked":["Clothesline+1","Pummel+1"],"picked":"Fire Breathing","floor":20.0},{"not_picked":["Armaments","Clash+1","Havoc"],"picked":"SKIP","floor":21.0}],"player_experience":574818,"relics_obtained":[{"floor":7.0,"key":"Shuriken"},{"floor":9.0,"key":"Letter Opener"},{"floor":14.0,"key":"Ice Cream"}],"event_choices":[{"damage_healed":0.0,"max_hp_gain":0.0,"max_hp_loss":0.0,"gold_gain":0.0,"event_name":"Upgrade Shrine","player_choice":"Upgraded","floor":5.0,"gold_loss":0.0,"damage_taken":0.0,"cards_upgraded":["Perfected Strike"]},{"damage_healed":0.0,"max_hp_gain":0.0,"max_hp_loss":0.0,"gold_gain":0.0,"event_name":"Back to Basics","player_choice":"Simplicity","floor":19.0,"gold_loss":0.0,"damage_taken":0.0,"cards_upgraded":["Strike_R","Strike_R","Strike_R","Strike_R","Strike_R","Defend_R","Defend_R","Defend_R","Defend_R"]}],"is_beta":false,"boss_relics":[{"not_picked":["Busted Crown","Black Star"],"picked":"Mark of Pain"}],"items_purged_floors":[],"is_endless":false,"potions_floor_spawned":[1,2,4,11,14,21],"killed_by":"Snake Plant","ascension_level":13}}