{"host":"oi1nj6gqzrtwlr6p","time":1607928711,"event":{"mods":["2.2 Compatiblity","BaseMod","Better Match","Better Note","Block Reminder","Colored Powertips","DeckTracker","Downfall","Energized Spire","Koishi","Marisa????????","Minty Spire (QoL Compilation)","Rare Cards Sparkle","Reimu??????","StSLib","Td1madao Mod","The Administrix","The Senshi","The Servant 0.9.4","The Vixen","The Wild Card"],"gold_per_floor":[99,99,99,99,115,53,53,68,68,95,80,80,98,98,113,218,218,68,79,79,79,89,109,109,128,38,48,48,48,33,33,44,147,147,147,166,177,177,189,189,189,39,49,49,12,27,41,26,40,40],"floor_reached":51,"playtime":3888,"items_purged":["Pain"],"score":849,"play_id":"b05f40b3-3047-42ac-ab19-2eb232569409","local_time":"20201214005151","is_ascension_mode":false,"campfire_choices":[{"floor":1,"key":"RECALL"},{"data":"Guardian:CurlUp","floor":9,"key":"SMITH"},{"data":"Guardian:DonusPower","floor":18,"key":"SMITH"},{"data":"Guardian:FierceBash","floor":35,"key":"SMITH"},{"data":"Guardian:SentryBeam","floor":38,"key":"SMITH"},{"data":"Guardian:Suspension","floor":44,"key":"SMITH"}],"circlet_count":0,"master_deck":["Guardian:Strike_Guardian","Guardian:Strike_Guardian","Guardian:Strike_Guardian","Guardian:Defend_Guardian","Guardian:Defend_Guardian","Guardian:Defend_Guardian","Guardian:Defend_Guardian","Guardian:CurlUp+1","Guardian:TwinSlam","Guardian:Suspension+1","Guardian:SentryBeam+1","Guardian:TemporalStrike","Guardian:DonusPower+1","theWildCard:Scathach+1","Guardian:BronzeOrb","Guardian:FierceBash+1","Guardian:TemporalShield","Guardian:Incinerate+1","Guardian:TimeBomb+1","Guardian:TimeCapacitor+1","Guardian:StasisStrike","Guardian:TemporalStrike","Guardian:FuturePlans+1","Guardian:Gem_Crimson","Guardian:Gem_Orange","Guardian:TemporalStrike","Guardian:VentSteam+1","Guardian:Repulse","Guardian:Reroute+1","Guardian:Recover"],"relics":["Guardian:ModeShifter","Anchor","Shuriken","Orichalcum","energizedSpire:MagnifyingGlass","downfall:HeartBlessingRed","downfall:HeartBlessingBlue","MutagenicStrength","Pocketwatch","Ice Cream","Mummified Hand","Incense Burner"],"acts_visited":["Exordium","TheCity","TheBeyond"],"potions_floor_usage":[10,16,25,33,33,33,50,50],"damage_taken":[{"damage":2,"enemies":"Small Slimes","floor":5,"turns":4},{"damage":0,"enemies":"downfall:FleeingMerchant","floor":6,"turns":4},{"damage":0,"enemies":"2 Louse","floor":8,"turns":3},{"damage":41,"enemies":"Gremlin Nob","floor":10,"turns":6},{"damage":5,"enemies":"downfall:FleeingMerchant","floor":11,"turns":4},{"damage":2,"enemies":"Jaw Worm","floor":13,"turns":5},{"damage":3,"enemies":"Lots of Slimes","floor":15,"turns":3},{"damage":0,"enemies":"downfall:Watcher","floor":16,"turns":8},{"damage":0,"enemies":"Spheric Guardian","floor":19,"turns":3},{"damage":16,"enemies":"3 Byrds","floor":22,"turns":3},{"damage":8,"enemies":"Centurion and Healer","floor":23,"turns":3},{"damage":14,"enemies":"Snecko","floor":25,"turns":4},{"damage":5,"enemies":"downfall:FleeingMerchant","floor":26,"turns":4},{"damage":0,"enemies":"Snake Plant","floor":27,"turns":3},{"damage":1,"enemies":"downfall:FleeingMerchant","floor":30,"turns":4},{"damage":0,"enemies":"Centurion and Healer","floor":32,"turns":4},{"damage":0,"enemies":"downfall:Silent","floor":33,"turns":7},{"damage":0,"enemies":"3 Shapes","floor":36,"turns":2},{"damage":0,"enemies":"Orb Walker","floor":37,"turns":4},{"damage":21,"enemies":"Transient","floor":39,"turns":5},{"damage":9,"enemies":"Maw","floor":43,"turns":7},{"damage":1,"enemies":"downfall:FleeingMerchant","floor":45,"turns":4},{"damage":0,"enemies":"3 Darklings","floor":46,"turns":5},{"damage":0,"enemies":"4 Shapes","floor":47,"turns":2},{"damage":14,"enemies":"downfall:FleeingMerchant","floor":48,"turns":4},{"damage":0,"enemies":"Maw","floor":49,"turns":6},{"damage":0,"enemies":"downfall:Ironclad","floor":50,"turns":8}],"seed_played":"2553819680273862845","potions_obtained":[{"floor":8,"key":"SteroidPotion"},{"floor":10,"key":"Swift Potion"},{"floor":16,"key":"Regen Potion"},{"floor":23,"key":"AttackPotion"},{"floor":25,"key":"Regen Potion"},{"floor":27,"key":"EssenceOfSteel"},{"floor":32,"key":"Slimebound:ThreeZeroPotion"},{"floor":33,"key":"sneckomod:MuddlingPotion"},{"floor":36,"key":"Energy Potion"},{"floor":39,"key":"Regen Potion"},{"floor":43,"key":"Regen Potion"}],"is_trial":false,"path_per_floor":["R","?","?","?","M","$","T","M","R","E","$","T","M","?","M","B",null,"R","M","?","?","M","M","T","M","$","M","?","T","$","?","M","B",null,"R","M","M","R","M","?","T","?","M","R","$","M","M","$","M","B",null],"character_chosen":"GUARDIAN","items_purchased":["Guardian:Gem_Lightblue","Guardian:TemporalStrike"],"campfire_rested":0,"item_purchase_floors":[6,45],"current_hp_per_floor":[80,80,80,80,78,78,78,78,78,37,32,32,30,30,27,27,80,90,90,90,90,74,66,66,52,47,47,47,47,46,38,38,78,90,90,90,90,90,69,69,69,100,91,91,90,90,90,76,76,100],"gold":40,"neow_bonus":"RANDOM_COMMON_RELIC","is_daily":false,"chose_seed":false,"campfire_upgraded":5,"win_rate":0.0,"timestamp":1607928711,"path_taken":["R","?","?","?","?","?","T","M","R","E","$","?","M","?","M","BOSS","R","M","?","?","M","M","T","?","$","M","?","?","$","?","M","BOSS","R","M","M","R","?","?","T","?","M","R","$","?","M","$","M","BOSS"],"items_purchased_type":["Card","Card"],"build_version":"2020-12-13","purchased_purges":1,"victory":true,"max_hp_per_floor":[80,80,80,80,80,80,80,80,80,80,80,80,80,80,80,80,80,90,90,90,90,90,90,90,90,90,90,90,90,90,90,90,90,90,90,90,90,90,90,90,90,100,100,100,100,100,100,100,100,100],"card_choices":[{"not_picked":["Guardian:PrimingBeam","Guardian:Gem_Cyan"],"picked":"Guardian:Suspension","floor":5},{"not_picked":["Guardian:PrimingBeam","Guardian:Incinerate"],"picked":"Guardian:SentryBeam","floor":6},{"not_picked":["Guardian:PrismaticBarrier","Guardian:VentSteam"],"picked":"Guardian:Gem_Yellow","floor":8},{"not_picked":["Guardian:GemFire","Guardian:TemporalShield"],"picked":"Guardian:Gem_Red","floor":10},{"not_picked":["Guardian:Incinerate","Guardian:TimeBomb"],"picked":"Guardian:TemporalStrike","floor":11},{"not_picked":["Guardian:Gem_Green","Guardian:Suspension"],"picked":"Guardian:DonusPower","floor":13},{"not_picked":["Guardian:PiercingHide","Guardian:ArmoredProtocol"],"picked":"Guardian:BronzeOrb","floor":15},{"not_picked":["Guardian:ConstructionForm","Guardian:BaubleBeam"],"picked":"Guardian:FierceBash","floor":16},{"not_picked":["Guardian:PrimingBeam","Guardian:RollAttack"],"picked":"Guardian:TemporalShield","floor":19},{"not_picked":["Guardian:Suspension","Guardian:PrimingBeam+1"],"picked":"Guardian:Incinerate+1","floor":22},{"not_picked":["Guardian:PiercingHide","Guardian:EvasiveProtocol"],"picked":"Guardian:Repulse","floor":23},{"not_picked":["Guardian:Planning","Guardian:TemporalStrike"],"picked":"Guardian:TimeBomb+1","floor":25},{"not_picked":["Guardian:TemporalShield","Guardian:PiercingHide"],"picked":"Guardian:TimeCapacitor+1","floor":26},{"not_picked":["Guardian:CompilePackage","Guardian:RollAttack"],"picked":"Guardian:Gem_Yellow","floor":27},{"not_picked":["Guardian:BronzeArmor","Guardian:WalkerClaw"],"picked":"Guardian:Gem_Lightblue","floor":30},{"not_picked":["Guardian:Gem_Lightblue","Guardian:TemporalShield"],"picked":"Guardian:Gem_Cyan","floor":32},{"not_picked":["Guardian:FastForward","Guardian:GatlingBeam"],"picked":"Guardian:StasisStrike","floor":33},{"not_picked":["Guardian:TimeBomb+1","Guardian:Suspension"],"picked":"Guardian:Gem_White","floor":36},{"not_picked":["Guardian:EvasiveProtocol","Guardian:PolyBeam"],"picked":"Guardian:TemporalStrike","floor":37},{"not_picked":["Guardian:Preprogram","Guardian:RefractedBeam"],"picked":"Guardian:FuturePlans+1","floor":39},{"not_picked":["Guardian:CrystalBeam+1","Guardian:Gem_Lightblue"],"picked":"Guardian:Gem_Crimson","floor":43},{"not_picked":["Guardian:Gem_Cyan","Guardian:TemporalShield"],"picked":"Guardian:Gem_Orange","floor":45},{"not_picked":["Guardian:Gem_Crimson","Guardian:PrimingBeam+1"],"picked":"Guardian:VentSteam+1","floor":46},{"not_picked":["Guardian:BronzeArmor+1","Guardian:PrimingBeam+1"],"picked":"Guardian:Repulse","floor":47},{"not_picked":["Guardian:PiercingHide","Guardian:ChargeCore"],"picked":"Guardian:Reroute+1","floor":48},{"not_picked":["Guardian:Reroute","Guardian:Planning+1"],"picked":"Guardian:Recover","floor":49}],"player_experience":347382,"relics_obtained":[{"floor":7,"key":"Shuriken"},{"floor":10,"key":"Orichalcum"},{"floor":24,"key":"Ice Cream"},{"floor":29,"key":"Mummified Hand"},{"floor":41,"key":"Incense Burner"}],"event_choices":[{"damage_healed":0,"gold_gain":0,"player_choice":"Ignored","damage_taken":0,"max_hp_gain":0,"max_hp_loss":0,"event_name":"betterNote:BetterNote","floor":4,"gold_loss":0,"cards_obtained":["SpringWay:ReiMu"]},{"damage_healed":0,"gold_gain":0,"player_choice":"Inject Mutagens","damage_taken":0,"relics_obtained":["MutagenicStrength"],"max_hp_gain":0,"max_hp_loss":0,"event_name":"Drug Dealer","floor":20,"gold_loss":0}],"is_beta":false,"boss_relics":[{"not_picked":["energizedSpire:StickyHand","Velvet Choker"],"picked":"energizedSpire:MagnifyingGlass"},{"not_picked":["Pandora\u0027s Box","Sozu","Astrolabe"]}],"items_purged_floors":[26],"is_endless":false,"potions_floor_spawned":[8,10,16,23,25,27,32,33,36,39,43,46],"ascension_level":0}}