{"host":"y89x8uui45kcjy42","time":1607955282,"event":{"mods":["2.2 Compatiblity","BaseMod","Colored Map","Colored Powertips","Friendly Minions","Hermit","Highlight Path","Keyboard Shortcuts","Minty Spire (QoL Compilation)","StSLib","SuperFastMode","Waifu the Spire"],"gold_per_floor":[18,333,80,101,110,143,195,195,218,251,251,284,284,284,284,424,424,442,180,180,279,279,279,279,279,279,239,279,279,173,209,209,338,338,362,695,695,461,93,93,119,15,66,105,167,196,60,0,0,0,0,0,101,136,136],"floor_reached":56,"playtime":1519,"items_purged":["hermit:Strike_Hermit","hermit:Strike_Hermit","Injury","hermit:Defend_Hermit","hermit:Strike_Hermit","hermit:Defend_Hermit","hermit:Feint"],"score":1531,"play_id":"d725dfe1-161b-4ce8-a2b7-e07e4425458a","local_time":"20201214231442","is_ascension_mode":true,"campfire_choices":[{"data":"hermit:Brawl","floor":8,"key":"SMITH"},{"data":"hermit:Covet","floor":11,"key":"SMITH"},{"data":"hermit:Desperado","floor":15,"key":"SMITH"},{"data":"hermit:Determination","floor":23,"key":"SMITH"},{"data":"hermit:Misfire","floor":24,"key":"SMITH"},{"data":"hermit:Spite","floor":25,"key":"SMITH"},{"floor":29,"key":"RECALL"},{"data":"hermit:HoleUp","floor":32,"key":"SMITH"},{"data":"hermit:Snapshot","floor":40,"key":"SMITH"},{"data":"hermit:FinalCanter","floor":49,"key":"SMITH"},{"data":"hermit:Determination","floor":52,"key":"SMITH"}],"circlet_count":0,"master_deck":["hermit:Snapshot+1","hermit:Covet+1","hermit:Desperado+1","hermit:Brawl+1","hermit:Misfire+1","hermit:Determination+1","hermit:GoldenBullet+1","hermit:Spite+1","hermit:HoleUp+1","hermit:Adapt+1","hermit:FinalCanter+1","hermit:SprayPray+1","hermit:Brawl+1","hermit:Malice+1","hermit:Manifest+1","hermit:Determination+1","hermit:SprayPray+1"],"relics":["hermit:Momento","Membership Card","Bronze Scales","Toy Ornithopter","Juzu Bracelet","CeramicFish","Akabeko","Dream Catcher","Bag of Preparation","Ancient Tea Set","FossilizedHelix","hermit:DentedPlate","Membership Card","hermit:Horseshoe","Mummified Hand","Oddly Smooth Stone","Anchor","Kunai","Coffee Dripper","Bag of Marbles","Orrery","WingedGreaves","Molten Egg 2","Lantern","HandDrill","Art of War","Orichalcum","Centennial Puzzle","Omamori","CaptainsWheel","Blue Candle","OrangePellets","Ice Cream","Red Mask","Torii","Blood Vial","Sling","Shuriken"],"acts_visited":["Exordium","TheCity","TheBeyond","TheEnding"],"potions_floor_usage":[6,6,12,55,55,55],"damage_taken":[{"damage":12,"enemies":"Small Slimes","floor":1,"turns":3},{"damage":17,"enemies":"2 Louse","floor":4,"turns":4},{"damage":14,"enemies":"Lagavulin","floor":6,"turns":6},{"damage":10,"enemies":"3 Sentries","floor":7,"turns":5},{"damage":26,"enemies":"Gremlin Nob","floor":10,"turns":4},{"damage":36,"enemies":"3 Sentries","floor":12,"turns":5},{"damage":3,"enemies":"Hexaghost","floor":16,"turns":7},{"damage":13,"enemies":"Shell Parasite","floor":18,"turns":4},{"damage":3,"enemies":"Slavers","floor":28,"turns":4},{"damage":6,"enemies":"Book of Stabbing","floor":31,"turns":3},{"damage":51,"enemies":"Champ","floor":33,"turns":7},{"damage":12,"enemies":"3 Shapes","floor":35,"turns":3},{"damage":24,"enemies":"Nemesis","floor":41,"turns":3},{"damage":0,"enemies":"Giant Head","floor":44,"turns":6},{"damage":6,"enemies":"2 Orb Walkers","floor":45,"turns":4},{"damage":29,"enemies":"Nemesis","floor":46,"turns":5},{"damage":23,"enemies":"Time Eater","floor":50,"turns":5},{"damage":10,"enemies":"Shield and Spear","floor":54,"turns":3},{"damage":22,"enemies":"The Heart","floor":55,"turns":6}],"seed_played":"-2199797414630963973","potions_obtained":[{"floor":1,"key":"hermit:Tonic"},{"floor":16,"key":"SteroidPotion"},{"floor":27,"key":"FairyPotion"},{"floor":27,"key":"Ancient Potion"},{"floor":35,"key":"Strength Potion"}],"is_trial":false,"path_per_floor":["M","$","$","M","?","E","E","R","T","E","R","E","?","?","R","B",null,"M","$","?","?","?","R","R","R","T","?","E","R","$","E","R","B",null,"M","?","?","$","$","R","E","?","T","E","?","E","$","?","R","B",null,"R","$","E","B",null],"character_chosen":"HERMIT","items_purchased":["Bronze Scales","Toy Ornithopter","Energy Potion","Dexterity Potion","hermit:Brawl","hermit:Misfire","Juzu Bracelet","CeramicFish","hermit:Determination","hermit:GoldenBullet","Membership Card","hermit:Horseshoe","Mummified Hand","hermit:FinalCanter","Bag of Marbles","Orrery","Molten Egg 2","Lantern","HandDrill","OrangePellets","hermit:Determination","hermit:SprayPray+1","Ice Cream","CultistPotion","Torii","Blood Vial","Sling"],"campfire_rested":0,"item_purchase_floors":[2,2,2,2,2,2,3,3,3,3,19,19,19,30,38,38,39,39,39,47,47,47,47,47,53,53,53],"current_hp_per_floor":[63,63,63,46,46,42,32,32,32,6,6,39,39,14,14,11,43,30,30,30,30,30,30,30,30,30,30,27,27,27,21,21,82,82,70,70,70,70,70,70,46,46,46,46,40,78,78,78,78,55,55,55,55,47,42],"gold":136,"neow_bonus":"TRANSFORM_TWO_CARDS","is_daily":false,"chose_seed":false,"campfire_upgraded":10,"win_rate":0.0,"timestamp":1607955282,"path_taken":["M","$","$","M","?","E","E","R","T","E","R","E","?","?","R","BOSS","M","$","?","?","?","R","R","R","T","?","E","R","$","E","R","BOSS","M","?","?","$","$","R","E","?","T","E","?","E","$","?","R","BOSS","R","$","E","BOSS"],"items_purchased_type":["Relic","Relic","Potion","Potion","Card","Card","Relic","Relic","Card","Card","Relic","Relic","Relic","Card","Relic","Relic","Relic","Relic","Relic","Relic","Card","Card","Relic","Potion","Relic","Relic","Relic"],"build_version":"2020-12-13","purchased_purges":7,"victory":true,"max_hp_per_floor":[75,75,75,75,75,75,75,75,75,75,75,75,75,75,75,75,107,107,107,107,107,107,107,107,107,107,107,107,107,107,107,107,107,107,107,107,107,107,107,107,107,107,107,107,107,107,107,107,107,107,107,107,107,107,107],"card_choices":[{"not_picked":["hermit:Enervate","hermit:Snipe","hermit:Gestalt"],"picked":"SKIP","floor":1},{"not_picked":["hermit:WideOpen","hermit:BigShot"],"picked":"hermit:Spite","floor":4},{"not_picked":["hermit:Glare","hermit:Enervate","hermit:Scavenge"],"picked":"SKIP","floor":6},{"not_picked":["hermit:DeadMansHand","hermit:Glare"],"picked":"hermit:HoleUp","floor":7},{"not_picked":["hermit:HoleUp","hermit:HeroicBravado","hermit:GoldenBullet"],"picked":"SKIP","floor":10},{"not_picked":["hermit:Vantage","hermit:Dive","hermit:Coalescence"],"picked":"SKIP","floor":12},{"not_picked":["hermit:BlackWind","hermit:Purgatory"],"picked":"hermit:Adapt","floor":16},{"not_picked":["hermit:LuckOfTheDraw","hermit:ItchyTrigger","hermit:CursedWeapon"],"picked":"SKIP","floor":18},{"not_picked":["hermit:HighCaliber","hermit:CursedWeapon","hermit:Misfire"],"picked":"SKIP","floor":28},{"not_picked":["hermit:FullyLoaded","hermit:Cheat","hermit:EyeOfTheStorm"],"picked":"SKIP","floor":31},{"not_picked":["hermit:BigShot+1","hermit:BodyArmor"],"picked":"hermit:SprayPray","floor":35},{"not_picked":["hermit:BodyArmor+1","hermit:Spite+1"],"picked":"hermit:Brawl+1","floor":38},{"not_picked":["hermit:Dive+1","hermit:Brawl+1","hermit:Vantage+1"],"picked":"SKIP","floor":41},{"not_picked":["hermit:BodyArmor","hermit:Misfire+1"],"picked":"hermit:Malice+1","floor":44},{"not_picked":["hermit:Feint","hermit:LuckOfTheDraw"],"picked":"hermit:Manifest+1","floor":45},{"not_picked":["hermit:BodyArmor","hermit:Ricochet+1","hermit:SprayPray+1"],"picked":"SKIP","floor":46},{"not_picked":["hermit:Virtue+1","hermit:LoneWolf+1","hermit:FullyLoaded"],"picked":"SKIP","floor":54}],"player_experience":502550,"relics_obtained":[{"floor":6,"key":"Akabeko"},{"floor":7,"key":"Dream Catcher"},{"floor":10,"key":"Bag of Preparation"},{"floor":12,"key":"Ancient Tea Set"},{"floor":26,"key":"Oddly Smooth Stone"},{"floor":28,"key":"Anchor"},{"floor":31,"key":"Kunai"},{"floor":41,"key":"Art of War"},{"floor":43,"key":"Centennial Puzzle"},{"floor":44,"key":"Omamori"},{"floor":45,"key":"CaptainsWheel"},{"floor":46,"key":"Blue Candle"},{"floor":54,"key":"Shuriken"}],"event_choices":[{"damage_healed":0,"gold_gain":0,"player_choice":"Take Wound","damage_taken":0,"relics_obtained":["Golden Idol"],"max_hp_gain":0,"max_hp_loss":0,"event_name":"Golden Idol","floor":5,"gold_loss":0,"cards_obtained":["Injury"]},{"damage_healed":0,"gold_gain":0,"player_choice":"Grow","damage_taken":0,"max_hp_gain":0,"max_hp_loss":0,"event_name":"Living Wall","floor":13,"gold_loss":0,"cards_upgraded":["hermit:GoldenBullet"]},{"damage_healed":0,"gold_gain":0,"player_choice":"Success","damage_taken":25,"relics_obtained":["FossilizedHelix"],"max_hp_gain":0,"max_hp_loss":0,"event_name":"Scrap Ooze","floor":14,"gold_loss":0},{"cards_removed":["hermit:Defend_Hermit"],"damage_healed":0,"gold_gain":0,"player_choice":"Elegance","damage_taken":0,"max_hp_gain":0,"max_hp_loss":0,"event_name":"Back to Basics","floor":20,"gold_loss":0},{"damage_healed":0,"gold_gain":99,"player_choice":"Stole From Cult","damage_taken":0,"max_hp_gain":0,"max_hp_loss":0,"event_name":"Nest","floor":21,"gold_loss":0},{"damage_healed":0,"gold_gain":0,"player_choice":"Upgraded","damage_taken":0,"max_hp_gain":0,"max_hp_loss":0,"event_name":"Upgrade Shrine","floor":22,"gold_loss":0,"cards_upgraded":["hermit:Adapt"]},{"damage_healed":0,"gold_gain":0,"player_choice":"Bought 3 Potions","damage_taken":0,"max_hp_gain":0,"max_hp_loss":0,"event_name":"The Woman in Blue","floor":27,"gold_loss":0},{"damage_healed":0,"gold_gain":333,"player_choice":"Gave Idol","damage_taken":0,"max_hp_gain":0,"max_hp_loss":0,"event_name":"The Moai Head","floor":36,"relics_lost":["Golden Idol"],"gold_loss":0},{"damage_healed":0,"gold_gain":0,"player_choice":"Upgraded","damage_taken":0,"max_hp_gain":0,"max_hp_loss":0,"event_name":"Upgrade Shrine","floor":37,"gold_loss":0,"cards_upgraded":["hermit:SprayPray"]},{"damage_healed":0,"gold_gain":0,"player_choice":"Paid Gold","damage_taken":0,"relics_obtained":["Orichalcum"],"max_hp_gain":0,"max_hp_loss":0,"event_name":"WeMeetAgain","floor":42,"gold_loss":104},{"damage_healed":0,"gold_gain":0,"player_choice":"Fight","damage_taken":0,"max_hp_gain":0,"max_hp_loss":0,"event_name":"Mysterious Sphere","floor":45,"gold_loss":0},{"damage_healed":0,"gold_gain":0,"player_choice":"Paid","damage_taken":0,"relics_obtained":["Red Mask"],"max_hp_gain":0,"max_hp_loss":0,"event_name":"Tomb of Lord Red Mask","floor":48,"gold_loss":60}],"is_beta":false,"boss_relics":[{"not_picked":["Philosopher\u0027s Stone","Velvet Choker"],"picked":"hermit:DentedPlate"},{"not_picked":["Pandora\u0027s Box","Tiny House","Empty Cage"]}],"items_purged_floors":[2,3,19,30,38,39,47],"is_endless":false,"potions_floor_spawned":[1,4,16,28,31,35,41,44,46],"ascension_level":2}}