{"host":"99ad87xtd5ypi7ii","time":1607910197,"event":{"mods":["BaseMod","Hermit","Highlight Path","Marisa????????","Minty Spire (QoL Compilation)","Robot Space Explorer","StSLib","The Bladedancer","The Construct","The Cursed","The Disciple","The Elementalist","The Gatherer","The Hierophant","The Runesmith","The Servant 0.9.4","TheVacant"],"gold_per_floor":[109,129,149,199,209,234,234,263,340,340,368,384,409,409,409,512,512,526,526,225,150,2,2,20,50,50,50,82,99,113,113,113,215,215,234,30,30,106,124,150,169,204,204,204,234,245,275,285,285,285],"floor_reached":51,"playtime":4643,"items_purged":["blademaster:Strike","blademaster:Strike","blademaster:Defend"],"score":1000,"play_id":"05ff1b84-2dcf-4426-a634-812642decabc","local_time":"20201214024317","is_ascension_mode":true,"campfire_choices":[{"data":"blademaster:DeadlyDance","floor":7,"key":"SMITH"},{"data":"blademaster:CombatPrep","floor":10,"key":"SMITH"},{"data":"blademaster:AncestralHealing","floor":15,"key":"SMITH"},{"data":"blademaster:BladeMastery","floor":23,"key":"SMITH"},{"data":"blademaster:Stability","floor":32,"key":"SMITH"},{"data":"blademaster:Rupture","floor":44,"key":"SMITH"},{"data":"blademaster:DeadlyDance","floor":49,"key":"SMITH"}],"circlet_count":0,"master_deck":["blademaster:Defend","blademaster:Defend","blademaster:RagingBlow","blademaster:HighVoltage","blademaster:DeadlyDance+1","blademaster:Flurry","blademaster:AwakeningStrike","blademaster:CombatPrep+1","blademaster:AwakeningDefend","blademaster:Gust","blademaster:AncestralHealing+1","blademaster:Stability+1","blademaster:FlockOfBlades","blademaster:Frontflip+1","blademaster:BladeMastery+1","blademaster:Rupture","blademaster:Safeguard","blademaster:Safeguard","blademaster:Rupture+1","blademaster:Overcharge","blademaster:DeadlyDance+1","blademaster:FuryOfTheElements","blademaster:KiBarrier+1","blademaster:Vortex","blademaster:SharpBlades+1","Parasite","blademaster:BrainBloom","blademaster:EyeOfTheTornado+1"],"relics":["blademaster:DancersAmulet","Bag of Preparation","Ice Cream","Eternal Feather","Tiny Chest","Juzu Bracelet","Coffee Dripper","Sling","Dream Catcher","construct:BoolHorns","Bottled Tornado","Oddly Smooth Stone","Empty Cage","Frozen Egg 2","Sundial","White Beast Statue","Bronze Scales","HornCleat"],"acts_visited":["Exordium","TheCity","TheBeyond"],"potions_floor_usage":[6,6,8,25,28,42,47,50],"damage_taken":[{"damage":0,"enemies":"Small Slimes","floor":1,"turns":3},{"damage":1,"enemies":"Jaw Worm","floor":2,"turns":5},{"damage":0,"enemies":"Cultist","floor":3,"turns":3},{"damage":3,"enemies":"Blue Slaver","floor":5,"turns":2},{"damage":18,"enemies":"Gremlin Nob","floor":6,"turns":3},{"damage":9,"enemies":"Lagavulin","floor":8,"turns":6},{"damage":20,"enemies":"Gremlin Nob","floor":11,"turns":4},{"damage":2,"enemies":"Large Slime","floor":12,"turns":7},{"damage":2,"enemies":"3 Sentries","floor":13,"turns":8},{"damage":9,"enemies":"Slime Boss","floor":16,"turns":6},{"damage":0,"enemies":"3 Byrds","floor":18,"turns":3},{"damage":9,"enemies":"Spheric Guardian","floor":24,"turns":5},{"damage":11,"enemies":"Gremlin Leader","floor":25,"turns":5},{"damage":18,"enemies":"Book of Stabbing","floor":28,"turns":7},{"damage":0,"enemies":"Snake Plant","floor":29,"turns":4},{"damage":0,"enemies":"Cultist and Chosen","floor":30,"turns":5},{"damage":34,"enemies":"Automaton","floor":33,"turns":10},{"damage":3,"enemies":"3 Shapes","floor":35,"turns":4},{"damage":20,"enemies":"3 Darklings","floor":39,"turns":4},{"damage":36,"enemies":"Reptomancer","floor":40,"turns":6},{"damage":0,"enemies":"Maw","floor":41,"turns":7},{"damage":0,"enemies":"Giant Head","floor":42,"turns":7},{"damage":77,"enemies":"Nemesis","floor":45,"turns":9},{"damage":22,"enemies":"Writhing Mass","floor":46,"turns":6},{"damage":37,"enemies":"Reptomancer","floor":47,"turns":10},{"damage":0,"enemies":"3 Darklings","floor":48,"turns":4},{"damage":50,"enemies":"Time Eater","floor":50,"turns":8}],"seed_played":"5932208272753383490","potions_obtained":[{"floor":1,"key":"PowerPotion"},{"floor":2,"key":"SteroidPotion"},{"floor":6,"key":"SpeedPotion"},{"floor":8,"key":"LiquidBronze"},{"floor":12,"key":"LiquidMemories"},{"floor":18,"key":"BlessingOfTheForge"},{"floor":28,"key":"ColorlessPotion"},{"floor":29,"key":"EssenceOfSteel"},{"floor":45,"key":"Explosive Potion"},{"floor":46,"key":"PowerPotion"},{"floor":47,"key":"Swift Potion"},{"floor":48,"key":"Explosive Potion"}],"is_trial":false,"path_per_floor":["M","M","M","?","M","E","R","E","T","R","E","M","E","?","R","B",null,"M","?","$","?","$","R","M","E","T","T","E","M","M","$","R","B",null,"M","$","?","T","M","E","M","E","T","R","E","M","E","M","R","B",null],"character_chosen":"THE_BLADEMASTER","items_purchased":["blademaster:Rupture","blademaster:Safeguard","Sling","blademaster:Safeguard","blademaster:Vortex"],"campfire_rested":0,"item_purchase_floors":[20,20,20,22,36],"current_hp_per_floor":[82,81,81,81,78,60,60,51,51,60,40,58,82,82,82,73,82,82,82,82,82,82,82,73,62,62,62,74,74,74,74,82,48,82,79,79,79,79,59,63,82,82,82,82,82,82,77,82,82,82],"gold":285,"neow_bonus":"TEN_PERCENT_HP_BONUS","is_daily":false,"chose_seed":false,"campfire_upgraded":7,"win_rate":0.0,"timestamp":1607910197,"path_taken":["M","M","M","?","M","E","R","E","T","R","E","M","E","?","R","BOSS","M","?","$","?","$","R","M","E","T","?","E","M","M","?","R","BOSS","M","?","?","?","M","E","M","E","T","R","E","M","E","M","R","BOSS"],"items_purchased_type":["Card","Card","Relic","Card","Card"],"build_version":"2020-11-30","purchased_purges":3,"victory":true,"max_hp_per_floor":[82,82,82,82,82,82,82,82,82,82,82,82,82,82,82,82,82,82,82,82,82,82,82,82,82,82,82,82,82,82,82,82,82,82,82,82,82,82,82,82,82,82,82,82,82,82,82,82,82,82],"card_choices":[{"not_picked":["blademaster:Sunder","blademaster:WindSlash"],"picked":"blademaster:DeadlyDance","floor":1},{"not_picked":["blademaster:Sunder","blademaster:AspectOfLightning"],"picked":"blademaster:Flurry","floor":2},{"not_picked":["blademaster:KiBarrier","blademaster:Quickstep"],"picked":"blademaster:AwakeningStrike","floor":3},{"not_picked":["blademaster:SlyStabs","blademaster:Slice"],"picked":"blademaster:CombatPrep","floor":5},{"not_picked":["blademaster:Discharge","blademaster:EyeOfTheTornado"],"picked":"blademaster:AwakeningDefend","floor":6},{"not_picked":["blademaster:Slice","blademaster:CullingStrike"],"picked":"blademaster:Gust","floor":8},{"not_picked":["blademaster:AwakeningStrike","blademaster:Breeze"],"picked":"blademaster:AncestralHealing","floor":11},{"not_picked":["blademaster:Overcharge","blademaster:BloodyBlow","blademaster:EyeOfTheStorm"],"picked":"SKIP","floor":12},{"not_picked":["blademaster:DragonStrike","blademaster:LeechingStrike"],"picked":"blademaster:Stability","floor":13},{"not_picked":["blademaster:Empower","blademaster:RollingTyphoon"],"picked":"blademaster:FlockOfBlades","floor":16},{"not_picked":["blademaster:Discharge+1","blademaster:BloodyBlow"],"picked":"blademaster:Frontflip+1","floor":18},{"not_picked":["blademaster:Frontflip","blademaster:Quickness+1"],"picked":"blademaster:Rupture","floor":24},{"not_picked":["blademaster:ThunderSlash","blademaster:AncestralHealing"],"picked":"blademaster:Overcharge","floor":25},{"not_picked":["blademaster:AwakeningDefend","blademaster:Quickstep","blademaster:ThunderSlash+1"],"picked":"SKIP","floor":28},{"not_picked":["blademaster:RagingBlow","blademaster:Vortex+1"],"picked":"blademaster:Hailwind","floor":29},{"not_picked":["blademaster:BrainBloom","blademaster:EyeOfTheStorm+1"],"picked":"blademaster:DeadlyDance","floor":30},{"not_picked":["blademaster:FlockOfBlades","blademaster:BladeDance"],"picked":"blademaster:FuryOfTheElements","floor":33},{"not_picked":["blademaster:SlyStabs","blademaster:ParryingStrike+1"],"picked":"blademaster:KiBarrier+1","floor":35},{"not_picked":["blademaster:ParryingStrike+1","blademaster:ThunderSlash","blademaster:AirSlash+1"],"picked":"SKIP","floor":39},{"not_picked":["blademaster:CombatPrep+1","blademaster:Stability+1"],"picked":"blademaster:SharpBlades+1","floor":40},{"not_picked":["blademaster:Momentum+1","blademaster:RollingTyphoon","blademaster:Frontflip+1"],"picked":"SKIP","floor":41},{"not_picked":["blademaster:Thrust","blademaster:Quickness+1","blademaster:Sunder"],"picked":"SKIP","floor":42},{"not_picked":["blademaster:SlyStabs+1","blademaster:ChargingUp","blademaster:Thrust"],"picked":"SKIP","floor":45},{"not_picked":["blademaster:Quickstep+1","blademaster:AirSlash+1"],"picked":"blademaster:BrainBloom","floor":46},{"not_picked":["blademaster:ChargingUp","blademaster:Stormstrike","blademaster:EyeOfTheStorm+1"],"picked":"SKIP","floor":47},{"not_picked":["blademaster:Frontflip+1","blademaster:ParryingStrike+1"],"picked":"blademaster:EyeOfTheTornado+1","floor":48}],"player_experience":727048,"relics_obtained":[{"floor":6,"key":"Bag of Preparation"},{"floor":6,"key":"blademaster:OnAttackedChargePerk"},{"floor":8,"key":"Ice Cream"},{"floor":8,"key":"blademaster:DextrousPerk"},{"floor":9,"key":"Eternal Feather"},{"floor":11,"key":"Tiny Chest"},{"floor":11,"key":"blademaster:ComboEveryTurnPerk"},{"floor":13,"key":"Juzu Bracelet"},{"floor":13,"key":"blademaster:RandomBladePerk"},{"floor":25,"key":"Dream Catcher"},{"floor":25,"key":"blademaster:WindChargePerk"},{"floor":26,"key":"construct:BoolHorns"},{"floor":27,"key":"Bottled Tornado"},{"floor":28,"key":"Oddly Smooth Stone"},{"floor":28,"key":"blademaster:BonusFuryPerk"},{"floor":38,"key":"Frozen Egg 2"},{"floor":40,"key":"Sundial"},{"floor":40,"key":"blademaster:StanceHealPerk"},{"floor":42,"key":"White Beast Statue"},{"floor":42,"key":"blademaster:BonusComboPerk"},{"floor":45,"key":"Bronze Scales"},{"floor":45,"key":"blademaster:BleedingMoreDamagePerk"},{"floor":47,"key":"HornCleat"},{"floor":47,"key":"blademaster:FinisherDrawCardPerk"}],"event_choices":[{"damage_healed":0,"gold_gain":0,"player_choice":"Full Heal","damage_taken":0,"max_hp_gain":0,"max_hp_loss":0,"event_name":"Wheel of Change","floor":14,"gold_loss":0},{"damage_healed":0,"gold_gain":0,"player_choice":"Read","damage_taken":0,"max_hp_gain":0,"max_hp_loss":0,"event_name":"The Library","floor":19,"gold_loss":0,"cards_obtained":["blademaster:BladeMastery"]},{"cards_removed":["blademaster:Strike"],"damage_healed":0,"gold_gain":0,"player_choice":"Gave Gold","damage_taken":0,"max_hp_gain":0,"max_hp_loss":0,"event_name":"Beggar","floor":21,"gold_loss":75},{"cards_removed":["blademaster:Hailwind"],"damage_healed":0,"gold_gain":0,"player_choice":"Removed Attack","damage_taken":0,"max_hp_gain":0,"max_hp_loss":0,"event_name":"Falling","floor":37,"gold_loss":0}],"is_beta":false,"boss_relics":[{"not_picked":["Velvet Choker","Cursed Key"],"picked":"Coffee Dripper"},{"not_picked":["Tiny House","Fusion Hammer"],"picked":"Empty Cage"}],"items_purged_floors":[20,22,36],"is_endless":false,"potions_floor_spawned":[1,2,6,8,12,18,28,29,33,39,40,45,46,47,48],"ascension_level":4}}