{"host":"vfg9szunmpjwj08o","time":1607982540,"event":{"mods":["Act Like it!","BaseMod","Challenge The Spire","Colored Map","Colored Powertips","Minty Spire (QoL Compilation)","StSLib","Waifu the Spire"],"gold_per_floor":[113,113,113,113,127,162,162,177,177,22,37,62,62,79,79,153,153,167,185,2,2,2,2],"floor_reached":22,"playtime":727,"items_purged":["Decay"],"score":416,"play_id":"b5b719e9-92aa-478c-ab90-10c8f58f173e","local_time":"20201214224900","is_ascension_mode":true,"campfire_choices":[{"data":"Zap","floor":7,"key":"SMITH"},{"data":"Dualcast","floor":13,"key":"SMITH"},{"data":"Hologram","floor":15,"key":"SMITH"}],"circlet_count":0,"master_deck":["AscendersBane","Strike_B","Strike_B","Strike_B","Defend_B","Defend_B","Defend_B","Defend_B","Zap+1","Dualcast+1","Streamline","Double Energy","Chill","FTL","Rebound","Hologram+1","Coolheaded","All For One","Flash of Steel","Scrape"],"relics":["Cracked Core","NeowsBlessing","Shuriken","Vajra","Pantograph","Calipers","SlaversCollar","Enchiridion"],"acts_visited":["Exordium","TheCity"],"potions_floor_usage":[12,16],"damage_taken":[{"damage":0,"enemies":"Jaw Worm","floor":1,"turns":1},{"damage":0,"enemies":"Small Slimes","floor":5,"turns":1},{"damage":0,"enemies":"Gremlin Nob","floor":6,"turns":1},{"damage":6,"enemies":"Cultist","floor":8,"turns":4},{"damage":18,"enemies":"Exordium Thugs","floor":11,"turns":4},{"damage":26,"enemies":"Lagavulin","floor":12,"turns":6},{"damage":6,"enemies":"3 Louse","floor":14,"turns":2},{"damage":9,"enemies":"Slime Boss","floor":16,"turns":6},{"damage":15,"enemies":"2 Thieves","floor":18,"turns":4},{"damage":1,"enemies":"Spheric Guardian","floor":19,"turns":3},{"damage":42,"enemies":"Shelled Parasite and Fungi","floor":22,"turns":4}],"seed_played":"-8779530979790221901","potions_obtained":[{"floor":6,"key":"Regen Potion"},{"floor":11,"key":"SkillPotion"},{"floor":12,"key":"FocusPotion"},{"floor":14,"key":"PowerPotion"},{"floor":19,"key":"Dexterity Potion"}],"is_trial":false,"path_per_floor":["M","?","T","?","M","E","R","M","T","$","M","E","R","M","R","B",null,"M","M","$","?","M"],"character_chosen":"DEFECT","items_purchased":["FTL","Flash of Steel","Scrape"],"campfire_rested":0,"item_purchase_floors":[10,20,20],"current_hp_per_floor":[64,57,57,57,57,57,57,51,51,51,33,21,21,15,15,31,61,46,45,45,24,0,0],"gold":2,"neow_bonus":"THREE_ENEMY_KILL","is_daily":false,"chose_seed":false,"campfire_upgraded":3,"win_rate":0.0,"timestamp":1607982540,"path_taken":["M","?","?","?","?","E","R","M","T","$","M","E","R","M","R","BOSS","M","M","$","?","M"],"items_purchased_type":["Card","Card","Card"],"build_version":"2020-12-13","purchased_purges":1,"victory":false,"max_hp_per_floor":[71,71,71,71,71,71,71,71,71,71,71,71,71,71,71,71,71,71,71,71,71,71,71],"card_choices":[{"not_picked":["Steam","Sweeping Beam"],"picked":"Streamline","floor":1},{"not_picked":["Loop","Hologram"],"picked":"Double Energy","floor":5},{"not_picked":["Gash","Hologram"],"picked":"Chill","floor":6},{"not_picked":["Rebound","Thunder Strike","Redo"],"picked":"SKIP","floor":8},{"not_picked":["Chill","Turbo"],"picked":"Rebound","floor":11},{"not_picked":["Hello World","Conserve Battery"],"picked":"Hologram","floor":12},{"not_picked":["Ball Lightning","Steam"],"picked":"Coolheaded","floor":14},{"not_picked":["Reboot","Hyperbeam"],"picked":"All For One","floor":16},{"not_picked":["Conserve Battery","Undo","Streamline"],"picked":"SKIP","floor":18},{"not_picked":["Streamline","Undo","Conserve Battery+1"],"picked":"SKIP","floor":19}],"player_experience":985722,"relics_obtained":[{"floor":3,"key":"Shuriken"},{"floor":6,"key":"Vajra"},{"floor":9,"key":"Pantograph"},{"floor":12,"key":"Calipers"},{"floor":21,"key":"Enchiridion"}],"event_choices":[{"cards_removed":["Strike_B"],"damage_healed":0,"gold_gain":0,"player_choice":"Card Removal","damage_taken":7,"max_hp_gain":0,"max_hp_loss":0,"event_name":"Golden Wing","floor":2,"gold_loss":0},{"damage_healed":0,"gold_gain":0,"player_choice":"Cursed","damage_taken":0,"max_hp_gain":0,"max_hp_loss":0,"event_name":"Wheel of Change","floor":4,"gold_loss":0,"cards_obtained":["Decay"]},{"damage_healed":0,"gold_gain":0,"player_choice":"Obtained Book","damage_taken":21,"max_hp_gain":0,"max_hp_loss":0,"event_name":"Cursed Tome","floor":21,"gold_loss":0}],"is_beta":false,"boss_relics":[{"not_picked":["Inserter","Ectoplasm"],"picked":"SlaversCollar"}],"items_purged_floors":[10],"is_endless":false,"potions_floor_spawned":[6,11,12,14,19],"killed_by":"Shelled Parasite and Fungi","ascension_level":18}}