{"host":"72u2l81w7bxoihz9","time":1607939021,"event":{"mods":["Act Like it!","Aspiration","BaseMod","BetterRewards","Dota2Spire","Downfall","Friendly Minions","Gensokyo","GifTheSpireLib","Hallownest","Hermit","KinomotoSakuraMod(木之本樱)","Luminous","Marisa（F雨　魔理沙）","Minty Spire (QoL Compilation)","MostiFishMod","Prisma Mod","Remilia（蕾米莉亚）","Replay The Spire","Shop Mod","Spicy Shops","StSLib","Td1madao Mod","TestMod","The Bug Knight","The Construct","The Cursed","The Gatherer","TheWitcher","UnlockEverythingMod","Yuyuko","[IsaacMod]以撒尖塔","noobMod","vexMod","【东方二次创作】八云紫mod","【功能Mod】聪明的最终Boss","篝火指南"],"gold_per_floor":[118,118,128,143,143,143,155,165,192,34,34,54,54,69,120,197,197,215,43,43,43,56,85,85,85,85,112,112,123,139,157,157,231,231,244,244,255,271,35,53,84,84,107,125,125,137,79,99,99,173,246],"floor_reached":52,"playtime":5914,"items_purged":[],"score":1816,"play_id":"5ad0e1c3-a2d6-4711-84a1-ef9e654edd5a","local_time":"20201214174341","is_ascension_mode":true,"campfire_choices":[{"data":"EpicFetus","floor":6.0,"key":"SMITH"},{"data":"Dualcast","floor":11.0,"key":"SMITH"},{"data":"Streamline","floor":13.0,"key":"SMITH"},{"data":"MostiFishMod:LinkProtocol","floor":24.0,"key":"SMITH"},{"floor":28.0,"key":"REST"},{"floor":32.0,"key":"REST"},{"data":"Defragment","floor":45,"key":"SMITH"},{"data":"Defragment","floor":49,"key":"SMITH"}],"circlet_count":0,"master_deck":["AscendersBane","Strike_B","Strike_B","Strike_B","Defend_B","Defend_B","Defend_B","Defend_B","Zap+1","Dualcast+1","EpicFetus+1","Chill","PrismaMod:ChloeCheapDefendTwo","TheCursedMod:StingEye","Rip and Tear+1","Streamline+1","Time Bomb","MostiFishMod:LinkProtocol+1","Leap+1","MostiFishMod:ButterFly","BasicCrystalCard","Self Repair","Consume+1","Coolheaded","BootSequence","Defragment+1","Redo","Gensokyo:ShootingStar","Multi-Cast","Machine Learning","FIFO Queue","Go for the Eyes+1","Hello World","Defragment+1","ReplayRNGCard","Creative AI"],"relics":["FrozenCore","HushsDoor","DaveBox","ice","testmod-OneHitWonder","ChiXiaoBlade","Question Card","Nunchaku","MerchantsRug","ImportantClient","aspiration:Stellarator","Gensokyo:RedStar","BookOfRevelations","testmod-TestBox","White Beast Statue","Gremlin Food","Hallownest:HeavyBlowRelic","Dodecahedron","Bag of Preparation","Vajra"],"acts_visited":["Exordium","Exordium","Gensokyo:Gensokyoer"],"potions_floor_usage":[51],"damage_taken":[{"damage":0.0,"enemies":"Cultist","floor":1.0,"turns":3.0},{"damage":2.0,"enemies":"Jaw Worm","floor":3.0,"turns":3.0},{"damage":4.0,"enemies":"Small Slimes","floor":4.0,"turns":3.0},{"damage":9.0,"enemies":"Looter","floor":7.0,"turns":4.0},{"damage":6.0,"enemies":"3 Louse","floor":8.0,"turns":3.0},{"damage":14.0,"enemies":"2 Fungi Beasts","floor":12.0,"turns":3.0},{"damage":0.0,"enemies":"Large Slime","floor":14.0,"turns":3.0},{"damage":48.0,"enemies":"Fading Forest","floor":16.0,"turns":13.0},{"damage":17.0,"enemies":"Gensokyo:CosmicMonolith","floor":18.0,"turns":4.0},{"damage":28.0,"enemies":"Gensokyo:Chomper","floor":22.0,"turns":5.0},{"damage":32.0,"enemies":"Gensokyo:Tenshi","floor":23.0,"turns":4.0},{"damage":17.0,"enemies":"Gensokyo:Koishi","floor":27.0,"turns":9.0},{"damage":10.0,"enemies":"Gensokyo:Monolith_and_Dog","floor":29.0,"turns":8.0},{"damage":15.0,"enemies":"Gensokyo:3_Gloops","floor":30.0,"turns":6.0},{"damage":2.0,"enemies":"Gensokyo:Mirror_and_Dog","floor":31.0,"turns":3.0},{"damage":38.0,"enemies":"Gensokyo:Eternal_Rivals","floor":33.0,"turns":11.0},{"damage":15.0,"enemies":"Hallownest:3_Siblings","floor":35.0,"turns":5.0},{"damage":0.0,"enemies":"Hallownest:Shield_Heavy","floor":37.0,"turns":4.0},{"damage":7.0,"enemies":"Hallownest:2_Soldiers_and_1_Guardian","floor":38.0,"turns":6.0},{"damage":0.0,"enemies":"Hallownest:2_Wing_and_1_Kings","floor":40.0,"turns":4.0},{"damage":0.0,"enemies":"Hallownest:eliteCollector","floor":41.0,"turns":5.0},{"damage":9.0,"enemies":"Hallownest:Shield_Sturdy","floor":44.0,"turns":6.0},{"damage":0,"enemies":"Hallownest:2_Great","floor":46,"turns":6},{"damage":16,"enemies":"Hallownest:Slobbering_and_Violent","floor":48,"turns":8},{"damage":17,"enemies":"Hallownest:BossHollowKnight","floor":50,"turns":15},{"damage":155,"enemies":"Hallownest:BossGreyPrinceZote","floor":51,"turns":11}],"seed_played":"4215623341737107917","potions_obtained":[{"floor":4.0,"key":"testmod-EscapePotion"},{"floor":14.0,"key":"BlessingOfTheForge"},{"floor":16.0,"key":"PowerPotion"},{"floor":22.0,"key":"Dexterity Potion"},{"floor":27.0,"key":"SneckoOil"},{"floor":29.0,"key":"Energy Potion"},{"floor":35.0,"key":"Dota2Spire:HealingSalve"},{"floor":41.0,"key":"testmod-TestPotion"},{"floor":48,"key":"Ancient Potion"},{"floor":50,"key":"GamblersBrew"},{"floor":51,"key":"CultistPotion"}],"is_trial":false,"path_per_floor":["M","$","M","M","?","R","M","M","T","$","R","M","R","M","R","B",null,"M","$","?","?","M","E","R","?","T","E","R","M","M","M","R","B",null,"M","?","M","M","$","M","E","?","T","M","R","M","$","M","R","B","B",null],"character_chosen":"DEFECT","items_purchased":["MerchantsRug","Rip and Tear+1","MostiFishMod:ButterFly","BasicCrystalCard","Self Repair","FIFO Queue","Dodecahedron","Vajra"],"campfire_rested":2,"item_purchase_floors":[10,10,19,19,19,39,39,47],"current_hp_per_floor":[64,64,62,58,51,51,42,36,36,36,36,22,22,22,22,1,54,37,37,37,37,20,64,64,64,64,58,84,85,88,97,101,107,107,99,99,124,124,124,135,137,130,130,128,128,139,139,130,130,124,109],"gold":246,"neow_bonus":"","is_daily":false,"chose_seed":false,"campfire_upgraded":6,"win_rate":0.0,"timestamp":1607939021,"path_taken":["M","$","M","M","?","R","M","M","T","$","R","M","R","M","R","BOSS","M","$","?","?","M","E","R","?","T","E","R","M","M","M","R","BOSS","M","?","M","?","$","M","E","?","T","?","R","?","$","M","R","BOSS","BOSS"],"items_purchased_type":["Relic","Card","Card","Card","Card","Card","Relic","Relic"],"build_version":"2020-12-13","purchased_purges":0,"victory":true,"max_hp_per_floor":[71,71,71,71,71,71,71,71,71,71,71,71,71,71,71,71,71,71,71,71,71,71,76,76,76,76,88,88,96,98,101,101,107,107,120,120,124,130,130,135,137,130,130,139,139,139,139,139,139,139,156],"card_choices":[{"not_picked":[],"picked":"EpicFetus","floor":0.0},{"not_picked":["Steam","Go for the Eyes"],"picked":"Chill","floor":1.0},{"not_picked":["Final of Final","Life Link","TheCursedMod:RapidMovement"],"picked":"PrismaMod:ChloeCheapDefendTwo","floor":3.0},{"not_picked":["PrismaMod:ChloeGaeBolg","champ:DefensiveShout","TheCursedMod:WearCloak","Guardian:TemporalStrike"],"picked":"SKIP","floor":4.0},{"not_picked":["champ:Backstep","SnafuTest:PowerVainGlory","Slimebound:OozeBath","TheCursedMod:CursedMace"],"picked":"SKIP","floor":7.0},{"not_picked":["champ:DeathBlow","Anger","PrismaMod:ChloeCheapDefendTwo"],"picked":"TheCursedMod:StingEye","floor":8.0},{"not_picked":["Undo","Compile Driver","Bomb"],"picked":"Streamline","floor":12.0},{"not_picked":["Coolheaded","Scrape","Ball Lightning"],"picked":"Time Bomb","floor":14.0},{"not_picked":["MostiFishMod:ActiveDefenseSystem","Meteor Strike","Biased Cognition"],"picked":"MostiFishMod:LinkProtocol","floor":16.0},{"not_picked":["Streamline","Rebound","Panic Button"],"picked":"Leap+1","floor":18.0},{"not_picked":["Fan","Sunder","ReplaySolidLightProjector"],"picked":"Consume","floor":22.0},{"not_picked":["Darkness","Stack+1","Gash"],"picked":"Coolheaded","floor":23.0},{"not_picked":["Consume","MostiFishMod:ActiveDefenseSystem","Heatsinks"],"picked":"BootSequence","floor":27.0},{"not_picked":["Beam Cell","Leap","Turbo","Undo"],"picked":"SKIP","floor":29.0},{"not_picked":["White Noise","Hologram","Crystallizer+1"],"picked":"Defragment","floor":30.0},{"not_picked":["Hologram","Beam Cell","Rebound"],"picked":"Redo","floor":31.0},{"not_picked":[],"picked":"Gensokyo:ShootingStar","floor":33.0},{"not_picked":["Mirror Shield","Fission","Reboot"],"picked":"Multi-Cast","floor":33.0},{"not_picked":["Barrage","Rebound","Sweeping Beam","Cold Snap"],"picked":"SKIP","floor":35.0},{"not_picked":["Rebound","Coolheaded","Darkness+1","Redo"],"picked":"SKIP","floor":37.0},{"not_picked":["Stack","Redo","Steam Power"],"picked":"Machine Learning","floor":38.0},{"not_picked":["ReplaySolidLightProjector","Reinforced Body","Compile Driver","Consume+1"],"picked":"SKIP","floor":40.0},{"not_picked":["Consume","Steam Power","Undo"],"picked":"Go for the Eyes+1","floor":41.0},{"not_picked":["Fusion","Darkness+1","Panic Button+1"],"picked":"Hello World","floor":44.0},{"not_picked":["ReplaySort","Coolheaded","Barrage","ReplayTheSpireMod:System Scan"],"picked":"SKIP","floor":46},{"not_picked":["Distribution+1","ReplayTheSpireMod:Repulse","BasicCrystalCard"],"picked":"Defragment","floor":48},{"not_picked":["MostiFishMod:FourSeasons","MostiFishMod:Exploitation","Multi-Cast"],"picked":"ReplayRNGCard","floor":50},{"not_picked":["MostiFishMod:PushDownKick","MostiFishMod:Hijack","MostiFishMod:Culaccino"],"picked":"Creative AI","floor":51}],"player_experience":115629,"relics_obtained":[{"floor":1.0,"key":"Question Card"},{"floor":1.0,"key":"PrismaticShard"},{"floor":9.0,"key":"Nunchaku"},{"floor":16.0,"key":"ImportantClient"},{"floor":23.0,"key":"BookOfRevelations"},{"floor":26.0,"key":"White Beast Statue"},{"floor":27.0,"key":"Gremlin Food"},{"floor":41.0,"key":"Bag of Preparation"},{"floor":43.0,"key":"TheBean"}],"event_choices":[{"cards_removed":["Strike_B"],"damage_healed":0.0,"max_hp_gain":0.0,"max_hp_loss":0.0,"gold_gain":0.0,"event_name":"Golden Wing","player_choice":"Card Removal","floor":5.0,"gold_loss":0.0,"damage_taken":7.0},{"damage_healed":0.0,"max_hp_gain":0.0,"max_hp_loss":0.0,"gold_gain":0.0,"event_name":"给自己的盒子","player_choice":"Swap Relic","floor":25.0,"relics_lost":["testmod-TestBox"],"gold_loss":0.0,"damage_taken":0.0,"relics_obtained":["testmod-TestBox"]}],"is_beta":false,"boss_relics":[{"not_picked":["vexMod:BigBerry","testmod-IncinerationGenerator"],"picked":"aspiration:Stellarator"},{"not_picked":[]},{"not_picked":["Painkiller Herb","Transparent"],"picked":"FrozenCore"},{"not_picked":[]}],"items_purged_floors":[],"is_endless":false,"potions_floor_spawned":[4,14,16,22,27,29,30,31,33,35,37,38,40,41,44,46,48,50,51],"ascension_level":20}}