{"host":"otf1z5955ddlv5pq","time":1607914828,"event":{"mods":["BaseMod","Beaked The Cultist","Better Altar","Better Match","Better Note","Better Sensory Stone","Better Skull","Better Third Choice","Colored Map","Colored Powertips","Downfall","Minty Spire (QoL Compilation)","Rare Cards Sparkle","Replay The Spire","StSLib"],"gold_per_floor":[119,119,148,148,165,193,89,89,89,89,105,121,21,37,37,139,139,149,166,9,9,209,544,544,579,579,605,625,164,175,0,0,105,105,118,43,43,43,58,88,88,88],"floor_reached":41,"playtime":3949,"items_purged":["Strike_R","Strike_R","Strike_R","Defend_R","Defend_R"],"score":631,"play_id":"656a3b1d-f57f-4cce-ad05-157b7f74ba8f","local_time":"20201213190028","is_ascension_mode":true,"campfire_choices":[{"data":"Heavy Blade","floor":8,"key":"SMITH"},{"data":"Bash","floor":10,"key":"SMITH"},{"data":"Thunderclap","floor":15,"key":"SMITH"},{"data":"Replay:Many Hands","floor":24,"key":"SMITH"},{"data":"Offering","floor":32,"key":"SMITH"},{"data":"Flame Barrier","floor":32,"key":"SMITH"}],"circlet_count":0,"master_deck":["Defend_R","Defend_R","Bash+1","Heavy Blade+1","Thunderclap+1","Cleave","Headbutt","Flex","Flex","Twin Strike","Battle Trance","Shrug It Off","Impervious","AbeCurse","Spot Weakness+1","Finesse","Flame Barrier+1","Replay:Many Hands+1","Offering+1","Ghostly Armor","ReplayTheSpireMod:Stacked","Twin Strike","Demonic Infusion","Shrug It Off+1","ReplayTheSpireMod:Limb From Limb","Delirium","Demon Form"],"relics":["Burning Blood","NeowsBlessing","Pocketwatch","Blue Doll","Iron Hammer","Abe\u0027s Treasure","Old Coin","Pantograph","Replay:Arrowhead","Prayer Wheel","Electric Blood","Ring of Peace","Ring of Misfortune","Art of War"],"acts_visited":["Exordium","TheCity","TheBeyond"],"potions_floor_usage":[23,33,33],"damage_taken":[{"damage":0,"enemies":"Small Slimes","floor":1,"turns":1},{"damage":0,"enemies":"2 Louse","floor":5,"turns":1},{"damage":0,"enemies":"Gremlin Nob","floor":6,"turns":1},{"damage":3,"enemies":"Jaw Worm","floor":11,"turns":2},{"damage":0,"enemies":"3 Louse","floor":12,"turns":1},{"damage":0,"enemies":"Gremlin Gang","floor":14,"turns":2},{"damage":8,"enemies":"Fading Forest","floor":16,"turns":11},{"damage":0,"enemies":"Chosen","floor":18,"turns":2},{"damage":4,"enemies":"Shell Parasite","floor":19,"turns":3},{"damage":9,"enemies":"Book of Stabbing","floor":23,"turns":3},{"damage":16,"enemies":"Slavers","floor":25,"turns":4},{"damage":18,"enemies":"Book of Stabbing","floor":27,"turns":3},{"damage":6,"enemies":"3 Cultists","floor":28,"turns":4},{"damage":7,"enemies":"Snecko","floor":30,"turns":3},{"damage":6,"enemies":"Champ","floor":33,"turns":6},{"damage":17,"enemies":"3 Darklings","floor":35,"turns":4},{"damage":13,"enemies":"Orb Walker","floor":39,"turns":2},{"damage":31,"enemies":"R_Hoarder","floor":40,"turns":6},{"damage":22,"enemies":"Maw","floor":41,"turns":4}],"seed_played":"2047404557122093606","potions_obtained":[{"floor":5,"key":"Reflective Coating"},{"floor":6,"key":"ElixirPotion"},{"floor":11,"key":"BlessingOfTheForge"},{"floor":14,"key":"SkillPotion"},{"floor":25,"key":"EssenceOfSteel"},{"floor":35,"key":"BlessingOfTheForge"},{"floor":39,"key":"Elixir"}],"is_trial":false,"path_per_floor":["M","?","?","?","M","E","$","R","T","R","M","M","$","M","R","B",null,"M","M","$","?","?","E","R","E","T","E","M","$","M","$","R","B",null,"M","$","?","?","M","E","M"],"character_chosen":"IRONCLAD","items_purchased":["Flex","Finesse","Prayer Wheel","ReplayTheSpireMod:Limb From Limb"],"campfire_rested":0,"item_purchase_floors":[7,20,29,36],"current_hp_per_floor":[80,80,80,80,80,80,80,80,80,80,80,80,80,80,80,78,80,80,80,80,80,80,77,77,67,67,55,55,55,54,54,54,79,80,69,69,69,53,46,21,0,0],"gold":88,"neow_bonus":"THREE_ENEMY_KILL","is_daily":false,"chose_seed":false,"campfire_upgraded":6,"win_rate":0.0,"timestamp":1607914828,"path_taken":["M","?","?","?","?","E","$","R","T","R","M","M","$","M","R","BOSS","M","M","$","?","?","E","R","E","T","E","?","?","M","$","R","BOSS","M","$","?","?","M","E","M"],"items_purchased_type":["Card","Card","Relic","Card"],"build_version":"2020-12-13","purchased_purges":5,"victory":false,"max_hp_per_floor":[80,80,80,80,80,80,80,80,80,80,80,80,80,80,80,80,80,80,80,80,80,80,80,80,80,80,80,80,80,80,80,80,80,80,80,80,80,80,80,80,80,80],"card_choices":[{"not_picked":["Pommel Strike","Havoc"],"picked":"Heavy Blade","floor":1},{"not_picked":["Entrench","Seeing Red"],"picked":"Thunderclap","floor":3},{"not_picked":["Wild Strike","Evolve"],"picked":"Cleave","floor":5},{"not_picked":["Anger","Berserk"],"picked":"Headbutt","floor":6},{"not_picked":["Replay:Undeath\u0027s Touch","Run Through"],"picked":"Twin Strike","floor":11},{"not_picked":["Perfected Strike","Run Through"],"picked":"Battle Trance","floor":12},{"not_picked":["Seeing Red","Armaments"],"picked":"Shrug It Off","floor":14},{"not_picked":["Fiend Fire","Juggernaut"],"picked":"Impervious","floor":16},{"not_picked":["Clash","Reckless Charge+1","Replay:Undeath\u0027s Touch"],"picked":"SKIP","floor":18},{"not_picked":["Dropkick+1","Clash+1"],"picked":"Spot Weakness+1","floor":19},{"not_picked":["Immolate","ReplayTheSpireMod:Strike From Hell"],"picked":"Replay:Many Hands","floor":23},{"not_picked":["Perfected Strike","Exhume"],"picked":"Offering","floor":25},{"not_picked":["Anger","Hemokinesis"],"picked":"Ghostly Armor","floor":27},{"not_picked":["ReplayReversal","ReplayTheSpireMod:Strike From Hell"],"picked":"ReplayTheSpireMod:Stacked","floor":28},{"not_picked":["Anger+1","Heavy Blade"],"picked":"Twin Strike","floor":30},{"not_picked":["Anger","Shockwave","Heavy Blade"],"picked":"SKIP","floor":30},{"not_picked":["Corruption","Offering"],"picked":"Demonic Infusion","floor":33},{"not_picked":["Body Slam","Sword Boomerang+1"],"picked":"Shrug It Off+1","floor":35},{"not_picked":["Wild Strike+1","Replay:Undeath\u0027s Touch+1","Warcry+1"],"picked":"SKIP","floor":35},{"not_picked":["Searing Blow+1","ReplayTheSpireMod:Muscle Training","Twin Strike"],"picked":"SKIP","floor":39},{"not_picked":["Clash","Thunderclap+1","Demon Form"],"picked":"SKIP","floor":39},{"not_picked":["Headbutt","Seeing Red+1","Fire Breathing"],"picked":"SKIP","floor":40}],"player_experience":881839,"relics_obtained":[{"floor":3,"key":"Pocketwatch"},{"floor":6,"key":"Blue Doll"},{"floor":9,"key":"Iron Hammer"},{"floor":23,"key":"Old Coin"},{"floor":26,"key":"Pantograph"},{"floor":27,"key":"Replay:Arrowhead"},{"floor":37,"key":"Ring of Peace"},{"floor":37,"key":"Ring of Misfortune"},{"floor":40,"key":"Art of War"}],"event_choices":[{"cards_removed":["Strike_R"],"damage_healed":0,"gold_gain":0,"player_choice":"Card Removal","damage_taken":0,"max_hp_gain":0,"max_hp_loss":0,"event_name":"Wheel of Change","floor":4,"gold_loss":0},{"damage_healed":0,"gold_gain":0,"player_choice":"Read","damage_taken":0,"max_hp_gain":0,"max_hp_loss":0,"event_name":"The Library","floor":21,"gold_loss":0,"cards_obtained":["Flame Barrier"]},{"damage_healed":0,"gold_gain":200,"player_choice":"Gold","damage_taken":0,"max_hp_gain":0,"max_hp_loss":0,"event_name":"Wheel of Change","floor":22,"gold_loss":0},{"damage_healed":0,"gold_gain":3,"player_choice":"2","damage_taken":0,"max_hp_gain":0,"max_hp_loss":16,"event_name":"betterStone:BetterStone","floor":38,"gold_loss":0}],"is_beta":false,"boss_relics":[{"not_picked":["Snecko Eye","Kintsugi"],"picked":"Abe\u0027s Treasure"},{"not_picked":["Pandora\u0027s Box","Sozu"],"picked":"Electric Blood"}],"items_purged_floors":[7,13,20,29,31],"is_endless":false,"potions_floor_spawned":[5,6,11,14,25,27,28,30,35,39],"killed_by":"Maw","ascension_level":1}}