{"host":"ks12kfi5c4d9hdxy","time":1607965883,"event":{"mods":["BaseMod","Conspire","GifTheSpireLib","HololiveMod","Koishi","LagranYue(拉格朗・月)","Marisa（F雨　魔理沙）","Minty Spire (QoL Compilation)","Reimu（博丽灵梦）","Remilia（蕾米莉亚）","Replay The Spire","RumiaBox-露米娅的神秘盒子","StSLib","SuperFastMode","The Administrix","The Servant 0.9.4","Youmu（魂魄妖梦）","Yuyuko","【功能Mod】混沌之环修复补丁","【功能Mod】聪明的最终Boss","篝火指南"],"gold_per_floor":[110,31,51,0,10,43,43,88,88,99,99,99,99],"floor_reached":12,"playtime":201,"items_purged":[],"score":163,"play_id":"c3465859-8e5c-432a-bdca-cf648b14c947","local_time":"20201215011123","is_ascension_mode":true,"campfire_choices":[{"floor":7,"key":"REST"}],"circlet_count":0,"master_deck":["AscendersBane","Strike_MRS","Strike_MRS","Strike_MRS","Strike_MRS","Defend_MRS","Defend_MRS","Defend_MRS","Defend_MRS","MasterSpark","UpSweep","StarBarrage","Acceleration","ManaConvection","EnergyFlow"],"relics":["MiniHakkero","LagranYue:RandomDrawCardRelic","NeowsBlessing","ReplayTheSpireMod:TigerMarble","Bird Faced Urn","Question Card"],"acts_visited":["Exordium"],"potions_floor_usage":[6],"damage_taken":[{"damage":0.0,"enemies":"Jaw Worm","floor":1.0,"turns":1.0},{"damage":0.0,"enemies":"2 Louse","floor":3.0,"turns":1.0},{"damage":0.0,"enemies":"Cultist","floor":5.0,"turns":1.0},{"damage":32,"enemies":"Gremlin Nob","floor":6,"turns":4},{"damage":40,"enemies":"Lagavulin","floor":8,"turns":6},{"damage":2,"enemies":"Exordium Thugs","floor":10,"turns":4},{"damage":10,"enemies":"3 Sentries","floor":12,"turns":2}],"seed_played":"-5080046042220336415","potions_obtained":[{"floor":3.0,"key":"ZuzhouPotion:ReiMu"},{"floor":5.0,"key":"Strength Potion"},{"floor":8,"key":"ZuzhouPotion:ReiMu"}],"is_trial":false,"path_per_floor":["M","$","M","?","M","E","R","E","T","M","?","E"],"character_chosen":"MARISA","items_purchased":["StarBarrage"],"campfire_rested":1,"item_purchase_floors":[2],"current_hp_per_floor":[63,63,63,63,63,31,52,12,12,10,10,0,0],"gold":99,"neow_bonus":"THREE_ENEMY_KILL","is_daily":false,"chose_seed":false,"campfire_upgraded":0,"win_rate":0.0,"timestamp":1607965883,"path_taken":["M","$","M","?","M","E","R","E","T","M","?","E"],"items_purchased_type":["Card"],"build_version":"2020-12-13","purchased_purges":0,"victory":false,"max_hp_per_floor":[70,70,70,70,70,70,70,70,70,70,70,70,70],"card_choices":[{"not_picked":["MysteriousBeam","UnstableBomb","OpenUniverse"],"picked":"SKIP","floor":1.0},{"not_picked":["DoubleSpark","SporeBomb","IllusionStar"],"picked":"SKIP","floor":3.0},{"not_picked":["DragonMeteor","LuminesStrike","WitchOfGreed"],"picked":"SKIP","floor":5.0},{"not_picked":["FinalSpark","Occultation"],"picked":"Acceleration","floor":6},{"not_picked":["DC","IllusionStar"],"picked":"ManaConvection","floor":8},{"not_picked":["6A","SporeBomb","SuperPerseids"],"picked":"EnergyFlow","floor":10}],"player_experience":481518,"relics_obtained":[{"floor":6,"key":"ReplayTheSpireMod:TigerMarble"},{"floor":8,"key":"Bird Faced Urn"},{"floor":9,"key":"Question Card"}],"event_choices":[{"damage_healed":0.0,"max_hp_gain":0.0,"max_hp_loss":0.0,"gold_gain":0.0,"event_name":"World of Goop","player_choice":"Left Gold","floor":4.0,"gold_loss":51.0,"damage_taken":0.0}],"is_beta":false,"boss_relics":[],"items_purged_floors":[],"is_endless":false,"potions_floor_spawned":[3,5,8],"killed_by":"3 Sentries","ascension_level":17}}