{"host":"vdpaduzlq0qlaikq","time":1607986719,"event":{"mods":["AchievementEnabler","BaseMod","Better Third Choice","BetterRewards","Colored Map","Downfall","Gold Saver","Hermit","Jorbs\u0027s Wanderer Trilogy","Minty Spire (QoL Compilation)","Relic Filter","Spicy Shops","StSLib","The Necromancer"],"gold_per_floor":[844,857,887,987,1001,1028,1028,803,833,833,833,833,833,850,863,966,966,966,980,1180,1195,754,774,800,816,816,846,190,205,7,25,35,134,134,134,147,147,165,190,465,465,216,227,260,276,287,306,351,370,370,370,370,370],"floor_reached":52,"playtime":11268,"items_purged":["Regret","Regret"],"score":896,"play_id":"451a5718-6a9c-4742-b98c-18c45cfbb674","local_time":"20201214205839","is_ascension_mode":false,"campfire_choices":[{"floor":1,"key":"RECALL"},{"floor":8,"key":"REST"},{"floor":10,"key":"REST"},{"floor":18,"key":"REST"},{"floor":26,"key":"REST"},{"floor":35,"key":"REST"}],"circlet_count":0,"master_deck":["champ:Strike","champ:Strike","champ:Strike","champ:Strike","champ:Defend+1","champ:Defend","champ:Defend","champ:Defend","champ:Execute+1","champ:Taunt","champ:PerfectedStrike","champ:RisingSlash","champ:SkillfulDodge","champ:PerfectedStrike","champ:FlashCut+1","champ:FanOfKnives","champ:Balance","champ:HoldFirm","champ:TornadoPunch+1","champ:FlashCut","champ:HeartStrike+1","champ:BerserkerStyle","champ:Shatter","champ:DefensiveStyle+1","champ:DefensiveShout+1","champ:StanceDance+1","champ:Shatter+1","champ:FlashCut","champ:PerfectedStrike+1","champ:BringItOn+1","champ:Aggression","champ:Control+1","champ:CrookedStrike+1","champ:Balance+1","champ:ShieldWall+1","Parasite"],"relics":["Fusion Hammer","Bag of Marbles","Matryoshka","Oddly Smooth Stone","downfall:HeartBlessingGreen","downfall:HeartBlessingRed","downfall:HeartBlessingBlue","Dream Catcher","downfall:ShatteredFragment","Strawberry","Pen Nib","Kunai","SacredBark","champ:BerserkersGuideToSlaughter","Singing Bowl","Nunchaku","Blood Vial","Shuriken","War Paint","Orichalcum","champ:FightingForDummies","Whetstone","SlaversCollar","Meat on the Bone","Unceasing Top","Bottled Lightning","Lantern","Toy Ornithopter","Pocketwatch"],"acts_visited":["Exordium","TheCity","TheBeyond","TheEnding"],"potions_floor_usage":[6,25,31,32,43,48],"damage_taken":[{"damage":6,"enemies":"Cultist","floor":2,"turns":3},{"damage":8,"enemies":"Jaw Worm","floor":5,"turns":3},{"damage":34,"enemies":"3 Sentries","floor":6,"turns":10},{"damage":21,"enemies":"Lagavulin","floor":9,"turns":4},{"damage":0,"enemies":"Small Slimes","floor":14,"turns":2},{"damage":5,"enemies":"2 Fungi Beasts","floor":15,"turns":2},{"damage":28,"enemies":"downfall:Ironclad","floor":16,"turns":6},{"damage":6,"enemies":"3 Byrds","floor":19,"turns":2},{"damage":0,"enemies":"Sentry and Sphere","floor":21,"turns":4},{"damage":8,"enemies":"downfall:FleeingMerchant","floor":22,"turns":4},{"damage":3,"enemies":"Snake Plant","floor":23,"turns":4},{"damage":0,"enemies":"Shelled Parasite and Fungi","floor":25,"turns":2},{"damage":16,"enemies":"Book of Stabbing","floor":27,"turns":3},{"damage":11,"enemies":"downfall:FleeingMerchant","floor":28,"turns":4},{"damage":3,"enemies":"Centurion and Healer","floor":29,"turns":4},{"damage":0,"enemies":"downfall:FleeingMerchant","floor":30,"turns":1},{"damage":3,"enemies":"3 Cultists","floor":31,"turns":4},{"damage":7,"enemies":"Cultist and Chosen","floor":32,"turns":5},{"damage":7,"enemies":"downfall:Defect","floor":33,"turns":6},{"damage":7,"enemies":"3 Darklings","floor":36,"turns":3},{"damage":9,"enemies":"3 Shapes","floor":38,"turns":5},{"damage":15,"enemies":"Giant Head","floor":39,"turns":5},{"damage":15,"enemies":"Spire Growth","floor":43,"turns":3},{"damage":19,"enemies":"Nemesis","floor":44,"turns":5},{"damage":19,"enemies":"Maw","floor":45,"turns":7},{"damage":14,"enemies":"Sphere and 2 Shapes","floor":46,"turns":5},{"damage":2,"enemies":"Writhing Mass","floor":47,"turns":4},{"damage":5,"enemies":"2 Orb Walkers","floor":48,"turns":3},{"damage":0,"enemies":"Jaw Worm Horde","floor":49,"turns":2},{"damage":17,"enemies":"downfall:Watcher","floor":50,"turns":4},{"damage":175,"enemies":"downfall:CharBossMerchant","floor":52,"turns":9}],"seed_played":"-7393414451383386122","potions_obtained":[{"floor":5,"key":"Dexterity Potion"},{"floor":14,"key":"hexamod:EctoCoolerPotion"},{"floor":16,"key":"PowerPotion"},{"floor":21,"key":"Strength Potion"},{"floor":25,"key":"DuplicationPotion"},{"floor":31,"key":"Swift Potion"},{"floor":32,"key":"champ:OpenerPotion"},{"floor":39,"key":"Block Potion"},{"floor":47,"key":"ColorlessPotion"},{"floor":48,"key":"EssenceOfSteel"}],"is_trial":false,"path_per_floor":["R","M","?","?","M","E","T","R","E","R","?","?","T","M","M","B",null,"R","M","?","M","$","M","T","M","R","E","$","M","$","M","M","B",null,"R","M","?","M","E","?","T","$","M","E","M","M","M","?","M","B",null,"E"],"character_chosen":"THE_CHAMP","items_purchased":["champ:BerserkersGuideToSlaughter","champ:BerserkerStyle","Singing Bowl","Shuriken","War Paint","champ:FlashCut","Orichalcum","champ:FightingForDummies","Whetstone","champ:Aggression","Fruit Juice","Lantern"],"campfire_rested":5,"item_purchase_floors":[22,22,22,28,28,28,28,30,30,30,30,42],"current_hp_per_floor":[90,89,89,89,86,63,63,100,89,100,73,80,80,80,80,52,107,107,107,107,107,104,101,101,101,107,99,98,97,99,117,117,117,127,129,122,122,117,121,121,121,121,121,106,99,90,92,101,105,105,141,0,0],"gold":370,"neow_bonus":"BOSS_RELIC","is_daily":false,"chose_seed":false,"campfire_upgraded":0,"win_rate":0.0,"timestamp":1607986719,"path_taken":["R","M","?","?","M","E","T","R","E","R","?","?","?","M","M","BOSS","R","M","?","M","$","?","T","?","R","E","$","M","$","M","M","BOSS","R","M","?","M","E","?","T","$","M","E","M","M","?","?","M","BOSS","E"],"items_purchased_type":["Relic","Card","Relic","Relic","Relic","Card","Relic","Relic","Relic","Card","Potion","Relic"],"build_version":"2020-12-13","purchased_purges":2,"victory":false,"max_hp_per_floor":[90,90,90,90,90,90,90,100,100,100,100,107,107,107,107,107,107,107,107,107,107,107,107,107,107,107,107,107,107,107,123,125,127,127,129,129,129,129,131,131,131,131,131,133,135,135,137,139,141,141,141,141,141],"card_choices":[{"not_picked":["champ:Encircle","champ:Haymaker"],"picked":"champ:PerfectedStrike","floor":2},{"not_picked":["champ:DefensiveShout","champ:BerserkersShout"],"picked":"champ:RisingSlash","floor":5},{"not_picked":["champ:CrookedStrike","champ:Haymaker"],"picked":"champ:SkillfulDodge","floor":6},{"not_picked":["champ:DefensiveShout","champ:EnragedBash"],"picked":"champ:PerfectedStrike","floor":9},{"not_picked":["champ:GladiatorsShout","champ:HeavySlash"],"picked":"champ:FlashCut","floor":10},{"not_picked":["champ:Circumvent","champ:FocusedBerserking"],"picked":"champ:FanOfKnives","floor":14},{"not_picked":["champ:Encircle","champ:FanOfKnives"],"picked":"champ:Balance","floor":15},{"not_picked":["champ:ShieldThrow","champ:DancingMaster"],"picked":"champ:HoldFirm","floor":16},{"not_picked":["champ:ArenaPreparation+1","champ:Circumvent"],"picked":"champ:TornadoPunch+1","floor":18},{"not_picked":["champ:TornadoPunch","champ:PerfectedStrike+1"],"picked":"champ:FlashCut","floor":19},{"not_picked":["champ:HeartStrike","champ:FightOn","champ:HeavySlash"],"picked":"SKIP","floor":21},{"not_picked":["champ:AdrenalArmor","champ:LastStand"],"picked":"champ:HeartStrike+1","floor":22},{"not_picked":["champ:BladeFlurry","champ:FlashCut"],"picked":"champ:Shatter","floor":23},{"not_picked":["champ:Circumvent","champ:Balance"],"picked":"champ:DefensiveStyle+1","floor":25},{"not_picked":["champ:PerfectedStrike","champ:ShieldThrow"],"picked":"champ:DefensiveShout+1","floor":26},{"not_picked":["champ:PreciseThrust","champ:FocusedDefense"],"picked":"champ:StanceDance","floor":27},{"not_picked":["champ:RecklessLeap","champ:SwordThrow"],"picked":"champ:Shatter+1","floor":28},{"not_picked":["champ:SkillfulDodge","champ:BerserkersShout"],"picked":"champ:PerfectedStrike+1","floor":29},{"not_picked":["champ:CrownThrow","champ:RapidStrikes"],"picked":"champ:BringItOn+1","floor":30},{"not_picked":["champ:CrookedStrike","champ:PerfectedStrike","champ:FocusedBerserking"],"picked":"Singing Bowl","floor":31},{"not_picked":["champ:Haymaker","champ:BringItOn+1","champ:Backstep"],"picked":"Singing Bowl","floor":32},{"not_picked":["champ:HoldFirm","champ:HeavySlash","champ:ShieldSlam"],"picked":"Singing Bowl","floor":33},{"not_picked":["champ:DefensiveShout+1","champ:Backstep","champ:AdrenalArmor"],"picked":"Singing Bowl","floor":35},{"not_picked":["champ:ArenaPreparation+1","champ:EnGarde+1"],"picked":"champ:Control+1","floor":36},{"not_picked":["champ:DefensiveShout+1","champ:BringItOn"],"picked":"champ:CrookedStrike+1","floor":38},{"not_picked":["champ:CrownThrow","champ:FlashCut+1","champ:BringItOn+1"],"picked":"Singing Bowl","floor":39},{"not_picked":["champ:StanceDance","champ:Duel+1"],"picked":"champ:Balance+1","floor":43},{"not_picked":["champ:Circumvent","champ:Encircle","champ:CrookedStrike+1"],"picked":"Singing Bowl","floor":44},{"not_picked":["champ:Backstep+1","champ:BringItOn+1","champ:FlashCut+1"],"picked":"Singing Bowl","floor":45},{"not_picked":["champ:RapidStrikes","champ:Backstep+1"],"picked":"champ:ShieldWall+1","floor":46},{"not_picked":["champ:DeathBlow","champ:ShieldSlam","champ:PerfectedStrike+1"],"picked":"Singing Bowl","floor":47},{"not_picked":["champ:PreciseThrust+1","champ:EnGarde+1","champ:EnragedBash+1"],"picked":"Singing Bowl","floor":48},{"not_picked":["champ:PerfectedStrike","champ:Backstep","champ:TornadoPunch+1"],"picked":"Singing Bowl","floor":49}],"player_experience":522501,"relics_obtained":[{"floor":6,"key":"Matryoshka"},{"floor":7,"key":"Oddly Smooth Stone"},{"floor":9,"key":"Dream Catcher"},{"floor":13,"key":"Pen Nib"},{"floor":13,"key":"Kunai"},{"floor":24,"key":"Nunchaku"},{"floor":27,"key":"Blood Vial"},{"floor":37,"key":"Meat on the Bone"},{"floor":39,"key":"Unceasing Top"},{"floor":41,"key":"Bottled Lightning"},{"floor":44,"key":"Toy Ornithopter"},{"floor":48,"key":"Pocketwatch"}],"event_choices":[{"damage_healed":0,"gold_gain":0,"player_choice":"Box","damage_taken":0,"relics_obtained":["Strawberry"],"max_hp_gain":0,"max_hp_loss":0,"event_name":"Big Fish","floor":12,"gold_loss":0,"cards_obtained":["Regret"]},{"damage_healed":0,"gold_gain":200,"player_choice":"Gold","damage_taken":0,"max_hp_gain":0,"max_hp_loss":0,"event_name":"Wheel of Change","floor":20,"gold_loss":0},{"damage_healed":0,"gold_gain":0,"player_choice":"Fight","damage_taken":0,"max_hp_gain":0,"max_hp_loss":0,"event_name":"Mysterious Sphere","floor":48,"gold_loss":0}],"is_beta":false,"boss_relics":[{"not_picked":["Coffee Dripper","Cursed Key"],"picked":"SacredBark"},{"not_picked":["Runic Dome","Philosopher\u0027s Stone"],"picked":"SlaversCollar"}],"items_purged_floors":[22,42],"is_endless":false,"potions_floor_spawned":[5,14,16,21,25,27,29,31,32,39,47,48,49],"killed_by":"downfall:CharBossMerchant","ascension_level":0}}