{"host":"9h8npza6ronlejsv","time":1607917373,"event":{"mods":["BaseMod","Minty Spire (QoL Compilation)","Permanent Neow","StSLib"],"gold_per_floor":[12,27,41,41,52,81,101,101,124,139,139,20,20,31,31,109,109,128,128,128,28,41,41,41,68,68,68,79,91,11,34,34,106,106,118,118,167,192,210,244,244,277,277,310,326,358,48,0,0,0],"floor_reached":51,"playtime":1867,"items_purged":["Strike_G","Strike_G","Strike_G"],"score":1755,"play_id":"1a5d7b79-1043-49bc-aca1-b37c4c9d5fb1","local_time":"20201213224253","is_ascension_mode":true,"campfire_choices":[{"floor":11.0,"key":"REST"},{"data":"Catalyst","floor":15.0,"key":"SMITH"},{"data":"Burst","floor":23.0,"key":"SMITH"},{"data":"Well Laid Plans","floor":27.0,"key":"SMITH"},{"data":"Catalyst","floor":32.0,"key":"SMITH"},{"data":"Wraith Form v2","floor":41,"key":"SMITH"},{"data":"Calculated Gamble","floor":49,"key":"SMITH"}],"circlet_count":0,"master_deck":["AscendersBane","Defend_G","Defend_G","Defend_G","Defend_G","Defend_G","Survivor","Neutralize","Corpse Explosion+1","Calculated Gamble+1","Catalyst+1","Catalyst+1","Well Laid Plans+1","Backflip","Footwork","Burst+1","Ghostly","Ghostly","Ghostly","Wraith Form v2+1","Catalyst+1","Footwork+1"],"relics":["Ring of the Snake","Centennial Puzzle","Bag of Preparation","Toy Ornithopter","Velvet Choker","Ancient Tea Set","The Courier","MealTicket","Sozu","Mango","Unceasing Top","Omamori","Happy Flower","HornCleat","Mummified Hand","Frozen Egg 2","Letter Opener","Red Mask"],"acts_visited":["Exordium","TheCity","TheBeyond"],"potions_floor_usage":[],"damage_taken":[{"damage":0.0,"enemies":"2 Louse","floor":1.0,"turns":3.0},{"damage":10.0,"enemies":"Cultist","floor":2.0,"turns":4.0},{"damage":9.0,"enemies":"Small Slimes","floor":3.0,"turns":4.0},{"damage":0.0,"enemies":"Blue Slaver","floor":5.0,"turns":4.0},{"damage":15.0,"enemies":"Gremlin Nob","floor":6.0,"turns":3.0},{"damage":8.0,"enemies":"3 Louse","floor":7.0,"turns":2.0},{"damage":3.0,"enemies":"Exordium Thugs","floor":10.0,"turns":2.0},{"damage":4.0,"enemies":"Looter","floor":14.0,"turns":5.0},{"damage":21.0,"enemies":"Slime Boss","floor":16.0,"turns":6.0},{"damage":3.0,"enemies":"Shell Parasite","floor":18.0,"turns":3.0},{"damage":0.0,"enemies":"2 Thieves","floor":21.0,"turns":5.0},{"damage":8.0,"enemies":"Snake Plant","floor":22.0,"turns":4.0},{"damage":0.0,"enemies":"Gremlin Leader","floor":25.0,"turns":5.0},{"damage":1.0,"enemies":"Shelled Parasite and Fungi","floor":28.0,"turns":4.0},{"damage":2.0,"enemies":"Cultist and Chosen","floor":29.0,"turns":4.0},{"damage":2.0,"enemies":"Collector","floor":33.0,"turns":3.0},{"damage":1.0,"enemies":"Orb Walker","floor":35.0,"turns":4.0},{"damage":3.0,"enemies":"2 Orb Walkers","floor":37.0,"turns":3.0},{"damage":0.0,"enemies":"Mind Bloom Boss Battle","floor":38.0,"turns":3.0},{"damage":3.0,"enemies":"3 Darklings","floor":39.0,"turns":2.0},{"damage":0,"enemies":"Nemesis","floor":40,"turns":3},{"damage":0,"enemies":"Reptomancer","floor":42,"turns":1},{"damage":0,"enemies":"Nemesis","floor":44,"turns":3},{"damage":0,"enemies":"Transient","floor":45,"turns":4},{"damage":1,"enemies":"Giant Head","floor":46,"turns":4},{"damage":0,"enemies":"Time Eater","floor":50,"turns":3}],"seed_played":"-6750681540265739751","potions_obtained":[{"floor":2.0,"key":"AttackPotion"},{"floor":3.0,"key":"Explosive Potion"},{"floor":6.0,"key":"AttackPotion"},{"floor":16.0,"key":"BlessingOfTheForge"},{"floor":28.0,"key":"Swift Potion"},{"floor":33.0,"key":"Poison Potion"}],"is_trial":false,"path_per_floor":["M","M","M","?","M","E","M","?","T","M","R","$","?","M","R","B",null,"M","?","?","M","M","R","?","E","T","R","M","M","$","T","R","B",null,"M","?","?","?","M","E","R","E","T","E","M","E","$","?","R","B",null],"character_chosen":"THE_SILENT","items_purchased":["Footwork","Letter Opener"],"campfire_rested":1,"item_purchase_floors":[12,47],"current_hp_per_floor":[59,49,40,40,40,25,17,10,10,7,26,26,26,22,22,1,50,47,33,33,33,25,25,25,25,25,25,24,22,22,22,22,20,30,29,29,40,40,37,37,37,37,37,37,37,36,47,47,47,47],"gold":0,"neow_bonus":"THREE_RARE_CARDS","is_daily":false,"chose_seed":false,"campfire_upgraded":6,"win_rate":0.0,"timestamp":1607917373,"path_taken":["M","M","M","?","?","E","M","?","T","M","R","$","?","M","R","BOSS","M","?","?","?","M","R","?","E","T","R","?","?","$","?","R","BOSS","M","?","?","?","M","E","R","E","T","E","M","E","$","?","R","BOSS"],"items_purchased_type":["Card","Relic"],"build_version":"2020-12-13","purchased_purges":3,"victory":true,"max_hp_per_floor":[66,66,66,66,66,66,66,66,66,66,66,66,66,66,66,66,66,66,33,33,33,33,33,33,33,33,33,33,33,33,33,33,33,33,33,33,47,47,47,47,47,47,47,47,47,47,47,47,47,47],"card_choices":[{"not_picked":["Tools of the Trade","Unload"],"picked":"Corpse Explosion","floor":0.0},{"not_picked":["Flying Knee","Riddle With Holes"],"picked":"Calculated Gamble","floor":1.0},{"not_picked":["Dodge and Roll","Deadly Poison","Slice"],"picked":"SKIP","floor":2.0},{"not_picked":["Infinite Blades","Dodge and Roll","All Out Attack"],"picked":"SKIP","floor":3.0},{"not_picked":["Quick Slash","Skewer"],"picked":"Catalyst","floor":5.0},{"not_picked":["Deflect","Expertise"],"picked":"Catalyst","floor":6.0},{"not_picked":["Grand Finale","Acrobatics"],"picked":"Well Laid Plans","floor":7.0},{"not_picked":["Deflect","Calculated Gamble"],"picked":"Backflip","floor":10.0},{"not_picked":["Deadly Poison","Cloak And Dagger","Concentrate"],"picked":"SKIP","floor":14.0},{"not_picked":["Wraith Form v2","Doppelganger"],"picked":"Burst","floor":16.0},{"not_picked":["Concentrate+1","Choke","Bane"],"picked":"SKIP","floor":18.0},{"not_picked":["Dagger Throw","Accuracy","Quick Slash"],"picked":"SKIP","floor":21.0},{"not_picked":["Dagger Spray","Storm of Steel","Heel Hook"],"picked":"SKIP","floor":22.0},{"not_picked":["Bane+1","Deadly Poison","Blade Dance+1"],"picked":"SKIP","floor":25.0},{"not_picked":["Heel Hook","Outmaneuver","Quick Slash"],"picked":"SKIP","floor":28.0},{"not_picked":["Slice","Predator","Noxious Fumes"],"picked":"SKIP","floor":29.0},{"not_picked":["Night Terror","Die Die Die"],"picked":"Wraith Form v2","floor":33.0},{"not_picked":["Underhanded Strike","Tactician"],"picked":"Catalyst+1","floor":35.0},{"not_picked":["Underhanded Strike","Backflip"],"picked":"Footwork+1","floor":39.0},{"not_picked":["Calculated Gamble","Envenom","Underhanded Strike"],"picked":"SKIP","floor":40},{"not_picked":["Deflect","Expertise","Terror"],"picked":"SKIP","floor":42},{"not_picked":["Poisoned Stab","Dagger Spray","Dodge and Roll+1"],"picked":"SKIP","floor":44},{"not_picked":["Prepared","Poisoned Stab+1","Deadly Poison"],"picked":"SKIP","floor":45},{"not_picked":["Choke","Bane+1","Blade Dance"],"picked":"SKIP","floor":46}],"player_experience":235999,"relics_obtained":[{"floor":6.0,"key":"Centennial Puzzle"},{"floor":9.0,"key":"Bag of Preparation"},{"floor":25.0,"key":"Ancient Tea Set"},{"floor":26.0,"key":"The Courier"},{"floor":31.0,"key":"MealTicket"},{"floor":37.0,"key":"Mango"},{"floor":38.0,"key":"Unceasing Top"},{"floor":40,"key":"Omamori"},{"floor":42,"key":"Happy Flower"},{"floor":43,"key":"HornCleat"},{"floor":44,"key":"Mummified Hand"},{"floor":46,"key":"Frozen Egg 2"}],"event_choices":[{"damage_healed":0.0,"max_hp_gain":0.0,"max_hp_loss":0.0,"gold_gain":0.0,"event_name":"Upgrade Shrine","player_choice":"Upgraded","floor":4.0,"gold_loss":0.0,"damage_taken":0.0,"cards_upgraded":["Corpse Explosion"]},{"cards_removed":["Strike_G"],"damage_healed":0.0,"max_hp_gain":0.0,"max_hp_loss":0.0,"gold_gain":0.0,"event_name":"Golden Wing","player_choice":"Card Removal","floor":8.0,"gold_loss":0.0,"damage_taken":7.0},{"damage_healed":0.0,"max_hp_gain":0.0,"max_hp_loss":0.0,"gold_gain":0.0,"event_name":"Dead Adventurer","player_choice":"Searched \u00271\u0027 times","floor":13.0,"gold_loss":0.0,"damage_taken":0.0,"relics_obtained":["Toy Ornithopter"]},{"damage_healed":0.0,"max_hp_gain":0.0,"max_hp_loss":33.0,"gold_gain":0.0,"event_name":"Ghosts","player_choice":"Became a Ghost","floor":19.0,"gold_loss":0.0,"damage_taken":0.0,"cards_obtained":["Ghostly","Ghostly","Ghostly"]},{"damage_healed":0.0,"max_hp_gain":0.0,"max_hp_loss":0.0,"gold_gain":0.0,"event_name":"Match and Keep!","player_choice":"0 cards matched","floor":20.0,"gold_loss":0.0,"damage_taken":0.0,"cards_obtained":[]},{"cards_removed":["Strike_G"],"damage_healed":0.0,"max_hp_gain":0.0,"max_hp_loss":0.0,"gold_gain":0.0,"event_name":"Purifier","player_choice":"Purged","floor":24.0,"gold_loss":0.0,"damage_taken":0.0},{"damage_healed":0.0,"max_hp_gain":0.0,"max_hp_loss":0.0,"gold_gain":0.0,"event_name":"SensoryStone","player_choice":"Memory 1","floor":36.0,"gold_loss":0.0,"damage_taken":0.0},{"damage_healed":0.0,"max_hp_gain":0.0,"max_hp_loss":0.0,"gold_gain":0.0,"event_name":"Mysterious Sphere","player_choice":"Fight","floor":37.0,"gold_loss":0.0,"damage_taken":0.0},{"damage_healed":0.0,"max_hp_gain":0.0,"max_hp_loss":0.0,"gold_gain":0.0,"event_name":"MindBloom","player_choice":"Fight","floor":38.0,"gold_loss":0.0,"damage_taken":0.0},{"damage_healed":0,"gold_gain":0,"player_choice":"Paid","damage_taken":0,"relics_obtained":["Red Mask"],"max_hp_gain":0,"max_hp_loss":0,"event_name":"Tomb of Lord Red Mask","floor":48,"gold_loss":48}],"is_beta":false,"boss_relics":[{"not_picked":["Astrolabe","Fusion Hammer"],"picked":"Velvet Choker"},{"not_picked":["Empty Cage","Philosopher\u0027s Stone"],"picked":"Sozu"}],"items_purged_floors":[12,30,47],"is_endless":false,"potions_floor_spawned":[2,3,6,16,28,33,35,37,42,45],"ascension_level":17}}