{"host":"aukiz5jlacd3g5yc","time":1607925130,"event":{"mods":["2.2 Compatiblity","BaseMod","Bestiary","Colored Map","Colored Powertips","Downfall","GifTheSpireLib","Highlight Path","Hubris","Infinite Spire","Marisa????????","Minty Spire (QoL Compilation)","Permanent Neow","Quick Restart","Random Character Button","Rare Cards Sparkle","Relic Sorter","Relic Stats","Replay The Spire","StSLib","Unknown Chances","everything is the same but u backflip on backflip","slay the spire mod where everything is the same but ironclad has a cowboy hat"],"gold_per_floor":[115,62,80,80,93,125,125,140,166,54,69,124,138,152,152,263,263,273,273,301,343,393,418,418,430,430,470,470,470,470,486,486,617,617,627,695,212,231,273,273,333,333,357,357,357,385,64,111,111,111],"floor_reached":51,"playtime":2704,"items_purged":["Strike_MRS","Wraith"],"score":824,"play_id":"67326558-7d3c-4122-a9e6-4a01c4fa150f","local_time":"20201213235210","is_ascension_mode":false,"campfire_choices":[{"data":"MillisecondPulsars","floor":7.0,"key":"SMITH"},{"data":"GrandCross","floor":15.0,"key":"SMITH"},{"data":"FairyDestructionRay","floor":24.0,"key":"SMITH"},{"data":"ReplayTheSpireMod:??????????????????????","floor":30.0,"key":"SMITH"},{"data":"AlicesGift","floor":32.0,"key":"SMITH"},{"data":"SprinkleStarSeal","floor":40,"key":"SMITH"},{"data":"Singularity","floor":42,"key":"SMITH"},{"floor":49,"key":"REST"}],"circlet_count":0,"master_deck":["Strike_MRS","Strike_MRS","Strike_MRS","Defend_MRS","Defend_MRS","Defend_MRS+1","Defend_MRS","MasterSpark","UpSweep","MillisecondPulsars+1","GrandCross","SporeBomb+1","ShootTheMoon+1","GrandCross+1","EarthLightRay","AlicesGift+1","OortCloud","FairyDestructionRay+1","MagicAbsorber","SprinkleStarSeal+1","WitchOfGreed","WitchOfGreed","BinaryStars+1","ReplayTheSpireMod:??????????????????????+1","LuminesStrike+1","Singularity+1","hubris:Fate","Parasite","AsteroidBelt"],"relics":["MiniHakkero","War Paint","Centennial Puzzle","Strawberry","ReplayTheSpireMod:TigerMarble","hubris:ScarierMask","Red Mask","Meat on the Bone","hubris:TinFlute","Toy Ornithopter","Torii","RampagingMagicTools","Oddly Smooth Stone","hubris:MysteriousPyramids","The Courier","Regal Pillow","Guide Book","infinitespire:Lucky Rock"],"acts_visited":[],"potions_floor_usage":[36,50,50],"damage_taken":[{"damage":2.0,"enemies":"Small Slimes","floor":1.0,"turns":3.0},{"damage":5.0,"enemies":"2 Louse","floor":3.0,"turns":2.0},{"damage":6.0,"enemies":"Cultist","floor":5.0,"turns":4.0},{"damage":23.0,"enemies":"Lagavulin","floor":6.0,"turns":5.0},{"damage":15.0,"enemies":"Exordium Thugs","floor":8.0,"turns":3.0},{"damage":2.0,"enemies":"3 Louse","floor":11.0,"turns":2.0},{"damage":0.0,"enemies":"Large Slime","floor":13.0,"turns":2.0},{"damage":0.0,"enemies":"Exordium Thugs","floor":14.0,"turns":2.0},{"damage":0.0,"enemies":"Hexaghost","floor":16.0,"turns":6.0},{"damage":4.0,"enemies":"2 Thieves","floor":18.0,"turns":2.0},{"damage":5.0,"enemies":"Chosen","floor":20.0,"turns":3.0},{"damage":7.0,"enemies":"Shelled Parasite and Fungi","floor":21.0,"turns":4.0},{"damage":9.0,"enemies":"Masked Bandits","floor":22.0,"turns":4.0},{"damage":12.0,"enemies":"Slavers","floor":23.0,"turns":3.0},{"damage":0.0,"enemies":"3 Cultists","floor":25.0,"turns":4.0},{"damage":6.0,"enemies":"Gremlin Leader","floor":27.0,"turns":4.0},{"damage":1.0,"enemies":"Snecko","floor":31.0,"turns":3.0},{"damage":45.0,"enemies":"hubris:MusketHawk","floor":33.0,"turns":8.0},{"damage":9.0,"enemies":"3 Darklings","floor":35.0,"turns":4.0},{"damage":0,"enemies":"Orb Walker","floor":36,"turns":3},{"damage":9,"enemies":"4 Shapes","floor":38,"turns":2},{"damage":22,"enemies":"Spire Growth","floor":39,"turns":5},{"damage":18,"enemies":"R_Hoarder","floor":41,"turns":6},{"damage":2,"enemies":"Writhing Mass","floor":46,"turns":4},{"damage":23,"enemies":"Reptomancer","floor":48,"turns":3},{"damage":73,"enemies":"Donu and Deca","floor":50,"turns":8}],"seed_played":"-8993381799107752177","potions_obtained":[{"floor":5.0,"key":"BottledSpark"},{"floor":8.0,"key":"SkillPotion"},{"floor":12.0,"key":"SpeedPotion"},{"floor":12.0,"key":"FairyPotion"},{"floor":19.0,"key":"Swift Potion"},{"floor":22.0,"key":"Toxic Potion"},{"floor":23.0,"key":"SkillPotion"},{"floor":27.0,"key":"Explosive Potion"},{"floor":35,"key":"Block Potion"},{"floor":36,"key":"Fire Potion"},{"floor":46,"key":"PowerPotion"}],"is_trial":false,"path_per_floor":["M","$","M","?","M","E","R","M","T","$","M","?","M","M","R","B",null,"M","?","M","M","?","E","R","M","T","E","?","AVR","R","M","R","B",null,"M","M","$","M","M","R","E","R","T","?","?","M","$","E","R","B",null],"character_chosen":"MARISA","items_purchased":["SporeBomb","AlicesGift","OortCloud","Oddly Smooth Stone","hubris:MysteriousPyramids","Guide Book","infinitespire:Lucky Rock"],"campfire_rested":1,"item_purchase_floors":[2,10,10,37,37,47,47],"current_hp_per_floor":[66,66,61,61,55,32,32,17,24,24,26,8,12,12,12,16,75,71,71,70,67,62,54,54,58,58,56,56,56,56,59,59,30,75,66,75,75,66,48,48,46,46,46,28,28,38,38,27,64,17],"gold":111,"neow_bonus":"THREE_RARE_CARDS","is_daily":false,"chose_seed":false,"campfire_upgraded":7,"win_rate":0.0,"timestamp":1607925130,"path_taken":["M","$","M","?","M","E","R","M","T","$","M","?","M","M","R","BOSS","M","?","?","M","?","E","R","M","T","E","?","AVR","R","M","R","BOSS","M","M","$","M","M","R","E","R","T","?","?","M","$","E","R","BOSS"],"items_purchased_type":["Card","Card","Card","Relic","Relic","Relic","Relic"],"build_version":"2020-12-13","purchased_purges":2,"victory":true,"max_hp_per_floor":[68,68,68,68,68,68,68,68,75,75,75,75,75,75,75,75,75,75,75,75,75,75,75,75,75,75,75,75,75,75,75,75,75,75,75,75,75,75,75,75,75,75,75,75,75,75,75,75,75,75],"relic_stats":{"Centennial Puzzle":[51],"Regal Pillow":15,"Torii":18,"counters":[26,99],"War Paint":["Defend_MRS","SporeBomb"],"obtain_stats":[{"Regal Pillow":43,"Torii":29,"Guide Book":47,"Oddly Smooth Stone":37,"The Courier":41,"infinitespire:Lucky Rock":47,"War Paint":4,"hubris:MysteriousPyramids":37,"Centennial Puzzle":6,"Strawberry":9,"hubris:ScarierMask":17,"ReplayTheSpireMod:TigerMarble":12,"Red Mask":22,"MiniHakkero":0,"RampagingMagicTools":34,"hubris:TinFlute":26,"Toy Ornithopter":27,"Meat on the Bone":23},{"Regal Pillow":23,"Torii":16,"Guide Book":24,"Oddly Smooth Stone":20,"The Courier":23,"infinitespire:Lucky Rock":24,"War Paint":2,"hubris:MysteriousPyramids":20,"Centennial Puzzle":4,"Strawberry":5,"hubris:ScarierMask":9,"ReplayTheSpireMod:TigerMarble":6,"Red Mask":13,"MiniHakkero":0,"RampagingMagicTools":18,"hubris:TinFlute":15,"Toy Ornithopter":16,"Meat on the Bone":14},{"Regal Pillow":84,"Torii":53,"Guide Book":88,"Oddly Smooth Stone":71,"The Courier":84,"infinitespire:Lucky Rock":88,"War Paint":5,"hubris:MysteriousPyramids":71,"Centennial Puzzle":14,"Strawberry":17,"hubris:ScarierMask":29,"ReplayTheSpireMod:TigerMarble":19,"Red Mask":42,"MiniHakkero":0,"RampagingMagicTools":64,"hubris:TinFlute":49,"Toy Ornithopter":53,"Meat on the Bone":45}],"Toy Ornithopter":15,"Meat on the Bone":60},"card_choices":[{"not_picked":["EscapeVelocity","MaximisePower"],"picked":"MillisecondPulsars","floor":0.0},{"not_picked":["DarkSpark","ShootingEcho"],"picked":"GrandCross","floor":1.0},{"not_picked":["MysteriousBeam","SuperPerseids"],"picked":"ShootTheMoon","floor":3.0},{"not_picked":["Orbital","OortCloud"],"picked":"GrandCross","floor":5.0},{"not_picked":["MachineGunSpark","StarDustReverie"],"picked":"EarthLightRay","floor":6.0},{"not_picked":["IllusionStar","MysteriousBeam","MeteoricShower"],"picked":"SKIP","floor":8.0},{"not_picked":["ShootTheMoon","MilkyWay"],"picked":"FairyDestructionRay","floor":11.0},{"not_picked":["SporeBomb","LuminesStrike"],"picked":"MagicAbsorber","floor":12.0},{"not_picked":["PowerUp","GravityBeat"],"picked":"SprinkleStarSeal","floor":13.0},{"not_picked":["MeteoricShower","GrandCross"],"picked":"WitchOfGreed","floor":14.0},{"not_picked":["StarBarrage","OneTimeOff","MilkyWay"],"picked":"SKIP","floor":18.0},{"not_picked":["MeteoricShower","StarBarrage"],"picked":"WitchOfGreed","floor":20.0},{"not_picked":["DarkSpark","PowerUp","DarkMatter"],"picked":"SKIP","floor":21.0},{"not_picked":["UnstableBomb","AlicesGift"],"picked":"BinaryStars","floor":22.0},{"not_picked":["WitchLeyline","ChargeUpSpray+1","EnergyFlow"],"picked":"SKIP","floor":23.0},{"not_picked":["6A","UnstableBomb","ManaConvection"],"picked":"SKIP","floor":25.0},{"not_picked":["CasketOfStar","GalacticHalo","LuminesStrike"],"picked":"SKIP","floor":27.0},{"not_picked":["GravityBeat+1","LuminesStrike","MilkyWay"],"picked":"SKIP","floor":31.0},{"not_picked":["DoubleSpark+1","MysteriousBeam","AlicesGift"],"picked":"SKIP","floor":35},{"not_picked":["OneTimeOff","StarlightTyphoon+1","IllusionStar+1"],"picked":"SKIP","floor":36},{"not_picked":["6A+1","SporeBomb+1"],"picked":"LuminesStrike+1","floor":38},{"not_picked":["NonDirectionalLaser","WitchLeyline","ShootingEcho"],"picked":"SKIP","floor":39},{"not_picked":["DoubleSpark","WitchLeyline+1"],"picked":"Singularity","floor":41},{"not_picked":["infinitespire:Fortify","ReplayTheSpireMod:Black Plague"],"picked":"hubris:Fate","floor":44},{"not_picked":["OrrerysSun+1","UnstableBomb+1","EnergyRecoil"],"picked":"SKIP","floor":46},{"not_picked":["WitchLeyline+1","6A"],"picked":"AsteroidBelt","floor":48}],"player_experience":355364,"relics_obtained":[{"floor":4.0,"key":"War Paint"},{"floor":6.0,"key":"Centennial Puzzle"},{"floor":9.0,"key":"Strawberry"},{"floor":12.0,"key":"ReplayTheSpireMod:TigerMarble"},{"floor":22.0,"key":"Red Mask"},{"floor":23.0,"key":"Meat on the Bone"},{"floor":26.0,"key":"hubris:TinFlute"},{"floor":27.0,"key":"Toy Ornithopter"},{"floor":41,"key":"The Courier"},{"floor":43,"key":"Regal Pillow"}],"event_choices":[{"damage_healed":0.0,"max_hp_gain":0.0,"max_hp_loss":0.0,"gold_gain":0.0,"event_name":"Lab","player_choice":"Got Potions","floor":19.0,"gold_loss":0.0,"damage_taken":0.0},{"damage_healed":0.0,"max_hp_gain":0.0,"max_hp_loss":0.0,"gold_gain":0.0,"event_name":"Masked Bandits","player_choice":"Fought Bandits","floor":22.0,"gold_loss":0.0,"damage_taken":0.0},{"damage_healed":0.0,"max_hp_gain":0.0,"max_hp_loss":0.0,"gold_gain":0.0,"event_name":"Ghosts","player_choice":"Ignored","floor":28.0,"gold_loss":0.0,"damage_taken":0.0},{"damage_healed":0,"gold_gain":0,"player_choice":"Ignored","damage_taken":0,"max_hp_gain":0,"max_hp_loss":0,"event_name":"OrinTheCat","floor":45,"gold_loss":0}],"is_beta":false,"boss_relics":[{"not_picked":["ChewingGum","Fusion Hammer"],"picked":"hubris:ScarierMask"},{"not_picked":["Replay:Drink Me","Busted Crown"],"picked":"RampagingMagicTools"}],"items_purged_floors":[37,47],"is_endless":false,"potions_floor_spawned":[5,8,13,16,18,22,23,31,35,39,48],"ascension_level":0}}