{"host":"qvhy3c6mwu5ha9zk","time":1607941144,"event":{"mods":["2.2 Compatiblity","AchievementEnabler","BaseMod","Colored Powertips","Downfall","Highlight Path","Minty Spire (QoL Compilation)","Rare Cards Sparkle","StSLib","The Cursed","The Disciple"],"gold_per_floor":[114,114,114,39,58,87,87,119,119,119,137,137,148,166,166,264,314,304,324,324,224,234,234,28,28,98,98,112,112,112,124,124,219,219,233,250,51,66,78,78,96,96,120,120,139,157,207,218,218,218,218],"floor_reached":50,"playtime":2635,"items_purged":["Strike_G","Strike_G","Strike_G","Strike_G"],"score":602,"play_id":"d971805d-a905-4c59-8cf0-07b4912ca4bc","local_time":"20201214021904","is_ascension_mode":true,"campfire_choices":[{"data":"Sucker Punch","floor":7,"key":"SMITH"},{"data":"Sucker Punch","floor":10,"key":"SMITH"},{"data":"Survivor","floor":12,"key":"SMITH"},{"data":"Sucker Punch","floor":15,"key":"SMITH"},{"data":"Caltrops","floor":23,"key":"SMITH"},{"data":"Terror","floor":25,"key":"SMITH"},{"data":"After Image","floor":27,"key":"SMITH"},{"data":"Footwork","floor":32,"key":"SMITH"},{"floor":40,"key":"REST"},{"floor":42,"key":"REST"},{"data":"Dagger Spray","floor":44,"key":"SMITH"},{"floor":49,"key":"REST"}],"circlet_count":0,"master_deck":["Defend_G","Defend_G+1","Defend_G","Defend_G","Defend_G","Survivor+1","Neutralize+1","Sucker Punch+1","Sucker Punch+1","Sucker Punch+1","After Image+1","Caltrops+1","Escape Plan","Terror+1","Footwork+1","Adrenaline","Dagger Spray+1","Dagger Spray+1","Blur+1","Blur"],"relics":["Ring of the Snake","NeowsBlessing","Lantern","Eternal Feather","Darkstone Periapt","Ninja Scroll","Tiny House","Pear","HoveringKite","PreservedInsect","Peace Pipe"],"acts_visited":["Exordium","TheCity","TheBeyond"],"potions_floor_usage":[16,18,22,33,33,39,41,48,48,50],"damage_taken":[{"damage":0,"enemies":"2 Louse","floor":1,"turns":1},{"damage":0,"enemies":"Small Slimes","floor":5,"turns":1},{"damage":0,"enemies":"Lagavulin","floor":6,"turns":1},{"damage":17,"enemies":"Gremlin Nob","floor":8,"turns":5},{"damage":0,"enemies":"Cultist","floor":11,"turns":3},{"damage":0,"enemies":"Looter","floor":13,"turns":2},{"damage":0,"enemies":"Lots of Slimes","floor":14,"turns":3},{"damage":51,"enemies":"Hexaghost","floor":16,"turns":12},{"damage":5,"enemies":"2 Thieves","floor":18,"turns":4},{"damage":15,"enemies":"Chosen","floor":19,"turns":8},{"damage":8,"enemies":"Snecko","floor":22,"turns":7},{"damage":3,"enemies":"Centurion and Healer","floor":28,"turns":17},{"damage":1,"enemies":"Shelled Parasite and Fungi","floor":31,"turns":4},{"damage":70,"enemies":"Collector","floor":33,"turns":13},{"damage":2,"enemies":"Orb Walker","floor":35,"turns":4},{"damage":24,"enemies":"3 Shapes","floor":36,"turns":6},{"damage":34,"enemies":"Spire Growth","floor":38,"turns":7},{"damage":18,"enemies":"Jaw Worm Horde","floor":39,"turns":7},{"damage":25,"enemies":"Transient","floor":41,"turns":5},{"damage":19,"enemies":"3 Darklings","floor":45,"turns":5},{"damage":20,"enemies":"Maw","floor":46,"turns":10},{"damage":0,"enemies":"Mind Bloom Boss Battle","floor":47,"turns":9},{"damage":17,"enemies":"Transient","floor":48,"turns":5},{"damage":43,"enemies":"Donu and Deca","floor":50,"turns":7}],"seed_played":"-5272705063698662053","potions_obtained":[{"floor":5,"key":"Explosive Potion"},{"floor":6,"key":"LiquidBronze"},{"floor":13,"key":"Energy Potion"},{"floor":16,"key":"AttackPotion"},{"floor":22,"key":"EssenceOfSteel"},{"floor":31,"key":"PowerPotion"},{"floor":36,"key":"AttackPotion"},{"floor":38,"key":"SpeedPotion"},{"floor":39,"key":"Block Potion"},{"floor":41,"key":"Strength Potion"}],"is_trial":false,"path_per_floor":["M","?","?","$","M","E","R","E","T","R","M","R","M","M","R","B",null,"M","M","?","$","M","R","$","R","T","R","M","?","$","M","R","B",null,"M","M","$","M","M","R","M","R","T","R","M","M","?","M","R","B"],"character_chosen":"THE_SILENT","items_purchased":["Terror","Dagger Spray"],"campfire_rested":3,"item_purchase_floors":[24,37],"current_hp_per_floor":[70,63,63,63,63,63,69,52,52,58,58,64,64,64,70,19,75,70,55,55,55,47,56,56,65,75,84,81,81,81,80,85,15,85,83,59,59,25,7,41,16,50,50,59,40,20,20,3,40,0,0],"gold":218,"neow_bonus":"THREE_ENEMY_KILL","is_daily":false,"chose_seed":false,"campfire_upgraded":9,"win_rate":0.0,"timestamp":1607941144,"path_taken":["M","?","?","$","?","E","R","E","T","R","M","R","M","M","R","BOSS","M","M","?","$","?","R","?","R","T","R","M","?","?","M","R","BOSS","M","?","$","M","M","R","M","R","T","R","M","M","?","M","R","BOSS"],"items_purchased_type":["Card","Card"],"build_version":"2020-12-13","purchased_purges":4,"victory":false,"max_hp_per_floor":[70,70,70,70,70,70,70,70,70,70,70,70,70,70,70,70,75,75,75,75,75,75,75,75,75,85,85,85,85,85,85,85,85,85,85,85,85,85,85,85,85,85,85,85,85,85,85,85,85,85,85],"card_choices":[{"not_picked":["Underhanded Strike","Bane"],"picked":"Sucker Punch","floor":1},{"not_picked":["Dodge and Roll","Deflect"],"picked":"Sucker Punch","floor":5},{"not_picked":["All Out Attack","Prepared","Quick Slash"],"picked":"SKIP","floor":6},{"not_picked":["Catalyst","Quick Slash","Well Laid Plans"],"picked":"SKIP","floor":8},{"not_picked":["Infinite Blades","Quick Slash","Predator"],"picked":"SKIP","floor":11},{"not_picked":["Bouncing Flask","Deflect","Storm of Steel"],"picked":"SKIP","floor":13},{"not_picked":["Acrobatics","Outmaneuver"],"picked":"Sucker Punch","floor":14},{"not_picked":["Die Die Die","Malaise"],"picked":"After Image","floor":16},{"not_picked":["Outmaneuver","Backstab"],"picked":"Caltrops","floor":17},{"not_picked":["Cloak And Dagger","Skewer","Blade Dance"],"picked":"SKIP","floor":18},{"not_picked":["Quick Slash","Slice"],"picked":"Escape Plan","floor":19},{"not_picked":["Underhanded Strike","Masterful Stab","Skewer"],"picked":"SKIP","floor":22},{"not_picked":["Accuracy+1","Bane","Reflex"],"picked":"SKIP","floor":28},{"not_picked":["Escape Plan","Deadly Poison+1"],"picked":"Footwork","floor":31},{"not_picked":["Unload","Die Die Die"],"picked":"Adrenaline","floor":33},{"not_picked":["Flying Knee","Quick Slash+1","Terror+1"],"picked":"SKIP","floor":35},{"not_picked":["Escape Plan+1","Deadly Poison","Masterful Stab"],"picked":"SKIP","floor":36},{"not_picked":["Acrobatics+1","Masterful Stab","Outmaneuver+1"],"picked":"SKIP","floor":38},{"not_picked":["PiercingWail","Blade Dance+1"],"picked":"Dagger Spray+1","floor":39},{"not_picked":["Crippling Poison","Flechettes"],"picked":"Blur+1","floor":41},{"not_picked":["Backflip","PiercingWail","Underhanded Strike+1"],"picked":"SKIP","floor":45},{"not_picked":["Skewer+1","Noxious Fumes+1"],"picked":"Blur","floor":46},{"not_picked":["Escape Plan","Dagger Spray+1","Catalyst"],"picked":"SKIP","floor":48}],"player_experience":369518,"relics_obtained":[{"floor":6,"key":"Eternal Feather"},{"floor":8,"key":"Darkstone Periapt"},{"floor":9,"key":"Ninja Scroll"},{"floor":26,"key":"Pear"},{"floor":43,"key":"PreservedInsect"},{"floor":47,"key":"Peace Pipe"}],"event_choices":[{"damage_healed":0,"gold_gain":0,"player_choice":"Success","damage_taken":7,"relics_obtained":["Lantern"],"max_hp_gain":0,"max_hp_loss":0,"event_name":"Scrap Ooze","floor":2,"gold_loss":0},{"damage_healed":0,"gold_gain":0,"player_choice":"Upgraded","damage_taken":0,"max_hp_gain":0,"max_hp_loss":0,"event_name":"Upgrade Shrine","floor":3,"gold_loss":0,"cards_upgraded":["Neutralize"]},{"cards_removed":["Strike_G"],"damage_healed":0,"gold_gain":0,"player_choice":"Offered Basic","damage_taken":0,"max_hp_gain":0,"max_hp_loss":0,"event_name":"Bonfire Elementals","floor":20,"gold_loss":0},{"damage_healed":0,"gold_gain":0,"player_choice":"Ignored","damage_taken":0,"max_hp_gain":0,"max_hp_loss":0,"event_name":"Vampires","floor":29,"gold_loss":0},{"damage_healed":0,"gold_gain":0,"player_choice":"Fight","damage_taken":0,"max_hp_gain":0,"max_hp_loss":0,"event_name":"MindBloom","floor":47,"gold_loss":0}],"is_beta":false,"boss_relics":[{"not_picked":["Ring of the Serpent","WristBlade"],"picked":"Tiny House"},{"not_picked":["Empty Cage","Snecko Eye"],"picked":"HoveringKite"}],"items_purged_floors":[4,21,24,37],"is_endless":false,"potions_floor_spawned":[5,6,13,16,22,31,36,38,39,41,47],"killed_by":"Donu and Deca","ascension_level":4}}