{"host":"detovitglhtzaqdj","time":1607979748,"event":{"mods":["AchievementEnabler","Aspiration","BaseMod","Better Altar","Better Match","Better Note","Better Sensory Stone","Better Skull","Better Third Choice","Colored Map","Colored Powertips","Current Relic Mod","Curses Come First","Custom Start","Downfall","Emptier Cage","Friendly Minions","Highlight Path","Minty Spire (QoL Compilation)","Practice Mode","Quick Restart","Remove Card Discount Mod","Replay The Spire","Shop Mod","Somnambulant","StSLib","The Jungle","Transform Curses"],"gold_per_floor":[113,130,130,140,158,183,183,183,183],"floor_reached":8,"playtime":426,"items_purged":[],"score":58,"play_id":"bede40f5-0bf8-46f5-b560-fb3eefaa9865","local_time":"20201215080228","is_ascension_mode":false,"campfire_choices":[],"circlet_count":0,"master_deck":["Strike_G","Strike_G","Strike_G","Strike_G","Strike_G","Defend_G","Defend_G","Defend_G","Defend_G","Defend_G","Survivor","Neutralize","Endless Agony","Poisoned Stab","Regret","Terror","Flying Knee","Corpse Explosion","Injury"],"relics":["Ring of the Snake","Blue Doll","Replay:Ringing Soul","Toxic Egg 2"],"acts_visited":["Exordium"],"potions_floor_usage":[8,8],"damage_taken":[{"damage":8.0,"enemies":"Jaw Worm","floor":1.0,"turns":4.0},{"damage":10.0,"enemies":"Small Slimes","floor":2.0,"turns":3.0},{"damage":0.0,"enemies":"Cultist","floor":4.0,"turns":3.0},{"damage":8.0,"enemies":"Blue Slaver","floor":5.0,"turns":3.0},{"damage":31.0,"enemies":"Gremlin Nob","floor":6.0,"turns":5.0},{"damage":26,"enemies":"Lagavulin","floor":8,"turns":5}],"seed_played":"-8140364419230347006","potions_obtained":[{"floor":1.0,"key":"Explosive Potion"},{"floor":2.0,"key":"Swift Potion"},{"floor":5.0,"key":"Milkshake"}],"is_trial":false,"path_per_floor":["M","M","?","M","M","E","?","E"],"character_chosen":"THE_SILENT","items_purchased":[],"campfire_rested":0,"item_purchase_floors":[],"current_hp_per_floor":[69,59,59,59,51,23,26,0,0],"gold":183,"neow_bonus":"TEN_PERCENT_HP_BONUS","is_daily":false,"chose_seed":false,"campfire_upgraded":0,"win_rate":0.0,"timestamp":1607979748,"path_taken":["M","M","?","M","M","E","?","E"],"items_purchased_type":[],"build_version":"2020-12-13","purchased_purges":0,"victory":false,"max_hp_per_floor":[77,77,77,77,77,80,83,83,83],"card_choices":[{"not_picked":["ReplayTheSpireMod:Shiv Toss","Blade Dance"],"picked":"Endless Agony","floor":1.0},{"not_picked":["Toxin Wave","Acrobatics"],"picked":"Poisoned Stab","floor":2.0},{"not_picked":["Predator","Calculated Gamble"],"picked":"Terror","floor":4.0},{"not_picked":["Underhanded Strike","Acrobatics"],"picked":"Flying Knee","floor":5.0},{"not_picked":["Finisher","Dagger Throw"],"picked":"Corpse Explosion","floor":6.0}],"player_experience":24389,"relics_obtained":[{"floor":6.0,"key":"Replay:Ringing Soul"}],"event_choices":[{"damage_healed":0.0,"max_hp_gain":0.0,"max_hp_loss":0.0,"gold_gain":0.0,"event_name":"Big Fish","player_choice":"Box","floor":3.0,"gold_loss":0.0,"damage_taken":0.0,"relics_obtained":["Blue Doll"],"cards_obtained":["Regret"]}],"is_beta":false,"boss_relics":[],"items_purged_floors":[],"is_endless":false,"potions_floor_spawned":[1,2,5],"killed_by":"Lagavulin","ascension_level":0}}