{"host":"5gc11emcm5chfr5t","time":1607987734,"event":{"mods":["2.2 Compatiblity","AchievementEnabler","BaseMod","Bestiary","Better Note","Colored Map","Colored Powertips","Downfall","Googly Eyes","Minty Spire (QoL Compilation)","Rare Cards Sparkle","Say the Spire","StSLib"],"gold_per_floor":[114,114,114,129,147,181,181,204,204,248,263,263,263,263,263,392,392,416,416,23,53,2,2,44,44,90,93,93],"floor_reached":27,"playtime":1013,"items_purged":[],"score":275,"play_id":"c0ec0da0-e614-43f1-803f-dadcef905b3b","local_time":"20201214181534","is_ascension_mode":true,"campfire_choices":[{"data":"sneckomod:Transmogrify","floor":7,"key":"SMITH"},{"floor":13,"key":"REST"},{"floor":15,"key":"REST"},{"floor":23,"key":"REST"}],"circlet_count":0,"master_deck":["sneckomod:TailWhip","sneckomod:SnekBite","sneckomod:Unknown","sneckomod:Unknown","sneckomod:UnknownDexterity","sneckomod:QuickMove","sneckomod:Transmogrify+1","sneckomod:UnknownStrength","sneckomod:MasterEye","sneckomod:UnknownEthereal","sneckomod:UnknownClassBLUE","sneckomod:UnknownBlock","sneckomod:DiceCrush","sneckomod:Unknown2Cost+1","sneckomod:UnknownUncommonPower","sneckomod:Bewildered","sneckomod:UnknownRarePower","sneckomod:UnknownClassPURPLE+1","sneckomod:PureSnecko+1","sneckomod:SnekBeam","sneckomod:Nope+1","sneckomod:GlitteringGambit+1","sneckomod:ImprovisedGuard+1","sneckomod:GlitteringGambit+1","sneckomod:DiceBoulder","sneckomod:UnknownBlock+1","sneckomod:IronFang","sneckomod:UnknownRareSkill+1"],"relics":["sneckomod:SneckoSoul","NeowsBlessing","Golden Idol","Shuriken","Toxic Egg 2","Pantograph","Lizard Tail","Runic Dome","Boot","Thread and Needle","Dream Catcher"],"acts_visited":["Exordium","TheCity"],"potions_floor_usage":[6,10,18,24,24],"damage_taken":[{"damage":0,"enemies":"2 Louse","floor":1,"turns":2},{"damage":0,"enemies":"Cultist","floor":4,"turns":1},{"damage":0,"enemies":"Jaw Worm","floor":5,"turns":1},{"damage":34,"enemies":"Lagavulin","floor":6,"turns":7},{"damage":5,"enemies":"Gremlin Gang","floor":8,"turns":4},{"damage":23,"enemies":"Gremlin Nob","floor":10,"turns":5},{"damage":9,"enemies":"2 Fungi Beasts","floor":11,"turns":7},{"damage":40,"enemies":"Slime Boss","floor":16,"turns":11},{"damage":23,"enemies":"2 Thieves","floor":18,"turns":3},{"damage":48,"enemies":"Spheric Guardian","floor":21,"turns":6},{"damage":68,"enemies":"Gremlin Leader","floor":24,"turns":6},{"damage":50,"enemies":"3 Cultists","floor":27,"turns":4}],"seed_played":"3474598282283432379","potions_obtained":[{"floor":1,"key":"SpeedPotion"},{"floor":8,"key":"LiquidBronze"},{"floor":16,"key":"AttackPotion"},{"floor":18,"key":"sneckomod:CheatPotion"},{"floor":21,"key":"GamblersBrew"}],"is_trial":false,"path_per_floor":["M","?","?","M","M","E","R","M","T","E","M","?","R","?","R","B",null,"M","?","$","M","$","R","E","T","T","M"],"character_chosen":"THE_SNECKO","items_purchased":["Lizard Tail","sneckomod:DiceBoulder","sneckomod:IronFang"],"campfire_rested":3,"item_purchase_floors":[20,20,22],"current_hp_per_floor":[91,84,84,85,85,52,52,48,48,26,18,19,46,46,73,63,92,69,69,69,22,22,49,40,40,40,0,0],"gold":93,"neow_bonus":"THREE_ENEMY_KILL","is_daily":false,"chose_seed":false,"campfire_upgraded":1,"win_rate":0.0,"timestamp":1607987734,"path_taken":["M","?","?","?","M","E","R","M","T","E","M","?","R","?","R","BOSS","M","?","$","M","?","R","E","?","T","?"],"items_purchased_type":["Relic","Card","Card"],"build_version":"2020-12-13","purchased_purges":0,"victory":false,"max_hp_per_floor":[91,84,84,85,85,86,86,87,87,88,89,90,90,90,90,91,92,92,92,92,93,93,93,94,94,94,94,94],"card_choices":[{"not_picked":["sneckomod:RainOfDice","sneckomod:UnknownCommonSkill"],"picked":"sneckomod:UnknownDexterity","floor":1},{"not_picked":["sneckomod:UnknownStrike","sneckomod:UnknownWeak"],"picked":"sneckomod:UnknownStrength","floor":4},{"not_picked":["sneckomod:UnknownDexterity","sneckomod:UnknownCommonSkill"],"picked":"sneckomod:MasterEye","floor":5},{"not_picked":["sneckomod:UnknownExhaust","sneckomod:DiceBlock"],"picked":"sneckomod:UnknownEthereal","floor":6},{"not_picked":["sneckomod:SoulDraw","sneckomod:QuickBite"],"picked":"sneckomod:UnknownClassBLUE","floor":8},{"not_picked":["sneckomod:SerpentMind","sneckomod:RainOfDice"],"picked":"sneckomod:UnknownBlock","floor":10},{"not_picked":["sneckomod:UnknownCommonAttack","sneckomod:SoulDraw"],"picked":"sneckomod:DiceCrush","floor":11},{"not_picked":["sneckomod:QuickBite","sneckomod:UnknownClassHEXA_GHOST_PURPLE+1"],"picked":"sneckomod:Unknown2Cost+1","floor":11},{"not_picked":["sneckomod:SoulExchange+1","sneckomod:Mudshield"],"picked":"sneckomod:UnknownRarePower","floor":16},{"not_picked":["sneckomod:WideSting","sneckomod:UnknownCommonAttack"],"picked":"sneckomod:ImprovisedGuard+1","floor":18},{"not_picked":["sneckomod:UnknownStrike","sneckomod:Nope+1"],"picked":"sneckomod:UnknownBlock+1","floor":21},{"not_picked":["sneckomod:Unknown1Cost+1","sneckomod:UnknownStrike"],"picked":"sneckomod:UnknownRareSkill+1","floor":24}],"player_experience":366788,"relics_obtained":[{"floor":6,"key":"Bottled Lightning"},{"floor":8,"key":"Pantograph"},{"floor":9,"key":"Shuriken"},{"floor":10,"key":"Shuriken"},{"floor":10,"key":"Meat on the Bone"},{"floor":11,"key":"Toxic Egg 2"},{"floor":16,"key":"Pantograph"},{"floor":18,"key":"Coffee Dripper"},{"floor":21,"key":"Runic Dome"},{"floor":24,"key":"Boot"},{"floor":24,"key":"Thread and Needle"},{"floor":26,"key":"Dream Catcher"}],"event_choices":[{"damage_healed":0,"gold_gain":0,"player_choice":"Lose Max HP","damage_taken":0,"relics_obtained":["Golden Idol"],"max_hp_gain":0,"max_hp_loss":7,"event_name":"Golden Idol","floor":2,"gold_loss":0},{"damage_healed":0,"gold_gain":0,"player_choice":"2 cards matched","damage_taken":0,"max_hp_gain":0,"max_hp_loss":0,"event_name":"Match and Keep!","floor":3,"gold_loss":0,"cards_obtained":["sneckomod:QuickMove","sneckomod:Transmogrify"]},{"damage_healed":0,"gold_gain":0,"cards_transformed":["sneckomod:Defend"],"player_choice":"Change","damage_taken":0,"max_hp_gain":0,"max_hp_loss":0,"event_name":"Living Wall","floor":12,"gold_loss":0,"cards_obtained":["sneckomod:UnknownUncommonPower"]},{"damage_healed":0,"gold_gain":0,"player_choice":"Copied","damage_taken":0,"max_hp_gain":0,"max_hp_loss":0,"event_name":"Duplicator","floor":19,"gold_loss":0,"cards_obtained":["sneckomod:GlitteringGambit"]}],"is_beta":false,"boss_relics":[{"not_picked":["Runic Pyramid","Fusion Hammer"],"picked":"Pandora\u0027s Box"}],"items_purged_floors":[],"is_endless":false,"potions_floor_spawned":[1,8,16,21],"killed_by":"3 Cultists","ascension_level":3}}