{"host":"y1qks9cbebtax51i","time":1607919071,"event":{"mods":["BaseMod","Better Match","Better Silent Start","BetterRewards","Colorless Booster Pack","Conspire","Downfall","Energized Spire","Exacting","GifTheSpireLib","Gremlin Mod","GungeonMod","Halation","Hubris","Hyrulean Relics","Infinite Spire","Magitek Elite","Minty Spire (QoL Compilation)","Rare Cards Sparkle","Replay The Spire","SacredBarkPlus","Small Relic Pack","Spikes Relics","Spire Birthday Party","StSLib","Stuff the Spire","The Construct","The Disciple","Trackpad","Useless Jewels Mod","everything is the same but u backflip on backflip","vexMod"],"gold_per_floor":[115,115,115,141,158,158,158],"floor_reached":6,"playtime":177,"items_purged":[],"score":45,"play_id":"7bd3200e-8707-4e43-9414-3490ab839f35","local_time":"20201213231111","is_ascension_mode":true,"campfire_choices":[],"circlet_count":0,"master_deck":["Strike_B","Strike_B","Strike_B","Strike_B+1","Defend_B","Defend_B+1","Defend_B","Defend_B+1","Zap+1","Dualcast","Sweeping Beam","Force Field","Genetic Algorithm"],"relics":["Cracked Core"],"acts_visited":["Exordium"],"potions_floor_usage":[],"damage_taken":[{"damage":18,"enemies":"Cultist","floor":1,"turns":3},{"damage":1,"enemies":"conspire:RoseBush","floor":4,"turns":3},{"damage":10,"enemies":"2 Louse","floor":5,"turns":2},{"damage":42,"enemies":"Gremlin Nob","floor":6,"turns":3}],"seed_played":"1052744852153250187","potions_obtained":[],"is_trial":false,"path_per_floor":["M","?","?","M","M","E"],"character_chosen":"DEFECT","items_purchased":[],"campfire_rested":0,"item_purchase_floors":[],"current_hp_per_floor":[57,42,42,41,31,0,0],"gold":158,"neow_bonus":"UPGRADE_CARD","is_daily":false,"chose_seed":false,"campfire_upgraded":0,"win_rate":0.0,"timestamp":1607919071,"path_taken":["M","?","?","M","M","E"],"items_purchased_type":[],"build_version":"2020-12-13","purchased_purges":0,"victory":false,"max_hp_per_floor":[75,75,75,75,75,75,75],"card_choices":[{"not_picked":["Redo","Hologram"],"picked":"Sweeping Beam","floor":1},{"not_picked":["Cold Snap","Turbo"],"picked":"Force Field","floor":4},{"not_picked":["Steam Power","Streamline"],"picked":"Genetic Algorithm","floor":5}],"player_experience":975571,"relics_obtained":[],"event_choices":[{"damage_healed":0,"gold_gain":0,"player_choice":"Entered Light","damage_taken":15,"max_hp_gain":0,"max_hp_loss":0,"event_name":"Shining Light","floor":2,"gold_loss":0,"cards_upgraded":["Defend_B","Defend_B"]}],"is_beta":false,"boss_relics":[],"items_purged_floors":[],"is_endless":false,"potions_floor_spawned":[],"killed_by":"Gremlin Nob","ascension_level":5}}