{"host":"pjgcdp3h1plnbocs","time":1607952735,"event":{"mods":["AchievementEnabler","BaseMod","Colored Map","Highlight Path","Minty Spire (QoL Compilation)"],"gold_per_floor":[117,117,133,133,58,101,122,158,182,213,237,257,257,273,273,392,392],"floor_reached":16,"playtime":535,"items_purged":["Defend_B"],"score":227,"play_id":"5b139406-429f-4889-ac51-92f6fdb0c452","local_time":"20201214143215","is_ascension_mode":true,"campfire_choices":[{"floor":13,"key":"REST"},{"data":"Capacitor","floor":15,"key":"SMITH"}],"circlet_count":0,"master_deck":["Strike_B","Strike_B","Strike_B","Defend_B","Defend_B","Defend_B","Zap","Dualcast","Sweeping Beam","Coolheaded","Beam Cell","Chill","Redo","Redo","Capacitor+1"],"relics":["Cracked Core","NeowsBlessing","Golden Idol","Bag of Marbles","Dream Catcher","Oddly Smooth Stone","Lizard Tail"],"acts_visited":["Exordium"],"potions_floor_usage":[8,16],"damage_taken":[{"damage":0,"enemies":"Small Slimes","floor":1,"turns":1},{"damage":0,"enemies":"Jaw Worm","floor":3,"turns":1},{"damage":0,"enemies":"3 Sentries","floor":6,"turns":1},{"damage":2,"enemies":"Cultist","floor":7,"turns":4},{"damage":12,"enemies":"Gremlin Nob","floor":8,"turns":3},{"damage":1,"enemies":"3 Sentries","floor":10,"turns":7},{"damage":16,"enemies":"Exordium Thugs","floor":11,"turns":4},{"damage":2,"enemies":"Exordium Wildlife","floor":12,"turns":2},{"damage":8,"enemies":"Gremlin Gang","floor":14,"turns":5},{"damage":31,"enemies":"Hexaghost","floor":16,"turns":14}],"seed_played":"8377030404647913167","potions_obtained":[{"floor":1,"key":"Swift Potion"},{"floor":7,"key":"EssenceOfSteel"},{"floor":10,"key":"PotionOfCapacity"},{"floor":14,"key":"Regen Potion"},{"floor":16,"key":"FearPotion"}],"is_trial":false,"path_per_floor":["M","?","M","?","$","E","M","E","T","E","M","M","R","M","R","B"],"character_chosen":"DEFECT","items_purchased":[],"campfire_rested":1,"item_purchase_floors":[],"current_hp_per_floor":[75,68,68,50,50,50,48,36,36,35,19,17,39,31,31,37,37],"gold":392,"neow_bonus":"THREE_ENEMY_KILL","is_daily":false,"chose_seed":false,"campfire_upgraded":1,"win_rate":0.0,"timestamp":1607952735,"path_taken":["M","?","M","?","?","E","?","E","T","E","M","M","R","M","R","BOSS"],"items_purchased_type":[],"build_version":"2020-12-13","purchased_purges":1,"victory":false,"max_hp_per_floor":[75,75,75,75,75,75,75,75,75,75,75,75,75,75,75,75,75],"card_choices":[{"not_picked":["Undo","Auto Shields","Steam"],"picked":"SKIP","floor":1},{"not_picked":["Stack","Blizzard"],"picked":"Sweeping Beam","floor":3},{"not_picked":["Steam","Rip and Tear"],"picked":"Coolheaded","floor":6},{"not_picked":["Compile Driver","Turbo"],"picked":"Beam Cell","floor":7},{"not_picked":["Stack","Rebound"],"picked":"Chill","floor":8},{"not_picked":["Electrodynamics","Tempest","Compile Driver"],"picked":"SKIP","floor":10},{"not_picked":["Fusion","Steam","Turbo"],"picked":"SKIP","floor":11},{"not_picked":["Sweeping Beam","Reboot"],"picked":"Redo","floor":12},{"not_picked":["Beam Cell","Leap"],"picked":"Redo","floor":13},{"not_picked":["Static Discharge","Gash"],"picked":"Capacitor","floor":14}],"player_experience":94567,"relics_obtained":[{"floor":6,"key":"Bag of Marbles"},{"floor":8,"key":"Dream Catcher"},{"floor":9,"key":"Oddly Smooth Stone"},{"floor":10,"key":"Lizard Tail"}],"event_choices":[{"cards_removed":["Strike_B"],"damage_healed":0,"gold_gain":0,"player_choice":"Card Removal","damage_taken":7,"max_hp_gain":0,"max_hp_loss":0,"event_name":"Golden Wing","floor":2,"gold_loss":0},{"damage_healed":0,"gold_gain":0,"player_choice":"Take Damage","damage_taken":18,"relics_obtained":["Golden Idol"],"max_hp_gain":0,"max_hp_loss":0,"event_name":"Golden Idol","floor":4,"gold_loss":0}],"is_beta":false,"boss_relics":[],"items_purged_floors":[5],"is_endless":false,"potions_floor_spawned":[1,7,10,14,16],"killed_by":"Hexaghost","ascension_level":3}}