{"host":"wwmqne3dwir10erh","time":1607986233,"event":{"mods":["BaseMod","Better Note","Hubris","Mimic Mod","Minty Spire (QoL Compilation)","Replay The Spire","StSLib","The Bladedancer"],"gold_per_floor":[19,37,56,75,85,120,120,120,120,120,137,148,27,27,27,126,126,141,152,152,152,167,167,184,184,208,243,258,56,91,105,105,201,201,213,231,231,10,29,54,54,72,72,101,101,101,15,25,25,59,59,59],"floor_reached":53,"playtime":3133,"items_purged":["Strike_G","Defend_G"],"score":904,"play_id":"8a6c6a74-f1db-4c56-ad79-5bdbffebcf55","local_time":"20201214175033","is_ascension_mode":true,"campfire_choices":[{"floor":7.0,"key":"REST"},{"data":"Neutralize","floor":10.0,"key":"SMITH"},{"data":"Noxious Fumes","floor":15.0,"key":"SMITH"},{"floor":23.0,"key":"REST"},{"data":"Footwork","floor":25.0,"key":"SMITH"},{"floor":32.0,"key":"REST"},{"floor":41,"key":"REST"},{"floor":49,"key":"REST"},{"data":"Apotheosis","floor":51,"key":"SMITH"}],"circlet_count":0,"master_deck":["Defend_G","Defend_G","Defend_G","Defend_G","Survivor","Deadly Poison","Blade Dance","Deadly Poison","Bane","Blade Dance","Distraction","Blade Dance","Noxious Fumes+1","Dagger Spray","Bullet Time","AbeCurse","Dodge and Roll","Deflect+1","Fluid Movement","Bane+1","Footwork+1","Blade Dance+1","Riddle With Holes","ReplayTheSpireMod:Speed Training","Escape Plan","Adrenaline","Shame","hubris:Wrath","hubris:Despair","Cloak And Dagger+1","Endless Agony","Footwork","Masterful Stab","Glass Knife","Master of Strategy","hubris:DuctTapeCard","Heel Hook+1","Acrobatics","Deadly Poison","Apotheosis+1"],"relics":["Ring of the Snake","hubris:Spice","hubris:Icosahedron","Replay:Accelerometer","Abe\u0027s Treasure","ReplayFunnel","Membership Card","Replay:Ancient Bell","Replay:Baseball","hubris:DuctTape","hubris:Potato","Mummified Hand","BargainBundle","Frozen Egg 2","Pen Nib"],"acts_visited":["Exordium","TheCity","TheBeyond"],"potions_floor_usage":[39,39,40,48,52,52],"damage_taken":[{"damage":2.0,"enemies":"Cultist","floor":1.0,"turns":5.0},{"damage":2.0,"enemies":"Small Slimes","floor":2.0,"turns":6.0},{"damage":4.0,"enemies":"2 Louse","floor":3.0,"turns":3.0},{"damage":4.0,"enemies":"Large Slime","floor":4.0,"turns":8.0},{"damage":3.0,"enemies":"Looter","floor":5.0,"turns":3.0},{"damage":15.0,"enemies":"Gremlin Nob","floor":6.0,"turns":4.0},{"damage":0.0,"enemies":"Gremlin Gang","floor":11.0,"turns":5.0},{"damage":3.0,"enemies":"2 Fungi Beasts","floor":12.0,"turns":3.0},{"damage":19.0,"enemies":"Hexaghost","floor":16.0,"turns":7.0},{"damage":6.0,"enemies":"Chosen","floor":18.0,"turns":4.0},{"damage":24.0,"enemies":"Spheric Guardian","floor":19.0,"turns":5.0},{"damage":13.0,"enemies":"Snecko","floor":22.0,"turns":5.0},{"damage":3.0,"enemies":"Chosen and Byrds","floor":24.0,"turns":8.0},{"damage":3.0,"enemies":"Gremlin Leader","floor":27.0,"turns":7.0},{"damage":9.0,"enemies":"Snake Plant","floor":28.0,"turns":5.0},{"damage":6.0,"enemies":"Book of Stabbing","floor":30.0,"turns":5.0},{"damage":0.0,"enemies":"Shelled Parasite and Fungi","floor":31.0,"turns":5.0},{"damage":46.0,"enemies":"hubris:MusketHawk","floor":33.0,"turns":11.0},{"damage":0.0,"enemies":"Orb Walker","floor":35.0,"turns":3.0},{"damage":20.0,"enemies":"3 Darklings","floor":36.0,"turns":6.0},{"damage":0,"enemies":"Writhing Mass","floor":39,"turns":7},{"damage":21,"enemies":"Giant Head","floor":40,"turns":7},{"damage":0,"enemies":"Maw","floor":42,"turns":7},{"damage":10,"enemies":"Reptomancer","floor":44,"turns":8},{"damage":10,"enemies":"Sphere and 2 Shapes","floor":48,"turns":6},{"damage":5,"enemies":"Giant Head","floor":50,"turns":7},{"damage":33,"enemies":"Donu and Deca","floor":52,"turns":9}],"seed_played":"-5634056752278248146","potions_obtained":[{"floor":5.0,"key":"SneckoOil"},{"floor":11.0,"key":"LiquidMemories"},{"floor":12.0,"key":"AttackPotion"},{"floor":19.0,"key":"Adrenaline Potion"},{"floor":24.0,"key":"Doom Potion"},{"floor":27.0,"key":"Explosive Potion"},{"floor":28.0,"key":"LiquidMemories"},{"floor":30.0,"key":"DistilledChaos"},{"floor":35.0,"key":"Swift Potion"},{"floor":40,"key":"Adrenaline Potion"},{"floor":42,"key":"AttackPotion"},{"floor":50,"key":"BlessingOfTheForge"}],"is_trial":false,"path_per_floor":["M","M","M","M","M","E","R","?","T","R","M","M","$","?","R","B",null,"M","M","?","?","M","R","M","R","T","E","M","$","E","M","R","B",null,"M","M","?","$","M","E","R","M","T","E","PTL","PTL","$","M","R","E","R","B",null],"character_chosen":"THE_SILENT","items_purchased":["Noxious Fumes","Dagger Spray","Membership Card","Riddle With Holes","Mummified Hand","BargainBundle","Footwork","Masterful Stab","Glass Knife","Master of Strategy","DuplicationPotion","Apotheosis"],"campfire_rested":5,"item_purchase_floors":[13,13,29,29,38,38,38,38,38,38,38,47],"current_hp_per_floor":[82,80,76,72,69,62,89,89,89,89,89,86,86,79,79,60,92,86,62,62,62,49,76,73,73,73,78,69,69,63,63,93,47,100,100,80,80,80,80,59,86,86,86,76,76,76,76,66,92,87,87,54],"gold":59,"neow_bonus":"TWENTY_PERCENT_HP_BONUS","is_daily":false,"chose_seed":false,"campfire_upgraded":4,"win_rate":0.0,"timestamp":1607986233,"path_taken":["M","M","M","?","M","E","R","?","T","R","M","M","$","?","R","BOSS","M","M","?","?","M","R","M","R","T","E","M","$","E","M","R","BOSS","M","?","?","$","M","E","R","M","T","E","PTL","PTL","?","M","R","E","R","BOSS"],"items_purchased_type":["Card","Card","Relic","Card","Relic","Relic","Card","Card","Card","Card","Potion","Card"],"build_version":"2020-12-13","purchased_purges":2,"victory":true,"max_hp_per_floor":[84,84,84,84,84,92,92,92,92,92,92,92,92,92,92,92,92,92,92,92,92,92,92,92,92,92,100,100,100,100,100,100,100,100,100,92,92,92,92,92,92,92,92,92,92,92,92,92,92,92,92,92],"card_choices":[{"not_picked":["Outmaneuver","Underhanded Strike"],"picked":"Deflect","floor":1.0},{"not_picked":["Deflect","Blur"],"picked":"Deadly Poison","floor":2.0},{"not_picked":["Dash","Backstab"],"picked":"Blade Dance","floor":3.0},{"not_picked":["Sucker Punch","Cloak And Dagger"],"picked":"Deadly Poison","floor":4.0},{"not_picked":["Heel Hook","Flying Knee"],"picked":"Bane","floor":5.0},{"not_picked":["Heel Hook","Night Terror"],"picked":"Blade Dance","floor":6.0},{"not_picked":["Tactician","Deflect"],"picked":"Distraction","floor":11.0},{"not_picked":["hubris:SlightOfHand","Quick Slash"],"picked":"Blade Dance","floor":12.0},{"not_picked":["Grand Finale","A Thousand Cuts"],"picked":"Bullet Time","floor":16.0},{"not_picked":["Deflect","Acrobatics"],"picked":"Dodge and Roll","floor":18.0},{"not_picked":["Cloak And Dagger","ReplayTheSpireMod:The Works"],"picked":"Deflect+1","floor":19.0},{"not_picked":["Hidden Blade","PiercingWail"],"picked":"Bane+1","floor":22.0},{"not_picked":["Prepared","Accuracy"],"picked":"Footwork","floor":24.0},{"not_picked":["Backflip","Unload"],"picked":"Blade Dance+1","floor":27.0},{"not_picked":["Outmaneuver","Underhanded Strike","ReplayTheSpireMod:Tripwire"],"picked":"SKIP","floor":28.0},{"not_picked":["Catalyst","hubris:SpiceAddiction"],"picked":"ReplayTheSpireMod:Speed Training","floor":30.0},{"not_picked":["Deflect+1","Finisher"],"picked":"Escape Plan","floor":31.0},{"not_picked":["Envenom","Malaise"],"picked":"Adrenaline","floor":33.0},{"not_picked":["CurseOfTheBell","Hallucinations"],"picked":"Shame","floor":34.0},{"not_picked":["ReplayTheSpireMod:Restless Dread","Pain"],"picked":"hubris:Wrath","floor":34.0},{"not_picked":["Spreading Infection","Pain"],"picked":"hubris:Despair","floor":34.0},{"not_picked":["Outmaneuver+1","Dagger Spray+1"],"picked":"Cloak And Dagger+1","floor":35.0},{"not_picked":["Deadly Poison","Dodge and Roll+1"],"picked":"hubris:SpiceAddiction","floor":36.0},{"not_picked":["Quick Slash","Well Laid Plans+1","Infinite Blades"],"picked":"SKIP","floor":39},{"not_picked":["hubris:SpiceAddiction","Quick Slash"],"picked":"Heel Hook+1","floor":40},{"not_picked":["Cloak And Dagger+1","Bane"],"picked":"Acrobatics","floor":42},{"not_picked":["hubris:SpiceAddiction","hubris:SpiceAddiction"],"picked":"Deadly Poison","floor":44},{"not_picked":["Bouncing Flask","Poisoned Stab","ReplayTheSpireMod:Necrosis"],"picked":"SKIP","floor":48},{"not_picked":["ReplayTheSpireMod:Tripwire+1","Flying Knee","Outmaneuver"],"picked":"SKIP","floor":50}],"player_experience":2218976,"relics_obtained":[{"floor":6.0,"key":"hubris:Spice"},{"floor":9.0,"key":"Replay:Accelerometer"},{"floor":26.0,"key":"ReplayFunnel"},{"floor":27.0,"key":"hubris:Spice"},{"floor":44,"key":"Frozen Egg 2"},{"floor":50,"key":"Pen Nib"}],"event_choices":[{"cards_removed":["Strike_G"],"damage_healed":0.0,"max_hp_gain":0.0,"max_hp_loss":0.0,"gold_gain":0.0,"event_name":"Golden Wing","player_choice":"Card Removal","floor":14.0,"gold_loss":0.0,"damage_taken":7.0},{"cards_removed":["Strike_G"],"damage_healed":0.0,"max_hp_gain":0.0,"max_hp_loss":0.0,"gold_gain":0.0,"event_name":"Bonfire Elementals","player_choice":"Offered Basic","floor":20.0,"gold_loss":0.0,"damage_taken":0.0},{"damage_healed":0.0,"max_hp_gain":0.0,"max_hp_loss":0.0,"gold_gain":0.0,"cards_transformed":["Strike_G"],"event_name":"Transmorgrifier","player_choice":"Transformed","floor":21.0,"gold_loss":0.0,"damage_taken":0.0,"cards_obtained":["Fluid Movement"]},{"damage_healed":0.0,"max_hp_gain":0.0,"max_hp_loss":0.0,"gold_gain":0.0,"cards_transformed":["Strike_G"],"event_name":"Transmorgrifier","player_choice":"Transformed","floor":37.0,"gold_loss":0.0,"damage_taken":0.0,"cards_obtained":["Endless Agony"]}],"is_beta":false,"boss_relics":[{"not_picked":["Pandora\u0027s Box","Kintsugi"],"picked":"Abe\u0027s Treasure"},{"not_picked":["hubris:Spice","hubris:Spice"],"picked":"Replay:Ancient Bell"},{"not_picked":["Bag of Preparation","Anchor"],"picked":"Replay:Baseball"},{"not_picked":["hubris:Spice","hubris:DisguiseKit"],"picked":"hubris:DuctTape"},{"not_picked":["hubris:Spice","Peace Pipe"],"picked":"hubris:Potato"}],"items_purged_floors":[29,38],"is_endless":false,"potions_floor_spawned":[5,11,12,19,24,27,28,30,35,36,40,42,50],"ascension_level":1}}