{"host":"9kesdg97wkrx2bva","time":1607927408,"event":{"mods":["AchievementEnabler","BaseMod","Colored Map","GifTheSpireLib","Infinite Spire","Minty Spire (QoL Compilation)","Replay The Spire","StSLib"],"gold_per_floor":[113,113,38,38,88,119,145,145,200,259,66,66,108,129,129,139,139],"floor_reached":16,"playtime":478,"items_purged":["Strike_G"],"score":194,"play_id":"46c7c756-1b61-4467-b4ee-ec770ea80373","local_time":"20201214003008","is_ascension_mode":true,"campfire_choices":[{"floor":12,"key":"REST"},{"floor":15,"key":"REST"}],"circlet_count":0,"master_deck":["AscendersBane","Strike_G","Strike_G","Strike_G","Strike_G+1","Defend_G","Defend_G","Defend_G+1","Defend_G","Survivor","Neutralize","Skewer","Quick Slash","Reflex","Deadly Poison","Footwork","Predator"],"relics":["Ring of the Snake","Golden Idol","Replay:Baseball","ReplayTheSpireMod:TigerMarble","Replay:Bandana","infinitespire:Lucky Rock","Akabeko","Snake Skull","infinitespire:Bottled Soul"],"acts_visited":["Exordium"],"potions_floor_usage":[13,16],"damage_taken":[{"damage":1,"enemies":"Jaw Worm","floor":1,"turns":3},{"damage":32,"enemies":"3 Sentries","floor":6,"turns":10},{"damage":5,"enemies":"Gremlin Nob","floor":10,"turns":4},{"damage":14,"enemies":"3 Sentries","floor":13,"turns":9},{"damage":0,"enemies":"2 Louse","floor":14,"turns":2},{"damage":32,"enemies":"Hexaghost","floor":16,"turns":10}],"seed_played":"4126627853258665593","potions_obtained":[{"floor":10,"key":"Poison Potion"}],"is_trial":false,"path_per_floor":["M","?","$","?","T","E","T","?","T","E","$","R","E","M","R","B"],"character_chosen":"THE_SILENT","items_purchased":["Deadly Poison","Snake Skull"],"campfire_rested":2,"item_purchase_floors":[11,11],"current_hp_per_floor":[58,58,58,46,46,14,14,14,14,9,9,27,13,13,31,0,0],"gold":139,"neow_bonus":"REMOVE_CARD","is_daily":false,"chose_seed":false,"campfire_upgraded":0,"win_rate":0.0,"timestamp":1607927408,"path_taken":["M","?","$","?","?","E","?","?","T","E","$","R","E","M","R","BOSS"],"items_purchased_type":["Card","Relic"],"build_version":"2020-12-13","purchased_purges":1,"victory":false,"max_hp_per_floor":[66,61,61,61,61,61,61,61,61,61,61,61,61,61,61,61,61],"card_choices":[{"not_picked":["ReplayTheSpireMod:Exploit Weakness","Bane"],"picked":"Skewer","floor":1},{"not_picked":["Expertise","Concentrate"],"picked":"Quick Slash","floor":6},{"not_picked":["Flying Knee","Escape Plan"],"picked":"Reflex","floor":10},{"not_picked":["Predator","Acrobatics"],"picked":"Footwork","floor":13},{"not_picked":["Fluid Movement","Dagger Spray"],"picked":"Predator","floor":14}],"player_experience":890845,"relics_obtained":[{"floor":5,"key":"Replay:Baseball"},{"floor":6,"key":"ReplayTheSpireMod:TigerMarble"},{"floor":7,"key":"Replay:Bandana"},{"floor":9,"key":"infinitespire:Lucky Rock"},{"floor":10,"key":"Akabeko"},{"floor":13,"key":"infinitespire:Bottled Soul"}],"event_choices":[{"damage_healed":0,"gold_gain":0,"player_choice":"Lose Max HP","damage_taken":0,"relics_obtained":["Golden Idol"],"max_hp_gain":0,"max_hp_loss":5,"event_name":"Golden Idol","floor":2,"gold_loss":0},{"damage_healed":0,"gold_gain":0,"player_choice":"Entered Light","damage_taken":12,"max_hp_gain":0,"max_hp_loss":0,"event_name":"Shining Light","floor":4,"gold_loss":0,"cards_upgraded":["Defend_G","Strike_G"]}],"is_beta":false,"boss_relics":[],"items_purged_floors":[3],"is_endless":false,"potions_floor_spawned":[10],"killed_by":"Hexaghost","ascension_level":14}}