{"host":"if46sxignvy4ka0k","time":1607912033,"event":{"mods":["BaseMod","Minty Spire (QoL Compilation)","StSLib","The Cursed"],"gold_per_floor":[114,114,114,114,127,170,170,211,237,250,250,35,35,48,48,176,176,165,165,9,9,22,56,56,70,95,116,116,132,132,132],"floor_reached":30,"playtime":1120,"items_purged":[],"score":283,"play_id":"607a79f2-bd51-4af5-954c-14ab2aee21e7","local_time":"20201213201353","is_ascension_mode":false,"campfire_choices":[{"data":"TheCursedMod:CircleOfAbyss","floor":7,"key":"SMITH"},{"floor":11,"key":"REST"},{"data":"TheCursedMod:CursedMace","floor":15,"key":"SMITH"},{"data":"TheCursedMod:CircleOfFlame","floor":24,"key":"SMITH"}],"circlet_count":0,"master_deck":["TheCursedMod:Strike_TheCursed","TheCursedMod:Strike_TheCursed","TheCursedMod:Strike_TheCursed","TheCursedMod:Defend_TheCursed","TheCursedMod:Defend_TheCursed","TheCursedMod:Defend_TheCursed","TheCursedMod:CursedWand","TheCursedMod:CleanUpWorkshop","TheCursedMod:Dregs","TheCursedMod:SmokeScreen","Injury","TheCursedMod:CursedMace+1","TheCursedMod:CircleOfAbyss+1","TheCursedMod:CircleOfFlame","TheCursedMod:CircleOfFlame+1","TheCursedMod:HellfireBreathing+1","TheCursedMod:Stigma","TheCursedMod:StingEye","TheCursedMod:CircleOfAbyss","CurseOfTheBell","TheCursedMod:TroublousMinions","Writhe","TheCursedMod:LuckyCharm+1","TheCursedMod:HellfireBreathing+1","TheCursedMod:OutForBlood+1","TheCursedMod:CursedBlade+1","TheCursedMod:LuckyCharm+1","TheCursedMod:Obscuration"],"relics":["TheCursedMod:BlackMagic101","NeowsBlessing","Golden Idol","Regal Pillow","Frozen Egg 2","Bottled Flame","Orichalcum","Membership Card","Calling Bell","Nunchaku","Question Card","Incense Burner","Letter Opener","Darkstone Periapt","HornCleat","Art of War"],"acts_visited":["Exordium","TheCity"],"potions_floor_usage":[16,23,30,30,30],"damage_taken":[{"damage":0,"enemies":"2 Louse","floor":1,"turns":1},{"damage":0,"enemies":"Small Slimes","floor":5,"turns":1},{"damage":0,"enemies":"3 Sentries","floor":6,"turns":1},{"damage":34,"enemies":"Lagavulin","floor":8,"turns":9},{"damage":0,"enemies":"Cultist","floor":10,"turns":3},{"damage":8,"enemies":"Blue Slaver","floor":14,"turns":4},{"damage":21,"enemies":"Slime Boss","floor":16,"turns":8},{"damage":12,"enemies":"2 Thieves","floor":18,"turns":4},{"damage":0,"enemies":"Shell Parasite","floor":22,"turns":6},{"damage":14,"enemies":"Slavers","floor":23,"turns":5},{"damage":8,"enemies":"Chosen and Byrds","floor":25,"turns":6},{"damage":3,"enemies":"Snake Plant","floor":27,"turns":5},{"damage":0,"enemies":"Centurion and Healer","floor":29,"turns":7},{"damage":33,"enemies":"Gremlin Leader","floor":30,"turns":4}],"seed_played":"6974646091905485733","potions_obtained":[{"floor":8,"key":"SteroidPotion"},{"floor":10,"key":"Fire Potion"},{"floor":22,"key":"ColorlessPotion"},{"floor":25,"key":"SpeedPotion"},{"floor":29,"key":"FearPotion"}],"is_trial":false,"path_per_floor":["M","?","?","?","M","E","R","E","T","M","R","$","?","M","R","B",null,"M","?","$","?","M","E","R","M","T","M","?","M","E"],"character_chosen":"THE_CURSED","items_purchased":["Membership Card","TheCursedMod:HellfireBreathing+1","TheCursedMod:Stigma","TheCursedMod:LuckyCharm+1","Darkstone Periapt"],"campfire_rested":1,"item_purchase_floors":[12,12,12,20,20],"current_hp_per_floor":[75,75,68,50,50,50,50,16,16,16,53,53,53,45,45,24,75,63,63,63,63,63,49,49,41,41,38,32,32,0,0],"gold":132,"neow_bonus":"THREE_ENEMY_KILL","is_daily":false,"chose_seed":false,"campfire_upgraded":3,"win_rate":0.0,"timestamp":1607912033,"path_taken":["M","?","?","?","M","E","R","E","T","M","R","$","?","?","R","BOSS","M","?","$","?","M","E","R","M","T","M","?","M","E"],"items_purchased_type":["Relic","Card","Card","Card","Relic"],"build_version":"2020-12-13","purchased_purges":0,"victory":false,"max_hp_per_floor":[75,75,75,75,75,75,75,75,75,75,75,75,75,75,75,75,75,75,75,75,75,75,75,75,75,75,75,75,75,75,75],"card_choices":[{"not_picked":["TheCursedMod:RapidMovement","TheCursedMod:TacticalStrike"],"picked":"TheCursedMod:SmokeScreen","floor":1},{"not_picked":["TheCursedMod:Wield","TheCursedMod:CursedSpellbook"],"picked":"TheCursedMod:CursedMace","floor":5},{"not_picked":["TheCursedMod:ManaBullet","TheCursedMod:VitalStrike"],"picked":"TheCursedMod:CircleOfAbyss","floor":6},{"not_picked":["TheCursedMod:Obscuration","TheCursedMod:ParallelWorld"],"picked":"TheCursedMod:CircleOfFlame","floor":8},{"not_picked":["TheCursedMod:Torture","TheCursedMod:FleshFromBone"],"picked":"TheCursedMod:CircleOfFlame","floor":10},{"not_picked":["TheCursedMod:RapidMovement","TheCursedMod:BlessingInDisguise"],"picked":"TheCursedMod:StingEye","floor":14},{"not_picked":["TheCursedMod:Neurasthenia","TheCursedMod:StunningStrike"],"picked":"TheCursedMod:CircleOfAbyss","floor":16},{"not_picked":["TheCursedMod:WearCloak","TheCursedMod:FleshFromBone+1","TheCursedMod:ManaBullet"],"picked":"TheCursedMod:TroublousMinions","floor":18},{"not_picked":["TheCursedMod:DoubleShield","TheCursedMod:RapidMovement","TheCursedMod:SpitefulStrike","TheCursedMod:Stretching"],"picked":"SKIP","floor":22},{"not_picked":["TheCursedMod:Obscuration","TheCursedMod:ReleasedStrength","TheCursedMod:CircleOfFlame+1"],"picked":"TheCursedMod:OutForBlood+1","floor":23},{"not_picked":["TheCursedMod:RavingStaff","TheCursedMod:CircleOfCorruption","TheCursedMod:DemonSword"],"picked":"TheCursedMod:CursedBlade+1","floor":25},{"not_picked":["TheCursedMod:TacticalStrike","TheCursedMod:VitalStrike+1","TheCursedMod:AshesToAshes"],"picked":"TheCursedMod:LuckyCharm+1","floor":27},{"not_picked":["TheCursedMod:SpitefulStrike","TheCursedMod:WearCloak+1","TheCursedMod:FuryStrike"],"picked":"TheCursedMod:Obscuration","floor":29}],"player_experience":2089957,"relics_obtained":[{"floor":6,"key":"Frozen Egg 2"},{"floor":8,"key":"Bottled Flame"},{"floor":9,"key":"Orichalcum"},{"floor":17,"key":"Nunchaku"},{"floor":17,"key":"Question Card"},{"floor":17,"key":"Incense Burner"},{"floor":23,"key":"HornCleat"},{"floor":26,"key":"Art of War"}],"event_choices":[{"damage_healed":0,"gold_gain":0,"player_choice":"Take Wound","damage_taken":0,"relics_obtained":["Golden Idol"],"max_hp_gain":0,"max_hp_loss":0,"event_name":"Golden Idol","floor":2,"gold_loss":0,"cards_obtained":["Injury"]},{"cards_removed":["TheCursedMod:Defend_TheCursed"],"damage_healed":0,"gold_gain":0,"player_choice":"Card Removal","damage_taken":7,"max_hp_gain":0,"max_hp_loss":0,"event_name":"Golden Wing","floor":3,"gold_loss":0},{"damage_healed":0,"gold_gain":0,"player_choice":"Success","damage_taken":18,"relics_obtained":["Regal Pillow"],"max_hp_gain":0,"max_hp_loss":0,"event_name":"Scrap Ooze","floor":4,"gold_loss":0},{"cards_removed":["TheCursedMod:Strike_TheCursed"],"damage_healed":0,"gold_gain":0,"player_choice":"Purged","damage_taken":0,"max_hp_gain":0,"max_hp_loss":0,"event_name":"Purifier","floor":13,"gold_loss":0},{"damage_healed":0,"gold_gain":0,"player_choice":"Opened","damage_taken":0,"relics_obtained":["Letter Opener"],"max_hp_gain":0,"max_hp_loss":0,"event_name":"The Mausoleum","floor":19,"gold_loss":0,"cards_obtained":["Writhe"]},{"damage_healed":0,"gold_gain":0,"player_choice":"Read","damage_taken":0,"max_hp_gain":0,"max_hp_loss":0,"event_name":"The Library","floor":21,"gold_loss":0,"cards_obtained":["TheCursedMod:HellfireBreathing"]},{"damage_healed":0,"gold_gain":0,"player_choice":"","damage_taken":6,"max_hp_gain":0,"max_hp_loss":0,"event_name":"Knowing Skull","floor":28,"potions_obtained":[],"gold_loss":0,"cards_obtained":[]}],"is_beta":false,"boss_relics":[{"not_picked":["TheCursedMod:BlackMagicAdvanced","Runic Dome"],"picked":"Calling Bell"}],"items_purged_floors":[],"is_endless":false,"potions_floor_spawned":[8,10,22,25,29],"killed_by":"Gremlin Leader","ascension_level":0}}