{"host":"ih7ofq2zpufcoifs","time":1607979136,"event":{"mods":["BaseMod","Colored Map","Minty Spire (QoL Compilation)"],"gold_per_floor":[119,134,209,220,238,238,263,263,263,263,273,273,273,606,606,709,709,723,723,249,265,190,190,204,236,236,248,260,260,290,303,303,402,402,415,415,432,452,503,532,532,412,412,412,424,449,449,135,135,135,135,135,14,46,46],"floor_reached":56,"playtime":7319,"items_purged":["Strike_R","Defend_R","Pain"],"score":1853,"play_id":"f4b24381-eeed-418e-8a9f-ab4a67faa08f","local_time":"20201215065216","is_ascension_mode":true,"campfire_choices":[{"data":"Inflame","floor":6.0,"key":"SMITH"},{"data":"Combust","floor":8.0,"key":"SMITH"},{"floor":10.0,"key":"REST"},{"data":"Wild Strike","floor":12.0,"key":"SMITH"},{"data":"Disarm","floor":15.0,"key":"SMITH"},{"data":"Immolate","floor":23.0,"key":"SMITH"},{"data":"Ghostly","floor":29.0,"key":"SMITH"},{"data":"Ghostly","floor":32.0,"key":"SMITH"},{"floor":41.0,"key":"RECALL"},{"data":"1","floor":47.0,"key":"LIFT"},{"data":"Evolve","floor":49.0,"key":"SMITH"},{"data":"Ghostly","floor":52,"key":"SMITH"}],"circlet_count":0,"master_deck":["AscendersBane","Strike_R","Strike_R","Defend_R","Defend_R","Defend_R","Bash","Wild Strike+1","Inflame+1","Battle Trance","Combust+1","Disarm+1","Immolate+1","True Grit+1","Ghostly+1","Ghostly","Ghostly","Ghostly+1","Ghostly+1","Spot Weakness","Dark Embrace","Burning Pact","Shockwave+1","Seeing Red+1","True Grit+1","Immolate","Uppercut+1","Deep Breath+1","Dark Shackles+1","Secret Weapon+1","Warcry+1","Spot Weakness+1","Shrug It Off+1","Limit Break+1","Dropkick+1","Burning Pact+1","Evolve+1","True Grit+1","Dark Shackles+1"],"relics":["Burning Blood","Dream Catcher","Art of War","Old Coin","Runic Pyramid","Pen Nib","Lee\u0027s Waffle","Anchor","Toxic Egg 2","Kunai","Mark of Pain","Girya","Smiling Mask","Meat on the Bone","WarpedTongs","Juzu Bracelet","ClockworkSouvenir","Bag of Preparation"],"acts_visited":["Exordium","TheCity","TheBeyond","TheEnding"],"potions_floor_usage":[55],"damage_taken":[{"damage":7.0,"enemies":"Jaw Worm","floor":1.0,"turns":6.0},{"damage":0.0,"enemies":"Small Slimes","floor":2.0,"turns":3.0},{"damage":3.0,"enemies":"2 Louse","floor":4.0,"turns":2.0},{"damage":4.0,"enemies":"Large Slime","floor":5.0,"turns":5.0},{"damage":30.0,"enemies":"Lagavulin","floor":7.0,"turns":7.0},{"damage":22.0,"enemies":"Looter","floor":11.0,"turns":3.0},{"damage":27.0,"enemies":"Gremlin Nob","floor":14.0,"turns":4.0},{"damage":13.0,"enemies":"The Guardian","floor":16.0,"turns":15.0},{"damage":26.0,"enemies":"2 Thieves","floor":18.0,"turns":4.0},{"damage":7.0,"enemies":"3 Byrds","floor":21.0,"turns":6.0},{"damage":4.0,"enemies":"Shelled Parasite and Fungi","floor":24.0,"turns":6.0},{"damage":21.0,"enemies":"Book of Stabbing","floor":25.0,"turns":7.0},{"damage":0.0,"enemies":"Snake Plant","floor":27.0,"turns":6.0},{"damage":1.0,"enemies":"Sentry and Sphere","floor":28.0,"turns":4.0},{"damage":18.0,"enemies":"Slavers","floor":30.0,"turns":5.0},{"damage":3.0,"enemies":"Cultist and Chosen","floor":31.0,"turns":6.0},{"damage":26.0,"enemies":"Champ","floor":33.0,"turns":16.0},{"damage":0.0,"enemies":"3 Darklings","floor":35.0,"turns":4.0},{"damage":0.0,"enemies":"3 Shapes","floor":37.0,"turns":2.0},{"damage":0.0,"enemies":"Maw","floor":38.0,"turns":7.0},{"damage":3.0,"enemies":"2 Orb Walkers","floor":39.0,"turns":5.0},{"damage":2.0,"enemies":"Nemesis","floor":40.0,"turns":7.0},{"damage":3.0,"enemies":"3 Darklings","floor":45.0,"turns":5.0},{"damage":4.0,"enemies":"Giant Head","floor":46.0,"turns":9.0},{"damage":12,"enemies":"Awakened One","floor":50,"turns":13},{"damage":1,"enemies":"Shield and Spear","floor":54,"turns":6},{"damage":59,"enemies":"The Heart","floor":55,"turns":12}],"seed_played":"-5792240683107565614","potions_obtained":[{"floor":4.0,"key":"BloodPotion"},{"floor":5.0,"key":"GamblersBrew"},{"floor":11.0,"key":"ColorlessPotion"},{"floor":18.0,"key":"SteroidPotion"},{"floor":24.0,"key":"Explosive Potion"},{"floor":25.0,"key":"FearPotion"},{"floor":31.0,"key":"DuplicationPotion"},{"floor":38.0,"key":"FairyPotion"},{"floor":40.0,"key":"Block Potion"},{"floor":45.0,"key":"SkillPotion"}],"is_trial":false,"path_per_floor":["M","M","?","M","M","R","E","R","T","R","M","R","?","E","R","B",null,"M","?","$","M","?","R","M","E","T","M","M","R","E","M","R","B",null,"M","?","M","M","?","E","R","$","T","?","M","E","R","$","R","B",null,"R","$","E","B",null],"character_chosen":"IRONCLAD","items_purchased":["Spot Weakness","Pen Nib","Fire Potion","Lee\u0027s Waffle","Limit Break+1","Burning Pact+1","ClockworkSouvenir","Evolve","True Grit+1","Dark Shackles+1"],"campfire_rested":1,"item_purchase_floors":[20,20,20,20,42,48,48,48,53,53],"current_hp_per_floor":[71,77,66,69,71,71,47,47,47,71,71,71,64,43,43,36,69,49,40,47,46,46,46,47,32,32,38,43,43,31,34,34,14,39,45,35,41,47,47,47,47,47,47,47,47,47,47,47,47,41,46,46,46,47,20],"gold":46,"neow_bonus":"RANDOM_COMMON_RELIC","is_daily":false,"chose_seed":false,"campfire_upgraded":9,"win_rate":0.0,"timestamp":1607979136,"path_taken":["M","M","?","M","M","R","E","R","T","R","M","R","?","E","R","BOSS","M","?","$","M","?","R","M","E","T","M","M","R","E","M","R","BOSS","M","?","M","M","?","E","R","$","T","?","?","E","R","$","R","BOSS","R","$","E","BOSS"],"items_purchased_type":["Card","Relic","Potion","Relic","Card","Card","Relic","Card","Card","Card"],"build_version":"2020-12-13","purchased_purges":3,"victory":true,"max_hp_per_floor":[80,80,80,80,80,80,80,80,80,80,80,80,80,80,80,80,80,80,40,47,47,47,47,47,47,47,47,47,47,47,47,47,47,47,47,47,47,47,47,47,47,47,47,47,47,47,47,47,47,47,47,47,47,47,47],"card_choices":[{"not_picked":["Dark Embrace","Second Wind"],"picked":"Wild Strike","floor":1.0},{"not_picked":["Blood for Blood","Wild Strike"],"picked":"Inflame","floor":2.0},{"not_picked":["Reckless Charge","Fire Breathing"],"picked":"Battle Trance","floor":4.0},{"not_picked":["Infernal Blade","Twin Strike"],"picked":"Combust","floor":5.0},{"not_picked":["Cleave","Iron Wave","Entrench"],"picked":"SKIP","floor":7.0},{"not_picked":["Warcry","Dark Embrace","Feel No Pain"],"picked":"SKIP","floor":11.0},{"not_picked":["Bloodletting","Hemokinesis"],"picked":"Disarm","floor":14.0},{"not_picked":["Barricade","Double Tap"],"picked":"Immolate","floor":16.0},{"not_picked":["Second Wind","Sentinel+1"],"picked":"True Grit+1","floor":18.0},{"not_picked":["Body Slam","Flame Barrier+1"],"picked":"Dark Embrace","floor":21.0},{"not_picked":["Intimidate","Pommel Strike"],"picked":"Burning Pact","floor":24.0},{"not_picked":["Thunderclap","Havoc","Rampage"],"picked":"SKIP","floor":25.0},{"not_picked":["Hemokinesis","Carnage"],"picked":"Shockwave+1","floor":27.0},{"not_picked":["Shrug It Off+1","Body Slam"],"picked":"Seeing Red+1","floor":28.0},{"not_picked":["Second Wind+1","Fiend Fire","Twin Strike"],"picked":"SKIP","floor":30.0},{"not_picked":["Armaments+1","Inflame+1"],"picked":"True Grit+1","floor":31.0},{"not_picked":["Brutality","Bludgeon"],"picked":"Immolate","floor":33.0},{"not_picked":["Headbutt+1","Fire Breathing"],"picked":"Uppercut+1","floor":35.0},{"not_picked":["Blind+1","Swift Strike"],"picked":"Deep Breath+1","floor":36.0},{"not_picked":["Impatience+1","PanicButton+1"],"picked":"Dark Shackles+1","floor":36.0},{"not_picked":["Dramatic Entrance","Good Instincts+1"],"picked":"Secret Weapon+1","floor":36.0},{"not_picked":["Perfected Strike+1","Flex+1"],"picked":"Warcry+1","floor":37.0},{"not_picked":["Second Wind+1","Blood for Blood"],"picked":"Spot Weakness+1","floor":38.0},{"not_picked":["Armaments+1","Twin Strike"],"picked":"Shrug It Off+1","floor":40.0},{"not_picked":["Clothesline","Intimidate+1"],"picked":"Dropkick+1","floor":45.0},{"not_picked":["Feed","Anger","Dark Embrace"],"picked":"SKIP","floor":46.0},{"not_picked":["Wild Strike","Havoc+1","Whirlwind"],"picked":"SKIP","floor":54}],"player_experience":339185,"relics_obtained":[{"floor":7.0,"key":"Art of War"},{"floor":14.0,"key":"Old Coin"},{"floor":25.0,"key":"Anchor"},{"floor":26.0,"key":"Toxic Egg 2"},{"floor":30.0,"key":"Kunai"},{"floor":39.0,"key":"Girya"},{"floor":40.0,"key":"Smiling Mask"},{"floor":43.0,"key":"Meat on the Bone"},{"floor":46.0,"key":"Juzu Bracelet"},{"floor":54,"key":"Bag of Preparation"}],"event_choices":[{"damage_healed":0.0,"max_hp_gain":0.0,"max_hp_loss":0.0,"gold_gain":75.0,"event_name":"World of Goop","player_choice":"Gather Gold","floor":3.0,"gold_loss":0.0,"damage_taken":11.0},{"cards_removed":["Strike_R"],"damage_healed":0.0,"max_hp_gain":0.0,"max_hp_loss":0.0,"gold_gain":0.0,"event_name":"Golden Wing","player_choice":"Card Removal","floor":13.0,"gold_loss":0.0,"damage_taken":7.0},{"damage_healed":0.0,"max_hp_gain":0.0,"max_hp_loss":40.0,"gold_gain":0.0,"event_name":"Ghosts","player_choice":"Became a Ghost","floor":19.0,"gold_loss":0.0,"damage_taken":0.0,"cards_obtained":["Ghostly","Ghostly","Ghostly","Ghostly","Ghostly"]},{"cards_removed":["Strike_R"],"damage_healed":0.0,"max_hp_gain":0.0,"max_hp_loss":0.0,"gold_gain":0.0,"event_name":"Beggar","player_choice":"Gave Gold","floor":22.0,"gold_loss":75.0,"damage_taken":0.0},{"damage_healed":0.0,"max_hp_gain":0.0,"max_hp_loss":0.0,"gold_gain":0.0,"event_name":"SensoryStone","player_choice":"Memory 3","floor":36.0,"gold_loss":0.0,"damage_taken":10.0},{"damage_healed":0.0,"max_hp_gain":0.0,"max_hp_loss":0.0,"gold_gain":0.0,"event_name":"Mysterious Sphere","player_choice":"Fight","floor":39.0,"gold_loss":0.0,"damage_taken":0.0},{"damage_healed":0.0,"max_hp_gain":0.0,"max_hp_loss":0.0,"gold_gain":0.0,"event_name":"Accursed Blacksmith","player_choice":"Rummage","floor":44.0,"gold_loss":0.0,"damage_taken":0.0,"relics_obtained":["WarpedTongs"],"cards_obtained":["Pain"]}],"is_beta":false,"boss_relics":[{"not_picked":["Tiny House","Snecko Eye"],"picked":"Runic Pyramid"},{"not_picked":["Philosopher\u0027s Stone","Busted Crown"],"picked":"Mark of Pain"}],"items_purged_floors":[20,42,48],"is_endless":false,"potions_floor_spawned":[4,5,11,18,24,25,31,38,39,40,45,46],"ascension_level":12}}