{"host":"v0dnu0zs4qo0v13s","time":1607918089,"event":{"mods":["BaseMod","Colored Map","Colored Powertips","Minty Spire (QoL Compilation)","Relic Stats","StSLib","SuperFastMode","everything is the same but u backflip on backflip"],"gold_per_floor":[109,42,54,54,129,162,162,177,177,195,230,230,247,267,267,340,340,359,319,336,28,38,38,38,38,38,38,67,85,85,85],"floor_reached":30,"playtime":1368,"items_purged":["Strike_R"],"score":470,"play_id":"90efba27-1e29-4604-86a6-6f3d16cec396","local_time":"20201213225449","is_ascension_mode":true,"campfire_choices":[{"data":"Second Wind","floor":7.0,"key":"SMITH"},{"data":"Burning Pact","floor":12.0,"key":"SMITH"},{"data":"Double Tap","floor":15.0,"key":"SMITH"},{"data":"Evolve","floor":23.0,"key":"SMITH"},{"data":"Rupture","floor":27.0,"key":"SMITH"}],"circlet_count":0,"master_deck":["AscendersBane","Strike_R","Strike_R","Strike_R","Defend_R","Defend_R","Defend_R+1","Defend_R","Bash","Second Wind+1","Burning Pact+1","Dual Wield+1","Bloodletting","Wild Strike","Wild Strike","Whirlwind","Evolve+1","Double Tap+1","Reaper","Warcry","Headbutt","Pommel Strike","Rupture+1","Shame","Combust+1","Heavy Blade"],"relics":["Burning Blood","NeowsBlessing","HornCleat","The Courier","Blood Vial","Cursed Key","MealTicket","War Paint","Kunai","FossilizedHelix"],"acts_visited":["Exordium","TheCity"],"potions_floor_usage":[],"damage_taken":[{"damage":0.0,"enemies":"2 Louse","floor":1.0,"turns":1.0},{"damage":0.0,"enemies":"Jaw Worm","floor":3.0,"turns":1.0},{"damage":0.0,"enemies":"3 Sentries","floor":6.0,"turns":1.0},{"damage":0.0,"enemies":"Cultist","floor":8.0,"turns":4.0},{"damage":1.0,"enemies":"Looter","floor":10.0,"turns":3.0},{"damage":16.0,"enemies":"Gremlin Nob","floor":11.0,"turns":5.0},{"damage":6.0,"enemies":"Blue Slaver","floor":13.0,"turns":3.0},{"damage":11.0,"enemies":"Large Slime","floor":14.0,"turns":6.0},{"damage":41.0,"enemies":"Slime Boss","floor":16.0,"turns":6.0},{"damage":6.0,"enemies":"Chosen","floor":18.0,"turns":4.0},{"damage":9.0,"enemies":"3 Byrds","floor":20.0,"turns":2.0},{"damage":43.0,"enemies":"Centurion and Healer","floor":22.0,"turns":9.0},{"damage":72.0,"enemies":"Gremlin Leader","floor":28.0,"turns":6.0},{"damage":12,"enemies":"Snecko","floor":29,"turns":5},{"damage":29,"enemies":"Slavers","floor":30,"turns":3}],"seed_played":"-4351018626752687493","potions_obtained":[{"floor":1.0,"key":"Dexterity Potion"},{"floor":3.0,"key":"Swift Potion"},{"floor":6.0,"key":"SteroidPotion"},{"floor":13.0,"key":"Block Potion"},{"floor":19.0,"key":"FairyPotion"},{"floor":19.0,"key":"Strength Potion"}],"is_trial":false,"path_per_floor":["M","$","M","?","?","E","R","M","T","M","E","R","M","M","R","B",null,"M","?","M","$","M","R","$","?","T","R","E","M","E"],"character_chosen":"IRONCLAD","items_purchased":["Burning Pact","MealTicket","War Paint"],"campfire_rested":0,"item_purchase_floors":[2,21,21],"current_hp_per_floor":[78,78,80,73,62,68,68,74,74,79,69,69,71,68,68,35,69,79,79,77,77,48,48,63,63,63,63,36,32,5,5],"gold":85,"neow_bonus":"THREE_ENEMY_KILL","is_daily":false,"chose_seed":false,"campfire_upgraded":5,"win_rate":0.0,"timestamp":1607918089,"path_taken":["M","$","M","?","?","E","R","M","T","M","E","R","M","M","R","BOSS","M","?","?","$","M","R","$","?","T","R","E","M","E"],"items_purchased_type":["Card","Relic","Relic"],"build_version":"2020-12-13","purchased_purges":1,"victory":false,"max_hp_per_floor":[80,80,80,80,80,80,80,80,80,80,80,80,80,80,80,80,80,80,80,80,80,80,80,80,80,80,80,80,80,80,80],"relic_stats":{"Blood Vial":17,"counters":[15,59],"MealTicket":15,"Kunai":[4],"War Paint":["Dual Wield","Defend_R"],"Cursed Key":1,"obtain_stats":[{"Blood Vial":11,"HornCleat":6,"NeowsBlessing":0,"MealTicket":21,"The Courier":9,"Kunai":26,"War Paint":21,"Cursed Key":17,"Burning Blood":0,"FossilizedHelix":28},{"Blood Vial":6,"HornCleat":3,"NeowsBlessing":0,"MealTicket":11,"The Courier":4,"Kunai":12,"War Paint":11,"Cursed Key":9,"Burning Blood":0,"FossilizedHelix":13},{"Blood Vial":15,"HornCleat":3,"NeowsBlessing":0,"MealTicket":36,"The Courier":7,"Kunai":45,"War Paint":36,"Cursed Key":30,"Burning Blood":0,"FossilizedHelix":51}],"Burning Blood":80},"card_choices":[{"not_picked":["Fire Breathing","Twin Strike"],"picked":"Second Wind","floor":1.0},{"not_picked":["Entrench","Body Slam"],"picked":"Dual Wield","floor":3.0},{"not_picked":["Twin Strike","Hemokinesis"],"picked":"Bloodletting","floor":6.0},{"not_picked":["Shockwave","Body Slam"],"picked":"Wild Strike","floor":8.0},{"not_picked":["Iron Wave","Sword Boomerang"],"picked":"Wild Strike","floor":10.0},{"not_picked":["Flex","Entrench"],"picked":"Whirlwind","floor":11.0},{"not_picked":["Combust","Whirlwind"],"picked":"Evolve","floor":13.0},{"not_picked":["Sword Boomerang","Anger"],"picked":"Double Tap","floor":14.0},{"not_picked":["Immolate","Exhume"],"picked":"Reaper","floor":16.0},{"not_picked":["Shrug It Off","Pommel Strike"],"picked":"Warcry","floor":18.0},{"not_picked":["Carnage","Pommel Strike"],"picked":"Headbutt","floor":20.0},{"not_picked":["Clothesline","Entrench"],"picked":"Pommel Strike","floor":22.0},{"not_picked":["Havoc","Rampage"],"picked":"Combust+1","floor":28.0},{"not_picked":["Impervious","Flex+1"],"picked":"Heavy Blade","floor":29}],"player_experience":572525,"relics_obtained":[{"floor":6.0,"key":"HornCleat"},{"floor":9.0,"key":"The Courier"},{"floor":11.0,"key":"Blood Vial"},{"floor":26.0,"key":"Kunai"},{"floor":28.0,"key":"FossilizedHelix"}],"event_choices":[{"cards_removed":["Strike_R"],"damage_healed":0.0,"max_hp_gain":0.0,"max_hp_loss":0.0,"gold_gain":0.0,"event_name":"Golden Wing","player_choice":"Card Removal","floor":4.0,"gold_loss":0.0,"damage_taken":7.0},{"damage_healed":0.0,"max_hp_gain":0.0,"max_hp_loss":0.0,"gold_gain":75.0,"event_name":"World of Goop","player_choice":"Gather Gold","floor":5.0,"gold_loss":0.0,"damage_taken":11.0},{"damage_healed":0.0,"max_hp_gain":0.0,"max_hp_loss":0.0,"gold_gain":0.0,"event_name":"The Woman in Blue","player_choice":"Bought 3 Potions","floor":19.0,"gold_loss":0.0,"damage_taken":0.0},{"damage_healed":0.0,"max_hp_gain":0.0,"max_hp_loss":0.0,"gold_gain":0.0,"event_name":"The Library","player_choice":"Read","floor":25.0,"gold_loss":0.0,"damage_taken":0.0,"cards_obtained":["Rupture"]}],"is_beta":false,"boss_relics":[{"not_picked":["Ectoplasm","Empty Cage"],"picked":"Cursed Key"}],"items_purged_floors":[21],"is_endless":false,"potions_floor_spawned":[1,3,6,13,20,22],"killed_by":"Slavers","ascension_level":13}}