{"host":"ul103bh19qas5vs8","time":1607912948,"event":{"mods":["BaseMod","Downfall","Googly Eyes","Minty Spire (QoL Compilation)","Replay The Spire","Shop Mod","StSLib"],"gold_per_floor":[99,131,149,174,174,73,119,149,179,206,224,224,244,62,74,151,151,1,1,1],"floor_reached":19,"playtime":1099,"items_purged":[],"score":506,"play_id":"bd25f4e5-abe1-455a-af8f-428d3e0b594c","local_time":"20201214102908","daily_mods":["SealedDeck","Heirloom","Flight","downfall:Jewelcrafting","downfall:Lament"],"is_ascension_mode":true,"campfire_choices":[],"circlet_count":0,"master_deck":["AscendersBane","Guardian:ExploitGems+1","Guardian:ExploitGems","Slimebound:ForwardTackle","Slimebound:Schlurp","Slimebound:SamplingLick","Slimebound:SplitMire","Slimebound:FinishingTackle","Slimebound:GrowthPunch","Slimebound:SplitMire","Slimebound:SamplingLick","Slimebound:GoopSpray","Slimebound:FormOfPuddle","Slimebound:SplitMire","Slimebound:Prepare","Slimebound:DuplicatedForm","Slimebound:Darklings","Guardian:Gem_Synthetic","Guardian:Gem_Fragmented"],"relics":["Slimebound:AbsorbEndCombat","Guardian:PickAxe","NeowsBlessing","Eternal Feather","Anchor","MerchantsRug","Blood Vial","Orichalcum","White Beast Statue","Membership Card","Fusion Hammer","downfall:HeartBlessingBlue","downfall:HeartBlessingGreen"],"acts_visited":["Exordium","TheCity"],"potions_floor_usage":[11,16,19],"damage_taken":[{"damage":0,"enemies":"3 Sentries","floor":2,"turns":2},{"damage":4,"enemies":"Cultist","floor":3,"turns":1},{"damage":0,"enemies":"Lagavulin","floor":4,"turns":1},{"damage":18,"enemies":"downfall:FleeingMerchant","floor":6,"turns":4},{"damage":15,"enemies":"3 Sentries","floor":8,"turns":6},{"damage":21,"enemies":"Lagavulin","floor":9,"turns":5},{"damage":24,"enemies":"Gremlin Nob","floor":10,"turns":4},{"damage":10,"enemies":"Jaw Worm","floor":11,"turns":2},{"damage":16,"enemies":"Small Slimes","floor":13,"turns":3},{"damage":10,"enemies":"downfall:FleeingMerchant","floor":14,"turns":4},{"damage":4,"enemies":"3 Louse","floor":15,"turns":2},{"damage":54,"enemies":"downfall:Watcher","floor":16,"turns":6},{"damage":79,"enemies":"Slavers","floor":19,"turns":4}],"seed_played":"-4010748340577107867","potions_obtained":[{"floor":2,"key":"SkillPotion"},{"floor":8,"key":"SpeedPotion"},{"floor":11,"key":"Dexterity Potion"},{"floor":16,"key":"champ:CounterPotion"}],"is_trial":true,"path_per_floor":["R","E","M","E","R","$","T","E","E","E","M","?","M","$","M","B",null,"R","E"],"character_chosen":"SLIMEBOUND","items_purchased":["MerchantsRug","Membership Card"],"campfire_rested":0,"item_purchase_floors":[6,14],"current_hp_per_floor":[49,49,49,53,54,54,54,54,49,47,51,51,46,54,54,37,50,64,0,0],"gold":1,"neow_bonus":"","is_daily":false,"chose_seed":false,"campfire_upgraded":0,"win_rate":0.0,"timestamp":1607912948,"path_taken":["R","E","M","E","R","$","T","E","E","E","?","?","?","$","M","BOSS","R","E"],"items_purchased_type":["Relic","Relic"],"build_version":"2020-12-13","purchased_purges":0,"victory":false,"max_hp_per_floor":[54,54,54,54,54,54,54,54,54,54,54,54,54,54,54,54,54,64,64,64],"card_choices":[{"not_picked":["Slimebound:GrowthPunch","Slimebound:RollThrough"],"picked":"Slimebound:SplitMire","floor":2},{"not_picked":["Slimebound:LeechingTouch","Slimebound:DisruptingSlam","Slimebound:Schlurp"],"picked":"SKIP","floor":3},{"not_picked":["Slimebound:LeechEnergy","Slimebound:GoopSpray","Slimebound:Repurpose"],"picked":"SKIP","floor":4},{"not_picked":["Slimebound:LeechEnergy","Slimebound:LeechingTouch","Slimebound:SplitLeeching"],"picked":"SKIP","floor":6},{"not_picked":["Slimebound:DivideAndConquer","Slimebound:SamplingLick"],"picked":"Slimebound:Prepare","floor":8},{"not_picked":["Slimebound:MassFeed","Slimebound:SplitLeeching","Slimebound:FinishingTackle"],"picked":"SKIP","floor":9},{"not_picked":["Slimebound:ForwardTackle","Slimebound:SplitBruiser","Slimebound:GoopSpray"],"picked":"SKIP","floor":10},{"not_picked":["Slimebound:HungryTackle","Slimebound:ComboTackle","Slimebound:SpikyOuterGoop"],"picked":"SKIP","floor":11},{"not_picked":["Slimebound:SlimeSpikes","Slimebound:ForwardTackle","Slimebound:FinishingTackle"],"picked":"SKIP","floor":13},{"not_picked":["Slimebound:RollThrough","Slimebound:SplitBruiser"],"picked":"Slimebound:DuplicatedForm","floor":14},{"not_picked":["Slimebound:ComboTackle","Slimebound:HauntingLick","Slimebound:LeechEnergy"],"picked":"SKIP","floor":15},{"not_picked":["Slimebound:MassFeed","Slimebound:OozeBath"],"picked":"Slimebound:Darklings","floor":16}],"player_experience":102268,"relics_obtained":[{"floor":2,"key":"Eternal Feather"},{"floor":4,"key":"Anchor"},{"floor":8,"key":"Blood Vial"},{"floor":9,"key":"Orichalcum"},{"floor":10,"key":"White Beast Statue"}],"event_choices":[{"damage_healed":0,"gold_gain":0,"player_choice":"Upgraded","damage_taken":0,"max_hp_gain":0,"max_hp_loss":0,"event_name":"Upgrade Shrine","floor":12,"gold_loss":0,"cards_upgraded":["Guardian:ExploitGems"]}],"is_beta":false,"boss_relics":[{"not_picked":["Sozu","Velvet Choker"],"picked":"Fusion Hammer"}],"items_purged_floors":[],"is_endless":false,"potions_floor_spawned":[2,8,10,11,13,14,15,16],"killed_by":"Slavers","ascension_level":20}}