{"host":"n529wyrjhujcvty3","time":1607957445,"event":{"mods":["2.2 Compatiblity","Act Like it!","BaseMod","Better Third Choice","Koishi","Lobotomy","Marisa¡]Ãú«B¡@Å]²z¨F¡^","Minty Spire (QoL Compilation)","Shop Mod","StSLib","Td1madao Mod","The Runesmith"],"gold_per_floor":[359,359,373,448,98,98,104,119,145,45,52,62,111,130,130,224,224,227,234,109,24,24,58,58,58,58,58,73,73,148,155,155,238,238,247,292,202,211,211,211,206,186,186],"floor_reached":42,"playtime":4516,"items_purged":["Shame","Regret","Koishi:BasicStrike"],"score":431,"play_id":"295092f6-24c9-4a41-82bc-96d94f44100f","local_time":"20201214225045","is_ascension_mode":false,"campfire_choices":[{"data":"Koishi:RollingInRichesHeart","floor":6.0,"key":"SMITH"},{"data":"Koishi:UnconsciousUrges","floor":15.0,"key":"SMITH"},{"data":"Koishi:PerfectMindControl","floor":24.0,"key":"SMITH"},{"data":"Koishi:PerfectMindControl","floor":27.0,"key":"SMITH"},{"data":"Koishi:FidgetySnatcher","floor":29.0,"key":"SMITH"},{"data":"Koishi:TerrifyingSpectre","floor":32.0,"key":"SMITH"},{"data":"Koishi:MindStellarRelief","floor":40.0,"key":"SMITH"}],"circlet_count":0,"master_deck":["Koishi:BasicDefend","Koishi:BasicDefend+1","Koishi:BasicDefend","Koishi:Provoke","Koishi:HauntingSlash","Koishi:DNAsFlaw+1","Koishi:RollingInRichesHeart+1","Koishi:UnconsciousUrges+1","Koishi:UnseenTerror+1","Koishi:TremblingHands","Koishi:PredatoryInstincts","Koishi:PerfectMindControl+1","Koishi:PerfectMindControl+1","Koishi:FidgetySnatcher+1","Koishi:GeneticsOfTheUnconscious","Koishi:PredatoryInstincts","Koishi:TerrifyingSpectre+1","Koishi:MindStellarRelief+1","Koishi:TraumaticStroke","Koishi:ParalyzingFear+1","Koishi:LastRemote+1"],"relics":["Koishi:ImaginaryFriend","MerchantsRug","MealTicket","Vajra","Odd Mushroom","Empty Cage","Anchor","Darkstone Periapt","Ginger","Black Star","CaptainsWheel"],"acts_visited":["Exordium","TheCity","TheBeyond"],"potions_floor_usage":[42,42],"damage_taken":[{"damage":1.0,"enemies":"Cultist","floor":1.0,"turns":6.0},{"damage":2.0,"enemies":"2 Louse","floor":3.0,"turns":5.0},{"damage":3.0,"enemies":"Jaw Worm","floor":7.0,"turns":6.0},{"damage":6.0,"enemies":"Lots of Slimes","floor":8.0,"turns":3.0},{"damage":7.0,"enemies":"Looter","floor":11.0,"turns":4.0},{"damage":9.0,"enemies":"Blue Slaver","floor":12.0,"turns":6.0},{"damage":2.0,"enemies":"Lagavulin Event","floor":13.0,"turns":7.0},{"damage":14.0,"enemies":"The Mushroom Lair","floor":14.0,"turns":5.0},{"damage":15.0,"enemies":"The Guardian","floor":16.0,"turns":11.0},{"damage":0.0,"enemies":"Chosen","floor":18.0,"turns":8.0},{"damage":24.0,"enemies":"Spheric Guardian","floor":19.0,"turns":8.0},{"damage":37.0,"enemies":"Gremlin Leader","floor":23.0,"turns":8.0},{"damage":0.0,"enemies":"Snecko","floor":28.0,"turns":10.0},{"damage":0.0,"enemies":"Shelled Parasite and Fungi","floor":31.0,"turns":7.0},{"damage":33.0,"enemies":"Collector","floor":33.0,"turns":12.0},{"damage":9.0,"enemies":"3 Darklings","floor":35.0,"turns":7.0},{"damage":43.0,"enemies":"2 Orb Walkers","floor":36.0,"turns":6.0},{"damage":6.0,"enemies":"Orb Walker","floor":38.0,"turns":7.0},{"damage":16,"enemies":"Writhing Mass","floor":41,"turns":7},{"damage":53,"enemies":"Giant Head","floor":42,"turns":9}],"seed_played":"5008082140155153560","potions_obtained":[{"floor":3.0,"key":"AttackPotion"},{"floor":7.0,"key":"Explosive Potion"},{"floor":12.0,"key":"BlessingOfTheForge"},{"floor":13.0,"key":"ColorlessPotion"},{"floor":14.0,"key":"Weak Potion"},{"floor":31.0,"key":"Swift Potion"},{"floor":33.0,"key":"SmokeBomb"},{"floor":35.0,"key":"Explosive Potion"},{"floor":38.0,"key":"SkillPotion"}],"is_trial":false,"path_per_floor":["M","?","M","?","$","R","M","M","T","$","M","M","?","?","R","B",null,"M","M","$","?","?","E","R","?","T","R","M","R","?","M","R","B",null,"M","?","?","M","?","R","M","E"],"character_chosen":"KOISHI","items_purchased":["Koishi:RollingInRichesHeart","MerchantsRug"],"campfire_rested":0,"item_purchase_floors":[5,5],"current_hp_per_floor":[60,60,59,48,48,48,47,41,41,56,51,44,47,45,45,42,60,60,44,59,59,59,36,36,36,36,36,46,46,40,60,60,48,60,60,33,33,37,37,37,29,0,0],"gold":186,"neow_bonus":"TWO_FIFTY_GOLD","is_daily":false,"chose_seed":false,"campfire_upgraded":7,"win_rate":0.0,"timestamp":1607957445,"path_taken":["M","?","M","?","?","R","M","M","T","$","?","M","?","?","R","BOSS","M","M","$","?","?","E","R","?","T","R","M","R","?","M","R","BOSS","M","?","?","?","?","R","M","E"],"items_purchased_type":["Card","Relic"],"build_version":"2020-12-13","purchased_purges":3,"victory":false,"max_hp_per_floor":[60,60,60,60,60,60,60,60,60,60,60,60,60,60,60,60,60,60,60,60,60,60,60,60,60,60,60,60,60,60,60,60,60,60,60,60,60,60,60,60,60,60,60],"card_choices":[{"not_picked":["Koishi:GeneticsOfTheUnconscious","Koishi:UnseenTerror"],"picked":"Koishi:DNAsFlaw","floor":1.0},{"not_picked":["Koishi:HeartfeltFancy","Koishi:Untouchable"],"picked":"Koishi:FidgetySnatcher","floor":3.0},{"not_picked":["Koishi:ReflexRadar","Koishi:PhantomBarrier"],"picked":"Koishi:UnconsciousUrges","floor":7.0},{"not_picked":["Koishi:Prune","Koishi:FleetingPhantom","Koishi:EmbryosDream"],"picked":"SKIP","floor":8.0},{"not_picked":["Koishi:VengefulSpirit","Koishi:ReflexRadar"],"picked":"Koishi:UnseenTerror","floor":11.0},{"not_picked":["Koishi:RacingHeart","Koishi:UnconsciousUprising"],"picked":"Koishi:TremblingHands","floor":12.0},{"not_picked":["Koishi:EmbryosDream","Koishi:SubterraneanRose"],"picked":"Koishi:PredatoryInstincts","floor":13.0},{"not_picked":["Koishi:SubconsciousSweep","Koishi:CatchAndRose"],"picked":"Koishi:PerfectMindControl","floor":14.0},{"not_picked":["Koishi:Ego","Koishi:RollingInRichesHeart"],"picked":"Koishi:PerfectMindControl","floor":16.0},{"not_picked":["Koishi:DreadfulBlow","Koishi:RacingHeart"],"picked":"Koishi:FidgetySnatcher","floor":18.0},{"not_picked":["Koishi:EmbryosDream","Koishi:Prune"],"picked":"Koishi:GeneticsOfTheUnconscious","floor":19.0},{"not_picked":["Koishi:UnseenTerror","Koishi:IdleWhim","Koishi:HeartfeltFancy+1"],"picked":"SKIP","floor":23.0},{"not_picked":["Koishi:HeartfeltFancy","Koishi:SubterraneanRose"],"picked":"Koishi:PredatoryInstincts","floor":28.0},{"not_picked":["Koishi:LastRemote","Koishi:UnconsciousUrges+1"],"picked":"Koishi:TerrifyingSpectre","floor":31.0},{"not_picked":["Koishi:MentalBreakdown","Koishi:RoseHell"],"picked":"Koishi:MindStellarRelief","floor":33.0},{"not_picked":["Koishi:SubconsciousSweep+1","Koishi:Whimsy"],"picked":"Koishi:TraumaticStroke","floor":35.0},{"not_picked":["Koishi:PhantomStrike+1","Koishi:Prune+1"],"picked":"Koishi:ParalyzingFear+1","floor":38.0},{"not_picked":["Koishi:SubterraneanRose+1","Koishi:DNAsFlaw"],"picked":"Koishi:LastRemote+1","floor":41}],"player_experience":345638,"relics_obtained":[{"floor":9.0,"key":"MealTicket"},{"floor":14.0,"key":"Odd Mushroom"},{"floor":23.0,"key":"Darkstone Periapt"},{"floor":26.0,"key":"Ginger"},{"floor":36.0,"key":"CaptainsWheel"}],"event_choices":[{"damage_healed":0.0,"max_hp_gain":0.0,"max_hp_loss":0.0,"gold_gain":0.0,"event_name":"Big Fish","player_choice":"Box","floor":2.0,"gold_loss":0.0,"damage_taken":0.0,"relics_obtained":["War Paint"],"cards_obtained":["Regret"]},{"damage_healed":0.0,"max_hp_gain":0.0,"max_hp_loss":0.0,"gold_gain":75.0,"event_name":"betterThird:BetterGoop","player_choice":"Gold","floor":4.0,"gold_loss":0.0,"damage_taken":11.0},{"damage_healed":0.0,"max_hp_gain":0.0,"max_hp_loss":0.0,"gold_gain":0.0,"event_name":"Dead Adventurer","player_choice":"Searched \u00272\u0027 times","floor":13.0,"gold_loss":0.0,"damage_taken":0.0,"relics_obtained":["Vajra"]},{"damage_healed":0.0,"max_hp_gain":0.0,"max_hp_loss":0.0,"gold_gain":0.0,"event_name":"Mushrooms","player_choice":"Fought Mushrooms","floor":14.0,"gold_loss":0.0,"damage_taken":0.0},{"damage_healed":0.0,"max_hp_gain":0.0,"max_hp_loss":0.0,"gold_gain":0.0,"event_name":"Addict","player_choice":"Obtained Relic","floor":21.0,"gold_loss":85.0,"damage_taken":0.0,"relics_obtained":["Anchor"]},{"damage_healed":0.0,"max_hp_gain":0.0,"max_hp_loss":0.0,"gold_gain":0.0,"event_name":"The Mausoleum","player_choice":"Ignored","floor":22.0,"gold_loss":0.0,"damage_taken":0.0},{"cards_removed":["Koishi:BasicDefend"],"damage_healed":0.0,"max_hp_gain":0.0,"max_hp_loss":0.0,"gold_gain":0.0,"event_name":"betterThird:BetterWriting","player_choice":"Elegance","floor":25.0,"gold_loss":0.0,"damage_taken":0.0},{"damage_healed":0.0,"max_hp_gain":0.0,"max_hp_loss":0.0,"gold_gain":75.0,"event_name":"FaceTrader","player_choice":"Touch","floor":30.0,"gold_loss":0.0,"damage_taken":6.0},{"damage_healed":0.0,"max_hp_gain":0.0,"max_hp_loss":0.0,"gold_gain":0.0,"event_name":"Mysterious Sphere","player_choice":"Fight","floor":36.0,"gold_loss":0.0,"damage_taken":0.0},{"cards_removed":["Koishi:BasicStrike"],"damage_healed":0.0,"max_hp_gain":0.0,"max_hp_loss":0.0,"gold_gain":0.0,"event_name":"Designer","player_choice":"Upgrade and Remove","floor":37.0,"gold_loss":90.0,"damage_taken":0.0,"cards_upgraded":["Koishi:UnseenTerror"]},{"cards_removed":["Koishi:FidgetySnatcher"],"damage_healed":0.0,"max_hp_gain":0.0,"max_hp_loss":0.0,"gold_gain":0.0,"event_name":"Falling","player_choice":"Removed Power","floor":39.0,"gold_loss":0.0,"damage_taken":0.0}],"is_beta":false,"boss_relics":[{"not_picked":["Cursed Key","Fusion Hammer"],"picked":"Empty Cage"},{"not_picked":["Calling Bell","Runic Dome"],"picked":"Black Star"}],"items_purged_floors":[5,10,20],"is_endless":false,"potions_floor_spawned":[3,7,12,13,14,31,33,35,38],"killed_by":"Giant Head","ascension_level":0}}