{"host":"a9gsz7kv8aebwp1f","time":1607923197,"event":{"mods":["AchievementEnabler","BaseMod","Minty Spire (QoL Compilation)"],"gold_per_floor":[115,215,232,245,19,19,30,30,30,30,30,30,47,47,47,152,152,170,85,85,100,115,115,129,129,129,129,129,129,160,179,179,279,279,298,298,315,12,26,26,38,49,49,49,49,64,89,139,139,139,139],"floor_reached":50,"playtime":1566,"items_purged":[],"score":771,"play_id":"1e60f9e9-d907-47ef-8c25-875ca60a8754","local_time":"20201214141957","is_ascension_mode":true,"campfire_choices":[{"data":"Dualcast","floor":6,"key":"SMITH"},{"data":"Zap","floor":8,"key":"SMITH"},{"floor":11,"key":"REST"},{"data":"Static Discharge","floor":15,"key":"SMITH"},{"floor":23,"key":"REST"},{"data":"Stack","floor":25,"key":"SMITH"},{"floor":28,"key":"REST"},{"floor":32,"key":"REST"},{"floor":40,"key":"REST"},{"floor":44,"key":"REST"},{"floor":49,"key":"REST"}],"circlet_count":0,"master_deck":["AscendersBane","Zap+1","Dualcast+1","Leap","Streamline","Conserve Battery","Melter","Stack+1","Steam","Static Discharge+1","Core Surge","Sunder","Streamline","Glacier","Go for the Eyes","BootSequence","Stack","Leap","Impatience","Streamline","Stack","Beam Cell","Necronomicurse","Rebound","Core Surge","FTL","Redo+1","Reprogram+1","Gash","Conserve Battery"],"relics":["Cracked Core","Akabeko","Bag of Marbles","Toy Ornithopter","Mercury Hourglass","NlothsMask","Pandora\u0027s Box","Pen Nib","Necronomicon","Lantern","SlaversCollar","TungstenRod","Dead Branch","Anchor","CaptainsWheel"],"acts_visited":["Exordium","TheCity","TheBeyond"],"potions_floor_usage":[33,33,50,50],"damage_taken":[{"damage":13,"enemies":"2 Louse","floor":1,"turns":2},{"damage":6,"enemies":"Cultist","floor":3,"turns":4},{"damage":0,"enemies":"Small Slimes","floor":4,"turns":2},{"damage":19,"enemies":"Exordium Thugs","floor":7,"turns":5},{"damage":0,"enemies":"Looter","floor":13,"turns":2},{"damage":30,"enemies":"Slime Boss","floor":16,"turns":9},{"damage":0,"enemies":"Spheric Guardian","floor":18,"turns":1},{"damage":0,"enemies":"Chosen","floor":21,"turns":3},{"damage":11,"enemies":"Snake Plant","floor":22,"turns":3},{"damage":0,"enemies":"Centurion and Healer","floor":24,"turns":6},{"damage":21,"enemies":"Gremlin Leader","floor":30,"turns":7},{"damage":13,"enemies":"3 Cultists","floor":31,"turns":3},{"damage":51,"enemies":"Champ","floor":33,"turns":8},{"damage":0,"enemies":"Orb Walker","floor":35,"turns":1},{"damage":0,"enemies":"3 Shapes","floor":37,"turns":3},{"damage":31,"enemies":"Sphere and 2 Shapes","floor":39,"turns":3},{"damage":23,"enemies":"4 Shapes","floor":41,"turns":5},{"damage":23,"enemies":"Maw","floor":42,"turns":5},{"damage":0,"enemies":"Spire Growth","floor":46,"turns":5},{"damage":42,"enemies":"Reptomancer","floor":47,"turns":5},{"damage":0,"enemies":"Mind Bloom Boss Battle","floor":48,"turns":6},{"damage":56,"enemies":"Time Eater","floor":50,"turns":9}],"seed_played":"664793300172300783","potions_obtained":[{"floor":1,"key":"CultistPotion"},{"floor":3,"key":"Ancient Potion"},{"floor":33,"key":"SteroidPotion"},{"floor":37,"key":"EssenceOfDarkness"},{"floor":48,"key":"CultistPotion"}],"is_trial":false,"path_per_floor":["M","?","M","M","$","R","M","R","T","?","R","?","M","?","R","B",null,"M","?","?","M","M","R","M","R","T","?","R","?","E","M","R","B",null,"M","?","M","$","M","R","M","M","T","R","?","M","E","?","R","B"],"character_chosen":"DEFECT","items_purchased":["Bag of Marbles","Melter","TungstenRod"],"campfire_rested":7,"item_purchase_floors":[5,5,38],"current_hp_per_floor":[55,55,49,49,49,49,30,30,30,18,40,40,40,40,40,10,59,59,59,47,47,36,58,58,58,58,42,64,64,43,30,52,11,59,59,59,59,59,28,50,27,4,4,26,66,66,24,24,43,0,0],"gold":139,"neow_bonus":"RANDOM_COMMON_RELIC","is_daily":false,"chose_seed":false,"campfire_upgraded":4,"win_rate":0.0,"timestamp":1607923197,"path_taken":["M","?","?","M","$","R","M","R","T","?","R","?","?","?","R","BOSS","M","?","?","M","?","R","M","R","T","?","R","?","E","M","R","BOSS","M","?","M","$","M","R","M","M","T","R","?","M","E","?","R","BOSS"],"items_purchased_type":["Relic","Card","Relic"],"build_version":"2020-12-13","purchased_purges":0,"victory":false,"max_hp_per_floor":[75,75,75,75,75,75,75,75,75,75,75,75,75,75,75,75,75,75,75,75,75,75,75,75,75,75,75,75,75,75,75,75,75,75,75,75,75,75,75,75,75,75,75,75,66,66,66,66,66,66,66],"card_choices":[{"not_picked":["Stack","Genetic Algorithm"],"picked":"Leap","floor":1},{"not_picked":["Self Repair","Leap"],"picked":"Streamline","floor":3},{"not_picked":["Ball Lightning","Recycle"],"picked":"Conserve Battery","floor":4},{"not_picked":["Cold Snap","Static Discharge"],"picked":"Stack","floor":7},{"not_picked":["Compile Driver","Redo"],"picked":"Steam","floor":13},{"not_picked":["Machine Learning","Biased Cognition"],"picked":"Core Surge","floor":16},{"not_picked":["Redo","Gash"],"picked":"Leap","floor":18},{"not_picked":["Stack","Redo"],"picked":"Streamline","floor":21},{"not_picked":["Steam Power","Redo"],"picked":"Stack","floor":22},{"not_picked":["Cold Snap","Turbo+1"],"picked":"Beam Cell","floor":24},{"not_picked":["Ball Lightning","Rip and Tear","Capacitor"],"picked":"SKIP","floor":30},{"not_picked":["Tempest","Static Discharge"],"picked":"Rebound","floor":31},{"not_picked":["Amplify","Multi-Cast"],"picked":"Core Surge","floor":33},{"not_picked":["Rebound","Darkness"],"picked":"FTL","floor":35},{"not_picked":["Storm","Steam Power+1"],"picked":"Redo+1","floor":37},{"not_picked":["Gash","Sweeping Beam"],"picked":"Reprogram+1","floor":39},{"not_picked":["Rip and Tear","Fusion+1","Steam Power"],"picked":"SKIP","floor":41},{"not_picked":["Ball Lightning","Aggregate"],"picked":"Gash","floor":42},{"not_picked":["Coolheaded","Consume+1"],"picked":"Conserve Battery","floor":46},{"not_picked":["Cold Snap","Compile Driver","Scrape"],"picked":"SKIP","floor":47}],"player_experience":419778,"relics_obtained":[{"floor":9,"key":"Toy Ornithopter"},{"floor":27,"key":"Necronomicon"},{"floor":30,"key":"Lantern"},{"floor":43,"key":"Dead Branch"},{"floor":47,"key":"Anchor"},{"floor":48,"key":"CaptainsWheel"}],"event_choices":[{"damage_healed":0,"gold_gain":100,"player_choice":"Pray","damage_taken":0,"max_hp_gain":0,"max_hp_loss":0,"event_name":"Golden Shrine","floor":2,"gold_loss":0},{"damage_healed":0,"gold_gain":0,"player_choice":"Success","damage_taken":12,"relics_obtained":["Mercury Hourglass"],"max_hp_gain":0,"max_hp_loss":0,"event_name":"Scrap Ooze","floor":10,"gold_loss":0},{"damage_healed":0,"gold_gain":0,"player_choice":"Trade","damage_taken":0,"relics_obtained":["NlothsMask"],"max_hp_gain":0,"max_hp_loss":0,"event_name":"FaceTrader","floor":12,"gold_loss":0},{"damage_healed":0,"gold_gain":0,"cards_transformed":["Strike_B"],"player_choice":"Transformed","damage_taken":0,"max_hp_gain":0,"max_hp_loss":0,"event_name":"Transmorgrifier","floor":14,"gold_loss":0,"cards_obtained":["Static Discharge"]},{"damage_healed":0,"gold_gain":0,"player_choice":"Obtained Relic","damage_taken":0,"relics_obtained":["Pen Nib"],"max_hp_gain":0,"max_hp_loss":0,"event_name":"Addict","floor":19,"gold_loss":85},{"damage_healed":0,"gold_gain":0,"player_choice":"CARD ","damage_taken":12,"max_hp_gain":0,"max_hp_loss":0,"event_name":"Knowing Skull","floor":20,"potions_obtained":[],"gold_loss":0,"cards_obtained":["Impatience"]},{"damage_healed":0,"gold_gain":0,"player_choice":"Obtained Book","damage_taken":16,"max_hp_gain":0,"max_hp_loss":0,"event_name":"Cursed Tome","floor":27,"gold_loss":0},{"cards_removed":["Scrape"],"damage_healed":0,"gold_gain":0,"player_choice":"Elegance","damage_taken":0,"max_hp_gain":0,"max_hp_loss":0,"event_name":"Back to Basics","floor":29,"gold_loss":0},{"damage_healed":0,"gold_gain":0,"player_choice":"Ignored","damage_taken":0,"max_hp_gain":0,"max_hp_loss":0,"event_name":"Tomb of Lord Red Mask","floor":36,"gold_loss":0},{"damage_healed":66,"gold_gain":0,"player_choice":"Heal","damage_taken":0,"max_hp_gain":0,"max_hp_loss":9,"event_name":"The Moai Head","floor":45,"gold_loss":0},{"damage_healed":0,"gold_gain":0,"player_choice":"Fight","damage_taken":0,"max_hp_gain":0,"max_hp_loss":0,"event_name":"MindBloom","floor":48,"gold_loss":0}],"is_beta":false,"boss_relics":[{"not_picked":["Runic Dome","Velvet Choker"],"picked":"Pandora\u0027s Box"},{"not_picked":["Busted Crown","Philosopher\u0027s Stone"],"picked":"SlaversCollar"}],"items_purged_floors":[],"is_endless":false,"potions_floor_spawned":[1,3,7,18,22,30,33,37,47,48],"killed_by":"Time Eater","ascension_level":12}}