{"host":"og6lam4kt3nibbw0","time":1607951887,"event":{"mods":["AchievementEnabler","BaseMod","Colored Map","DeckTracker","Highlight Path","Keyboard Shortcuts","Minty Spire (QoL Compilation)","Permanent Neow","Quick Restart","StSLib","SuperFastMode"],"gold_per_floor":[114,114,126,140,152,177,177,203,203,216,242,265,280,295,295,367,376,403,318,318,318,330,330,356,371,371,399,440,330,367,378,378,449,449,459,459,459,459,477,504,504,535,535,535,552,580,605,635,635,635,635],"floor_reached":52,"playtime":1277,"items_purged":[],"score":3050,"play_id":"16a61fdd-c22e-4787-899c-e7aa3367d1e1","local_time":"20201214221807","is_ascension_mode":true,"campfire_choices":[{"data":"Well Laid Plans","floor":7.0,"key":"SMITH"},{"data":"Escape Plan","floor":15.0,"key":"SMITH"},{"data":"Acrobatics","floor":23.0,"key":"SMITH"},{"data":"Caltrops","floor":32,"key":"SMITH"},{"data":"Madness","floor":41,"key":"SMITH"},{"data":"Madness","floor":44,"key":"SMITH"},{"floor":49,"key":"REST"}],"circlet_count":0,"master_deck":["Survivor","Neutralize+1","Grand Finale+1","Well Laid Plans+1","Tactician+1","Acrobatics","Escape Plan","Escape Plan+1","CurseOfTheBell","Acrobatics+1","Blur+1","Prepared+1","Madness+1","Madness+1"],"relics":["Ring of the Snake","NeowsBlessing","Vajra","CeramicFish","Ornamental Fan","Ginger","Calling Bell","Tiny Chest","Sundial","FossilizedHelix","Juzu Bracelet","Letter Opener","Nunchaku","Orichalcum","Sozu","Centennial Puzzle","Whetstone","Strawberry","White Beast Statue","Prayer Wheel","Bronze Scales"],"acts_visited":["Exordium","TheCity","TheBeyond"],"potions_floor_usage":[],"damage_taken":[{"damage":0.0,"enemies":"Small Slimes","floor":1.0,"turns":1.0},{"damage":0.0,"enemies":"Jaw Worm","floor":3.0,"turns":1.0},{"damage":0.0,"enemies":"Cultist","floor":4.0,"turns":1.0},{"damage":0.0,"enemies":"Looter","floor":5.0,"turns":1.0},{"damage":0.0,"enemies":"3 Sentries","floor":6.0,"turns":1.0},{"damage":0.0,"enemies":"Lagavulin","floor":8.0,"turns":2.0},{"damage":0.0,"enemies":"Exordium Thugs","floor":10.0,"turns":1.0},{"damage":0.0,"enemies":"3 Sentries","floor":11.0,"turns":1.0},{"damage":0.0,"enemies":"2 Fungi Beasts","floor":12.0,"turns":1.0},{"damage":0.0,"enemies":"Looter","floor":13.0,"turns":1.0},{"damage":0.0,"enemies":"Exordium Wildlife","floor":14.0,"turns":1.0},{"damage":0.0,"enemies":"Hexaghost","floor":16.0,"turns":1.0},{"damage":0.0,"enemies":"Shell Parasite","floor":18.0,"turns":2.0},{"damage":0.0,"enemies":"2 Thieves","floor":22.0,"turns":1.0},{"damage":0.0,"enemies":"Book of Stabbing","floor":24.0,"turns":1.0},{"damage":0.0,"enemies":"Cultist and Chosen","floor":25.0,"turns":1.0},{"damage":0.0,"enemies":"3 Cultists","floor":27.0,"turns":1.0},{"damage":0.0,"enemies":"Slavers","floor":28.0,"turns":1.0},{"damage":0,"enemies":"Book of Stabbing","floor":30,"turns":2},{"damage":0,"enemies":"Sentry and Sphere","floor":31,"turns":1},{"damage":0,"enemies":"Collector","floor":33,"turns":2},{"damage":0,"enemies":"3 Darklings","floor":35,"turns":1},{"damage":0,"enemies":"Nemesis","floor":40,"turns":1},{"damage":0,"enemies":"Reptomancer","floor":42,"turns":2},{"damage":0,"enemies":"3 Shapes","floor":45,"turns":1},{"damage":0,"enemies":"Nemesis","floor":46,"turns":3},{"damage":0,"enemies":"Mind Bloom Boss Battle","floor":47,"turns":1},{"damage":0,"enemies":"Giant Head","floor":48,"turns":1},{"damage":0,"enemies":"Donu and Deca","floor":50,"turns":1},{"damage":0,"enemies":"Awakened One","floor":51,"turns":2}],"seed_played":"274541572851160582","potions_obtained":[{"floor":1.0,"key":"PowerPotion"},{"floor":4.0,"key":"Energy Potion"}],"is_trial":false,"path_per_floor":["M","?","M","M","M","E","R","E","T","M","E","M","M","M","R","B",null,"M","?","?","$","M","R","E","M","T","M","E","?","E","M","R","B",null,"M","T","?","$","?","E","R","E","T","R","M","E","?","E","R","B","B",null],"character_chosen":"THE_SILENT","items_purchased":[],"campfire_rested":1,"item_purchase_floors":[],"current_hp_per_floor":[59,39,39,39,39,39,39,39,39,39,39,39,39,39,39,39,59,59,59,59,59,59,59,59,59,59,59,59,59,59,59,59,59,64,64,64,66,66,54,54,54,54,61,61,61,61,61,61,73,73,73],"gold":635,"neow_bonus":"THREE_ENEMY_KILL","is_daily":false,"chose_seed":false,"campfire_upgraded":6,"win_rate":0.0,"timestamp":1607951887,"path_taken":["M","?","M","M","M","E","R","E","T","M","E","M","M","M","R","BOSS","M","?","?","$","M","R","E","M","T","M","E","?","E","M","R","BOSS","M","?","?","$","?","E","R","E","T","R","M","E","?","E","R","BOSS","BOSS"],"items_purchased_type":[],"build_version":"2020-12-13","purchased_purges":0,"victory":true,"max_hp_per_floor":[66,66,66,66,66,66,66,66,66,66,66,66,66,66,66,66,66,66,66,66,66,66,66,66,66,66,66,66,66,66,66,66,66,66,66,66,66,66,66,66,66,66,73,73,73,73,73,73,73,73,73],"card_choices":[{"not_picked":["PiercingWail","Backflip"],"picked":"Escape Plan","floor":1.0},{"not_picked":["Cloak And Dagger","PiercingWail","Underhanded Strike"],"picked":"SKIP","floor":3.0},{"not_picked":["Quick Slash","Blade Dance","Sucker Punch"],"picked":"SKIP","floor":4.0},{"not_picked":["Crippling Poison","Bane"],"picked":"Dagger Throw","floor":5.0},{"not_picked":["PiercingWail","Deadly Poison","Riddle With Holes"],"picked":"SKIP","floor":6.0},{"not_picked":["Dagger Throw","Wraith Form v2","Skewer"],"picked":"SKIP","floor":8.0},{"not_picked":["Accuracy","Well Laid Plans","Outmaneuver"],"picked":"SKIP","floor":10.0},{"not_picked":["Unload","Outmaneuver","Predator"],"picked":"SKIP","floor":11.0},{"not_picked":["Sucker Punch","Deflect"],"picked":"Escape Plan","floor":12.0},{"not_picked":["Blade Dance","Sucker Punch","Die Die Die"],"picked":"SKIP","floor":13.0},{"not_picked":["Dagger Spray","Quick Slash","Deadly Poison"],"picked":"SKIP","floor":14.0},{"not_picked":["Expertise","Dagger Throw+1"],"picked":"Acrobatics","floor":18.0},{"not_picked":["Acrobatics","Deflect","Poisoned Stab"],"picked":"SKIP","floor":22.0},{"not_picked":["Concentrate","Tools of the Trade","Distraction"],"picked":"SKIP","floor":24.0},{"not_picked":["Blade Dance","Sucker Punch","Well Laid Plans+1"],"picked":"SKIP","floor":25.0},{"not_picked":["Underhanded Strike","Flying Knee"],"picked":"Blur","floor":27.0},{"not_picked":["PiercingWail","Crippling Poison+1"],"picked":"Prepared+1","floor":28.0},{"not_picked":["Deflect","Dagger Throw"],"picked":"Caltrops","floor":30},{"not_picked":["Finisher","Quick Slash","Slice+1"],"picked":"SKIP","floor":31},{"not_picked":["Deadly Poison","Flying Knee","Underhanded Strike"],"picked":"SKIP","floor":35},{"not_picked":["Setup+1","Dagger Throw+1","Expertise+1"],"picked":"SKIP","floor":40},{"not_picked":["Quick Slash+1","Calculated Gamble+1","Masterful Stab+1"],"picked":"SKIP","floor":42},{"not_picked":["Slice","Bouncing Flask","Prepared"],"picked":"SKIP","floor":45},{"not_picked":["Backflip+1","Outmaneuver+1","Deadly Poison"],"picked":"SKIP","floor":46},{"not_picked":["PiercingWail","Deadly Poison","Choke"],"picked":"SKIP","floor":48}],"player_experience":746170,"relics_obtained":[{"floor":6.0,"key":"Vajra"},{"floor":8.0,"key":"CeramicFish"},{"floor":9.0,"key":"Ornamental Fan"},{"floor":11.0,"key":"Ginger"},{"floor":17.0,"key":"Tiny Chest"},{"floor":17.0,"key":"Sundial"},{"floor":17.0,"key":"FossilizedHelix"},{"floor":24.0,"key":"Letter Opener"},{"floor":28.0,"key":"Nunchaku"},{"floor":30,"key":"Orichalcum"},{"floor":40,"key":"Centennial Puzzle"},{"floor":42,"key":"Whetstone"},{"floor":43,"key":"Strawberry"},{"floor":46,"key":"White Beast Statue"},{"floor":47,"key":"Prayer Wheel"},{"floor":48,"key":"Bronze Scales"}],"event_choices":[{"damage_healed":0.0,"max_hp_gain":0.0,"max_hp_loss":0.0,"gold_gain":0.0,"event_name":"Shining Light","player_choice":"Entered Light","floor":2.0,"gold_loss":0.0,"damage_taken":20.0,"cards_upgraded":["Grand Finale","Tactician"]},{"damage_healed":0.0,"max_hp_gain":0.0,"max_hp_loss":0.0,"gold_gain":0.0,"event_name":"Addict","player_choice":"Obtained Relic","floor":19.0,"gold_loss":85.0,"damage_taken":0.0,"relics_obtained":["Juzu Bracelet"]},{"damage_healed":0.0,"max_hp_gain":0.0,"max_hp_loss":0.0,"gold_gain":0.0,"event_name":"Back to Basics","player_choice":"Simplicity","floor":20.0,"gold_loss":0.0,"damage_taken":0.0,"cards_upgraded":[]},{"cards_removed":["Dagger Throw"],"damage_healed":0,"gold_gain":0,"player_choice":"Upgrade and Remove","damage_taken":0,"max_hp_gain":0,"max_hp_loss":0,"event_name":"Designer","floor":29,"gold_loss":110,"cards_upgraded":["Blur"]},{"cards_removed":["Caltrops"],"damage_healed":2,"gold_gain":0,"player_choice":"Offered Uncommon","damage_taken":0,"max_hp_gain":0,"max_hp_loss":0,"event_name":"Bonfire Elementals","floor":37,"gold_loss":0},{"damage_healed":0,"gold_gain":0,"player_choice":"Embrace Madness","damage_taken":12,"max_hp_gain":0,"max_hp_loss":0,"event_name":"Winding Halls","floor":39,"gold_loss":0,"cards_obtained":["Madness","Madness"]},{"damage_healed":0,"gold_gain":0,"player_choice":"Fight","damage_taken":0,"max_hp_gain":0,"max_hp_loss":0,"event_name":"MindBloom","floor":47,"gold_loss":0}],"is_beta":false,"boss_relics":[{"not_picked":["Cursed Key","WristBlade"],"picked":"Calling Bell"},{"not_picked":["Fusion Hammer","Snecko Eye"],"picked":"Sozu"}],"items_purged_floors":[],"is_endless":false,"potions_floor_spawned":[1,4,8,11,12,13,16,18,22,24,31,33,42,45,46,47,48],"ascension_level":20}}