{"host":"ysalv62a05e493y4","time":1607984502,"event":{"mods":["AchievementEnabler","BaseMod","BetterRewards","Colored Map","Colored Powertips","Downfall","Lobotomy","Minty Spire (QoL Compilation)","Quick Restart","StSLib"],"gold_per_floor":[99,99,99,99,148,148,173,173,200,62,84,13,77,95,111,111,111],"floor_reached":16,"playtime":981,"items_purged":[],"score":121,"play_id":"5f71396e-29ce-4e45-b9fa-8686695715fb","local_time":"20201214232142","is_ascension_mode":false,"campfire_choices":[{"data":"Slimebound:CorrosiveSpit","floor":1,"key":"SMITH"},{"floor":4,"key":"RECALL"},{"data":"Slimebound:RollThrough","floor":10,"key":"SMITH"}],"circlet_count":0,"master_deck":["Slimebound:Strike_Slimebound","Slimebound:Strike_Slimebound","Slimebound:Strike_Slimebound","Slimebound:Tackle","Slimebound:Defend_Slimebound","Slimebound:Defend_Slimebound","Slimebound:Defend_Slimebound","Slimebound:Split","Slimebound:CorrosiveSpit+1","Slimebound:RollThrough+1","Slimebound:PressTheAttack","Slimebound:SlimeSpikes","Slimebound:SplitBruiser","Slimebound:Schlurp","Slimebound:RejuvenatingLick","Slimebound:ViciousTackle","Slimebound:Chomp","Slimebound:FinishingTackle"],"relics":["Slimebound:AbsorbEndCombat","downfall:HeartsMalice","Potion Belt","MawBank","downfall:HeartBlessingRed","downfall:HeartBlessingBlue","Juzu Bracelet"],"acts_visited":["Exordium"],"potions_floor_usage":[16,16,16,16],"damage_taken":[{"damage":0,"enemies":"Small Slimes","floor":6,"turns":1},{"damage":0,"enemies":"2 Louse","floor":8,"turns":1},{"damage":0,"enemies":"3 Sentries","floor":9,"turns":1},{"damage":4,"enemies":"Jaw Worm","floor":11,"turns":2},{"damage":13,"enemies":"downfall:FleeingMerchant","floor":12,"turns":4},{"damage":34,"enemies":"Lagavulin Event","floor":13,"turns":5},{"damage":11,"enemies":"Exordium Wildlife","floor":14,"turns":2},{"damage":17,"enemies":"Lots of Slimes","floor":15,"turns":2},{"damage":49,"enemies":"downfall:Ironclad","floor":16,"turns":5}],"seed_played":"-4949022059479201878","potions_obtained":[{"floor":9,"key":"Swift Potion"},{"floor":11,"key":"Slimebound:SlimedPotion"},{"floor":13,"key":"SpeedPotion"},{"floor":14,"key":"SpeedPotion"}],"is_trial":false,"path_per_floor":["R","?","?","R","T","M","T","M","E","R","M","$","?","M","M","B"],"character_chosen":"SLIMEBOUND","items_purchased":["Slimebound:RejuvenatingLick"],"campfire_rested":0,"item_purchase_floors":[12],"current_hp_per_floor":[60,60,60,60,60,60,60,60,60,70,70,67,49,48,35,0,0],"gold":111,"neow_bonus":"THREE_ENEMY_KILL","is_daily":false,"chose_seed":false,"campfire_upgraded":2,"win_rate":0.0,"timestamp":1607984502,"path_taken":["R","?","?","R","?","M","T","?","E","R","M","?","?","M","M","BOSS"],"items_purchased_type":["Card"],"build_version":"2020-12-13","purchased_purges":0,"victory":false,"max_hp_per_floor":[60,60,60,60,60,60,60,60,60,70,70,70,70,70,70,70,70],"card_choices":[{"not_picked":["Slimebound:FormOfPuddle","Slimebound:Prepare"],"picked":"Slimebound:RollThrough","floor":6},{"not_picked":["Slimebound:SlimeBrawl","Slimebound:FinishingTackle"],"picked":"Slimebound:PressTheAttack","floor":8},{"not_picked":["Slimebound:SplitMire","Slimebound:DuplicatedForm"],"picked":"Slimebound:SlimeSpikes","floor":9},{"not_picked":["Slimebound:LeechingTouch","Slimebound:RollThrough"],"picked":"Slimebound:SplitBruiser","floor":11},{"not_picked":["Slimebound:TongueLash","Slimebound:SplitLeeching"],"picked":"Slimebound:Schlurp","floor":12},{"not_picked":["Slimebound:LevelUp","Slimebound:RainOfGoop"],"picked":"Slimebound:ViciousTackle","floor":13},{"not_picked":["Slimebound:SplitLeeching","Slimebound:ViciousTackle"],"picked":"Slimebound:Chomp","floor":14},{"not_picked":["Slimebound:DivideAndConquer","Slimebound:SlimeSlap"],"picked":"Slimebound:FinishingTackle","floor":15}],"player_experience":23196,"relics_obtained":[{"floor":7,"key":"Potion Belt"},{"floor":9,"key":"MawBank"}],"event_choices":[{"cards_removed":["Slimebound:Defend_Slimebound"],"damage_healed":0,"gold_gain":0,"player_choice":"Card Removal","damage_taken":0,"max_hp_gain":0,"max_hp_loss":0,"event_name":"The Cleric","floor":3,"gold_loss":0}],"is_beta":false,"boss_relics":[],"items_purged_floors":[],"is_endless":false,"potions_floor_spawned":[9,11,13,14],"killed_by":"downfall:Ironclad","ascension_level":0}}