{"host":"qvhy3c6mwu5ha9zk","time":1607949800,"event":{"mods":["2.2 Compatiblity","AchievementEnabler","BaseMod","Colored Powertips","Highlight Path","Minty Spire (QoL Compilation)","Rare Cards Sparkle","StSLib","The Cursed","The Disciple"],"gold_per_floor":[118,136,136,147,72,102,102,134,158,158,158],"floor_reached":10,"playtime":380,"items_purged":["Strike_G"],"score":91,"play_id":"f782db0c-712d-4b5a-9ad8-3927700e551c","local_time":"20201214044320","is_ascension_mode":true,"campfire_choices":[{"data":"Neutralize","floor":7,"key":"SMITH"}],"circlet_count":0,"master_deck":["Strike_G","Strike_G","Strike_G","Strike_G","Defend_G","Defend_G","Defend_G","Defend_G","Defend_G","Survivor","Neutralize+1","Caltrops","Flying Knee","Backstab","Dash","Quick Slash"],"relics":["Coffee Dripper","Pen Nib","Lantern","Bag of Marbles"],"acts_visited":["Exordium"],"potions_floor_usage":[6],"damage_taken":[{"damage":0,"enemies":"Small Slimes","floor":1,"turns":3},{"damage":0,"enemies":"Cultist","floor":2,"turns":4},{"damage":0,"enemies":"Jaw Worm","floor":4,"turns":3},{"damage":22,"enemies":"Gremlin Nob","floor":6,"turns":5},{"damage":14,"enemies":"Lagavulin","floor":8,"turns":7},{"damage":2,"enemies":"3 Sentries","floor":10,"turns":4}],"seed_played":"27196999140859579","potions_obtained":[{"floor":1,"key":"EssenceOfSteel"},{"floor":2,"key":"Fire Potion"},{"floor":4,"key":"SmokeBomb"}],"is_trial":false,"path_per_floor":["M","M","?","M","$","E","R","E","T","E"],"character_chosen":"THE_SILENT","items_purchased":[],"campfire_rested":0,"item_purchase_floors":[],"current_hp_per_floor":[70,70,70,70,70,48,48,34,34,32,32],"gold":158,"neow_bonus":"BOSS_RELIC","is_daily":false,"chose_seed":false,"campfire_upgraded":1,"win_rate":0.0,"timestamp":1607949800,"path_taken":["M","M","?","?","?","E","R","E","T","E"],"items_purchased_type":[],"build_version":"2020-12-13","purchased_purges":1,"victory":false,"max_hp_per_floor":[70,70,70,70,70,70,70,70,70,70,70],"card_choices":[{"not_picked":["Deadly Poison","Quick Slash"],"picked":"Caltrops","floor":1},{"not_picked":["Choke","Distraction"],"picked":"Flying Knee","floor":2},{"not_picked":["Poisoned Stab","Distraction"],"picked":"Backstab","floor":4},{"not_picked":["Slice","Underhanded Strike"],"picked":"Dash","floor":6},{"not_picked":["Bane","Acrobatics"],"picked":"Quick Slash","floor":8}],"player_experience":348508,"relics_obtained":[{"floor":6,"key":"Pen Nib"},{"floor":8,"key":"Lantern"},{"floor":9,"key":"Bag of Marbles"}],"event_choices":[{"damage_healed":0,"gold_gain":0,"player_choice":"Bought 0 Potions","damage_taken":0,"max_hp_gain":0,"max_hp_loss":0,"event_name":"The Woman in Blue","floor":3,"gold_loss":0}],"is_beta":false,"boss_relics":[],"items_purged_floors":[5],"is_endless":false,"potions_floor_spawned":[1,2,4],"killed_by":"3 Sentries","ascension_level":4}}