{"host":"4ag909k4xupnj24b","time":1607941897,"event":{"mods":["BaseMod","Minty Spire (QoL Compilation)","StSLib"],"gold_per_floor":[109,109,109,119,133,133,149,149,449,449,461,480,480,491,491,591,591,601,619,162,162,230,230,230,230,256,284,304,23,23,35,35,140,140,154,154,154,174,191,37,37,53,100,100,151,170,170,170,170,170],"floor_reached":51,"playtime":1898,"items_purged":["Strike_B"],"score":1126,"play_id":"e33e8cdd-d72c-4747-af69-c74aff83a7c9","local_time":"20201214023137","is_ascension_mode":true,"campfire_choices":[{"data":"Zap","floor":6,"key":"SMITH"},{"data":"Barrage","floor":8,"key":"SMITH"},{"data":"Dualcast","floor":10,"key":"SMITH"},{"floor":15,"key":"REST"},{"data":"Defragment","floor":23,"key":"SMITH"},{"data":"Sunder","floor":25,"key":"SMITH"},{"data":"Defragment","floor":30,"key":"SMITH"},{"data":"Loop","floor":32,"key":"SMITH"},{"data":"Creative AI","floor":41,"key":"SMITH"},{"floor":44,"key":"RECALL"},{"floor":47,"key":"REST"},{"floor":49,"key":"REST"}],"circlet_count":0,"master_deck":["AscendersBane","Strike_B+1","Defend_B+1","Defend_B+1","Defend_B+1","Defend_B+1","Zap+1","Dualcast+1","Cold Snap+1","Ball Lightning+1","Cold Snap+1","Barrage+1","Self Repair+1","Defragment+1","Buffer+1","Biased Cognition+1","Loop+1","Defragment+1","Electrodynamics+1","Amplify+1","Creative AI+1","Injury","Shame","Glacier+1"],"relics":["Runic Pyramid","Old Coin","CaptainsWheel","SacredBark","Anchor","Pantograph","Bag of Preparation","Du-Vu Doll","Toxic Egg 2","Cursed Key","Mark of the Bloom","Orrery","Oddly Smooth Stone","Juzu Bracelet"],"acts_visited":["Exordium","TheCity","TheBeyond"],"potions_floor_usage":[16,18,20,27,33,33,50,50],"damage_taken":[{"damage":0,"enemies":"Small Slimes","floor":1,"turns":5},{"damage":0,"enemies":"2 Louse","floor":4,"turns":4},{"damage":0,"enemies":"Cultist","floor":5,"turns":3},{"damage":4,"enemies":"Blue Slaver","floor":7,"turns":4},{"damage":10,"enemies":"Lots of Slimes","floor":11,"turns":3},{"damage":28,"enemies":"Exordium Thugs","floor":12,"turns":4},{"damage":11,"enemies":"3 Louse","floor":14,"turns":3},{"damage":7,"enemies":"Hexaghost","floor":16,"turns":11},{"damage":0,"enemies":"Spheric Guardian","floor":18,"turns":3},{"damage":22,"enemies":"2 Thieves","floor":19,"turns":4},{"damage":3,"enemies":"Slavers","floor":27,"turns":5},{"damage":16,"enemies":"Snake Plant","floor":28,"turns":4},{"damage":0,"enemies":"Snecko","floor":31,"turns":5},{"damage":0,"enemies":"Collector","floor":33,"turns":8},{"damage":29,"enemies":"3 Darklings","floor":35,"turns":4},{"damage":0,"enemies":"Orb Walker","floor":38,"turns":3},{"damage":0,"enemies":"Spire Growth","floor":39,"turns":4},{"damage":13,"enemies":"Writhing Mass","floor":42,"turns":4},{"damage":0,"enemies":"Maw","floor":46,"turns":7},{"damage":21,"enemies":"Donu and Deca","floor":50,"turns":4}],"seed_played":"2578328429115488069","potions_obtained":[{"floor":4,"key":"Fruit Juice"},{"floor":12,"key":"ColorlessPotion"},{"floor":14,"key":"Dexterity Potion"},{"floor":16,"key":"DistilledChaos"},{"floor":19,"key":"GamblersBrew"},{"floor":28,"key":"ColorlessPotion"},{"floor":31,"key":"AttackPotion"},{"floor":33,"key":"PowerPotion"},{"floor":35,"key":"FocusPotion"}],"is_trial":false,"path_per_floor":["M","?","?","M","M","R","M","R","T","R","M","M","?","M","R","B",null,"M","M","$","?","T","R","?","R","T","E","M","$","R","M","R","B",null,"M","?","?","M","M","$","R","M","T","R","T","M","R","?","R","B",null],"character_chosen":"DEFECT","items_purchased":["FocusPotion","FocusPotion","Biased Cognition","Anchor","Defragment","Toxic Egg 2","Orrery"],"campfire_rested":3,"item_purchase_floors":[20,20,20,20,29,29,40],"current_hp_per_floor":[68,61,61,61,61,61,57,57,57,57,47,26,26,22,44,44,67,74,59,69,53,53,53,53,53,53,57,48,48,48,55,55,87,89,67,67,67,67,67,67,67,54,54,54,54,54,54,54,54,33],"gold":170,"neow_bonus":"BOSS_RELIC","is_daily":false,"chose_seed":false,"campfire_upgraded":8,"win_rate":0.0,"timestamp":1607941897,"path_taken":["M","?","?","?","M","R","M","R","T","R","M","M","?","M","R","BOSS","M","M","$","?","?","R","?","R","T","E","M","$","R","M","R","BOSS","M","?","?","M","M","$","R","M","T","R","?","M","R","?","R","BOSS"],"items_purchased_type":["Potion","Potion","Card","Relic","Card","Relic","Relic"],"build_version":"2020-12-13","purchased_purges":1,"victory":true,"max_hp_per_floor":[75,75,75,75,75,75,75,75,75,75,75,75,75,75,75,75,75,75,75,85,90,90,90,90,90,90,90,90,90,90,90,90,90,90,90,90,85,85,85,85,85,85,85,85,85,85,85,85,85,85],"card_choices":[{"not_picked":["Sweeping Beam","Rebound"],"picked":"Cold Snap","floor":1},{"not_picked":["Reprogram","Beam Cell"],"picked":"Ball Lightning","floor":4},{"not_picked":["Ball Lightning","FTL"],"picked":"Cold Snap","floor":5},{"not_picked":["Beam Cell","Aggregate"],"picked":"Barrage","floor":7},{"not_picked":["BootSequence","Barrage"],"picked":"Self Repair","floor":11},{"not_picked":["Go for the Eyes","Skim"],"picked":"Sunder","floor":12},{"not_picked":["Heatsinks","Leap"],"picked":"Defragment","floor":14},{"not_picked":["Reboot","Machine Learning"],"picked":"Buffer","floor":16},{"not_picked":["Rebound","Stack","Rip and Tear+1"],"picked":"SKIP","floor":18},{"not_picked":["Hologram","Steam","Chaos"],"picked":"SKIP","floor":19},{"not_picked":["Coolheaded","Lockon"],"picked":"Loop","floor":27},{"not_picked":["Go for the Eyes","Hologram","Redo"],"picked":"SKIP","floor":28},{"not_picked":["Compile Driver","Streamline","Hologram+1"],"picked":"SKIP","floor":31},{"not_picked":["Multi-Cast+1","All For One"],"picked":"Electrodynamics","floor":33},{"not_picked":["Recycle+1","Reinforced Body+1","Genetic Algorithm+1"],"picked":"SKIP","floor":35},{"not_picked":["Heatsinks","Compile Driver","Reinforced Body+1"],"picked":"SKIP","floor":38},{"not_picked":["Hologram+1","Auto Shields+1","Go for the Eyes"],"picked":"SKIP","floor":39},{"not_picked":["Compile Driver","Stack+1"],"picked":"Amplify+1","floor":40},{"not_picked":["Rebound","Hologram+1"],"picked":"Creative AI","floor":40},{"not_picked":["Streamline","FTL","Storm"],"picked":"SKIP","floor":42},{"not_picked":["Rebound","Steam+1"],"picked":"Glacier+1","floor":46}],"player_experience":772623,"relics_obtained":[{"floor":9,"key":"Old Coin"},{"floor":22,"key":"Pantograph"},{"floor":26,"key":"Bag of Preparation"},{"floor":27,"key":"Du-Vu Doll"},{"floor":43,"key":"Oddly Smooth Stone"},{"floor":45,"key":"Juzu Bracelet"}],"event_choices":[{"cards_removed":["Strike_B"],"damage_healed":0,"gold_gain":0,"player_choice":"Card Removal","damage_taken":7,"max_hp_gain":0,"max_hp_loss":0,"event_name":"Golden Wing","floor":2,"gold_loss":0},{"cards_removed":["Strike_B"],"damage_healed":0,"gold_gain":0,"player_choice":"Offered Basic","damage_taken":0,"max_hp_gain":0,"max_hp_loss":0,"event_name":"Bonfire Elementals","floor":3,"gold_loss":0},{"damage_healed":0,"gold_gain":0,"player_choice":"Gave Potion","damage_taken":0,"relics_obtained":["CaptainsWheel"],"max_hp_gain":0,"max_hp_loss":0,"event_name":"WeMeetAgain","floor":13,"gold_loss":0},{"damage_healed":0,"gold_gain":0,"player_choice":"Shed Blood","damage_taken":21,"max_hp_gain":5,"max_hp_loss":0,"event_name":"Forgotten Altar","floor":21,"gold_loss":0},{"damage_healed":0,"gold_gain":0,"player_choice":"Simplicity","damage_taken":0,"max_hp_gain":0,"max_hp_loss":0,"event_name":"Back to Basics","floor":24,"gold_loss":0,"cards_upgraded":["Strike_B","Defend_B","Defend_B","Defend_B","Defend_B"]},{"damage_healed":0,"gold_gain":0,"player_choice":"Upgrade","damage_taken":0,"relics_obtained":["Mark of the Bloom"],"max_hp_gain":0,"max_hp_loss":0,"event_name":"MindBloom","floor":36,"gold_loss":0,"cards_upgraded":["Cold Snap","Ball Lightning","Cold Snap","Self Repair","Buffer","Biased Cognition","Electrodynamics"]},{"damage_healed":0,"gold_gain":0,"player_choice":"Max HP","damage_taken":0,"max_hp_gain":0,"max_hp_loss":5,"event_name":"Winding Halls","floor":37,"gold_loss":0},{"cards_removed":["Sunder"],"damage_healed":0,"gold_gain":0,"player_choice":"Removed Attack","damage_taken":0,"max_hp_gain":0,"max_hp_loss":0,"event_name":"Falling","floor":48,"gold_loss":0}],"is_beta":false,"boss_relics":[{"not_picked":["Runic Dome","Tiny House"],"picked":"SacredBark"},{"not_picked":["Sozu","Snecko Eye"],"picked":"Cursed Key"}],"items_purged_floors":[20],"is_endless":false,"potions_floor_spawned":[4,12,14,16,19,28,31,33,35,42],"ascension_level":12}}