{"host":"vd5put2n5b3t1prw","time":1607913037,"event":{"mods":["2.2 Compatiblity","AchievementEnabler","BaseMod","Better Altar","Better Match","Better Note","Better Sensory Stone","Better Silent Start","Better Skull","Better Third Choice","Better Vampires","Better-Laid Plans","BetterRewards","Block Reminder","Card Forge","Colored Map","Custom Start","Downfall","Emptier Cage","Minty Spire (QoL Compilation)","Quick Restart","Random Character Button","Relic Stats","Reorder Act Four","Spicy Shops","StSLib","Transform Curses","Waifu the Spire"],"gold_per_floor":[99,99,162,172,13,13,13,27,27,44,57,57,57],"floor_reached":12,"playtime":1504,"items_purged":[],"score":68,"play_id":"c474fc20-c963-45b1-8f1f-7b5b028f2695","local_time":"20201213203037","is_ascension_mode":false,"campfire_choices":[{"data":"champ:BerserkerStyle","floor":6,"key":"SMITH"},{"data":"champ:CrookedStrike","floor":9,"key":"SMITH"}],"circlet_count":0,"master_deck":["champ:Strike","champ:Strike","champ:Strike","champ:Strike","champ:Defend","champ:Defend","champ:Defend","champ:Defend","champ:Execute","champ:Taunt","champ:Circumvent","champ:CrookedStrike+1","champ:AdrenalArmor","champ:FanOfKnives","champ:BerserkersShout","champ:BerserkerStyle+1","champ:HoldFirm","champ:SteelEdge","champ:IronFortress","champ:TornadoPunch"],"relics":["champ:ChampionCrown","Hammer of Thor","Seething Fire","Anvil of the Gods","downfall:HeartsMalice","Centennial Puzzle","Bottled Flame"],"acts_visited":["Exordium"],"potions_floor_usage":[12],"damage_taken":[{"damage":0,"enemies":"Jaw Worm","floor":1,"turns":1},{"damage":0,"enemies":"Cultist","floor":2,"turns":1},{"damage":0,"enemies":"3 Sentries","floor":3,"turns":1},{"damage":10,"enemies":"Small Slimes","floor":4,"turns":4},{"damage":7,"enemies":"downfall:FleeingMerchant","floor":5,"turns":4},{"damage":30,"enemies":"3 Louse","floor":8,"turns":4},{"damage":27,"enemies":"Lots of Slimes","floor":10,"turns":6},{"damage":21,"enemies":"Blue Slaver","floor":11,"turns":4},{"damage":74,"enemies":"Gremlin Nob","floor":12,"turns":5}],"seed_played":"-4250560607312359000","potions_obtained":[{"floor":4,"key":"Fruit Juice"},{"floor":8,"key":"SpeedPotion"},{"floor":11,"key":"PowerPotion"}],"is_trial":false,"path_per_floor":["M","M","?","M","$","R","T","M","R","M","M","E"],"character_chosen":"THE_CHAMP","items_purchased":["champ:BerserkerStyle","champ:HoldFirm"],"campfire_rested":0,"item_purchase_floors":[5,5],"current_hp_per_floor":[90,90,90,85,85,85,85,78,78,67,53,0,0],"gold":57,"neow_bonus":"THREE_ENEMY_KILL","is_daily":false,"chose_seed":false,"campfire_upgraded":2,"win_rate":0.0,"timestamp":1607913037,"path_taken":["M","M","?","M","$","R","T","M","R","M","M","E"],"items_purchased_type":["Card","Card"],"build_version":"2020-12-13","purchased_purges":0,"victory":false,"max_hp_per_floor":[90,90,90,90,90,90,90,90,90,90,90,95,95],"relic_stats":{"Centennial Puzzle":[18],"counters":[9,27],"obtain_stats":[{"Centennial Puzzle":3,"Bottled Flame":7,"Anvil of the Gods":0,"champ:ChampionCrown":0,"downfall:HeartsMalice":0,"Hammer of Thor":0,"Seething Fire":0},{"Centennial Puzzle":2,"Bottled Flame":5,"Anvil of the Gods":0,"champ:ChampionCrown":0,"downfall:HeartsMalice":0,"Hammer of Thor":0,"Seething Fire":0},{"Centennial Puzzle":0,"Bottled Flame":8,"Anvil of the Gods":0,"champ:ChampionCrown":0,"downfall:HeartsMalice":0,"Hammer of Thor":0,"Seething Fire":0}]},"card_choices":[{"not_picked":["champ:Shatter","champ:TornadoPunch"],"picked":"champ:Circumvent","floor":1},{"not_picked":["champ:Haymaker","champ:PerfectedStrike"],"picked":"champ:CrookedStrike","floor":2},{"not_picked":["champ:BringItOn","champ:PreciseThrust"],"picked":"champ:AdrenalArmor","floor":3},{"not_picked":["champ:RisingSlash","champ:PerfectedStrike"],"picked":"champ:FanOfKnives","floor":4},{"not_picked":["champ:Haymaker","champ:BringItOn"],"picked":"champ:BerserkersShout","floor":5},{"not_picked":["champ:Lariat","champ:Circumvent"],"picked":"champ:SteelEdge","floor":8},{"not_picked":["champ:BladeFlurry","champ:FanOfKnives"],"picked":"champ:IronFortress","floor":10},{"not_picked":["champ:GladiatorsShout","champ:EnragedBash"],"picked":"champ:TornadoPunch","floor":11}],"player_experience":211198,"relics_obtained":[{"floor":7,"key":"Bottled Flame"}],"event_choices":[],"is_beta":false,"boss_relics":[],"items_purged_floors":[],"is_endless":false,"potions_floor_spawned":[4,8,11],"killed_by":"Gremlin Nob","ascension_level":0}}