{"host":"qrt7o4dq2qslzw13","time":1607938162,"event":{"mods":["AchievementEnabler","BaseMod","Colored Map","Colored Powertips","Minty Spire (QoL Compilation)","Quick Restart","Rare Cards Sparkle","StSLib","SuperFastMode"],"gold_per_floor":[118,133,133,150,214,214,246,321,321,337,355,3,3,17,17,89,89,105,117,117,5,5,5,5,5],"floor_reached":24,"playtime":451,"items_purged":[],"score":392,"play_id":"dc584158-9208-48aa-8ad0-e8c99eb9ed6a","local_time":"20201214042922","is_ascension_mode":true,"campfire_choices":[{"data":"Bash","floor":6.0,"key":"SMITH"},{"data":"Fiend Fire","floor":13.0,"key":"SMITH"},{"data":"Whirlwind","floor":15.0,"key":"SMITH"},{"data":"Feel No Pain","floor":23,"key":"SMITH"}],"circlet_count":0,"master_deck":["AscendersBane","Strike_R","Defend_R","Defend_R+1","Defend_R","Bash+1","Metallicize","Blood for Blood+1","Power Through","Whirlwind+1","Bloodletting","Twin Strike","Combust","Purity+1","Fiend Fire+1","Offering","Blood for Blood+1","Inflame+1","Perfected Strike+1","Power Through","True Grit","Shame","Feel No Pain+1","Shrug It Off"],"relics":["Burning Blood","Singing Bowl","Meat on the Bone","Astrolabe","Lantern"],"acts_visited":["Exordium","TheCity"],"potions_floor_usage":[],"damage_taken":[{"damage":7.0,"enemies":"Jaw Worm","floor":1.0,"turns":3.0},{"damage":0.0,"enemies":"Small Slimes","floor":2.0,"turns":3.0},{"damage":4.0,"enemies":"2 Louse","floor":4.0,"turns":3.0},{"damage":22.0,"enemies":"Gremlin Nob","floor":7.0,"turns":4.0},{"damage":8.0,"enemies":"Lots of Slimes","floor":10.0,"turns":4.0},{"damage":5.0,"enemies":"Blue Slaver","floor":11.0,"turns":3.0},{"damage":11.0,"enemies":"Red Slaver","floor":14.0,"turns":2.0},{"damage":38.0,"enemies":"Slime Boss","floor":16.0,"turns":8.0},{"damage":25.0,"enemies":"2 Thieves","floor":18.0,"turns":3.0},{"damage":17,"enemies":"Spheric Guardian","floor":19,"turns":4},{"damage":42,"enemies":"Gremlin Leader","floor":24,"turns":3}],"seed_played":"-3901458299872700581","potions_obtained":[{"floor":1.0,"key":"Fire Potion"},{"floor":2.0,"key":"DuplicationPotion"},{"floor":7.0,"key":"LiquidMemories"}],"is_trial":false,"path_per_floor":["M","M","?","M","?","R","E","?","T","M","M","$","R","M","R","B",null,"M","M","?","$","?","R","E"],"character_chosen":"IRONCLAD","items_purchased":["Combust","Purity","Fiend Fire","Feel No Pain","Shrug It Off"],"campfire_rested":0,"item_purchase_floors":[12,12,12,21,21],"current_hp_per_floor":[67,68,48,50,50,50,34,23,23,33,46,46,46,43,43,23,58,51,52,52,52,52,52,10,10],"gold":5,"neow_bonus":"REMOVE_TWO","is_daily":false,"chose_seed":false,"campfire_upgraded":4,"win_rate":0.0,"timestamp":1607938162,"path_taken":["M","M","?","M","?","R","E","?","T","M","M","$","R","M","R","BOSS","M","M","?","$","?","R","E"],"items_purchased_type":["Card","Card","Card","Card","Card"],"build_version":"2020-12-13","purchased_purges":0,"victory":false,"max_hp_per_floor":[68,68,68,68,68,68,68,68,68,68,68,68,68,70,70,70,70,70,70,70,70,70,70,70,70],"card_choices":[{"not_picked":["Uppercut","Sword Boomerang"],"picked":"Metallicize","floor":1.0},{"not_picked":["Clothesline","Clash"],"picked":"Blood for Blood","floor":2.0},{"not_picked":["Sword Boomerang","Flex"],"picked":"Power Through","floor":4.0},{"not_picked":["Sever Soul","Pommel Strike"],"picked":"Whirlwind","floor":7.0},{"not_picked":["Clash","Iron Wave"],"picked":"Bloodletting","floor":10.0},{"not_picked":["Battle Trance","Headbutt"],"picked":"Twin Strike","floor":11.0},{"not_picked":["Dual Wield","Entrench","Havoc"],"picked":"Singing Bowl","floor":14.0},{"not_picked":["Bludgeon","Barricade"],"picked":"Offering","floor":16.0},{"not_picked":["Disarm","Hemokinesis"],"picked":"Power Through","floor":18.0},{"not_picked":["Searing Blow","Clothesline"],"picked":"True Grit","floor":19}],"player_experience":451182,"relics_obtained":[{"floor":7.0,"key":"Singing Bowl"},{"floor":9.0,"key":"Meat on the Bone"}],"event_choices":[{"damage_healed":0.0,"max_hp_gain":0.0,"max_hp_loss":0.0,"gold_gain":0.0,"event_name":"Shining Light","player_choice":"Entered Light","floor":3.0,"gold_loss":0.0,"damage_taken":20.0,"cards_upgraded":["Defend_R","Blood for Blood"]},{"damage_healed":0.0,"max_hp_gain":0.0,"max_hp_loss":0.0,"gold_gain":64.0,"event_name":"Golden Wing","player_choice":"Gained Gold","floor":5.0,"gold_loss":0.0,"damage_taken":0.0},{"damage_healed":0.0,"max_hp_gain":0.0,"max_hp_loss":0.0,"gold_gain":75.0,"event_name":"World of Goop","player_choice":"Gather Gold","floor":8.0,"gold_loss":0.0,"damage_taken":11.0},{"damage_healed":0,"gold_gain":0,"player_choice":"Stole Relic","damage_taken":0,"relics_obtained":["Lantern"],"max_hp_gain":0,"max_hp_loss":0,"event_name":"Addict","floor":20,"gold_loss":0,"cards_obtained":["Shame"]},{"damage_healed":0,"gold_gain":0,"player_choice":"Upgraded","damage_taken":0,"max_hp_gain":0,"max_hp_loss":0,"event_name":"Upgrade Shrine","floor":22,"gold_loss":0,"cards_upgraded":["Purity"]}],"is_beta":false,"boss_relics":[{"not_picked":["Sozu","Runic Cube"],"picked":"Astrolabe"}],"items_purged_floors":[],"is_endless":false,"potions_floor_spawned":[1,2,7],"killed_by":"Gremlin Leader","ascension_level":20}}