{"host":"2461dio7vetlq1z3","time":1607950080,"event":{"mods":["AchievementEnabler","Aspiration","BaseMod","Hermit","Lobotomy","Minty Spire (QoL Compilation)","Relic Stats","Spicy Shops","StSLib","Waifu the Spire"],"gold_per_floor":[117,40,40,40,51,86,86,111,161,161,161,217,227,242,242,313,313,325,325,341,341,391,391,403,438,438,438,438,463,463,531,531,531,531],"floor_reached":33,"playtime":1256,"items_purged":[],"score":550,"play_id":"8da02f29-755e-4625-b5a0-a7ae5140ebf0","local_time":"20201214134800","is_ascension_mode":true,"campfire_choices":[{"data":"Noxious Fumes","floor":7,"key":"SMITH"},{"data":"Neutralize","floor":10,"key":"SMITH"},{"data":"1","floor":15,"key":"LIFT"},{"floor":23,"key":"REST"},{"floor":28,"key":"REST"},{"floor":32,"key":"REST"}],"circlet_count":0,"master_deck":["AscendersBane","Strike_G","Strike_G","Strike_G","Strike_G","Strike_G","Defend_G","Defend_G","Defend_G","Defend_G","Defend_G","Survivor","Neutralize+1","Deadly Poison","Noxious Fumes+1","Choke","Sucker Punch","Blur","PiercingWail","Heel Hook","Crippling Poison","Night Terror","Glass Knife","Leg Sweep","Well Laid Plans+1","Ball Lightning","PiercingWail","Decay","GreenStem+1"],"relics":["Ring of the Snake","NeowsBlessing","Juzu Bracelet","Pantograph","Nunchaku","Girya","Philosopher\u0027s Stone","PrismaticShard","Ornamental Fan","Frozen Egg 2","Toxic Egg 2","Letter Opener"],"acts_visited":["Exordium","TheCity"],"potions_floor_usage":[8,12,25,25,33],"damage_taken":[{"damage":0,"enemies":"2 Louse","floor":1,"turns":1},{"damage":0,"enemies":"Jaw Worm","floor":5,"turns":1},{"damage":0,"enemies":"Gremlin Nob","floor":6,"turns":1},{"damage":15,"enemies":"Lagavulin","floor":8,"turns":5},{"damage":21,"enemies":"Gremlin Nob","floor":12,"turns":4},{"damage":0,"enemies":"Cultist","floor":13,"turns":3},{"damage":6,"enemies":"Exordium Wildlife","floor":14,"turns":5},{"damage":28,"enemies":"Hexaghost","floor":16,"turns":11},{"damage":13,"enemies":"2 Thieves","floor":18,"turns":4},{"damage":8,"enemies":"Shell Parasite","floor":20,"turns":5},{"damage":28,"enemies":"Shelled Parasite and Fungi","floor":24,"turns":6},{"damage":9,"enemies":"Book of Stabbing","floor":25,"turns":6},{"damage":20,"enemies":"Gremlin Leader","floor":29,"turns":9},{"damage":64,"enemies":"Automaton","floor":33,"turns":8}],"seed_played":"-6762528481626986200","potions_obtained":[{"floor":6,"key":"Poison Potion"},{"floor":8,"key":"CunningPotion"},{"floor":14,"key":"Block Potion"},{"floor":16,"key":"SneckoOil"},{"floor":18,"key":"PowerPotion"},{"floor":25,"key":"Energy Potion"}],"is_trial":false,"path_per_floor":["M","$","?","?","M","E","R","E","T","R","?","?","M","M","R","B",null,"M","?","M","?","?","R","M","E","T","?","R","E","?","T","R","B"],"character_chosen":"THE_SILENT","items_purchased":["Noxious Fumes"],"campfire_rested":3,"item_purchase_floors":[2],"current_hp_per_floor":[59,59,59,59,59,59,59,44,44,44,49,28,28,22,22,19,58,45,33,25,25,25,46,18,9,9,9,30,10,10,10,31,0,0],"gold":531,"neow_bonus":"THREE_ENEMY_KILL","is_daily":false,"chose_seed":false,"campfire_upgraded":2,"win_rate":0.0,"timestamp":1607950080,"path_taken":["M","$","?","?","?","E","R","E","T","R","?","?","M","M","R","BOSS","M","?","M","?","?","R","M","E","T","?","R","E","?","?","R","BOSS"],"items_purchased_type":["Card"],"build_version":"2020-12-13","purchased_purges":0,"victory":false,"max_hp_per_floor":[66,66,66,66,66,66,66,66,66,66,71,71,71,71,71,71,71,71,71,71,71,71,71,71,71,71,71,71,71,71,71,71,71,71],"relic_stats":{"Nunchaku":[10],"counters":[14,69],"Ornamental Fan":[20],"Pantograph":50,"Juzu Bracelet":2,"Letter Opener":[10],"obtain_stats":[{"Girya":12,"Nunchaku":9,"NeowsBlessing":0,"Ornamental Fan":25,"Pantograph":8,"Philosopher\u0027s Stone":17,"Juzu Bracelet":6,"Letter Opener":31,"Frozen Egg 2":26,"Toxic Egg 2":29,"PrismaticShard":19,"Ring of the Snake":0},{"Girya":5,"Nunchaku":4,"NeowsBlessing":0,"Ornamental Fan":12,"Pantograph":4,"Philosopher\u0027s Stone":8,"Juzu Bracelet":3,"Letter Opener":13,"Frozen Egg 2":12,"Toxic Egg 2":13,"PrismaticShard":9,"Ring of the Snake":0},{"Girya":12,"Nunchaku":8,"NeowsBlessing":0,"Ornamental Fan":52,"Pantograph":8,"Philosopher\u0027s Stone":31,"Juzu Bracelet":3,"Letter Opener":61,"Frozen Egg 2":52,"Toxic Egg 2":61,"PrismaticShard":35,"Ring of the Snake":0}],"Ring of the Snake":[28]},"card_choices":[{"not_picked":["Prepared","Cloak And Dagger"],"picked":"Deadly Poison","floor":1},{"not_picked":["Choke","Outmaneuver"],"picked":"Sucker Punch","floor":5},{"not_picked":["Dagger Spray","Expertise"],"picked":"Blur","floor":6},{"not_picked":["Finisher","Setup"],"picked":"PiercingWail","floor":8},{"not_picked":["Blade Dance","Slice"],"picked":"Heel Hook","floor":12},{"not_picked":["Quick Slash","Predator"],"picked":"Crippling Poison","floor":13},{"not_picked":["Poisoned Stab","Flechettes"],"picked":"Night Terror","floor":14},{"not_picked":["Storm of Steel","Wraith Form v2"],"picked":"Glass Knife","floor":16},{"not_picked":["Prepared","Finisher"],"picked":"Leg Sweep","floor":18},{"not_picked":["Tactician","Flying Knee"],"picked":"Well Laid Plans","floor":19},{"not_picked":["Diffraction","Perfected Strike+1"],"picked":"Ball Lightning","floor":20},{"not_picked":["Gash","FlurryOfBlows","ClearTheMind"],"picked":"SKIP","floor":24},{"not_picked":["Coolheaded","hermit:Roulette"],"picked":"PiercingWail","floor":25},{"not_picked":["Halt+1","Genetic Algorithm+1"],"picked":"GreenStem+1","floor":29}],"player_experience":713537,"relics_obtained":[{"floor":6,"key":"Juzu Bracelet"},{"floor":8,"key":"Pantograph"},{"floor":9,"key":"Nunchaku"},{"floor":12,"key":"Girya"},{"floor":19,"key":"PrismaticShard"},{"floor":25,"key":"Ornamental Fan"},{"floor":26,"key":"Frozen Egg 2"},{"floor":29,"key":"Toxic Egg 2"},{"floor":31,"key":"Letter Opener"}],"event_choices":[{"damage_healed":0,"gold_gain":0,"player_choice":"Ignored","damage_taken":0,"max_hp_gain":0,"max_hp_loss":0,"event_name":"Liars Game","floor":3,"gold_loss":0},{"damage_healed":0,"gold_gain":0,"player_choice":"1 cards matched","damage_taken":0,"max_hp_gain":0,"max_hp_loss":0,"event_name":"Match and Keep!","floor":4,"gold_loss":0,"cards_obtained":["Choke"]},{"damage_healed":0,"gold_gain":0,"player_choice":"Donut","damage_taken":0,"max_hp_gain":5,"max_hp_loss":0,"event_name":"Big Fish","floor":11,"gold_loss":0},{"damage_healed":0,"gold_gain":0,"player_choice":"Searched \u00272\u0027 times","damage_taken":0,"max_hp_gain":0,"max_hp_loss":0,"event_name":"Dead Adventurer","floor":12,"gold_loss":0},{"damage_healed":0,"gold_gain":0,"player_choice":"Upgraded","damage_taken":0,"max_hp_gain":0,"max_hp_loss":0,"event_name":"Upgrade Shrine","floor":21,"gold_loss":0,"cards_upgraded":["Well Laid Plans"]},{"damage_healed":0,"gold_gain":50,"player_choice":"Stole From Cult","damage_taken":0,"max_hp_gain":0,"max_hp_loss":0,"event_name":"Nest","floor":22,"gold_loss":0},{"damage_healed":0,"gold_gain":0,"player_choice":"Cursed","damage_taken":0,"max_hp_gain":0,"max_hp_loss":0,"event_name":"Wheel of Change","floor":27,"gold_loss":0,"cards_obtained":["Decay"]},{"damage_healed":0,"gold_gain":0,"player_choice":"Ignored","damage_taken":0,"max_hp_gain":0,"max_hp_loss":0,"event_name":"The Mausoleum","floor":30,"gold_loss":0}],"is_beta":false,"boss_relics":[{"not_picked":["Cursed Key","aspiration:SecretTechniqueScroll"],"picked":"Philosopher\u0027s Stone"}],"items_purged_floors":[],"is_endless":false,"potions_floor_spawned":[6,8,14,16,18,20,24,25],"killed_by":"Automaton","ascension_level":15}}