{"host":"msmkw03x1o7nq45i","time":1607941965,"event":{"mods":["AchievementEnabler","BaseMod","Bestiary","Colored Powertips","GifTheSpireLib","Highlight Path","Minty Spire (QoL Compilation)","Random Character Button","StSLib","everything is the same but u backflip on backflip"],"gold_per_floor":[114,214,233,248,248,248,276,276,302,68,80,114,124,144,144,221,221,237,237,256,26,44,44,44,44,99,60,70,98,98,23,23,96,96,113,125,125,170,170,170],"floor_reached":39,"playtime":3008,"items_purged":["Strike_R"],"score":823,"play_id":"670b8d07-008c-4d43-8692-8cc5897b7d7e","local_time":"20201214123245","is_ascension_mode":true,"campfire_choices":[{"data":"Sword Boomerang","floor":6,"key":"SMITH"},{"data":"Bash","floor":8,"key":"SMITH"},{"data":"Clothesline","floor":15,"key":"SMITH"},{"data":"Barricade","floor":23,"key":"SMITH"},{"data":"Second Wind","floor":25,"key":"SMITH"},{"data":"Feel No Pain","floor":30,"key":"SMITH"},{"data":"Power Through","floor":32,"key":"SMITH"}],"circlet_count":0,"master_deck":["AscendersBane","Strike_R","Defend_R","Defend_R","Defend_R","Defend_R","Bash+1","Blood for Blood+1","Shrug It Off","Sword Boomerang+1","Clothesline+1","Power Through+1","Bludgeon","Inflame","Second Wind+1","Barricade+1","Warcry+1","RitualDagger","Evolve","Enlightenment","Body Slam","Shrug It Off","True Grit","Feel No Pain+1","Burning Pact","Corruption"],"relics":["Runic Dome","Red Skull","Bronze Scales","MealTicket","Blue Candle","Runic Pyramid","Lantern","PreservedInsect","Busted Crown","Ginger"],"acts_visited":["Exordium","TheCity","TheBeyond"],"potions_floor_usage":[16,16,29,33,33,38],"damage_taken":[{"damage":2,"enemies":"Jaw Worm","floor":1,"turns":3},{"damage":0,"enemies":"Cultist","floor":3,"turns":2},{"damage":12,"enemies":"Small Slimes","floor":4,"turns":2},{"damage":18,"enemies":"Gremlin Nob","floor":7,"turns":4},{"damage":1,"enemies":"Blue Slaver","floor":11,"turns":2},{"damage":10,"enemies":"3 Sentries","floor":12,"turns":5},{"damage":0,"enemies":"Large Slime","floor":13,"turns":3},{"damage":4,"enemies":"2 Fungi Beasts","floor":14,"turns":2},{"damage":5,"enemies":"The Guardian","floor":16,"turns":6},{"damage":5,"enemies":"Spheric Guardian","floor":18,"turns":5},{"damage":13,"enemies":"2 Thieves","floor":20,"turns":3},{"damage":15,"enemies":"Shelled Parasite and Fungi","floor":22,"turns":3},{"damage":3,"enemies":"Centurion and Healer","floor":28,"turns":5},{"damage":19,"enemies":"Slavers","floor":29,"turns":4},{"damage":0,"enemies":"Automaton","floor":33,"turns":7},{"damage":21,"enemies":"3 Darklings","floor":35,"turns":5},{"damage":0,"enemies":"3 Shapes","floor":36,"turns":3},{"damage":39,"enemies":"2 Orb Walkers","floor":38,"turns":5},{"damage":5,"enemies":"Writhing Mass","floor":39,"turns":1}],"seed_played":"5950381180664410142","potions_obtained":[{"floor":3,"key":"PowerPotion"},{"floor":7,"key":"SpeedPotion"},{"floor":13,"key":"LiquidMemories"},{"floor":20,"key":"Explosive Potion"},{"floor":22,"key":"BlessingOfTheForge"},{"floor":29,"key":"HeartOfIron"},{"floor":35,"key":"SteroidPotion"}],"is_trial":false,"path_per_floor":["M","?","M","M","?","R","E","R","T","$","M","E","M","M","R","B",null,"M","?","M","$","M","R","?","R","T","$","M","E","R","?","R","B",null,"M","M","?","?","M"],"character_chosen":"IRONCLAD","items_purchased":["MealTicket","Clothesline","Power Through","Evolve","Enlightenment","Feel No Pain"],"campfire_rested":0,"item_purchase_floors":[10,10,10,21,21,27],"current_hp_per_floor":[66,66,66,54,54,54,36,36,36,36,35,25,25,21,21,16,60,55,49,36,51,36,36,36,36,36,51,48,29,29,29,29,29,64,43,43,43,4,0,0],"gold":170,"neow_bonus":"BOSS_RELIC","is_daily":false,"chose_seed":false,"campfire_upgraded":7,"win_rate":0.0,"timestamp":1607941965,"path_taken":["M","?","?","M","?","R","E","R","T","$","M","E","M","M","R","BOSS","M","?","M","$","M","R","?","R","T","$","M","E","R","?","R","BOSS","M","M","?","?","M"],"items_purchased_type":["Relic","Card","Card","Card","Card","Card"],"build_version":"2020-12-13","purchased_purges":1,"victory":false,"max_hp_per_floor":[75,75,75,75,75,75,75,75,75,75,75,75,75,75,75,75,75,75,75,75,75,75,75,75,75,75,75,75,75,75,75,75,75,75,75,75,75,75,75,75],"card_choices":[{"not_picked":["Headbutt","Shockwave"],"picked":"Blood for Blood","floor":1},{"not_picked":["Thunderclap","True Grit"],"picked":"Shrug It Off","floor":3},{"not_picked":["Sentinel","Anger"],"picked":"Sword Boomerang","floor":4},{"not_picked":["Warcry","Clash","Wild Strike"],"picked":"SKIP","floor":7},{"not_picked":["Wild Strike","Heavy Blade"],"picked":"Bludgeon","floor":11},{"not_picked":["Headbutt","Twin Strike","Pommel Strike"],"picked":"SKIP","floor":12},{"not_picked":["Twin Strike","Thunderclap"],"picked":"Inflame","floor":13},{"not_picked":["Burning Pact","Infernal Blade"],"picked":"Second Wind","floor":14},{"not_picked":["Limit Break","Exhume"],"picked":"Barricade","floor":16},{"not_picked":["Perfected Strike","Havoc"],"picked":"Warcry+1","floor":18},{"not_picked":["Intimidate","Twin Strike+1","Fire Breathing"],"picked":"SKIP","floor":20},{"not_picked":["Iron Wave","Cleave"],"picked":"Body Slam","floor":22},{"not_picked":["Clash","Juggernaut"],"picked":"Burning Pact","floor":28},{"not_picked":["Havoc","Uppercut","Perfected Strike"],"picked":"SKIP","floor":29},{"not_picked":["Impervious","Bludgeon"],"picked":"Corruption","floor":33},{"not_picked":["Havoc"],"picked":"SKIP","floor":35},{"not_picked":["Havoc+1"],"picked":"SKIP","floor":36}],"player_experience":286624,"relics_obtained":[{"floor":7,"key":"Red Skull"},{"floor":9,"key":"Bronze Scales"},{"floor":12,"key":"Blue Candle"},{"floor":26,"key":"Lantern"},{"floor":29,"key":"PreservedInsect"},{"floor":38,"key":"Ginger"}],"event_choices":[{"damage_healed":0,"gold_gain":100,"player_choice":"Gold","damage_taken":0,"max_hp_gain":0,"max_hp_loss":0,"event_name":"Wheel of Change","floor":2,"gold_loss":0},{"damage_healed":0,"gold_gain":0,"player_choice":"Grow","damage_taken":0,"max_hp_gain":0,"max_hp_loss":0,"event_name":"Living Wall","floor":5,"gold_loss":0,"cards_upgraded":["Blood for Blood"]},{"damage_healed":0,"gold_gain":0,"player_choice":"Joined the Cult","damage_taken":6,"max_hp_gain":0,"max_hp_loss":0,"event_name":"Nest","floor":19,"gold_loss":0,"cards_obtained":["RitualDagger"]},{"damage_healed":0,"gold_gain":0,"cards_transformed":["Strike_R","Strike_R"],"player_choice":"Became Test Subject","damage_taken":0,"max_hp_gain":0,"max_hp_loss":0,"event_name":"Drug Dealer","floor":24,"gold_loss":0,"cards_obtained":["Shrug It Off","True Grit"]},{"cards_removed":["Strike_R"],"damage_healed":0,"gold_gain":0,"player_choice":"Gave Gold","damage_taken":0,"max_hp_gain":0,"max_hp_loss":0,"event_name":"Beggar","floor":31,"gold_loss":75},{"damage_healed":0,"gold_gain":0,"player_choice":"Ignored","damage_taken":0,"max_hp_gain":0,"max_hp_loss":0,"event_name":"Tomb of Lord Red Mask","floor":37,"gold_loss":0},{"damage_healed":0,"gold_gain":0,"player_choice":"Fight","damage_taken":0,"max_hp_gain":0,"max_hp_loss":0,"event_name":"Mysterious Sphere","floor":38,"gold_loss":0}],"is_beta":false,"boss_relics":[{"not_picked":["SacredBark","Empty Cage"],"picked":"Runic Pyramid"},{"not_picked":["Philosopher\u0027s Stone","Snecko Eye"],"picked":"Busted Crown"}],"items_purged_floors":[21],"is_endless":false,"potions_floor_spawned":[3,7,13,14,20,22,29,35],"killed_by":"Writhing Mass","ascension_level":14}}