{"host":"y1gy3vaohdji07z5","time":1607977269,"event":{"mods":["BaseMod","Colored Map","Colored Powertips","Hermit","Minty Spire (QoL Compilation)","Random Character Button","Rare Cards Sparkle","StSLib"],"gold_per_floor":[116,116,116,134,152,152,112,112,185,185,195,211,227,243,243,348,348,362,362,139,164,15,15,43,43,43,43,58,58,93,103,103,103,103],"floor_reached":33,"playtime":1674,"items_purged":["Strike_R","Strike_R"],"score":345,"play_id":"5b5ba43d-52bb-4ad6-ae4e-d0a99d1c3fc1","local_time":"20201214212109","is_ascension_mode":true,"campfire_choices":[{"data":"Flex","floor":6,"key":"SMITH"},{"data":"Flex","floor":8,"key":"SMITH"},{"data":"Pummel","floor":10,"key":"SMITH"},{"data":"Defend_R","floor":15,"key":"SMITH"},{"data":"Flex","floor":23,"key":"SMITH"},{"data":"Iron Wave","floor":27,"key":"SMITH"},{"data":"Defend_R","floor":29,"key":"SMITH"},{"data":"Defend_R","floor":32,"key":"SMITH"}],"circlet_count":0,"master_deck":["Strike_R+1","Defend_R+1","Defend_R","Defend_R+1","Defend_R+1","Pummel+1","Flex+1","Pommel Strike+1","Flex+1","Iron Wave+1","Flex+1","Pommel Strike+1"],"relics":["Burning Blood","Shuriken","SlaversCollar","Enchiridion","Red Skull","Red Mask","White Beast Statue","Self Forming Clay","PreservedInsect"],"acts_visited":["Exordium","TheCity"],"potions_floor_usage":[5,16,16,33],"damage_taken":[{"damage":3,"enemies":"Jaw Worm","floor":1,"turns":5},{"damage":0,"enemies":"2 Louse","floor":4,"turns":2},{"damage":7,"enemies":"Small Slimes","floor":5,"turns":2},{"damage":0,"enemies":"Exordium Thugs","floor":11,"turns":1},{"damage":4,"enemies":"2 Fungi Beasts","floor":12,"turns":2},{"damage":0,"enemies":"Exordium Wildlife","floor":13,"turns":3},{"damage":6,"enemies":"3 Louse","floor":14,"turns":2},{"damage":23,"enemies":"The Guardian","floor":16,"turns":14},{"damage":23,"enemies":"Shell Parasite","floor":18,"turns":3},{"damage":24,"enemies":"Masked Bandits","floor":21,"turns":4},{"damage":30,"enemies":"Gremlin Leader","floor":24,"turns":5},{"damage":0,"enemies":"3 Byrds","floor":28,"turns":5},{"damage":0,"enemies":"Book of Stabbing","floor":30,"turns":3},{"damage":6,"enemies":"3 Cultists","floor":31,"turns":4},{"damage":34,"enemies":"Champ","floor":33,"turns":6}],"seed_played":"-1484287453030941174","potions_obtained":[{"floor":5,"key":"Fruit Juice"},{"floor":7,"key":"Explosive Potion"},{"floor":7,"key":"SpeedPotion"},{"floor":7,"key":"ColorlessPotion"},{"floor":12,"key":"Dexterity Potion"},{"floor":24,"key":"DuplicationPotion"},{"floor":28,"key":"SkillPotion"}],"is_trial":false,"path_per_floor":["M","?","?","M","M","R","?","R","T","R","M","M","M","M","R","B",null,"M","?","$","?","$","R","E","?","T","R","M","R","E","M","R","B"],"character_chosen":"IRONCLAD","items_purchased":["Red Skull","Flex"],"campfire_rested":0,"item_purchase_floors":[20,22],"current_hp_per_floor":[59,43,48,54,58,58,58,58,58,58,64,66,72,72,72,55,90,73,57,57,39,39,39,15,15,15,15,21,21,27,27,27,0,0],"gold":103,"neow_bonus":"TRANSFORM_TWO_CARDS","is_daily":false,"chose_seed":false,"campfire_upgraded":8,"win_rate":0.0,"timestamp":1607977269,"path_taken":["M","?","?","M","M","R","?","R","T","R","M","M","M","?","R","BOSS","M","?","$","?","$","R","E","?","T","R","M","R","E","?","R","BOSS"],"items_purchased_type":["Relic","Card"],"build_version":"2020-12-13","purchased_purges":2,"victory":false,"max_hp_per_floor":[80,80,85,85,90,90,90,90,90,90,90,90,90,90,90,90,90,90,90,90,90,90,90,90,90,90,90,90,90,90,90,90,90,90],"card_choices":[{"not_picked":["Power Through","Ghostly Armor"],"picked":"Pommel Strike","floor":1},{"not_picked":["Wild Strike","Clash"],"picked":"Flex","floor":4},{"not_picked":["Headbutt","Body Slam","Disarm"],"picked":"SKIP","floor":5},{"not_picked":["Rupture","True Grit","Clothesline"],"picked":"SKIP","floor":11},{"not_picked":["Metallicize","Body Slam","Armaments"],"picked":"SKIP","floor":12},{"not_picked":["True Grit","Ghostly Armor","Anger"],"picked":"SKIP","floor":13},{"not_picked":["Body Slam","Perfected Strike","Seeing Red"],"picked":"SKIP","floor":14},{"not_picked":["Dark Embrace","Headbutt"],"picked":"Iron Wave","floor":18},{"not_picked":["Shockwave","Hemokinesis","Body Slam"],"picked":"SKIP","floor":24},{"not_picked":["Headbutt","Cleave"],"picked":"Pommel Strike+1","floor":28},{"not_picked":["Perfected Strike+1","Clothesline+1","Entrench"],"picked":"SKIP","floor":30},{"not_picked":["Second Wind","Flex","Headbutt"],"picked":"SKIP","floor":31}],"player_experience":317495,"relics_obtained":[{"floor":9,"key":"Shuriken"},{"floor":19,"key":"Enchiridion"},{"floor":21,"key":"Red Mask"},{"floor":24,"key":"White Beast Statue"},{"floor":26,"key":"Self Forming Clay"},{"floor":30,"key":"PreservedInsect"}],"event_choices":[{"damage_healed":0,"gold_gain":0,"player_choice":"Entered Light","damage_taken":16,"max_hp_gain":0,"max_hp_loss":0,"event_name":"Shining Light","floor":2,"gold_loss":0,"cards_upgraded":["Pommel Strike","Strike_R"]},{"damage_healed":0,"gold_gain":0,"player_choice":"Donut","damage_taken":0,"max_hp_gain":5,"max_hp_loss":0,"event_name":"Big Fish","floor":3,"gold_loss":0},{"damage_healed":0,"gold_gain":0,"player_choice":"Bought 3 Potions","damage_taken":0,"max_hp_gain":0,"max_hp_loss":0,"event_name":"The Woman in Blue","floor":7,"gold_loss":0},{"damage_healed":0,"gold_gain":0,"player_choice":"Obtained Book","damage_taken":16,"max_hp_gain":0,"max_hp_loss":0,"event_name":"Cursed Tome","floor":19,"gold_loss":0},{"damage_healed":0,"gold_gain":0,"player_choice":"Fought Bandits","damage_taken":0,"max_hp_gain":0,"max_hp_loss":0,"event_name":"Masked Bandits","floor":21,"gold_loss":0},{"cards_removed":["Strike_R"],"damage_healed":0,"gold_gain":0,"player_choice":"Purged","damage_taken":0,"max_hp_gain":0,"max_hp_loss":0,"event_name":"Purifier","floor":25,"gold_loss":0}],"is_beta":false,"boss_relics":[{"not_picked":["Runic Pyramid","Black Star"],"picked":"SlaversCollar"}],"items_purged_floors":[20,22],"is_endless":false,"potions_floor_spawned":[5,11,12,13,14,24,28,30,31],"killed_by":"Champ","ascension_level":3}}