{"host":"wrp3mzqnpgxvyzn2","time":1607969639,"event":{"mods":["BaseMod","Minty Spire (QoL Compilation)"],"gold_per_floor":[116,191,204,204,204,229,229,245,326,326,342,94,94,111,111,212,212,225,240,200,215,215,230,7,7,7,7,7,18,18,18,18,121,121,141,159,169,181,181,181,200,219,219,219,253,268,268,268,268],"floor_reached":48,"playtime":2745,"items_purged":[],"score":489,"play_id":"04918016-e10c-4fba-bd15-173e6b064b3e","local_time":"20201214131359","is_ascension_mode":false,"campfire_choices":[{"data":"Vault","floor":7,"key":"SMITH"},{"data":"Eruption","floor":10,"key":"SMITH"},{"data":"Halt","floor":13,"key":"SMITH"},{"floor":15,"key":"REST"},{"data":"Adaptation","floor":25,"key":"SMITH"},{"data":"Bite","floor":28,"key":"SMITH"},{"data":"Wallop","floor":32,"key":"SMITH"},{"data":"Alpha","floor":40,"key":"SMITH"},{"floor":44,"key":"RECALL"}],"circlet_count":0,"master_deck":["Defend_P","Defend_P","Defend_P","Defend_P","Eruption+1","Vigilance","Vault+1","EmptyFist","Indignation","CrushJoints","FollowUp","Halt+1","Judgement+1","Wallop+1","Bite+1","Bite","Bite","Bite","Bite","Adaptation+1","Alpha+1","CurseOfTheBell","Consecrate","SashWhip+1","Finesse","Pray+1"],"relics":["PureWater","Bag of Preparation","Darkstone Periapt","Vajra","Sozu","Pen Nib","Nloth\u0027s Gift","Calling Bell","Toy Ornithopter","Eternal Feather","FossilizedHelix","Blue Candle"],"acts_visited":["Exordium","TheCity","TheBeyond"],"potions_floor_usage":[16,33,48],"damage_taken":[{"damage":3,"enemies":"Jaw Worm","floor":1,"turns":3},{"damage":0,"enemies":"Small Slimes","floor":3,"turns":2},{"damage":26,"enemies":"Lagavulin","floor":6,"turns":7},{"damage":0,"enemies":"Cultist","floor":8,"turns":1},{"damage":0,"enemies":"Large Slime","floor":11,"turns":2},{"damage":0,"enemies":"Gremlin Gang","floor":14,"turns":2},{"damage":8,"enemies":"Hexaghost","floor":16,"turns":7},{"damage":2,"enemies":"2 Thieves","floor":18,"turns":3},{"damage":0,"enemies":"Spheric Guardian","floor":19,"turns":2},{"damage":0,"enemies":"Shelled Parasite and Fungi","floor":21,"turns":2},{"damage":25,"enemies":"Snake Plant","floor":23,"turns":4},{"damage":0,"enemies":"3 Cultists","floor":29,"turns":3},{"damage":12,"enemies":"Collector","floor":33,"turns":6},{"damage":0,"enemies":"3 Shapes","floor":35,"turns":4},{"damage":0,"enemies":"Orb Walker","floor":36,"turns":4},{"damage":0,"enemies":"3 Darklings","floor":37,"turns":5},{"damage":32,"enemies":"Spire Growth","floor":38,"turns":3},{"damage":0,"enemies":"Transient","floor":41,"turns":6},{"damage":0,"enemies":"Maw","floor":42,"turns":6},{"damage":54,"enemies":"Giant Head","floor":45,"turns":8},{"damage":0,"enemies":"Sphere and 2 Shapes","floor":46,"turns":5},{"damage":45,"enemies":"Reptomancer","floor":48,"turns":5}],"seed_played":"3867192999706927960","potions_obtained":[{"floor":3,"key":"DistilledChaos"},{"floor":8,"key":"SteroidPotion"},{"floor":14,"key":"Ancient Potion"}],"is_trial":false,"path_per_floor":["M","?","M","?","?","E","R","M","T","R","M","$","R","M","R","B",null,"M","M","?","M","?","M","$","R","T","?","R","M","?","$","R","B",null,"M","M","M","M","?","R","M","M","T","R","E","M","?","E"],"character_chosen":"WATCHER","items_purchased":["Vajra","Halt","SkillPotion","Adaptation","Pen Nib"],"campfire_rested":1,"item_purchase_floors":[12,12,12,24,24],"current_hp_per_floor":[48,37,37,61,61,35,35,35,35,35,35,35,35,35,56,48,72,70,70,70,70,50,37,37,37,37,37,37,44,36,36,36,42,61,61,61,61,29,29,44,56,61,61,61,18,23,23,0,0],"gold":268,"neow_bonus":"THREE_RARE_CARDS","is_daily":false,"chose_seed":false,"campfire_upgraded":7,"win_rate":0.0,"timestamp":1607969639,"path_taken":["M","?","M","?","?","E","R","?","T","R","M","$","R","M","R","BOSS","M","M","?","?","?","M","$","R","T","?","R","?","?","?","R","BOSS","M","M","?","M","?","R","M","M","T","R","E","M","?","E"],"items_purchased_type":["Relic","Card","Potion","Card","Relic"],"build_version":"2020-12-13","purchased_purges":0,"victory":false,"max_hp_per_floor":[72,72,72,72,72,72,72,72,72,72,72,72,72,72,72,72,72,72,72,72,72,50,50,50,50,50,50,50,50,55,55,55,55,61,61,61,61,61,61,61,61,61,61,61,61,61,61,61,61],"card_choices":[{"not_picked":["Alpha","DevaForm"],"picked":"Vault","floor":0},{"not_picked":["FollowUp","CrushJoints"],"picked":"EmptyFist","floor":1},{"not_picked":["FollowUp","CarveReality"],"picked":"Indignation","floor":3},{"not_picked":["BowlingBash","WaveOfTheHand"],"picked":"CrushJoints","floor":6},{"not_picked":["EmptyMind","CutThroughFate"],"picked":"FollowUp","floor":8},{"not_picked":["Weave","BowlingBash","InnerPeace"],"picked":"SKIP","floor":11},{"not_picked":["ClearTheMind","InnerPeace","ConjureBlade"],"picked":"SKIP","floor":14},{"not_picked":["Blasphemy","DevaForm"],"picked":"Judgement","floor":16},{"not_picked":["EmptyBody","Crescendo+1"],"picked":"Wallop","floor":18},{"not_picked":["Tantrum","Indignation","ReachHeaven+1"],"picked":"SKIP","floor":19},{"not_picked":["CrushJoints","PathToVictory","Sanctity+1"],"picked":"SKIP","floor":21},{"not_picked":["BattleHymn","Weave","Meditate"],"picked":"SKIP","floor":23},{"not_picked":["Protect+1","Worship","Evaluate"],"picked":"SKIP","floor":29},{"not_picked":["Establishment","DeusExMachina"],"picked":"Alpha","floor":33},{"not_picked":["JustLucky","Evaluate","InnerPeace+1"],"picked":"SKIP","floor":35},{"not_picked":["EmptyBody","DeusExMachina","Conclude+1"],"picked":"SKIP","floor":36},{"not_picked":["DeceiveReality+1","BattleHymn+1"],"picked":"Consecrate","floor":37},{"not_picked":["Weave+1","Worship"],"picked":"SashWhip+1","floor":38},{"not_picked":["Swift Strike","PanicButton"],"picked":"Finesse","floor":39},{"not_picked":["DeusExMachina","Judgement","Evaluate+1"],"picked":"SKIP","floor":41},{"not_picked":["FlurryOfBlows+1","FlyingSleeves","BowlingBash+1"],"picked":"SKIP","floor":42},{"not_picked":["Evaluate","Wish"],"picked":"Pray+1","floor":45},{"not_picked":["LessonLearned","CarveReality+1","WaveOfTheHand"],"picked":"SKIP","floor":46}],"player_experience":141877,"relics_obtained":[{"floor":6,"key":"Bag of Preparation"},{"floor":9,"key":"Darkstone Periapt"},{"floor":26,"key":"Tiny Chest"},{"floor":34,"key":"Toy Ornithopter"},{"floor":34,"key":"Eternal Feather"},{"floor":34,"key":"FossilizedHelix"},{"floor":45,"key":"Blue Candle"}],"event_choices":[{"damage_healed":0,"gold_gain":75,"player_choice":"Gather Gold","damage_taken":11,"max_hp_gain":0,"max_hp_loss":0,"event_name":"World of Goop","floor":2,"gold_loss":0},{"damage_healed":24,"gold_gain":0,"player_choice":"Banana","damage_taken":0,"max_hp_gain":0,"max_hp_loss":0,"event_name":"Big Fish","floor":4,"gold_loss":0},{"cards_removed":["Strike_P"],"damage_healed":0,"gold_gain":0,"player_choice":"Offered Basic","damage_taken":0,"max_hp_gain":0,"max_hp_loss":0,"event_name":"Bonfire Elementals","floor":5,"gold_loss":0},{"damage_healed":0,"gold_gain":0,"player_choice":"Upgrade","damage_taken":0,"max_hp_gain":0,"max_hp_loss":0,"event_name":"Designer","floor":20,"gold_loss":40,"cards_upgraded":["Judgement"]},{"damage_healed":0,"gold_gain":0,"player_choice":"Became a vampire","damage_taken":0,"max_hp_gain":0,"max_hp_loss":22,"event_name":"Vampires","floor":22,"gold_loss":0,"cards_obtained":["Bite","Bite","Bite","Bite","Bite"]},{"damage_healed":0,"gold_gain":0,"player_choice":"Traded Relic","damage_taken":0,"relics_obtained":["Nloth\u0027s Gift"],"max_hp_gain":0,"max_hp_loss":0,"event_name":"N\u0027loth","floor":27,"relics_lost":["Tiny Chest"],"gold_loss":0},{"damage_healed":0,"gold_gain":0,"player_choice":"Shed Blood","damage_taken":13,"max_hp_gain":5,"max_hp_loss":0,"event_name":"Forgotten Altar","floor":30,"gold_loss":0},{"damage_healed":0,"gold_gain":0,"player_choice":"Memory 1","damage_taken":0,"max_hp_gain":0,"max_hp_loss":0,"event_name":"SensoryStone","floor":39,"gold_loss":0},{"damage_healed":0,"gold_gain":0,"player_choice":"Ignored","damage_taken":0,"max_hp_gain":0,"max_hp_loss":0,"event_name":"Tomb of Lord Red Mask","floor":47,"gold_loss":0}],"is_beta":false,"boss_relics":[{"not_picked":["Empty Cage","Fusion Hammer"],"picked":"Sozu"},{"not_picked":["SacredBark","Snecko Eye"],"picked":"Calling Bell"}],"items_purged_floors":[],"is_endless":false,"potions_floor_spawned":[3,8,14,19,21,23,36,41,45],"killed_by":"Reptomancer","ascension_level":0}}