{"host":"zsm7bdfo51n66z45","time":1607908348,"event":{"mods":["AchievementEnabler","BaseMod","Better Skull","Better Third Choice","Colored Powertips","Minty Spire (QoL Compilation)","MostiFishMod","Relic Stats","Spicy Shops","StSLib","Waifu the Spire"],"gold_per_floor":[209,226,242,253,353,353,31,49,72,98,71,71,100,113,113,215,215,231,243,243,243,258,258,79,79,79,79,99,132,148,177,177,278,278,294,309,309,321,321,351,351,94,94,107,119,148,148,161,161,161,161,161,3,32,32],"floor_reached":56,"playtime":1073,"items_purged":["Defend_R+1","Defend_R+1","Strike_R+1"],"score":1649,"play_id":"f69c433a-ac66-4867-89fd-1e6d37de7aa6","local_time":"20201213191228","is_ascension_mode":false,"campfire_choices":[{"data":"MostiFishMod:PerfectForm","floor":6,"key":"SMITH"},{"data":"Dagger Spray","floor":15,"key":"SMITH"},{"data":"Thunderclap","floor":23,"key":"SMITH"},{"floor":25,"key":"RECALL"},{"data":"Thunderclap","floor":32,"key":"SMITH"},{"floor":49,"key":"REST"},{"data":"FollowUp","floor":52,"key":"SMITH"}],"circlet_count":0,"master_deck":["Strike_R+1","Strike_R+1","Strike_R+1","Strike_R+1","Bash+1","Iron Wave+1","SashWhip+1","Thunderclap+1","MostiFishMod:PerfectForm+1","Sucker Punch+1","Dagger Spray+1","Sword Boomerang+1","Quick Slash+1","Thunderclap+1","CrushJoints+1","Quick Slash+1","Twin Strike+1","Slice+1","Dagger Spray+1","FlyingSleeves+1","FollowUp+1","Blade Dance+1"],"relics":["Burning Blood","DaveBox","Civilization","Question Card","PrismaticShard","Bottled Tornado","ClockworkSouvenir","Whetstone","Odd Mushroom","Happy Flower","ImportantClient","Philosopher\u0027s Stone","MutagenicStrength","Frozen Eye","Dream Catcher","Anchor","Empty Cage","Mark of the Bloom","Bag of Preparation","Lizard Tail","DollysMirror","Thread and Needle","Bronze Scales","Red Skull","War Paint"],"acts_visited":["Exordium","TheCity","TheBeyond","TheEnding"],"potions_floor_usage":[55,55],"damage_taken":[{"damage":8,"enemies":"2 Louse","floor":1,"turns":3},{"damage":0,"enemies":"Cultist","floor":2,"turns":2},{"damage":0,"enemies":"Small Slimes","floor":3,"turns":2},{"damage":0,"enemies":"2 Fungi Beasts","floor":4,"turns":2},{"damage":1,"enemies":"Large Slime","floor":8,"turns":2},{"damage":2,"enemies":"The Mushroom Lair","floor":10,"turns":3},{"damage":0,"enemies":"Gremlin Nob","floor":13,"turns":2},{"damage":1,"enemies":"Blue Slaver","floor":14,"turns":2},{"damage":0,"enemies":"Slime Boss","floor":16,"turns":3},{"damage":0,"enemies":"Spheric Guardian","floor":18,"turns":1},{"damage":2,"enemies":"Chosen","floor":19,"turns":2},{"damage":1,"enemies":"Shelled Parasite and Fungi","floor":22,"turns":2},{"damage":0,"enemies":"Snake Plant","floor":28,"turns":2},{"damage":0,"enemies":"Gremlin Leader","floor":29,"turns":2},{"damage":0,"enemies":"Sentry and Sphere","floor":30,"turns":2},{"damage":3,"enemies":"Slavers","floor":31,"turns":2},{"damage":0,"enemies":"Automaton","floor":33,"turns":3},{"damage":0,"enemies":"3 Darklings","floor":35,"turns":2},{"damage":0,"enemies":"Orb Walker","floor":36,"turns":1},{"damage":0,"enemies":"Transient","floor":38,"turns":3},{"damage":0,"enemies":"Reptomancer","floor":40,"turns":2},{"damage":0,"enemies":"Spire Growth","floor":44,"turns":2},{"damage":0,"enemies":"Jaw Worm Horde","floor":45,"turns":1},{"damage":0,"enemies":"Nemesis","floor":46,"turns":1},{"damage":0,"enemies":"Sphere and 2 Shapes","floor":48,"turns":2},{"damage":0,"enemies":"Awakened One","floor":50,"turns":2},{"damage":0,"enemies":"Shield and Spear","floor":54,"turns":1},{"damage":3,"enemies":"The Heart","floor":55,"turns":3}],"seed_played":"3770492396279279679","potions_obtained":[{"floor":2,"key":"ElixirPotion"},{"floor":4,"key":"Block Potion"},{"floor":13,"key":"ColorlessPotion"},{"floor":16,"key":"Strength Potion"}],"is_trial":false,"path_per_floor":["M","M","M","M","?","R","$","M","T","?","$","?","E","M","R","B",null,"M","M","?","?","M","R","$","R","T","?","M","E","M","E","R","B",null,"M","M","?","M","?","E","?","$","T","M","M","E","T","M","R","B",null,"R","$","E","B",null],"character_chosen":"IRONCLAD","items_purchased":["Bottled Tornado","ClockworkSouvenir","Sword Boomerang","Frozen Eye","Lizard Tail","DollysMirror","War Paint"],"campfire_rested":1,"item_purchase_floors":[7,7,11,24,42,42,53],"current_hp_per_floor":[80,85,90,97,97,97,97,105,105,116,116,121,133,146,146,161,161,177,194,194,194,213,213,213,213,213,213,233,256,281,309,309,340,340,377,415,415,415,415,415,415,415,415,415,415,415,415,415,415,415,415,415,415,415,412],"gold":32,"neow_bonus":"HUNDRED_GOLD","is_daily":false,"chose_seed":false,"campfire_upgraded":5,"win_rate":0.0,"timestamp":1607908348,"path_taken":["M","M","M","M","?","R","?","M","T","?","$","?","E","M","R","BOSS","M","M","?","?","M","R","$","R","T","?","?","E","M","E","R","BOSS","M","M","?","M","?","E","?","$","T","M","M","E","?","?","R","BOSS","R","$","E","BOSS"],"items_purchased_type":["Relic","Relic","Card","Relic","Relic","Relic","Relic"],"build_version":"2020-12-13","purchased_purges":3,"victory":true,"max_hp_per_floor":[82,85,90,97,97,97,97,105,105,116,116,121,133,146,146,161,161,177,194,194,194,213,213,213,213,213,213,233,256,281,309,309,340,340,377,415,415,454,454,497,472,472,472,516,563,611,611,662,662,718,718,718,718,776,835],"relic_stats":{"Dream Catcher":1,"Mark of the Bloom":1415,"Lizard Tail":0,"Happy Flower":[13],"counters":[28,57],"Bronze Scales":[3],"Bag of Preparation":[14],"Whetstone":["Strike_R","Strike_R"],"War Paint":[],"Question Card":27,"obtain_stats":[{"Mark of the Bloom":37,"DaveBox":0,"Bag of Preparation":40,"Whetstone":9,"Bottled Tornado":7,"PrismaticShard":1,"Empty Cage":34,"Burning Blood":0,"ClockworkSouvenir":7,"Civilization":0,"Frozen Eye":24,"Dream Catcher":29,"Lizard Tail":42,"DollysMirror":42,"Philosopher\u0027s Stone":17,"Red Skull":47,"ImportantClient":16,"Happy Flower":13,"Thread and Needle":43,"Odd Mushroom":10,"War Paint":53,"Question Card":1,"Anchor":31,"MutagenicStrength":20,"Bronze Scales":46},{"Mark of the Bloom":19,"DaveBox":0,"Bag of Preparation":21,"Whetstone":5,"Bottled Tornado":4,"PrismaticShard":1,"Empty Cage":17,"Burning Blood":0,"ClockworkSouvenir":4,"Civilization":0,"Frozen Eye":12,"Dream Catcher":14,"Lizard Tail":21,"DollysMirror":21,"Philosopher\u0027s Stone":9,"Red Skull":24,"ImportantClient":9,"Happy Flower":7,"Thread and Needle":21,"Odd Mushroom":6,"War Paint":26,"Question Card":1,"Anchor":16,"MutagenicStrength":11,"Bronze Scales":24},{"Mark of the Bloom":40,"DaveBox":0,"Bag of Preparation":45,"Whetstone":11,"Bottled Tornado":9,"PrismaticShard":3,"Empty Cage":37,"Burning Blood":0,"ClockworkSouvenir":9,"Civilization":0,"Frozen Eye":26,"Dream Catcher":30,"Lizard Tail":45,"DollysMirror":45,"Philosopher\u0027s Stone":21,"Red Skull":49,"ImportantClient":21,"Happy Flower":16,"Thread and Needle":45,"Odd Mushroom":14,"War Paint":53,"Question Card":3,"Anchor":34,"MutagenicStrength":24,"Bronze Scales":49}],"Burning Blood":18},"card_choices":[{"not_picked":["Cleave","Perfected Strike"],"picked":"Iron Wave","floor":1},{"not_picked":["Leap","WreathOfFlame","Barrage"],"picked":"SashWhip","floor":2},{"not_picked":["Concentrate","PathToVictory","Worship"],"picked":"Thunderclap","floor":3},{"not_picked":["Purity","JustLucky","Wild Strike"],"picked":"MostiFishMod:PerfectForm","floor":4},{"not_picked":["FollowUp","Flex","Perfected Strike"],"picked":"Sucker Punch","floor":8},{"not_picked":["Rampage","Clash","InnerPeace"],"picked":"Dagger Spray","floor":10},{"not_picked":["Weave","BowlingBash","SandsOfTime"],"picked":"Quick Slash","floor":13},{"not_picked":["Bane","Consecrate","Trip"],"picked":"Thunderclap","floor":14},{"not_picked":["ClearTheMind","Compile Driver+1","Flash of Steel"],"picked":"CrushJoints","floor":18},{"not_picked":["Dodge and Roll+1","Finisher","Swivel","FlurryOfBlows"],"picked":"SKIP","floor":19},{"not_picked":["Body Slam","Havoc","Storm","ReachHeaven+1"],"picked":"SKIP","floor":22},{"not_picked":["True Grit+1","Underhanded Strike","Leap+1","Flash of Steel"],"picked":"SKIP","floor":28},{"not_picked":["Redo","EmptyMind","MostiFishMod:IceShield"],"picked":"Quick Slash+1","floor":29},{"not_picked":["Halt","MostiFishMod:PerfectParry","Streamline","Hologram"],"picked":"SKIP","floor":30},{"not_picked":["Crescendo","MostiFishMod:PreservedThorns+1","MasterReality","Double Energy"],"picked":"SKIP","floor":31},{"not_picked":["WaveOfTheHand","Tempest","Dodge and Roll"],"picked":"Twin Strike+1","floor":35},{"not_picked":["Body Slam","Conserve Battery+1","Protect+1","Deflect+1"],"picked":"SKIP","floor":36},{"not_picked":["Cloak And Dagger","Trip+1","WindmillStrike","Flex+1"],"picked":"SKIP","floor":38},{"not_picked":["SashWhip","Hologram+1","Thunderclap+1"],"picked":"Slice+1","floor":40},{"not_picked":["Scrape","EmptyBody+1","MostiFishMod:PerfectParry","Wraith Form v2"],"picked":"SKIP","floor":44},{"not_picked":["Flying Knee","Chaos","Iron Wave","Turbo"],"picked":"SKIP","floor":45},{"not_picked":["MostiFishMod:PerfectParry+1","True Grit+1","MostiFishMod:Impulse","Turbo+1"],"picked":"SKIP","floor":46},{"not_picked":["Hologram+1","Conserve Battery+1","Dodge and Roll"],"picked":"FlyingSleeves+1","floor":48},{"not_picked":["Barrage+1","Perfected Strike+1","Body Slam"],"picked":"FollowUp","floor":49},{"not_picked":["MostiFishMod:StarLaLaLa","Blizzard+1","Sweeping Beam"],"picked":"Blade Dance+1","floor":54}],"player_experience":135627,"relics_obtained":[{"floor":1,"key":"Question Card"},{"floor":1,"key":"PrismaticShard"},{"floor":9,"key":"Whetstone"},{"floor":10,"key":"Odd Mushroom"},{"floor":13,"key":"Happy Flower"},{"floor":16,"key":"ImportantClient"},{"floor":29,"key":"Dream Catcher"},{"floor":31,"key":"Anchor"},{"floor":40,"key":"Bag of Preparation"},{"floor":43,"key":"Thread and Needle"},{"floor":46,"key":"Bronze Scales"},{"floor":47,"key":"Red Skull"}],"event_choices":[{"damage_healed":0,"gold_gain":100,"player_choice":"Pray","damage_taken":0,"max_hp_gain":0,"max_hp_loss":0,"event_name":"Golden Shrine","floor":5,"gold_loss":0},{"damage_healed":0,"gold_gain":0,"player_choice":"Fought Mushrooms","damage_taken":0,"max_hp_gain":0,"max_hp_loss":0,"event_name":"Mushrooms","floor":10,"gold_loss":0},{"damage_healed":0,"gold_gain":0,"player_choice":"Donut","damage_taken":0,"max_hp_gain":5,"max_hp_loss":0,"event_name":"Big Fish","floor":12,"gold_loss":0},{"damage_healed":0,"gold_gain":0,"player_choice":"Inject Mutagens","damage_taken":0,"relics_obtained":["MutagenicStrength"],"max_hp_gain":0,"max_hp_loss":0,"event_name":"Drug Dealer","floor":20,"gold_loss":0},{"damage_healed":0,"gold_gain":0,"player_choice":"Simplicity","damage_taken":0,"max_hp_gain":0,"max_hp_loss":7,"event_name":"betterThird:BetterWriting","floor":21,"gold_loss":0},{"damage_healed":0,"gold_gain":0,"player_choice":"Leave","damage_taken":0,"max_hp_gain":0,"max_hp_loss":0,"event_name":"FaceTrader","floor":27,"gold_loss":0},{"damage_healed":0,"gold_gain":0,"player_choice":"Upgrade","damage_taken":0,"relics_obtained":["Mark of the Bloom"],"max_hp_gain":0,"max_hp_loss":0,"event_name":"MindBloom","floor":37,"gold_loss":0,"cards_upgraded":["Bash","Iron Wave","SashWhip","Sucker Punch","Sword Boomerang","Quick Slash","CrushJoints"]},{"damage_healed":0,"gold_gain":0,"player_choice":"Memory 1","damage_taken":0,"max_hp_gain":0,"max_hp_loss":0,"event_name":"SensoryStone","floor":39,"gold_loss":0},{"damage_healed":0,"gold_gain":0,"player_choice":"Max HP","damage_taken":0,"max_hp_gain":0,"max_hp_loss":25,"event_name":"Winding Halls","floor":41,"gold_loss":0}],"is_beta":false,"boss_relics":[{"not_picked":["RhineCircuit","Black Star"],"picked":"Philosopher\u0027s Stone"},{"not_picked":["RhineSuit","Runic Cube"],"picked":"Empty Cage"}],"items_purged_floors":[24,42,53],"is_endless":false,"potions_floor_spawned":[2,4,13,14,16,29,30,33,38,40,46,54],"ascension_level":0}}