{"host":"pjgcdp3h1plnbocs","time":1607940713,"event":{"mods":["AchievementEnabler","BaseMod","Colored Map","Highlight Path","Minty Spire (QoL Compilation)"],"gold_per_floor":[20,33,48,62,76,103,119,119,119],"floor_reached":8,"playtime":345,"items_purged":[],"score":74,"play_id":"bb0929a8-2804-4b00-adac-41f1adfc7322","local_time":"20201214111153","is_ascension_mode":true,"campfire_choices":[],"circlet_count":0,"master_deck":["Strike_G","Strike_G","Strike_G","Strike_G","Strike_G","Defend_G","Defend_G","Defend_G","Defend_G","Defend_G","Survivor","Neutralize","Venomology","Dagger Spray","Cloak And Dagger","Poisoned Stab","Malaise"],"relics":["Ring of the Snake","Unceasing Top"],"acts_visited":["Exordium"],"potions_floor_usage":[],"damage_taken":[{"damage":3.0,"enemies":"Cultist","floor":1.0,"turns":4.0},{"damage":3.0,"enemies":"2 Louse","floor":2.0,"turns":4.0},{"damage":0.0,"enemies":"Small Slimes","floor":3.0,"turns":2.0},{"damage":8.0,"enemies":"Exordium Wildlife","floor":4.0,"turns":6.0},{"damage":0.0,"enemies":"3 Louse","floor":5.0,"turns":2.0},{"damage":22.0,"enemies":"Lagavulin","floor":6.0,"turns":6.0},{"damage":0.0,"enemies":"Lots of Slimes","floor":7.0,"turns":1.0},{"damage":0,"enemies":"3 Sentries","floor":8,"turns":1}],"seed_played":"8219405244180055172","potions_obtained":[{"floor":1.0,"key":"DuplicationPotion"},{"floor":3.0,"key":"PowerPotion"},{"floor":5.0,"key":"AttackPotion"}],"is_trial":false,"path_per_floor":["M","M","M","M","M","E","M","E"],"character_chosen":"THE_SILENT","items_purchased":[],"campfire_rested":0,"item_purchase_floors":[],"current_hp_per_floor":[67,64,64,56,56,34,34,34,34],"gold":119,"neow_bonus":"THREE_RARE_CARDS","is_daily":false,"chose_seed":false,"campfire_upgraded":0,"win_rate":0.0,"timestamp":1607940713,"path_taken":["M","?","M","M","?","E","M","E"],"items_purchased_type":[],"build_version":"2020-12-13","purchased_purges":0,"victory":false,"max_hp_per_floor":[70,70,70,70,70,70,70,70,70],"card_choices":[{"not_picked":["Night Terror","Tools of the Trade"],"picked":"Venomology","floor":0.0},{"not_picked":["Tactician","PiercingWail"],"picked":"Dagger Spray","floor":1.0},{"not_picked":["Flying Knee","Distraction"],"picked":"Cloak And Dagger","floor":2.0},{"not_picked":["Dagger Spray","Slice"],"picked":"Poisoned Stab","floor":3.0},{"not_picked":["Skewer","Sucker Punch","Slice"],"picked":"SKIP","floor":4.0},{"not_picked":["Dagger Spray","Dodge and Roll","Dagger Throw"],"picked":"SKIP","floor":5.0},{"not_picked":["Underhanded Strike","Well Laid Plans","Outmaneuver"],"picked":"SKIP","floor":6.0},{"not_picked":["Calculated Gamble","Backstab"],"picked":"Malaise","floor":7.0}],"player_experience":88057,"relics_obtained":[{"floor":6.0,"key":"Unceasing Top"}],"event_choices":[],"is_beta":false,"boss_relics":[],"items_purged_floors":[],"is_endless":false,"potions_floor_spawned":[1,3,5],"killed_by":"3 Sentries","ascension_level":4}}