{"host":"ceopyqoizwrgii5g","time":1607947576,"event":{"mods":["Act Like it!","Aspiration","BaseMod","BetterRewards","CapriCore","Conspire","Dota2Spire","GungeonMod","Hallownest","Hermit","Infinite Spire","Luminous","Marisa（霧雨　魔理沙）","Minty Spire (QoL Compilation)","Permanent Neow","Quick Restart","Reimu（博???）","Remilia（蕾米莉?）","Replay The Spire","Robot Space Explorer","RumiaBox-露米?的神秘盒子","Shop Mod","Spicy Shops","StSLib","SuperFastMode","The Bug Knight","The Runesmith","Transform Curses","WarShipGirlsR/??少女R mod","Youmu（魂魄妖?）","【?方二次?作】八云紫mod","【功能Mod】混沌之?修复?丁"],"gold_per_floor":[114,130,143,143,143,143,169,169,200,227,257,248,248,268,278,278,380,380,392,402,414,340,300,300,329,347,394,411,411,421,431,441,441,543,543,557,557,242,256,256,283,293,293,293,293,320,351,351,358,358,460,460,475,475,486,154,165,165,165,178,205,205,205,217,236,243,243,326,326,325,325,339,352,352,375,290,312,312,312,325,325,346,360,360,442,442,455,455,461,461,471,382,486,600,600,600,600,449,512,608,608,616,616],"floor_reached":102,"playtime":5023,"items_purged":["Runesmith:Fortify"],"score":2861,"play_id":"fe332f71-14eb-4012-9560-d3c507ff1e44","local_time":"20201214200616","is_ascension_mode":true,"campfire_choices":[{"floor":8,"key":"REST"},{"data":"Luminous:Lania_Blessing_Luminous","floor":16,"key":"SMITH"},{"data":"Luminous:Balance_Death_Scythe","floor":24,"key":"SMITH"},{"floor":29,"key":"REST"},{"floor":33,"key":"REST"},{"data":"Luminous:Erosion_Luminous","floor":43,"key":"SMITH"},{"data":"Luminous:Freud_Wisdom1_Luminous","floor":48,"key":"SMITH"},{"floor":50,"key":"DIG"},{"data":"Luminous:Lunar_Tide_Luminous","floor":58,"key":"SMITH"},{"data":"Luminous:Magic_Accelerate_Luminous","floor":62,"key":"SMITH"},{"data":"Luminous:Balance_Death_Scythe","floor":67,"key":"SMITH"},{"data":"Luminous:Photic_Meditation_Luminous","floor":79,"key":"SMITH"},{"data":"Luminous:Dark_Arcane_Pitch","floor":81,"key":"SMITH"},{"data":"Luminous:Chaos_Field_Luminous","floor":84,"key":"SMITH"},{"data":"Luminous:Abyss_Heart_Luminous","floor":97,"key":"SMITH"},{"floor":101,"key":"REST"}],"circlet_count":0,"master_deck":["Luminous:Balance_Death_Scythe+1","Luminous:Light_Gather","Luminous:Dark_Apocalypse+1","Luminous:Mana_Well_Luminous","Luminous:Dark_Dim_Erosion","Luminous:Magic_Accelerate_Luminous+1","Luminous:Lania_Blessing_Luminous+1","Luminous:Balance_Death_Scythe+1","Luminous:Balance_Aether_Conduit","Luminous:Light_Glare","Luminous:Darks_Surge_Luminous+1","Luminous:Darks_Surge_Luminous","Luminous:Sympathy_Luminous","Luminous:Balance_Death_Scythe+1","Luminous:Light_Glare+1","Luminous:Light_Gather","Luminous:Dark_Arcane_Pitch","Luminous:Darks_Surge_Luminous","Luminous:Dark_Crescendo_Luminous","Luminous:Flash_Blink_Luminous","Luminous:Lania_Blessing_Luminous+1","Luminous:Arcane_Rage_Luminous+1","Luminous:Balance_Aether_Conduit","Luminous:Mirror_Force_Luminous+1","Luminous:Balance_Baptism","Luminous:Dark_Crescendo_Luminous","Luminous:Armageddon_Luminous","Luminous:Dark_Crescendo_Luminous","Luminous:Freud_Wisdom1_Luminous+1","Luminous:Mirror_Force_Luminous","Luminous:Date_of_Light_Luminous+1","Luminous:Light_Track","Luminous:Erosion_Luminous+1","Luminous:Flash_Blink_Luminous+1","Luminous:Dark_Arcane_Pitch+1","Luminous:Light_Gather+1","Luminous:Lunar_Tide_Luminous+1","Luminous:Dark_Crescendo_Luminous","Luminous:Light_Gather","Luminous:Light_Gather","Luminous:Light_Glare","Luminous:Light_Glare","Luminous:Chaos_Field_Luminous+1","Luminous:Dark_Arcane_Pitch+1","Luminous:Photic_Meditation_Luminous+1","Luminous:Light_Reflection+1","Luminous:Accumulation_Luminous+1","Luminous:Dark_Pressure_Void","Luminous:Light_Disperse","infinitespire:SealOfDarkness+","Luminous:Mana_Overload_Luminous+1","Luminous:Lania_Blessing_Luminous+1","Luminous:Chase_Spell_Luminous","infinitespire:UltimateForm","Luminous:Arcane_Rage_Luminous","Parasite","Luminous:Dark_Pressure_Void+1","Luminous:Abyss_Heart_Luminous+1","Spreading Infection","DemoMod:Invincible","Luminous:Accumulation_Luminous+1","Luminous:Light_Gather+1"],"relics":["Luminous:MirrorRelic","Happy Flower","AntiCross","MerchantsRug","Dota2Spire:DivineRapier","Membership Card","aspiration:TomeofQuesting","Lee\u0027s Waffle","SecretRecord","SecretRecord","SecretRecord","SecretRecord","SecretRecord","SumBook","War Paint","GodSword4","Strange Spoon","Bottled Tornado","Dota2Spire:BladeMail","Pantograph","Dota2Spire:UrnOfShadows","Snack Pack","DemoMod:Metronome","Ring of Chaos","Dota2Spire:EtherealBlade","Luminous:BlackBlessingRelic","OrangePellets","DemoMod:ClearGuonStone","Centennial Puzzle","DemoMod:PoisonVial","aspiration:RandomNobGenerator","EasyGame_NEW","Mirror","aspiration:Stabinomicon","Oddly Smooth Stone","Dota2Spire:DrumOfEndurance","PreservedInsect","Replay:Bottled Steam","Honey Jar","ReplayTheSpireMod:DimensionalGlitch","ReplayTheSpireMod:EnergyBall","Replay:Bandana","Divine Protection","infinitespire:Broken Mirror","Ring of Fangs","Ring of Hypnosis","DemoMod:WeirdEgg","MealTicket","Omamori","DemoMod:GlassGuonStoneRelic"],"acts_visited":["Exordium","TheCity","TheBeyond","Exordium","TheCity","TheBeyond"],"potions_floor_usage":[17,25,41,41,41,72,72,72,102,102,102,102,102,102],"damage_taken":[{"damage":7,"enemies":"conspire:RoseBush","floor":1,"turns":1},{"damage":0,"enemies":"Small Slimes","floor":2,"turns":1},{"damage":14,"enemies":"Jaw Worm","floor":3,"turns":2},{"damage":21,"enemies":"Gremlin Nob","floor":7,"turns":3},{"damage":0,"enemies":"3 Sentries","floor":9,"turns":1},{"damage":0,"enemies":"Replay:BlueRogue","floor":11,"turns":2},{"damage":5,"enemies":"Blue Slaver","floor":12,"turns":2},{"damage":15,"enemies":"Red Slaver","floor":14,"turns":2},{"damage":0,"enemies":"2 Fungi Beasts","floor":15,"turns":2},{"damage":31,"enemies":"The Guardian","floor":17,"turns":4},{"damage":0,"enemies":"2 Thieves","floor":19,"turns":1},{"damage":16,"enemies":"Spheric Guardian","floor":20,"turns":3},{"damage":0,"enemies":"Snake Plant","floor":21,"turns":2},{"damage":27,"enemies":"conspire:Head Lice","floor":25,"turns":3},{"damage":0,"enemies":"Shelled Parasite and Fungi","floor":26,"turns":1},{"damage":19,"enemies":"Chosen and Byrds","floor":28,"turns":3},{"damage":0,"enemies":"3 Cultists","floor":30,"turns":1},{"damage":3,"enemies":"HollowMod:Nosk","floor":31,"turns":4},{"damage":28,"enemies":"Shelled Parasite and Fungi","floor":32,"turns":4},{"damage":0,"enemies":"Champ","floor":34,"turns":4},{"damage":0,"enemies":"Orb Walker","floor":36,"turns":2},{"damage":0,"enemies":"3 Shapes","floor":39,"turns":3},{"damage":27,"enemies":"Nightmare","floor":41,"turns":8},{"damage":0,"enemies":"3 Darklings","floor":42,"turns":3},{"damage":0,"enemies":"HollowMod:StalkingDevout","floor":46,"turns":4},{"damage":0,"enemies":"conspire:MimicChest","floor":47,"turns":3},{"damage":0,"enemies":"Giant Head","floor":49,"turns":5},{"damage":1,"enemies":"Time Eater","floor":51,"turns":5},{"damage":0,"enemies":"Jaw Worm","floor":53,"turns":2},{"damage":0,"enemies":"Cultist","floor":55,"turns":2},{"damage":0,"enemies":"Small Slimes","floor":57,"turns":1},{"damage":22,"enemies":"3 Sentries","floor":60,"turns":4},{"damage":0,"enemies":"Exordium Thugs","floor":64,"turns":1},{"damage":0,"enemies":"Lagavulin","floor":65,"turns":3},{"damage":6,"enemies":"Red Slaver","floor":66,"turns":1},{"damage":1,"enemies":"Slime Boss","floor":68,"turns":3},{"damage":0,"enemies":"Chosen","floor":70,"turns":3},{"damage":1,"enemies":"3 Byrds","floor":72,"turns":1},{"damage":0,"enemies":"Snake Plant","floor":73,"turns":2},{"damage":0,"enemies":"Slavers","floor":75,"turns":1},{"damage":0,"enemies":"HollowMod:Nosk","floor":77,"turns":2},{"damage":0,"enemies":"3 Cultists","floor":80,"turns":1},{"damage":15,"enemies":"Book of Stabbing","floor":82,"turns":2},{"damage":0,"enemies":"Shelled Parasite and Fungi","floor":83,"turns":2},{"damage":6,"enemies":"Automaton","floor":85,"turns":4},{"damage":0,"enemies":"3 Darklings","floor":87,"turns":1},{"damage":9,"enemies":"3 Shapes","floor":89,"turns":1},{"damage":0,"enemies":"Jaw Worm Horde","floor":91,"turns":1},{"damage":13,"enemies":"Nemesis","floor":92,"turns":3},{"damage":0,"enemies":"Writhing Mass","floor":93,"turns":2},{"damage":0,"enemies":"Giant Head","floor":94,"turns":2},{"damage":0,"enemies":"Maw","floor":99,"turns":2},{"damage":7,"enemies":"4 Shapes","floor":100,"turns":2}],"seed_played":"-2020641572933095325","potions_obtained":[{"floor":3,"key":"Strength Potion"},{"floor":11,"key":"Milkshake"},{"floor":13,"key":"PowerPotion"},{"floor":14,"key":"Energy Potion"},{"floor":17,"key":"BlessingOfTheForge"},{"floor":32,"key":"PowerPotion"},{"floor":42,"key":"BlessingOfTheForge"},{"floor":46,"key":"ColorlessPotion"},{"floor":49,"key":"EssenceOfSteel"},{"floor":72,"key":"Reflective Coating"},{"floor":73,"key":"AttackPotion"},{"floor":85,"key":"Regen Potion"},{"floor":87,"key":"Dota2Spire:Clarity"},{"floor":91,"key":"Explosive Potion"},{"floor":94,"key":"FearPotion"},{"floor":99,"key":"LiquidMemories"},{"floor":100,"key":"BlessingOfTheForge"}],"is_trial":false,"path_per_floor":["M","M","M","?","?","?","E","R","E","T","E","M","?","M","M","R","B",null,"M","M","M","$","?","R","E","M","T","M","R","M","E","M","R","B",null,"M","?","$","M","T","NM","M","R","T","?","E","?","R","E","R","B",null,"M","?","M","$","M","R","AVR","E","T","R","?","M","E","M","R","B",null,"M","AVR","M","M","?","E","?","E","T","R","M","R","E","M","R","B",null,"M","AVR","M","?","M","E","M","E","T","?","R","$","M","M","R","B"],"character_chosen":"LuminousClass","items_purchased":["aspiration:Nostalgia","Happy Flower","AntiCross","Luminous:Balance_Death_Scythe","MerchantsRug","Dota2Spire:DivineRapier","Membership Card","aspiration:TomeofQuesting","Lee\u0027s Waffle","Luminous:Sympathy_Luminous","SumBook","War Paint","GodSword4","Luminous:Light_Track","Strange Spoon","Luminous:Erosion_Luminous","Replay:PocketPolymizer","Dota2Spire:EtherealBlade","Luminous:BlackBlessingRelic","DemoMod:WeirdEgg","MealTicket","Omamori","DemoMod:Invincible"],"campfire_rested":4,"item_purchase_floors":[0,0,0,0,0,0,0,0,0,22,38,38,38,38,38,38,56,56,56,98,98,98,98],"current_hp_per_floor":[75,75,61,45,45,53,32,56,56,56,56,51,51,36,36,36,10,82,82,66,66,66,66,66,39,39,39,20,44,44,46,18,42,42,82,82,82,82,82,82,79,82,82,82,82,82,82,82,82,82,82,82,82,82,82,82,82,82,82,67,67,67,67,67,74,68,68,82,82,82,82,81,82,66,66,66,68,68,68,68,68,55,62,62,82,82,82,82,74,74,75,67,68,72,72,72,72,72,75,68,82,82,82],"gold":616,"neow_bonus":"","is_daily":false,"chose_seed":false,"campfire_upgraded":11,"win_rate":0.0,"timestamp":1607947576,"path_taken":["M","M","M","?","?","?","E","R","E","T","E","?","?","M","M","R","BOSS","M","M","M","$","?","R","E","M","T","M","R","M","E","M","R","BOSS","M","?","$","M","?","NM","?","R","T","?","E","?","R","E","R","BOSS","M","?","M","$","M","R","AVR","E","T","R","?","M","E","?","R","BOSS","M","AVR","M","M","?","E","?","E","T","R","M","R","E","M","R","BOSS","M","AVR","M","?","?","E","M","E","T","?","R","$","M","M","R","BOSS"],"items_purchased_type":["Relic","Relic","Relic","Card","Relic","Relic","Relic","Relic","Relic","Card","Relic","Relic","Relic","Card","Relic","Card","Relic","Relic","Relic","Relic","Relic","Relic","Card"],"build_version":"2020-12-13","purchased_purges":1,"victory":false,"max_hp_per_floor":[82,82,82,82,82,82,82,82,82,82,82,82,82,82,82,82,82,82,82,82,82,82,82,82,82,82,82,82,82,82,82,82,82,82,82,82,82,82,82,82,82,82,82,82,82,82,82,82,82,82,82,82,82,82,82,82,82,82,82,82,82,82,82,82,82,82,82,82,82,82,82,82,82,82,82,82,82,82,82,82,82,82,82,82,82,82,82,82,82,82,82,82,82,82,82,82,82,82,82,82,82,82,82],"card_choices":[{"not_picked":["Runesmith:HammerThrow","Luminous:Light_Wash_Luminous","Runesmith:Grindstone"],"picked":"SKIP","floor":1},{"not_picked":["Luminous:Erosion_Luminous","Headbutt"],"picked":"Luminous:Light_Gather","floor":2},{"not_picked":["Runesmith:ShiftingStrike","Runesmith:Reinforce"],"picked":"Luminous:Dark_Apocalypse","floor":3},{"not_picked":["Luminous:Fast_Spell_Luminous","Luminous:Concentrate_Luminous"],"picked":"Luminous:Mana_Well_Luminous","floor":7},{"not_picked":["Luminous:Accumulation_Luminous","Luminous:Tune_Luminous"],"picked":"Runesmith:Fortify","floor":9},{"not_picked":["Luminous:Fast_Spell_Luminous","Luminous:Magic_Boost_Luminous"],"picked":"Luminous:Dark_Dim_Erosion","floor":11},{"not_picked":["Luminous:Reverse_Spell_Luminous","Runesmith:Grindstone"],"picked":"Luminous:Magic_Accelerate_Luminous","floor":12},{"not_picked":["Luminous:Blinding_Pillar_Luminous","Luminous:Concentrate_Luminous"],"picked":"Luminous:Lania_Blessing_Luminous","floor":14},{"not_picked":["Luminous:Light_Spectral_Light","Luminous:Armageddon_Luminous"],"picked":"Luminous:Balance_Death_Scythe","floor":15},{"not_picked":["Luminous:Balance_Baptism","Luminous:Equalize_Luminous"],"picked":"Luminous:Balance_Aether_Conduit","floor":17},{"not_picked":["Luminous:Accumulation_Luminous","Luminous:Light_Disperse+1"],"picked":"Luminous:Light_Glare","floor":19},{"not_picked":["Luminous:Blinding_Pillar_Luminous","Luminous:Dark_Dim_Erosion+1"],"picked":"Luminous:Darks_Surge_Luminous+1","floor":20},{"not_picked":["Luminous:Dark_Pressure_Void","Luminous:Fast_Spell_Luminous+1"],"picked":"Luminous:Darks_Surge_Luminous","floor":21},{"not_picked":["Luminous:Magic_Boost_Luminous","Luminous:Magic_Accelerate_Luminous+1"],"picked":"Luminous:Balance_Death_Scythe","floor":25},{"not_picked":["Luminous:Tune_Luminous","Luminous:Light_Disperse"],"picked":"Luminous:Light_Glare+1","floor":26},{"not_picked":["Luminous:Light_Sylvan_Lance+1","Luminous:Concentrate_Luminous"],"picked":"Luminous:Light_Gather","floor":28},{"not_picked":["Luminous:Light_Wash_Luminous","Luminous:Light_Gather"],"picked":"Luminous:Dark_Arcane_Pitch","floor":30},{"not_picked":["Luminous:Light_Wash_Luminous","Luminous:Balance_Baptism","Luminous:Dark_Pressure_Void"],"picked":"SKIP","floor":31},{"not_picked":["Luminous:Dark_Dim_Erosion","Luminous:Light_Wash_Luminous"],"picked":"Luminous:Darks_Surge_Luminous","floor":32},{"not_picked":["Luminous:Arcane_Rage_Luminous","Luminous:Freud_Wisdom1_Luminous"],"picked":"Luminous:Dark_Crescendo_Luminous","floor":34},{"not_picked":["Luminous:Light_Wash_Luminous+1","Luminous:Dark_Raid"],"picked":"Luminous:Flash_Blink_Luminous","floor":36},{"not_picked":["Luminous:Dark_Dim_Erosion+1","Luminous:Light_Disperse+1","Luminous:Light_Wash_Luminous"],"picked":"SKIP","floor":39},{"not_picked":["Luminous:Light_Glare","Luminous:Shadow_Shell_Luminous+1"],"picked":"Luminous:Flash_Blink_Luminous+1","floor":41},{"not_picked":["Luminous:Balance_Death_Scythe","Luminous:Light_Wash_Luminous"],"picked":"Luminous:Dark_Arcane_Pitch+1","floor":42},{"not_picked":["Luminous:Concentrate_Luminous","Luminous:Light_Sylvan_Lance","Luminous:Equalize_Luminous"],"picked":"SKIP","floor":46},{"not_picked":["Luminous:Concentrate_Luminous+1","Luminous:Light_Sylvan_Lance"],"picked":"Luminous:Light_Gather+1","floor":47},{"not_picked":["Luminous:Hero_Will_Luminous","Luminous:Blinding_Pillar_Luminous+1"],"picked":"Luminous:Lunar_Tide_Luminous","floor":49},{"not_picked":["Luminous:Ethereal_Form_Luminous","Luminous:Erosion_Luminous"],"picked":"Luminous:Dark_Crescendo_Luminous","floor":51},{"not_picked":["Luminous:Shadow_Shell_Luminous","Luminous:Reverse_Spell_Luminous","Luminous:Mana_Overload_Luminous"],"picked":"SKIP","floor":53},{"not_picked":["Luminous:Blinding_Pillar_Luminous","Luminous:Accumulation_Luminous","Luminous:Tune_Luminous"],"picked":"SKIP","floor":55},{"not_picked":["Luminous:Shadow_Shell_Luminous","Luminous:Light_Gather","Luminous:Concentrate_Luminous"],"picked":"SKIP","floor":57},{"not_picked":["Luminous:Light_Wash_Luminous","Luminous:Dark_Moonlight_Spear"],"picked":"Luminous:Light_Gather","floor":60},{"not_picked":["Luminous:Light_Spectral_Light","Luminous:Light_Glare"],"picked":"Luminous:Light_Gather","floor":64},{"not_picked":["Luminous:Arcane_Rage_Luminous","Luminous:Blinding_Pillar_Luminous"],"picked":"Luminous:Light_Glare","floor":65},{"not_picked":["Luminous:Flash_Blink_Luminous","Luminous:Dusk_Guard_Luminous"],"picked":"Luminous:Light_Glare","floor":66},{"not_picked":["Luminous:Ethereal_Form_Luminous","Luminous:Arcane_Rage_Luminous"],"picked":"Luminous:Chaos_Field_Luminous","floor":68},{"not_picked":["Luminous:Dark_Raid","Luminous:Light_Glare+1","Luminous:Light_Wash_Luminous+1"],"picked":"SKIP","floor":70},{"not_picked":["Luminous:Phantom_Treasure_Luminous","Luminous:Light_Wash_Luminous","Luminous:Concentrate_Luminous"],"picked":"SKIP","floor":72},{"not_picked":["Luminous:Blinding_Pillar_Luminous","Luminous:Accumulation_Luminous"],"picked":"Luminous:Dark_Arcane_Pitch","floor":73},{"not_picked":["Luminous:Light_Sylvan_Lance","Luminous:Sympathy_Luminous"],"picked":"Luminous:Photic_Meditation_Luminous","floor":75},{"not_picked":["Luminous:Balance_Death_Scythe","Luminous:Mana_Overload_Luminous"],"picked":"Luminous:Light_Reflection+1","floor":77},{"not_picked":["Luminous:Dark_Raid+1","Luminous:Light_Wash_Luminous"],"picked":"Luminous:Accumulation_Luminous+1","floor":80},{"not_picked":["Luminous:Freud_Wisdom1_Luminous","Luminous:Light_Sylvan_Lance"],"picked":"Luminous:Dark_Pressure_Void","floor":82},{"not_picked":["Luminous:Light_Gather","Luminous:Light_Sylvan_Lance+1","Luminous:Chase_Spell_Luminous"],"picked":"SKIP","floor":83},{"not_picked":["Luminous:Dark_Raid","Luminous:Blinding_Pillar_Luminous+1","Luminous:Dark_Dim_Erosion"],"picked":"Luminous:Light_Disperse","floor":87},{"not_picked":["Luminous:Blinding_Pillar_Luminous","Luminous:Light_Disperse+1","Luminous:Lights_Protection_Luminous+1"],"picked":"Luminous:Mana_Overload_Luminous+1","floor":89},{"not_picked":["Luminous:Light_Glare+1","Luminous:Blinding_Pillar_Luminous+1","Luminous:Tune_Luminous"],"picked":"Luminous:Chase_Spell_Luminous","floor":91},{"not_picked":["infinitespire:Oblivion","infinitespire:Fortify"],"picked":"infinitespire:UltimateForm","floor":91},{"not_picked":["Luminous:Concentrate_Luminous+1","Luminous:Light_Glare","Luminous:Light_Disperse"],"picked":"Luminous:Arcane_Rage_Luminous","floor":92},{"not_picked":["Luminous:Light_Gather+1","Luminous:Light_Wash_Luminous+1","Luminous:Phantom_Treasure_Luminous+1"],"picked":"Luminous:Dark_Pressure_Void+1","floor":93},{"not_picked":["Luminous:Light_Gather+1","Luminous:Dark_Arcane_Pitch+1","Luminous:Light_Wash_Luminous"],"picked":"Luminous:Abyss_Heart_Luminous","floor":94},{"not_picked":["Luminous:Concentrate_Luminous","Luminous:Dark_Extract","Luminous:Sympathy_Luminous+1"],"picked":"Luminous:Accumulation_Luminous+1","floor":99},{"not_picked":["Luminous:Dark_Dim_Erosion","Luminous:Magic_Guard_Luminous+1","Luminous:Concentrate_Luminous+1"],"picked":"Luminous:Light_Gather+1","floor":100}],"player_experience":290391,"relics_obtained":[{"floor":1,"key":"AddBug"},{"floor":7,"key":"Meat on the Bone"},{"floor":9,"key":"SecretRecord"},{"floor":9,"key":"ReplayTheSpireMod:Lightbulb"},{"floor":10,"key":"Bag of Marbles"},{"floor":11,"key":"MawBank"},{"floor":15,"key":"SecretRecord"},{"floor":20,"key":"SecretRecord"},{"floor":25,"key":"Matryoshka"},{"floor":27,"key":"SSSystem"},{"floor":28,"key":"SecretRecord"},{"floor":31,"key":"Pet Ghost"},{"floor":40,"key":"Bottled Tornado"},{"floor":41,"key":"Dota2Spire:BladeMail"},{"floor":44,"key":"Pantograph"},{"floor":46,"key":"Dota2Spire:UrnOfShadows"},{"floor":47,"key":"Snack Pack"},{"floor":49,"key":"Dota2Spire:ArmletOfMordiggian"},{"floor":50,"key":"DemoMod:Metronome"},{"floor":60,"key":"DemoMod:ClearGuonStone"},{"floor":61,"key":"Centennial Puzzle"},{"floor":65,"key":"DemoMod:PoisonVial"},{"floor":74,"key":"aspiration:Stabinomicon"},{"floor":75,"key":"Oddly Smooth Stone"},{"floor":77,"key":"PreservedInsect"},{"floor":78,"key":"conspire:DecoderRing"},{"floor":82,"key":"Replay:Bottled Steam"},{"floor":92,"key":"Replay:Bandana"},{"floor":94,"key":"Divine Protection"},{"floor":95,"key":"infinitespire:Broken Mirror"},{"floor":96,"key":"Ring of Fangs"},{"floor":96,"key":"Ring of Hypnosis"}],"event_choices":[{"damage_healed":0,"gold_gain":0,"player_choice":"Entered Light","damage_taken":16,"max_hp_gain":0,"max_hp_loss":0,"event_name":"Shining Light","floor":4,"gold_loss":0,"cards_upgraded":["Luminous:Defend_Luminous","Luminous:Dark_Abyssal_Drop"]},{"damage_healed":0,"gold_gain":0,"player_choice":"Grow","damage_taken":0,"max_hp_gain":0,"max_hp_loss":0,"event_name":"Living Wall","floor":5,"gold_loss":0,"cards_upgraded":["Luminous:Balance_Death_Scythe"]},{"damage_healed":0,"gold_gain":0,"player_choice":"Got Potions","damage_taken":0,"max_hp_gain":0,"max_hp_loss":0,"event_name":"Lab","floor":13,"gold_loss":0},{"damage_healed":0,"gold_gain":0,"player_choice":"??神酒","damage_taken":0,"relics_obtained":["ZunR:ReiMu"],"max_hp_gain":0,"max_hp_loss":0,"event_name":"ZunEvent","floor":23,"gold_loss":40},{"damage_healed":0,"gold_gain":0,"player_choice":"Memory 1","damage_taken":0,"max_hp_gain":0,"max_hp_loss":0,"event_name":"SensoryStone","floor":37,"gold_loss":0},{"damage_healed":0,"gold_gain":0,"player_choice":"Leave","damage_taken":0,"max_hp_gain":0,"max_hp_loss":0,"event_name":"conspire:Investor","floor":45,"gold_loss":0},{"damage_healed":0,"gold_gain":0,"player_choice":"Grow","damage_taken":0,"max_hp_gain":0,"max_hp_loss":0,"event_name":"Living Wall","floor":63,"gold_loss":0,"cards_upgraded":["Luminous:Dark_Apocalypse"]},{"damage_healed":0,"gold_gain":0,"player_choice":"Obtained Book","damage_taken":16,"max_hp_gain":0,"max_hp_loss":0,"event_name":"Cursed Tome","floor":74,"gold_loss":0},{"damage_healed":0,"gold_gain":0,"player_choice":"Obtained Relic","damage_taken":0,"relics_obtained":["Dota2Spire:DrumOfEndurance"],"max_hp_gain":0,"max_hp_loss":0,"event_name":"Addict","floor":76,"gold_loss":85},{"damage_healed":0,"gold_gain":0,"player_choice":"Copied","damage_taken":0,"max_hp_gain":0,"max_hp_loss":0,"event_name":"Duplicator","floor":90,"gold_loss":0,"cards_obtained":["Luminous:Lania_Blessing_Luminous"]}],"is_beta":false,"boss_relics":[{"not_picked":["Coffee Dripper","conspire:SeveredTorchhead"],"picked":"conspire:SpecialSausage"},{"not_picked":["Velvet Choker","aspiration:MarisaSkillbook"],"picked":"Calling Bell"},{"not_picked":["ReplayTheSpireMod:SealedPack","AddBug"],"picked":"Ring of Chaos"},{"not_picked":["Replay:Drink Me","ChewingGum"],"picked":"aspiration:RandomNobGenerator"},{"not_picked":["Pandora\u0027s Box","Empty Cage"],"picked":"Honey Jar"}],"items_purged_floors":[22],"is_endless":true,"potions_floor_spawned":[3,11,14,17,20,25,26,32,42,46,49,55,57,60,68,72,73,82,83,85,87,91,94,99,100],"killed_by":"Awakened One","ascension_level":2}}