{"host":"y89x8uui45kcjy42","time":1607947446,"event":{"mods":["2.2 Compatiblity","BaseMod","Colored Map","Colored Powertips","Friendly Minions","Hermit","Highlight Path","Keyboard Shortcuts","Minty Spire (QoL Compilation)","StSLib","SuperFastMode","Waifu the Spire"],"gold_per_floor":[110,110,130,130,147,177,177,212,261,287,298,298,310,310,310,413,413,428,91,101,16,32,32,57,57,82,82,115,115,15,45,45,142,142,162,212,212,224,224,224],"floor_reached":39,"playtime":1565,"items_purged":["hermit:Defend_Hermit","hermit:Defend_Hermit"],"score":478,"play_id":"79aa03de-d5e0-40f2-8281-121b152660c5","local_time":"20201214210406","is_ascension_mode":true,"campfire_choices":[{"data":"hermit:Snapshot","floor":7,"key":"SMITH"},{"data":"hermit:FatalDesire","floor":12,"key":"SMITH"},{"data":"hermit:Covet","floor":15,"key":"SMITH"},{"data":"hermit:RoundhouseKick","floor":23,"key":"SMITH"},{"floor":25,"key":"RECALL"},{"data":"hermit:Strike_Hermit","floor":27,"key":"SMITH"},{"data":"hermit:Strike_Hermit","floor":32,"key":"SMITH"}],"circlet_count":0,"master_deck":["hermit:Strike_Hermit+1","hermit:Strike_Hermit+1","hermit:Defend_Hermit+1","hermit:Defend_Hermit+1","hermit:Snapshot+1","hermit:Covet+1","hermit:Adapt+1","hermit:FatalDesire+1","hermit:RoundhouseKick+1","hermit:Dive+1","hermit:Brawl+1","hermit:RoundhouseKick"],"relics":["hermit:Momento","Coffee Dripper","Oddly Smooth Stone","Vajra","Toxic Egg 2","Akabeko","Dream Catcher","Lantern","SlaversCollar","Kunai","Darkstone Periapt","InkBottle","Juzu Bracelet","Regal Pillow","Mercury Hourglass","Black Star","WingedGreaves"],"acts_visited":["Exordium","TheCity","TheBeyond"],"potions_floor_usage":[8,8,10,16,33],"damage_taken":[{"damage":4,"enemies":"Small Slimes","floor":1,"turns":3},{"damage":0,"enemies":"Jaw Worm","floor":3,"turns":4},{"damage":0,"enemies":"Cultist","floor":5,"turns":4},{"damage":4,"enemies":"3 Sentries","floor":6,"turns":9},{"damage":12,"enemies":"Gremlin Nob","floor":8,"turns":4},{"damage":15,"enemies":"Lagavulin","floor":10,"turns":6},{"damage":0,"enemies":"Blue Slaver","floor":11,"turns":3},{"damage":0,"enemies":"Large Slime","floor":13,"turns":3},{"damage":4,"enemies":"The Guardian","floor":16,"turns":15},{"damage":7,"enemies":"Shell Parasite","floor":18,"turns":5},{"damage":14,"enemies":"2 Thieves","floor":20,"turns":3},{"damage":0,"enemies":"Sentry and Sphere","floor":22,"turns":5},{"damage":13,"enemies":"Slavers","floor":24,"turns":5},{"damage":22,"enemies":"Gremlin Leader","floor":28,"turns":4},{"damage":7,"enemies":"Book of Stabbing","floor":31,"turns":6},{"damage":11,"enemies":"Collector","floor":33,"turns":8},{"damage":10,"enemies":"Orb Walker","floor":35,"turns":3},{"damage":15,"enemies":"Mind Bloom Boss Battle","floor":36,"turns":6},{"damage":5,"enemies":"3 Shapes","floor":38,"turns":2},{"damage":54,"enemies":"2 Orb Walkers","floor":39,"turns":4}],"seed_played":"-3916556791464887193","potions_obtained":[{"floor":1,"key":"SkillPotion"},{"floor":5,"key":"ColorlessPotion"},{"floor":8,"key":"PowerPotion"},{"floor":11,"key":"PowerPotion"},{"floor":16,"key":"Strength Potion"},{"floor":20,"key":"DuplicationPotion"},{"floor":33,"key":"hermit:BlackBile"},{"floor":36,"key":"AttackPotion"},{"floor":38,"key":"CultistPotion"}],"is_trial":false,"path_per_floor":["M","?","M","?","M","E","R","E","T","E","M","R","M","?","R","B",null,"M","$","M","?","M","R","E","R","T","R","E","T","$","E","R","B",null,"M","?","?","M","?"],"character_chosen":"HERMIT","items_purchased":["Kunai"],"campfire_rested":0,"item_purchase_floors":[19],"current_hp_per_floor":[71,56,56,56,56,52,52,40,40,25,25,25,25,18,18,14,75,68,68,54,54,54,54,41,41,41,41,19,19,19,12,12,1,75,65,50,50,45,0,0],"gold":224,"neow_bonus":"TRANSFORM_CARD","is_daily":false,"chose_seed":false,"campfire_upgraded":6,"win_rate":0.0,"timestamp":1607947446,"path_taken":["M","?","M","?","M","E","R","E","T","E","M","R","M","?","R","BOSS","M","$","M","?","M","R","E","R","T","R","E","?","$","E","R","BOSS","M","?","?","M","?"],"items_purchased_type":["Relic"],"build_version":"2020-12-13","purchased_purges":2,"victory":false,"max_hp_per_floor":[75,75,75,75,75,75,75,75,75,75,75,75,75,75,75,75,75,75,75,75,75,75,75,75,75,75,75,75,75,75,75,75,75,75,75,75,71,71,71,71],"card_choices":[{"not_picked":["hermit:Horror","hermit:Desperado","hermit:NoHoldsBarred"],"picked":"SKIP","floor":1},{"not_picked":["hermit:Vantage","hermit:Feint","hermit:HoleUp"],"picked":"SKIP","floor":3},{"not_picked":["hermit:Desperado","hermit:Vantage","hermit:ItchyTrigger"],"picked":"SKIP","floor":5},{"not_picked":["hermit:Reprieve+1","hermit:Quickdraw","hermit:Spite"],"picked":"SKIP","floor":6},{"not_picked":["hermit:Gambit+1","hermit:Coalescence+1","hermit:TrackingShot"],"picked":"SKIP","floor":8},{"not_picked":["hermit:GoldenBullet","hermit:CursedWeapon"],"picked":"hermit:FatalDesire","floor":10},{"not_picked":["hermit:Ricochet","hermit:FullyLoaded+1","hermit:HighCaliber"],"picked":"SKIP","floor":11},{"not_picked":["hermit:Glare+1","hermit:Quickdraw","hermit:OverwhelmingPower"],"picked":"SKIP","floor":13},{"not_picked":["hermit:EternalForm","hermit:Roughhouse"],"picked":"hermit:RoundhouseKick","floor":16},{"not_picked":["hermit:Vantage+1","hermit:LowProfile+1"],"picked":"hermit:Dive+1","floor":18},{"not_picked":["hermit:CalledShot","hermit:ItchyTrigger"],"picked":"hermit:Brawl+1","floor":20},{"not_picked":["hermit:WideOpen","hermit:Showdown","hermit:LowProfile+1"],"picked":"SKIP","floor":22},{"not_picked":["hermit:Combo","hermit:Gestalt+1","hermit:Scavenge+1"],"picked":"SKIP","floor":24},{"not_picked":["hermit:DeadMansHand+1","hermit:ShadowCloak","hermit:LowProfile+1"],"picked":"SKIP","floor":28},{"not_picked":["hermit:Feint+1","hermit:BigShot+1","hermit:CursedWeapon"],"picked":"SKIP","floor":31},{"not_picked":["hermit:Purgatory","hermit:OverwhelmingPower"],"picked":"hermit:RoundhouseKick","floor":33},{"not_picked":["hermit:Determination+1","hermit:CalledShot+1","hermit:Malice"],"picked":"SKIP","floor":35},{"not_picked":["hermit:BodyArmor+1","hermit:Virtue+1","hermit:Ricochet+1"],"picked":"SKIP","floor":38}],"player_experience":498689,"relics_obtained":[{"floor":6,"key":"Toxic Egg 2"},{"floor":8,"key":"Akabeko"},{"floor":9,"key":"Dream Catcher"},{"floor":10,"key":"Lantern"},{"floor":24,"key":"InkBottle"},{"floor":28,"key":"Juzu Bracelet"},{"floor":29,"key":"Regal Pillow"},{"floor":31,"key":"Mercury Hourglass"},{"floor":36,"key":"WingedGreaves"}],"event_choices":[{"damage_healed":0,"gold_gain":0,"player_choice":"Entered Light","damage_taken":15,"max_hp_gain":0,"max_hp_loss":0,"event_name":"Shining Light","floor":2,"gold_loss":0,"cards_upgraded":["hermit:Defend_Hermit","hermit:Defend_Hermit"]},{"damage_healed":0,"gold_gain":0,"player_choice":"Grow","damage_taken":0,"max_hp_gain":0,"max_hp_loss":0,"event_name":"Living Wall","floor":4,"gold_loss":0,"cards_upgraded":["hermit:Adapt"]},{"cards_removed":["hermit:Strike_Hermit"],"damage_healed":0,"gold_gain":0,"player_choice":"Card Removal","damage_taken":7,"max_hp_gain":0,"max_hp_loss":0,"event_name":"Golden Wing","floor":14,"gold_loss":0},{"damage_healed":0,"gold_gain":0,"player_choice":"Obtained Relic","damage_taken":0,"relics_obtained":["Darkstone Periapt"],"max_hp_gain":0,"max_hp_loss":0,"event_name":"Addict","floor":21,"gold_loss":85},{"damage_healed":0,"gold_gain":0,"player_choice":"Fight","damage_taken":0,"max_hp_gain":0,"max_hp_loss":0,"event_name":"MindBloom","floor":36,"gold_loss":0},{"damage_healed":0,"gold_gain":0,"player_choice":"Max HP","damage_taken":0,"max_hp_gain":0,"max_hp_loss":4,"event_name":"Winding Halls","floor":37,"gold_loss":0},{"damage_healed":0,"gold_gain":0,"player_choice":"Fight","damage_taken":0,"max_hp_gain":0,"max_hp_loss":0,"event_name":"Mysterious Sphere","floor":39,"gold_loss":0}],"is_beta":false,"boss_relics":[{"not_picked":["Runic Pyramid","Busted Crown"],"picked":"SlaversCollar"},{"not_picked":["Velvet Choker","Calling Bell"],"picked":"Black Star"}],"items_purged_floors":[19,30],"is_endless":false,"potions_floor_spawned":[1,5,8,11,16,20,33,36,38],"killed_by":"2 Orb Walkers","ascension_level":1}}