{"host":"msepye59htvs4aw4","time":1607970224,"event":{"mods":["BaseMod","Colored Map","DeckTracker","Highlight Path","Minty Spire (QoL Compilation)","Shop Mod","StSLib","SuperFastMode"],"gold_per_floor":[360,360,360,17,17,51,75,75,99,115,115,130,130,148,148,148,148],"floor_reached":16,"playtime":935,"items_purged":[],"score":170,"play_id":"9b9bbf7b-566d-4a32-9a64-aa3f8a219aeb","local_time":"20201214192344","is_ascension_mode":true,"campfire_choices":[{"floor":8,"key":"REST"},{"data":"Envenom","floor":11,"key":"SMITH"},{"data":"Catalyst","floor":13,"key":"SMITH"},{"data":"Bouncing Flask","floor":15,"key":"SMITH"}],"circlet_count":0,"master_deck":["AscendersBane","Strike_G+1","Strike_G","Strike_G","Strike_G","Strike_G","Defend_G","Defend_G","Defend_G","Defend_G","Defend_G","Survivor","Neutralize+1","Bouncing Flask+1","Backflip","Crippling Poison+1","Envenom+1","Deadly Poison","Blur","Catalyst+1","Leg Sweep"],"relics":["Ring of the Snake","Golden Idol","Orrery","Anchor","Singing Bowl","Whetstone"],"acts_visited":["Exordium"],"potions_floor_usage":[12,16,16],"damage_taken":[{"damage":3,"enemies":"2 Louse","floor":1,"turns":4},{"damage":19,"enemies":"Gremlin Nob","floor":6,"turns":4},{"damage":4,"enemies":"Small Slimes","floor":7,"turns":3},{"damage":0,"enemies":"Jaw Worm","floor":10,"turns":4},{"damage":0,"enemies":"3 Louse","floor":12,"turns":3},{"damage":4,"enemies":"Blue Slaver","floor":14,"turns":3},{"damage":58,"enemies":"Slime Boss","floor":16,"turns":16}],"seed_played":"3112408763385305163","potions_obtained":[{"floor":6,"key":"Block Potion"},{"floor":7,"key":"Dexterity Potion"},{"floor":12,"key":"GamblersBrew"}],"is_trial":false,"path_per_floor":["M","?","?","$","?","E","M","R","T","M","R","M","R","M","R","B"],"character_chosen":"THE_SILENT","items_purchased":["Bouncing Flask","Orrery","Anchor"],"campfire_rested":1,"item_purchase_floors":[4,4,4],"current_hp_per_floor":[56,56,56,56,56,37,35,52,52,54,54,54,54,50,50,0,0],"gold":148,"neow_bonus":"TWO_FIFTY_GOLD","is_daily":false,"chose_seed":false,"campfire_upgraded":3,"win_rate":0.0,"timestamp":1607970224,"path_taken":["M","?","?","$","?","E","M","R","T","M","R","M","R","M","R","BOSS"],"items_purchased_type":["Card","Relic","Relic"],"build_version":"2020-12-13","purchased_purges":0,"victory":false,"max_hp_per_floor":[60,56,56,56,56,56,58,58,58,60,60,60,60,60,60,60,60],"card_choices":[{"not_picked":["Outmaneuver","Cloak And Dagger","Finisher"],"picked":"SKIP","floor":1},{"not_picked":["Cloak And Dagger","Infinite Blades"],"picked":"Backflip","floor":4},{"not_picked":["Setup","Skewer"],"picked":"Crippling Poison","floor":4},{"not_picked":["Sucker Punch","Concentrate"],"picked":"Envenom","floor":4},{"not_picked":["Backflip","Outmaneuver"],"picked":"Deadly Poison","floor":4},{"not_picked":["Caltrops","Eviscerate"],"picked":"Blur","floor":6},{"not_picked":["Masterful Stab","Acrobatics","Reflex"],"picked":"Singing Bowl","floor":7},{"not_picked":["Flechettes","Caltrops","Skewer"],"picked":"Singing Bowl","floor":10},{"not_picked":["PiercingWail","Sucker Punch"],"picked":"Catalyst","floor":12},{"not_picked":["Well Laid Plans","Dagger Throw"],"picked":"Leg Sweep","floor":14}],"player_experience":1581294,"relics_obtained":[{"floor":6,"key":"Singing Bowl"},{"floor":9,"key":"Whetstone"}],"event_choices":[{"damage_healed":0,"gold_gain":0,"player_choice":"Lose Max HP","damage_taken":0,"relics_obtained":["Golden Idol"],"max_hp_gain":0,"max_hp_loss":4,"event_name":"Golden Idol","floor":2,"gold_loss":0},{"damage_healed":0,"gold_gain":0,"player_choice":"Ignored","damage_taken":0,"max_hp_gain":0,"max_hp_loss":0,"event_name":"Golden Wing","floor":3,"gold_loss":0},{"damage_healed":0,"gold_gain":0,"player_choice":"Grow","damage_taken":0,"max_hp_gain":0,"max_hp_loss":0,"event_name":"Living Wall","floor":5,"gold_loss":0,"cards_upgraded":["Crippling Poison"]}],"is_beta":false,"boss_relics":[],"items_purged_floors":[],"is_endless":false,"potions_floor_spawned":[6,7,12],"killed_by":"Slime Boss","ascension_level":14}}