{"host":"Justin","time":1607966503,"event":{"mods":["BaseMod","BetterRewards","Colored Map","Colored Powertips","DeckTracker","Duelist Mod","Hermit","Highlight Path","Hubris","Infinite Spire","Minty Spire (QoL Compilation)","Replay The Spire","Shop Mod","StSLib","The Animator","The Forsaken","The Jungle","The Necromancer"],"gold_per_floor":[113,132,145,145,0,35,53,88,88,105,205,238,258,273,273,368,368,378,1,18,36,48,80,104,129,129,164,176,187,206,206,206,305,305,322,322,342,342,7,7,20,20,20],"floor_reached":42,"playtime":4295,"items_purged":[],"score":534,"play_id":"6f5e6fea-4cc2-4efa-a05f-ff4be213a8ef","local_time":"20201214182143","is_ascension_mode":true,"campfire_choices":[{"floor":15,"key":"DIG"},{"floor":32,"key":"REST"},{"floor":40,"key":"RECALL"}],"circlet_count":0,"master_deck":["Strike_R","Strike_R","Strike_R","Strike_R","Strike_R","Defend_R","Defend_R","Defend_R","Defend_R","Bash","animator:Curse_GriefSeed","Rupture","Metallicize","Flex","Searing Blow","Clothesline","Cleave","ReplayTheSpireMod:Muscle Training","Metallicize","Hemogenesis+1","Shrug It Off","Offering+1","Armaments+1","Fire Breathing+1","Fire Breathing+1","Rampage+1","Disarm","Bloodletting+1","Fiend Fire+1","Infernal Blade","infinitespire:OneForAll","Cleave","Iron Wave","Shrug It Off","Brutality+1","Inflame","infinitespire:Execution","Entrench+1","Fire Breathing+1","Flash of Steel+1","True Grit+1"],"relics":["Burning Blood","Thread and Needle","hubris:Towel","theForsaken:Gavel","ReplayTheSpireMod:Spearhead","Matryoshka","Golden Egg","Darkstone Periapt","ReplayTheSpireMod:Lightbulb","infinitespire:Broken Mirror","Blue Doll","hubris:HollowSoul","Kunai","Garlic","Vajra","Replay:Baseball","Replay:WaspNest","Champion Belt","Letter Opener","Blood Vial","MerchantsRug"],"acts_visited":["Exordium","Exordium","TheBeyond"],"potions_floor_usage":[6,7,12,12,12,12,12,14,16,22,23,25,27,33],"damage_taken":[{"damage":8.0,"enemies":"Jaw Worm","floor":1.0,"turns":4.0},{"damage":0,"enemies":"Small Slimes","floor":2,"turns":4},{"damage":0,"enemies":"Cultist","floor":3,"turns":3},{"damage":4,"enemies":"Replay:BlueRogue","floor":6,"turns":12},{"damage":0,"enemies":"2 Fungi Beasts","floor":7,"turns":3},{"damage":31,"enemies":"Gremlin Nob","floor":8,"turns":6},{"damage":13,"enemies":"Lots of Slimes","floor":10,"turns":7},{"damage":9,"enemies":"Replay:BlueRogue","floor":12,"turns":7},{"damage":9,"enemies":"Red Slaver","floor":13,"turns":4},{"damage":3,"enemies":"2 Fungi Beasts","floor":14,"turns":3},{"damage":41,"enemies":"Hexaghost","floor":16,"turns":10},{"damage":6,"enemies":"Shell Parasite","floor":18,"turns":9},{"damage":20,"enemies":"theJungle:Flameango_and_Byrd","floor":20,"turns":7},{"damage":28,"enemies":"theJungle:2_Flameangoes","floor":21,"turns":6},{"damage":15,"enemies":"Snake Plant","floor":22,"turns":5},{"damage":47,"enemies":"theJungle:Cassacara","floor":23,"turns":9},{"damage":14,"enemies":"theJungle:MamaSnecko","floor":25,"turns":6},{"damage":39,"enemies":"Nightmare","floor":27,"turns":8},{"damage":0,"enemies":"theJungle:SlimyTreeVines","floor":28,"turns":8},{"damage":13,"enemies":"theJungle:Snecko_Cultist_And_Trap","floor":29,"turns":3},{"damage":17,"enemies":"theJungle:2_Flameangoes","floor":30,"turns":5},{"damage":34,"enemies":"theJungle:QueenSpyder","floor":33,"turns":12},{"damage":27,"enemies":"3 Shapes","floor":35,"turns":5},{"damage":32,"enemies":"3 Darklings","floor":37,"turns":4},{"damage":0,"enemies":"Transient","floor":41,"turns":1},{"damage":23,"enemies":"Nightmare","floor":42,"turns":4}],"seed_played":"-8475860236116012738","potions_obtained":[{"floor":1.0,"key":"Energy Potion"},{"floor":6,"key":"Fire Potion"},{"floor":10,"key":"Energy Potion"},{"floor":11,"key":"ColorlessPotion"},{"floor":11,"key":"EntropicBrew"},{"floor":14,"key":"Doom Potion"},{"floor":16,"key":"Milkshake"},{"floor":18,"key":"Explosive Potion"},{"floor":22,"key":"Fire Potion"},{"floor":23,"key":"BloodPotion"},{"floor":25,"key":"SteroidPotion"},{"floor":29,"key":"ElixirPotion"}],"is_trial":false,"path_per_floor":["M","M","M","?","$","E","M","E","T","M","?","E","M","M","R_BF","B",null,"M","$","M","M","M","E","T","E","T","NM","M","M","M","?","R","B",null,"M","AVR","M","?","$","R","M","NM"],"character_chosen":"IRONCLAD","items_purchased":["theForsaken:Gavel","Kunai","Fire Breathing","Rampage","Blood Vial","Fire Breathing","MerchantsRug","Flash of Steel+1"],"campfire_rested":1,"item_purchase_floors":[5,19,19,19,39,39,39,39],"current_hp_per_floor":[78,80,80,80,80,80,80,55,55,48,48,45,50,53,53,26,80,80,80,66,55,54,24,24,32,32,13,25,18,18,29,53,42,80,59,59,33,33,33,33,40,0,0],"gold":20,"neow_bonus":"ONE_RARE_RELIC","is_daily":false,"chose_seed":false,"campfire_upgraded":0,"win_rate":0.0,"timestamp":1607966503,"path_taken":["M","M","M","?","$","E","M","E","T","M","?","E","M","M","R_BF","BOSS","M","?","?","M","M","E","?","E","T","NM","M","M","M","?","R","BOSS","M","AVR","M","?","$","R","?","NM"],"items_purchased_type":["Relic","Relic","Card","Card","Relic","Card","Relic","Card"],"build_version":"2020-11-17","purchased_purges":0,"victory":false,"max_hp_per_floor":[80,80,80,80,80,80,80,80,80,80,80,80,80,80,80,80,80,80,80,80,80,80,80,80,80,80,80,80,80,80,80,80,80,80,80,80,80,80,80,80,80,80,80],"card_choices":[{"not_picked":["Body Slam","True Grit"],"picked":"Rupture","floor":1.0},{"not_picked":["Perfected Strike","Dropkick","True Grit"],"picked":"SKIP","floor":2},{"not_picked":["Anger","Perfected Strike"],"picked":"Metallicize","floor":3},{"not_picked":["Battle Trance","Armaments"],"picked":"Flex","floor":6},{"not_picked":["Pommel Strike","Power Through"],"picked":"Searing Blow","floor":7},{"not_picked":["Body Slam","Headbutt"],"picked":"Clothesline","floor":8},{"not_picked":["Armaments","Sword Boomerang"],"picked":"Cleave","floor":10},{"not_picked":["ReplayTheSpireMod:Limb From Limb","Headbutt"],"picked":"ReplayTheSpireMod:Muscle Training","floor":11},{"not_picked":["Warcry","Dual Wield"],"picked":"Metallicize","floor":11},{"not_picked":["Run Through","Twin Strike"],"picked":"Hemogenesis","floor":12},{"not_picked":["Body Slam","Headbutt","True Grit"],"picked":"SKIP","floor":13},{"not_picked":["ReplayTheSpireMod:Corrosion Curse","Second Wind"],"picked":"Shrug It Off","floor":14},{"not_picked":["Brutality","Berserk"],"picked":"Offering","floor":16},{"not_picked":["Clothesline","Hemokinesis"],"picked":"Armaments+1","floor":18},{"not_picked":["Headbutt+1","Pommel Strike+1"],"picked":"Disarm","floor":20},{"not_picked":["Body Slam","Replay:Undeath\u0027s Touch"],"picked":"Bloodletting+1","floor":21},{"not_picked":["Run Through","ReplayTheSpireMod:Strike From Hell+1","Shockwave"],"picked":"SKIP","floor":22},{"not_picked":["True Grit","Seeing Red"],"picked":"Fiend Fire","floor":23},{"not_picked":["Flex","Warcry"],"picked":"Infernal Blade","floor":25},{"not_picked":["Entrench+1","Bloodletting"],"picked":"infinitespire:OneForAll","floor":27},{"not_picked":["Carnage","Flex"],"picked":"Cleave","floor":28},{"not_picked":["Infernal Blade","Sword Boomerang"],"picked":"Iron Wave","floor":29},{"not_picked":["Flame Barrier","Dark Embrace+1"],"picked":"Shrug It Off","floor":30},{"not_picked":["Feed","hubris:StunningStrike"],"picked":"Brutality","floor":33},{"not_picked":["Uppercut+1","Dark Embrace"],"picked":"Inflame","floor":35},{"not_picked":["Blood for Blood","Clothesline"],"picked":"Entrench+1","floor":37},{"not_picked":["Clash","hubris:ReadiedAction+1"],"picked":"True Grit+1","floor":41}],"player_experience":1849,"relics_obtained":[{"floor":6,"key":"ReplayTheSpireMod:Spearhead"},{"floor":8,"key":"Matryoshka"},{"floor":9,"key":"Golden Egg"},{"floor":11,"key":"Darkstone Periapt"},{"floor":11,"key":"ReplayTheSpireMod:Lightbulb"},{"floor":12,"key":"infinitespire:Broken Mirror"},{"floor":15,"key":"Blue Doll"},{"floor":23,"key":"Garlic"},{"floor":24,"key":"Vajra"},{"floor":25,"key":"Replay:Baseball"},{"floor":26,"key":"Replay:WaspNest"},{"floor":27,"key":"Champion Belt"}],"event_choices":[{"damage_healed":0,"gold_gain":0,"player_choice":"Ignored","damage_taken":0,"max_hp_gain":0,"max_hp_loss":0,"event_name":"SecretPortal","floor":38,"gold_loss":0}],"is_beta":true,"boss_relics":[{"not_picked":["hubris:ScarierMask","ReplayTheSpireMod:DimensionalGlitch"],"picked":"hubris:HollowSoul"},{"not_picked":["hubris:VirtuousBlindfold","Replay:Wanted Poster","Cursed Key"]}],"items_purged_floors":[],"is_endless":true,"potions_floor_spawned":[1,6,10,14,16,18,22,23,25,29],"killed_by":"Nightmare","ascension_level":0}}