{"host":"d7qmn60fs48wu5y6","time":1607910118,"event":{"mods":["BaseMod","Downfall","Minty Spire (QoL Compilation)","Shade Mod","StSLib","The Cursed","The Servant 0.9.4"],"gold_per_floor":[113,67,67,67,79,105,105,30,30,6,24,36,51,65,65,168,168,188,205,29,29,29,60,60,88,164,164,89,117,117,136,136,240,240,260,42,42,42,42,42,0,32,32,32,12,12,62,78,78,78,78,78,17,48,48,48],"floor_reached":55,"playtime":2347,"items_purged":["Strike_R","Defend_R"],"score":757,"play_id":"e311f19c-eb75-46f9-93d1-ad3311fe7bf0","local_time":"20201213174158","is_ascension_mode":true,"campfire_choices":[{"data":"Enlightenment","floor":7,"key":"SMITH"},{"data":"Whirlwind","floor":15,"key":"SMITH"},{"data":"Shrug It Off","floor":24,"key":"SMITH"},{"floor":27,"key":"REST"},{"data":"Exhume","floor":32,"key":"SMITH"},{"floor":40,"key":"RECALL"},{"data":"Shrug It Off","floor":44,"key":"SMITH"},{"data":"Clothesline","floor":46,"key":"SMITH"},{"data":"Metallicize","floor":49,"key":"SMITH"},{"data":"Disarm","floor":52,"key":"SMITH"}],"circlet_count":0,"master_deck":["Defend_R","Defend_R","Bash","Enlightenment+1","Headbutt","Shrug It Off+1","Whirlwind+1","Pommel Strike","Twin Strike","Bloodletting","Disarm","Disarm+1","Reaper","Disarm+1","Shockwave+1","Dark Embrace+1","Clothesline+1","Shrug It Off+1","Evolve","Iron Wave+1","Heavy Blade+1","Exhume+1","Bludgeon+1","Fire Breathing","expansioncontent:GuardianWhirl+1","Dropkick+1","Headbutt+1","Metallicize+1","Metallicize+1","Fire Breathing"],"relics":["Burning Blood","Shuriken","Astrolabe","Orichalcum","Paper Frog","Molten Egg 2","Blood Vial","Busted Crown","Red Skull","Pantograph","Red Mask","Bottled Flame","The Courier","Mango","Oddly Smooth Stone"],"acts_visited":["Exordium","TheCity","TheBeyond","TheEnding"],"potions_floor_usage":[4,6,6,13,16,25,54,55,55],"damage_taken":[{"damage":23,"enemies":"Cultist","floor":1,"turns":6},{"damage":5,"enemies":"2 Louse","floor":5,"turns":3},{"damage":22,"enemies":"Gremlin Nob","floor":6,"turns":5},{"damage":0,"enemies":"Small Slimes","floor":11,"turns":2},{"damage":10,"enemies":"Looter","floor":12,"turns":3},{"damage":3,"enemies":"3 Louse","floor":13,"turns":2},{"damage":0,"enemies":"Lots of Slimes","floor":14,"turns":1},{"damage":44,"enemies":"Hexaghost","floor":16,"turns":12},{"damage":0,"enemies":"3 Byrds","floor":18,"turns":5},{"damage":34,"enemies":"Spheric Guardian","floor":19,"turns":10},{"damage":21,"enemies":"Book of Stabbing","floor":23,"turns":8},{"damage":58,"enemies":"Slavers","floor":25,"turns":7},{"damage":9,"enemies":"Book of Stabbing","floor":29,"turns":8},{"damage":5,"enemies":"Centurion and Healer","floor":31,"turns":5},{"damage":32,"enemies":"Champ","floor":33,"turns":13},{"damage":3,"enemies":"3 Darklings","floor":35,"turns":5},{"damage":17,"enemies":"Nemesis","floor":42,"turns":7},{"damage":0,"enemies":"Mind Bloom Boss Battle","floor":47,"turns":3},{"damage":26,"enemies":"3 Shapes","floor":48,"turns":4},{"damage":37,"enemies":"Awakened One","floor":50,"turns":12},{"damage":21,"enemies":"Shield and Spear","floor":54,"turns":7},{"damage":131,"enemies":"The Heart","floor":55,"turns":8}],"seed_played":"3500436270936853607","potions_obtained":[{"floor":4,"key":"Fruit Juice"},{"floor":4,"key":"BloodPotion"},{"floor":4,"key":"PowerPotion"},{"floor":5,"key":"EssenceOfSteel"},{"floor":11,"key":"PowerPotion"},{"floor":12,"key":"Ancient Potion"},{"floor":13,"key":"Fruit Juice"},{"floor":19,"key":"Explosive Potion"},{"floor":29,"key":"Block Potion"},{"floor":31,"key":"ColorlessPotion"},{"floor":35,"key":"SteroidPotion"}],"is_trial":false,"path_per_floor":["M","$","?","?","M","E","R","$","T","$","M","M","M","M","R","B",null,"M","M","$","?","?","E","R","E","T","R","?","E","$","M","R","B",null,"M","$","T","?","?","R","?","E","T","R","$","R","?","M","R","B",null,"R","$","E","B"],"character_chosen":"IRONCLAD","items_purchased":["Shrug It Off","Pommel Strike","Inflame","Fire Breathing","Red Skull","Headbutt+1","Fire Breathing"],"campfire_rested":1,"item_purchase_floors":[2,10,20,36,36,45,53],"current_hp_per_floor":[63,63,56,61,62,46,46,46,46,46,52,48,56,62,62,24,90,90,65,65,90,72,66,66,23,23,51,51,56,56,59,59,47,95,95,95,95,95,95,95,95,94,94,94,94,94,109,96,96,78,109,109,109,99,0,0],"gold":48,"neow_bonus":"RANDOM_COLORLESS","is_daily":false,"chose_seed":false,"campfire_upgraded":8,"win_rate":0.0,"timestamp":1607910118,"path_taken":["M","$","?","?","?","E","R","?","T","$","M","M","M","M","R","BOSS","M","?","$","?","?","E","R","E","T","R","?","E","?","M","R","BOSS","M","$","?","?","?","R","?","E","T","R","$","R","?","M","R","BOSS","R","$","E","BOSS"],"items_purchased_type":["Card","Card","Card","Card","Relic","Card","Card"],"build_version":"2020-12-13","purchased_purges":2,"victory":false,"max_hp_per_floor":[80,80,80,85,85,85,85,85,85,85,85,85,90,90,90,90,90,90,90,90,90,95,95,95,95,95,95,95,95,95,95,95,95,95,95,95,95,95,95,95,95,95,95,95,95,95,109,109,109,109,109,109,109,109,109,109],"card_choices":[{"not_picked":["Deep Breath","expansioncontent:DarkVoid"],"picked":"Enlightenment","floor":0},{"not_picked":["Armaments","Blood for Blood"],"picked":"Headbutt","floor":1},{"not_picked":["Thunderclap","Perfected Strike","Sword Boomerang"],"picked":"SKIP","floor":5},{"not_picked":["Perfected Strike","Inflame"],"picked":"Whirlwind","floor":6},{"not_picked":["Entrench","True Grit"],"picked":"Twin Strike","floor":11},{"not_picked":["Reckless Charge","Clash"],"picked":"Bloodletting","floor":12},{"not_picked":["Second Wind","Whirlwind"],"picked":"Disarm","floor":13},{"not_picked":["Perfected Strike","Thunderclap"],"picked":"Disarm","floor":14},{"not_picked":["Juggernaut","Immolate"],"picked":"Reaper","floor":16},{"not_picked":["Perfected Strike","Pommel Strike"],"picked":"Clothesline","floor":18},{"not_picked":["Sword Boomerang","Bloodletting"],"picked":"Shrug It Off","floor":19},{"not_picked":["Heavy Blade","Clash"],"picked":"Evolve","floor":23},{"not_picked":["Dual Wield","Infernal Blade+1"],"picked":"Iron Wave+1","floor":25},{"not_picked":["Pommel Strike+1","Thunderclap+1"],"picked":"Heavy Blade+1","floor":29},{"not_picked":["Shockwave","Iron Wave+1"],"picked":"Exhume","floor":31},{"not_picked":["Double Tap","Feed+1"],"picked":"Bludgeon+1","floor":33},{"not_picked":["Combust"],"picked":"SKIP","floor":35},{"not_picked":[],"picked":"expansioncontent:GuardianWhirl+1","floor":39},{"not_picked":[],"picked":"Dropkick+1","floor":42},{"not_picked":[],"picked":"Metallicize","floor":47},{"not_picked":[],"picked":"Metallicize+1","floor":48},{"not_picked":["Thunderclap+1"],"picked":"SKIP","floor":54}],"player_experience":841301,"relics_obtained":[{"floor":6,"key":"Shuriken"},{"floor":23,"key":"Orichalcum"},{"floor":25,"key":"Paper Frog"},{"floor":26,"key":"Molten Egg 2"},{"floor":29,"key":"Blood Vial"},{"floor":37,"key":"Pantograph"},{"floor":42,"key":"Bottled Flame"},{"floor":43,"key":"The Courier"},{"floor":47,"key":"Mango"},{"floor":54,"key":"Oddly Smooth Stone"}],"event_choices":[{"cards_removed":["Defend_R"],"damage_healed":0,"gold_gain":0,"player_choice":"Card Removal","damage_taken":7,"max_hp_gain":0,"max_hp_loss":0,"event_name":"Golden Wing","floor":3,"gold_loss":0},{"damage_healed":0,"gold_gain":0,"player_choice":"Got Potions","damage_taken":0,"max_hp_gain":0,"max_hp_loss":0,"event_name":"Lab","floor":4,"gold_loss":0},{"damage_healed":30,"gold_gain":0,"player_choice":"Heal","damage_taken":0,"max_hp_gain":0,"max_hp_loss":0,"event_name":"The Library","floor":21,"gold_loss":0},{"damage_healed":0,"gold_gain":0,"player_choice":"Shed Blood","damage_taken":23,"max_hp_gain":5,"max_hp_loss":0,"event_name":"Forgotten Altar","floor":22,"gold_loss":0},{"cards_removed":["Strike_R"],"damage_healed":0,"gold_gain":0,"player_choice":"Gave Gold","damage_taken":0,"max_hp_gain":0,"max_hp_loss":0,"event_name":"Beggar","floor":28,"gold_loss":75},{"cards_removed":["Inflame"],"damage_healed":0,"gold_gain":0,"player_choice":"Removed Power","damage_taken":0,"max_hp_gain":0,"max_hp_loss":0,"event_name":"Falling","floor":38,"gold_loss":0},{"damage_healed":0,"gold_gain":0,"player_choice":"Memory 1","damage_taken":0,"max_hp_gain":0,"max_hp_loss":0,"event_name":"SensoryStone","floor":39,"gold_loss":0},{"damage_healed":0,"gold_gain":0,"player_choice":"Paid","damage_taken":0,"relics_obtained":["Red Mask"],"max_hp_gain":0,"max_hp_loss":0,"event_name":"Tomb of Lord Red Mask","floor":41,"gold_loss":42},{"damage_healed":0,"gold_gain":0,"player_choice":"Fight","damage_taken":0,"max_hp_gain":0,"max_hp_loss":0,"event_name":"MindBloom","floor":47,"gold_loss":0}],"is_beta":false,"boss_relics":[{"not_picked":["Runic Dome","Cursed Key"],"picked":"Astrolabe"},{"not_picked":["Fusion Hammer","Coffee Dripper"],"picked":"Busted Crown"}],"items_purged_floors":[8,20],"is_endless":false,"potions_floor_spawned":[5,11,12,13,19,29,31,35,42,48],"killed_by":"The Heart","ascension_level":1}}