{"host":"ul103bh19qas5vs8","time":1607937978,"event":{"mods":["BaseMod","Downfall","Googly Eyes","Minty Spire (QoL Compilation)","Replay The Spire","Shop Mod","StSLib"],"gold_per_floor":[99,99,99,132,132,6,6,21,46,46,59,59,59,59,70,70,70],"floor_reached":16,"playtime":513,"items_purged":["Slimebound:Strike_Slimebound"],"score":138,"play_id":"d40452bf-b866-4d1a-844f-e3b76de30687","local_time":"20201214172618","is_ascension_mode":true,"campfire_choices":[{"data":"Slimebound:Split","floor":1,"key":"SMITH"},{"data":"Slimebound:Recollect","floor":10,"key":"SMITH"}],"circlet_count":0,"master_deck":["Slimebound:Strike_Slimebound","Slimebound:Tackle","Slimebound:Defend_Slimebound","Slimebound:Defend_Slimebound","Slimebound:Defend_Slimebound","Slimebound:Defend_Slimebound","Slimebound:Split+1","Slimebound:CorrosiveSpit","Slimebound:Recollect+1","Slimebound:SplitAcid","Slimebound:Gluttony","Slimebound:SpikyOuterGoop","Slimebound:SpikyOuterGoop","Slimebound:OozeBath","Slimebound:ViciousTackle","Pain","Slimebound:ComboTackle"],"relics":["Slimebound:AbsorbEndCombat","downfall:HeartsMalice","Slimebound:GreedOozeRelic","Mirror","ReplayTheSpireMod:Lightbulb","Juzu Bracelet","WarpedTongs"],"acts_visited":["Exordium"],"potions_floor_usage":[9],"damage_taken":[{"damage":0,"enemies":"Jaw Worm","floor":3,"turns":1},{"damage":0,"enemies":"3 Sentries","floor":4,"turns":1},{"damage":0,"enemies":"downfall:FleeingMerchant","floor":6,"turns":1},{"damage":21,"enemies":"Small Slimes","floor":8,"turns":4},{"damage":65,"enemies":"Gremlin Nob","floor":9,"turns":5},{"damage":12,"enemies":"Cultist","floor":11,"turns":4},{"damage":27,"enemies":"3 Louse","floor":15,"turns":4},{"damage":52,"enemies":"downfall:Defect","floor":16,"turns":5}],"seed_played":"-7143679975204004405","potions_obtained":[{"floor":8,"key":"Energy Potion"},{"floor":11,"key":"ColorlessPotion"}],"is_trial":false,"path_per_floor":["R","?","M","E","?","$","T","M","E","R","M","T","?","?","M","B"],"character_chosen":"SLIMEBOUND","items_purchased":["Slimebound:SpikyOuterGoop"],"campfire_rested":0,"item_purchase_floors":[6],"current_hp_per_floor":[60,60,60,60,60,60,60,56,31,31,35,35,35,35,32,0,0],"gold":70,"neow_bonus":"THREE_ENEMY_KILL","is_daily":false,"chose_seed":false,"campfire_upgraded":2,"win_rate":0.0,"timestamp":1607937978,"path_taken":["R","?","M","E","?","?","T","M","E","R","M","?","?","?","M","BOSS"],"items_purchased_type":["Card"],"build_version":"2020-12-13","purchased_purges":1,"victory":false,"max_hp_per_floor":[60,60,60,60,60,60,60,60,60,60,60,60,60,60,60,60,60],"card_choices":[{"not_picked":["Slimebound:GoopSpray","Slimebound:PressTheAttack"],"picked":"Slimebound:Recollect","floor":3},{"not_picked":["Slimebound:FirmFortitude","Slimebound:DivideAndConquer"],"picked":"Slimebound:SplitAcid","floor":4},{"not_picked":["Slimebound:FirmFortitude","Slimebound:Dissolve"],"picked":"Slimebound:Gluttony","floor":6},{"not_picked":["Slimebound:PressTheAttack","Slimebound:FirmFortitude","Slimebound:RollThrough"],"picked":"SKIP","floor":8},{"not_picked":["Slimebound:DivideAndConquer","Slimebound:ProtectTheBoss"],"picked":"Slimebound:OozeBath","floor":9},{"not_picked":["Slimebound:SlimeBarrage","Slimebound:LeechingTouch"],"picked":"Slimebound:ViciousTackle","floor":11},{"not_picked":["Slimebound:LeechEnergy","Slimebound:Dissolve"],"picked":"Slimebound:ComboTackle","floor":15}],"player_experience":106663,"relics_obtained":[{"floor":4,"key":"Mirror"},{"floor":9,"key":"ReplayTheSpireMod:Lightbulb"},{"floor":12,"key":"Juzu Bracelet"}],"event_choices":[{"damage_healed":0,"gold_gain":0,"player_choice":"Rummage","damage_taken":0,"relics_obtained":["WarpedTongs"],"max_hp_gain":0,"max_hp_loss":0,"event_name":"Accursed Blacksmith","floor":14,"gold_loss":0,"cards_obtained":["Pain"]}],"is_beta":false,"boss_relics":[],"items_purged_floors":[6],"is_endless":false,"potions_floor_spawned":[8,11],"killed_by":"downfall:Defect","ascension_level":1}}