{"host":"egyxg9lnjq7g2hmw","time":1607934867,"event":{"mods":["AchievementEnabler","BaseMod","Block Reminder","Colored Map","Colored Powertips","Highlight Path","Minty Spire (QoL Compilation)","Rare Cards Sparkle","StSLib"],"gold_per_floor":[109,109,122,135,146,146,162,187,187,200,232,232,252,1,1,77,77,93,110,125,136,152,152,178,178,178,213,213,213,224,139,139,213,213,232,0,0,16,36,61,61,72,152,181,106,118,134,149,149,149,149,149,18,46,46,46],"floor_reached":55,"playtime":6162,"items_purged":["Defend_G"],"score":1419,"play_id":"6b065ca0-1b55-454c-807f-d46b53d5b7a7","local_time":"20201214003427","is_ascension_mode":true,"campfire_choices":[{"data":"Leg Sweep","floor":6.0,"key":"SMITH"},{"data":"Pain","floor":12.0,"key":"PURGE"},{"data":"Prepared","floor":15.0,"key":"SMITH"},{"data":"Terror","floor":23.0,"key":"SMITH"},{"data":"Strike_G","floor":25.0,"key":"PURGE"},{"data":"Strike_G","floor":28.0,"key":"PURGE"},{"floor":32.0,"key":"REST"},{"floor":41.0,"key":"RECALL"},{"data":"Defend_G","floor":49.0,"key":"SMITH"},{"data":"A Thousand Cuts","floor":52.0,"key":"SMITH"}],"circlet_count":0,"master_deck":["AscendersBane","Strike_G+1","Defend_G+1","Defend_G","Defend_G","Survivor","Neutralize+1","Leg Sweep+1","Prepared+1","Flying Knee","Terror+1","Backstab","Underhanded Strike","Phantasmal Killer+1","Backstab+1","Burst+1","Acrobatics+1","Outmaneuver+1","Escape Plan+1","Deflect+1","Outmaneuver+1","PiercingWail+1","A Thousand Cuts+1","Outmaneuver+1","Finisher+1","Escape Plan+1","Burst+1","Calculated Gamble+1","Eviscerate","Underhanded Strike","Backstab"],"relics":["Ring of the Snake","WarpedTongs","Peace Pipe","Toxic Egg 2","Bag of Preparation","Ornamental Fan","Runic Pyramid","Thread and Needle","Whetstone","Kunai","Astrolabe","Red Mask","Mummified Hand","InkBottle","Singing Bowl","Snake Skull"],"acts_visited":["Exordium","TheCity","TheBeyond","TheEnding"],"potions_floor_usage":[55,55],"damage_taken":[{"damage":2.0,"enemies":"Jaw Worm","floor":1.0,"turns":5.0},{"damage":2.0,"enemies":"Cultist","floor":3.0,"turns":4.0},{"damage":3.0,"enemies":"2 Louse","floor":4.0,"turns":4.0},{"damage":6.0,"enemies":"Looter","floor":5.0,"turns":4.0},{"damage":3.0,"enemies":"3 Louse","floor":7.0,"turns":6.0},{"damage":7.0,"enemies":"Gremlin Nob","floor":8.0,"turns":4.0},{"damage":9.0,"enemies":"Lots of Slimes","floor":10.0,"turns":6.0},{"damage":6.0,"enemies":"Lagavulin","floor":11.0,"turns":6.0},{"damage":1.0,"enemies":"Exordium Thugs","floor":13.0,"turns":5.0},{"damage":4.0,"enemies":"Hexaghost","floor":16.0,"turns":6.0},{"damage":0.0,"enemies":"Shell Parasite","floor":18.0,"turns":4.0},{"damage":0.0,"enemies":"Chosen","floor":19.0,"turns":2.0},{"damage":0.0,"enemies":"Centurion and Healer","floor":20.0,"turns":6.0},{"damage":13.0,"enemies":"Snake Plant","floor":21.0,"turns":3.0},{"damage":8.0,"enemies":"Snecko","floor":22.0,"turns":4.0},{"damage":2.0,"enemies":"Gremlin Leader","floor":24.0,"turns":6.0},{"damage":0.0,"enemies":"Book of Stabbing","floor":27.0,"turns":4.0},{"damage":0.0,"enemies":"Centurion and Healer","floor":30.0,"turns":5.0},{"damage":0.0,"enemies":"Champ","floor":33.0,"turns":16.0},{"damage":10.0,"enemies":"3 Shapes","floor":35.0,"turns":4.0},{"damage":0.0,"enemies":"Orb Walker","floor":38.0,"turns":2.0},{"damage":0.0,"enemies":"Transient","floor":39.0,"turns":5.0},{"damage":1.0,"enemies":"Reptomancer","floor":40.0,"turns":8.0},{"damage":1.0,"enemies":"3 Darklings","floor":42.0,"turns":3.0},{"damage":4.0,"enemies":"Nemesis","floor":44.0,"turns":4.0},{"damage":0.0,"enemies":"4 Shapes","floor":46.0,"turns":4.0},{"damage":0.0,"enemies":"Sphere and 2 Shapes","floor":47.0,"turns":3.0},{"damage":0.0,"enemies":"Transient","floor":48.0,"turns":5.0},{"damage":15.0,"enemies":"Donu and Deca","floor":50.0,"turns":10.0},{"damage":0.0,"enemies":"Shield and Spear","floor":54.0,"turns":6.0},{"damage":73,"enemies":"The Heart","floor":55,"turns":10}],"seed_played":"-1246304625558272063","potions_obtained":[{"floor":4.0,"key":"Explosive Potion"},{"floor":7.0,"key":"DistilledChaos"},{"floor":10.0,"key":"CunningPotion"},{"floor":11.0,"key":"Regen Potion"},{"floor":16.0,"key":"DistilledChaos"},{"floor":18.0,"key":"Regen Potion"},{"floor":21.0,"key":"PowerPotion"},{"floor":27.0,"key":"ColorlessPotion"},{"floor":33.0,"key":"Block Potion"},{"floor":35.0,"key":"SneckoOil"},{"floor":44.0,"key":"Regen Potion"},{"floor":54.0,"key":"Fire Potion"}],"is_trial":false,"path_per_floor":["M","?","M","M","M","R","M","E","T","M","E","R","M","$","R","B",null,"M","M","M","M","M","R","E","R","T","E","R","?","M","?","R","B",null,"M","?","?","M","M","E","R","M","T","E","$","M","M","M","R","B",null,"R","$","E","B"],"character_chosen":"THE_SILENT","items_purchased":["Ornamental Fan","Backstab","Block Potion"],"campfire_rested":1,"item_purchase_floors":[14,53,53],"current_hp_per_floor":[61,61,59,56,50,50,47,40,40,31,25,25,24,24,24,35,61,61,61,61,48,40,40,38,38,38,38,38,38,38,38,59,59,67,57,57,57,57,57,56,56,55,55,51,51,53,55,57,57,57,71,71,71,73,0,0],"gold":46,"neow_bonus":"UPGRADE_CARD","is_daily":false,"chose_seed":false,"campfire_upgraded":5,"win_rate":0.0,"timestamp":1607934867,"path_taken":["M","?","?","M","M","R","M","E","T","M","E","R","M","$","R","BOSS","M","?","?","M","M","R","E","R","T","E","R","?","M","?","R","BOSS","M","?","?","?","M","E","R","M","T","E","$","M","M","M","R","BOSS","R","$","E","BOSS"],"items_purchased_type":["Relic","Card","Potion"],"build_version":"2020-12-13","purchased_purges":1,"victory":false,"max_hp_per_floor":[70,70,70,70,70,70,70,70,70,70,70,70,70,70,70,70,70,70,70,70,70,70,70,70,70,70,70,70,70,70,70,70,70,70,70,70,70,70,70,70,70,70,70,70,70,72,74,76,76,76,76,76,76,78,78,78],"card_choices":[{"not_picked":["Dodge and Roll","Crippling Poison"],"picked":"Leg Sweep","floor":1.0},{"not_picked":["Bane","Slice"],"picked":"Prepared","floor":3.0},{"not_picked":["Cloak And Dagger","Quick Slash"],"picked":"Flying Knee","floor":4.0},{"not_picked":["PiercingWail","Accuracy"],"picked":"Terror","floor":5.0},{"not_picked":["Deadly Poison","Finisher"],"picked":"Backstab","floor":7.0},{"not_picked":["Sucker Punch","Bouncing Flask","Cloak And Dagger"],"picked":"SKIP","floor":8.0},{"not_picked":["Prepared+1","Poisoned Stab"],"picked":"Underhanded Strike","floor":10.0},{"not_picked":["Leg Sweep+1","Footwork"],"picked":"Phantasmal Killer+1","floor":11.0},{"not_picked":["Deflect+1","Prepared+1"],"picked":"Backstab","floor":13.0},{"not_picked":["Glass Knife","Grand Finale"],"picked":"Burst+1","floor":16.0},{"not_picked":["Distraction+1","Quick Slash","Poisoned Stab"],"picked":"SKIP","floor":18.0},{"not_picked":["Dodge and Roll+1","Cloak And Dagger+1"],"picked":"Acrobatics+1","floor":19.0},{"not_picked":["Underhanded Strike+1","Venomology+1"],"picked":"Outmaneuver+1","floor":20.0},{"not_picked":["Infinite Blades","Dagger Spray"],"picked":"Escape Plan+1","floor":21.0},{"not_picked":["Acrobatics+1","Malaise+1"],"picked":"Deflect+1","floor":22.0},{"not_picked":["Poisoned Stab","Backflip+1"],"picked":"Outmaneuver+1","floor":24.0},{"not_picked":["Poisoned Stab","All Out Attack","Dodge and Roll+1"],"picked":"SKIP","floor":27.0},{"not_picked":["Blade Dance+1","All Out Attack"],"picked":"PiercingWail+1","floor":30.0},{"not_picked":["Tools of the Trade","Venomology+1"],"picked":"A Thousand Cuts","floor":33.0},{"not_picked":["Flechettes","Prepared+1","Heel Hook"],"picked":"SKIP","floor":35.0},{"not_picked":["Bane","Dodge and Roll+1","PiercingWail+1"],"picked":"SKIP","floor":38.0},{"not_picked":["Slice","Sucker Punch"],"picked":"Calculated Gamble+1","floor":39.0},{"not_picked":["Outmaneuver+1","Noxious Fumes"],"picked":"Eviscerate","floor":40.0},{"not_picked":["Infinite Blades","Dagger Spray","Dodge and Roll+1"],"picked":"SKIP","floor":42.0},{"not_picked":["Burst+1","Dagger Throw"],"picked":"Underhanded Strike","floor":44.0},{"not_picked":["Outmaneuver+1","Deadly Poison+1","Skewer"],"picked":"Singing Bowl","floor":46.0},{"not_picked":["Catalyst+1","Flying Knee","Bane"],"picked":"Singing Bowl","floor":47.0},{"not_picked":["Slice","Crippling Poison+1","Bane+1"],"picked":"Singing Bowl","floor":48.0},{"not_picked":["Crippling Poison+1","Caltrops","Dagger Spray"],"picked":"Singing Bowl","floor":54.0}],"player_experience":441194,"relics_obtained":[{"floor":8.0,"key":"Peace Pipe"},{"floor":9.0,"key":"Toxic Egg 2"},{"floor":11.0,"key":"Bag of Preparation"},{"floor":24.0,"key":"Thread and Needle"},{"floor":27.0,"key":"Whetstone"},{"floor":40.0,"key":"Mummified Hand"},{"floor":43.0,"key":"InkBottle"},{"floor":44.0,"key":"Singing Bowl"},{"floor":54.0,"key":"Snake Skull"}],"event_choices":[{"damage_healed":0.0,"max_hp_gain":0.0,"max_hp_loss":0.0,"gold_gain":0.0,"event_name":"Accursed Blacksmith","player_choice":"Rummage","floor":2.0,"gold_loss":0.0,"damage_taken":0.0,"relics_obtained":["WarpedTongs"],"cards_obtained":["Pain"]},{"damage_healed":0.0,"max_hp_gain":0.0,"max_hp_loss":0.0,"gold_gain":0.0,"event_name":"Vampires","player_choice":"Ignored","floor":29.0,"gold_loss":0.0,"damage_taken":0.0},{"damage_healed":0.0,"max_hp_gain":0.0,"max_hp_loss":0.0,"gold_gain":0.0,"event_name":"Addict","player_choice":"Obtained Relic","floor":31.0,"gold_loss":85.0,"damage_taken":0.0,"relics_obtained":["Kunai"]},{"damage_healed":0.0,"max_hp_gain":0.0,"max_hp_loss":0.0,"gold_gain":0.0,"event_name":"Tomb of Lord Red Mask","player_choice":"Paid","floor":36.0,"gold_loss":232.0,"damage_taken":0.0,"relics_obtained":["Red Mask"]},{"damage_healed":0.0,"max_hp_gain":0.0,"max_hp_loss":0.0,"gold_gain":0.0,"event_name":"Duplicator","player_choice":"Copied","floor":37.0,"gold_loss":0.0,"damage_taken":0.0,"cards_obtained":["Burst"]}],"is_beta":false,"boss_relics":[{"not_picked":["Velvet Choker","Ring of the Serpent"],"picked":"Runic Pyramid"},{"not_picked":["SacredBark","Coffee Dripper"],"picked":"Astrolabe"}],"items_purged_floors":[45],"is_endless":false,"potions_floor_spawned":[4,7,10,11,16,18,21,27,33,35,38,44,46,54],"killed_by":"The Heart","ascension_level":13}}