{"host":"9kesdg97wkrx2bva","time":1607926311,"event":{"mods":["AchievementEnabler","BaseMod","Colored Map","GifTheSpireLib","Infinite Spire","Minty Spire (QoL Compilation)","Replay The Spire","StSLib"],"gold_per_floor":[113,38,53,69,10,10,35,54,54,204,204,25,25,40,40,40,40],"floor_reached":16,"playtime":231,"items_purged":["Strike_B","Doubt"],"score":180,"play_id":"2306cc6e-43d3-48ab-9db5-566fb1ae28a8","local_time":"20201214001151","is_ascension_mode":true,"campfire_choices":[{"data":"Zap","floor":6.0,"key":"SMITH"},{"data":"Dualcast","floor":11.0,"key":"SMITH"},{"floor":15.0,"key":"REST"}],"circlet_count":0,"master_deck":["AscendersBane","Strike_B","Strike_B","Strike_B","Defend_B+1","Defend_B","Defend_B","Defend_B","Zap+1","Dualcast+1","FTL","Rebound","Go for the Eyes","Electrodynamics+1","All For One","Panic Button"],"relics":["Cracked Core","NeowsBlessing","Bronze Scales","Geode"],"acts_visited":["Exordium"],"potions_floor_usage":[],"damage_taken":[{"damage":0.0,"enemies":"Cultist","floor":1.0,"turns":1.0},{"damage":0.0,"enemies":"Jaw Worm","floor":3.0,"turns":1.0},{"damage":0.0,"enemies":"Small Slimes","floor":4.0,"turns":1.0},{"damage":35.0,"enemies":"Gremlin Nob","floor":7.0,"turns":4.0},{"damage":7.0,"enemies":"Exordium Wildlife","floor":8.0,"turns":2.0},{"damage":0.0,"enemies":"Gremlin Gang","floor":14.0,"turns":3.0},{"damage":0,"enemies":"Hexaghost","floor":16,"turns":1}],"seed_played":"3157127925786043307","potions_obtained":[{"floor":3.0,"key":"LifebloodPotion"},{"floor":4.0,"key":"Strength Potion"},{"floor":14.0,"key":"Elixir"}],"is_trial":false,"path_per_floor":["M","$","M","M","$","R","E","M","T","?","R","$","?","M","R","B"],"character_chosen":"DEFECT","items_purchased":["Go for the Eyes","All For One"],"campfire_rested":1,"item_purchase_floors":[5,12],"current_hp_per_floor":[64,64,64,64,64,64,29,22,22,22,22,22,1,1,22,22,22],"gold":40,"neow_bonus":"THREE_ENEMY_KILL","is_daily":false,"chose_seed":false,"campfire_upgraded":2,"win_rate":0.0,"timestamp":1607926311,"path_taken":["M","?","M","M","$","R","E","M","T","?","R","?","?","?","R","BOSS"],"items_purchased_type":["Card","Card"],"build_version":"2020-12-13","purchased_purges":2,"victory":false,"max_hp_per_floor":[71,71,71,71,71,71,71,71,71,71,71,71,71,71,71,71,71],"card_choices":[{"not_picked":["Steam Power","Undo"],"picked":"FTL","floor":1.0},{"not_picked":["Leap","Stack"],"picked":"Rebound","floor":3.0},{"not_picked":["Rebound","BasicCrystalCard","Genetic Algorithm"],"picked":"SKIP","floor":4.0},{"not_picked":["Genetic Algorithm","ReplayGash"],"picked":"Electrodynamics","floor":7.0},{"not_picked":["Auto Shields","Hologram","Redo"],"picked":"SKIP","floor":8.0},{"not_picked":["Rebound","Meteor Strike"],"picked":"Panic Button","floor":14.0}],"player_experience":890018,"relics_obtained":[{"floor":7.0,"key":"Bronze Scales"},{"floor":9.0,"key":"Geode"}],"event_choices":[{"damage_healed":0.0,"max_hp_gain":0.0,"max_hp_loss":0.0,"gold_gain":150.0,"event_name":"Liars Game","player_choice":"AGREE","floor":10.0,"gold_loss":0.0,"damage_taken":0.0,"cards_obtained":["Doubt"]},{"damage_healed":0.0,"max_hp_gain":0.0,"max_hp_loss":0.0,"gold_gain":0.0,"event_name":"Shining Light","player_choice":"Entered Light","floor":13.0,"gold_loss":0.0,"damage_taken":21.0,"cards_upgraded":["Defend_B","Electrodynamics"]}],"is_beta":false,"boss_relics":[],"items_purged_floors":[2,12],"is_endless":false,"potions_floor_spawned":[3,4,8,14],"killed_by":"Hexaghost","ascension_level":16}}