{"host":"fqid566djxhwi0rl","time":1607946151,"event":{"mods":["2.2 Compatiblity","AchievementEnabler","Aspiration","BaseMod","Downfall","Energized Spire","Faster Ascension Climbing","GifTheSpireLib","Minty Spire (QoL Compilation)","Replay The Spire","Robot Space Explorer","StSLib","The Blackbeard","The Gatherer","Trackpad","Yuri Mod"],"gold_per_floor":[114,126,126,143,143,177,195,207,280,280,280,280],"floor_reached":11,"playtime":571,"items_purged":[],"score":150,"play_id":"18cc54a9-79f1-44c6-95dc-19a1821342b1","local_time":"20201214134231","is_ascension_mode":true,"campfire_choices":[{"floor":10,"key":"REST"}],"circlet_count":0,"master_deck":["AscendersBane","hexamod:Strike","hexamod:Strike","hexamod:Strike","hexamod:Strike","hexamod:Defend","hexamod:Defend","hexamod:Defend","hexamod:Defend","hexamod:Sear","hexamod:Float+1","hexamod:ThirdSeal","hexamod:EmpoweredFlame","TalkToTheHand","hexamod:SpectralSpark","Amnesia","hexamod:Hexaguard","hexamod:NecessarySacrifice","hexamod:Hexaguard"],"relics":["hexamod:SpiritBrand","aspiration:Nostalgia","Replay:M_StaffOfTheSnake","Ring of Hypnosis","Art of War","Eternal Feather"],"acts_visited":["Exordium"],"potions_floor_usage":[6],"damage_taken":[{"damage":4,"enemies":"2 Louse","floor":1,"turns":3},{"damage":2,"enemies":"Jaw Worm","floor":2,"turns":4},{"damage":6,"enemies":"Small Slimes","floor":4,"turns":3},{"damage":17,"enemies":"3 Sentries","floor":6,"turns":8},{"damage":11,"enemies":"Gremlin Gang","floor":7,"turns":7},{"damage":0,"enemies":"3 Louse","floor":8,"turns":3},{"damage":61,"enemies":"Gremlin Nob","floor":11,"turns":4}],"seed_played":"7033327906650557463","potions_obtained":[{"floor":1,"key":"Elixir"},{"floor":2,"key":"Reflective Coating"}],"is_trial":false,"path_per_floor":["M","M","?","M","?","E","M","M","T","R","E"],"character_chosen":"THE_SPIRIT","items_purchased":[],"campfire_rested":1,"item_purchase_floors":[],"current_hp_per_floor":[53,51,51,45,45,28,17,17,17,44,0,0],"gold":280,"neow_bonus":"NOSTALGIA","is_daily":false,"chose_seed":false,"campfire_upgraded":0,"win_rate":0.0,"timestamp":1607946151,"path_taken":["M","M","?","M","?","E","M","M","T","R","E"],"items_purchased_type":[],"build_version":"2020-12-13","purchased_purges":0,"victory":false,"max_hp_per_floor":[63,63,63,63,63,63,63,63,63,63,63,63],"card_choices":[{"not_picked":["hexamod:RadiantFlame","Flying Knee"],"picked":"hexamod:ThirdSeal","floor":1},{"not_picked":["Acrobatics","hexamod:AdvancingGuard"],"picked":"hexamod:EmpoweredFlame","floor":2},{"not_picked":["hexamod:FastForward","Acrobatics"],"picked":"TalkToTheHand","floor":2},{"not_picked":["Outmaneuver","Crescendo"],"picked":"hexamod:SpectralSpark","floor":4},{"not_picked":["Nirvana","hexamod:ExtraCrispy","SashWhip"],"picked":"SKIP","floor":4},{"not_picked":["hexamod:GhostOfSpirePresent","hexamod:HeatCrush","hexamod:ShieldOfDarkness"],"picked":"SKIP","floor":6},{"not_picked":["hexamod:GhostOfSpireFuture","Outmaneuver","JustLucky"],"picked":"SKIP","floor":6},{"not_picked":["hexamod:ShieldOfDarkness","hexamod:AdvancingGuard"],"picked":"hexamod:Hexaguard","floor":7},{"not_picked":["JustLucky","hexamod:Firestarter"],"picked":"hexamod:NecessarySacrifice","floor":7},{"not_picked":["hexamod:InspiringFlames","Vengeance"],"picked":"hexamod:Hexaguard","floor":8},{"not_picked":["ClearTheMind","hexamod:InspiringFlames","InnerPeace"],"picked":"SKIP","floor":8}],"player_experience":664708,"relics_obtained":[{"floor":5,"key":"Ring of Hypnosis"},{"floor":6,"key":"Art of War"},{"floor":9,"key":"Eternal Feather"}],"event_choices":[{"damage_healed":0,"gold_gain":0,"player_choice":"Grow","damage_taken":0,"max_hp_gain":0,"max_hp_loss":0,"event_name":"Living Wall","floor":3,"gold_loss":0,"cards_upgraded":["hexamod:Float"]}],"is_beta":false,"boss_relics":[],"items_purged_floors":[],"is_endless":false,"potions_floor_spawned":[1,2],"killed_by":"Gremlin Nob","ascension_level":20}}