{"host":"ysalv62a05e493y4","time":1607977329,"event":{"mods":["AchievementEnabler","BaseMod","BetterRewards","Colored Map","Colored Powertips","Downfall","Lobotomy","Minty Spire (QoL Compilation)","Quick Restart","StSLib"],"gold_per_floor":[99,99,113,130,157,142,142,142,142,142,152,152,167,186,196,196,196],"floor_reached":16,"playtime":694,"items_purged":[],"score":102,"play_id":"e436d8c0-e59b-4896-baea-20aca1b9cf22","local_time":"20201214212209","is_ascension_mode":false,"campfire_choices":[{"floor":1,"key":"RECALL"},{"floor":10,"key":"REST"}],"circlet_count":0,"master_deck":["hexamod:Strike","hexamod:Strike","hexamod:Strike","hexamod:Strike","hexamod:Defend","hexamod:Defend","hexamod:Defend","hexamod:Defend","hexamod:Sear","hexamod:Float","hexamod:DynamicBlow","hexamod:Hexaguard","hexamod:BurningTouch","hexamod:NecessarySacrifice","hexamod:SkipABeat","hexamod:FastForward","hexamod:NightmareStrike","hexamod:ExtraCrispy"],"relics":["hexamod:SpiritBrand","Eternal Feather","Regal Pillow","Meat on the Bone","downfall:ShatteredFragment"],"acts_visited":["Exordium"],"potions_floor_usage":[5],"damage_taken":[{"damage":4,"enemies":"2 Louse","floor":3,"turns":4},{"damage":9,"enemies":"Small Slimes","floor":4,"turns":5},{"damage":40,"enemies":"Gremlin Nob","floor":5,"turns":5},{"damage":7,"enemies":"downfall:FleeingMerchant","floor":6,"turns":4},{"damage":0,"enemies":"Jaw Worm","floor":11,"turns":3},{"damage":5,"enemies":"Large Slime","floor":13,"turns":3},{"damage":32,"enemies":"Lots of Slimes","floor":14,"turns":5},{"damage":14,"enemies":"Exordium Thugs","floor":15,"turns":3},{"damage":32,"enemies":"downfall:Defect","floor":16,"turns":5}],"seed_played":"3773188655783947705","potions_obtained":[{"floor":3,"key":"Regen Potion"}],"is_trial":false,"path_per_floor":["R","?","M","M","E","$","T","?","?","R","M","?","M","M","M","B"],"character_chosen":"THE_SPIRIT","items_purchased":[],"campfire_rested":1,"item_purchase_floors":[],"current_hp_per_floor":[77,77,73,64,33,26,26,26,5,49,49,49,44,24,22,0,0],"gold":196,"neow_bonus":"TEN_PERCENT_HP_BONUS","is_daily":false,"chose_seed":false,"campfire_upgraded":0,"win_rate":0.0,"timestamp":1607977329,"path_taken":["R","?","M","M","E","$","T","?","?","R","?","?","M","M","M","BOSS"],"items_purchased_type":[],"build_version":"2020-12-13","purchased_purges":0,"victory":false,"max_hp_per_floor":[77,77,77,77,77,77,77,77,77,77,77,77,77,77,77,77,77],"card_choices":[{"not_picked":["hexamod:SecondSeal","hexamod:NightmareGuise"],"picked":"hexamod:DynamicBlow","floor":3},{"not_picked":["hexamod:FastForward","hexamod:HauntingEcho"],"picked":"hexamod:Hexaguard","floor":4},{"not_picked":["hexamod:Firestarter","hexamod:RainOfEmbers"],"picked":"hexamod:BurningTouch","floor":5},{"not_picked":["hexamod:VolcanoVisage","hexamod:FastForward"],"picked":"hexamod:NecessarySacrifice","floor":6},{"not_picked":["hexamod:AdvancingGuard","hexamod:GhostLash"],"picked":"hexamod:SkipABeat","floor":11},{"not_picked":["hexamod:PhantomCloak","hexamod:HauntingEcho"],"picked":"hexamod:FastForward","floor":13},{"not_picked":["hexamod:RetreatToShadows","hexamod:GhostShield"],"picked":"hexamod:NightmareStrike","floor":14},{"not_picked":["hexamod:NightmareGuise","hexamod:Hexaguard"],"picked":"hexamod:ExtraCrispy","floor":15}],"player_experience":21453,"relics_obtained":[{"floor":5,"key":"Regal Pillow"},{"floor":7,"key":"Meat on the Bone"}],"event_choices":[{"damage_healed":0,"gold_gain":0,"player_choice":"Box","damage_taken":0,"relics_obtained":["Eternal Feather"],"max_hp_gain":0,"max_hp_loss":0,"event_name":"Big Fish","floor":2,"gold_loss":0,"cards_obtained":["Regret"]},{"cards_removed":["Regret"],"damage_healed":0,"gold_gain":0,"player_choice":"Forget","damage_taken":0,"max_hp_gain":0,"max_hp_loss":0,"event_name":"Living Wall","floor":8,"gold_loss":0},{"damage_healed":0,"gold_gain":0,"player_choice":"Ignored","damage_taken":0,"max_hp_gain":0,"max_hp_loss":0,"event_name":"NoteForYourself","floor":12,"gold_loss":0}],"is_beta":false,"boss_relics":[],"items_purged_floors":[],"is_endless":false,"potions_floor_spawned":[3],"killed_by":"downfall:Defect","ascension_level":0}}