{"host":"y89x8uui45kcjy42","time":1607904379,"event":{"mods":["2.2 Compatiblity","BaseMod","Colored Map","Colored Powertips","Friendly Minions","Highlight Path","Keyboard Shortcuts","Koishi","Minty Spire (QoL Compilation)","StSLib","SuperFastMode","Waifu the Spire"],"gold_per_floor":[111,127,147,107,125,125,139,139,139,154,174,174,204,220,220,316,316,332,257,257,257,276,296,307,307,334,249,249,277,49,62,62,161,161,180,200,200,200,214,214,264,264,314,189,189,189,39,50,50,50],"floor_reached":51,"playtime":2052,"items_purged":["Koishi:BasicStrike","Koishi:BasicDefend","Koishi:BasicDefend","Koishi:UnconsciousUprising"],"score":700,"play_id":"7f4af73c-52b0-4bcd-9b35-b093be940256","local_time":"20201214090619","is_ascension_mode":true,"campfire_choices":[{"data":"Koishi:StingingMind","floor":6.0,"key":"SMITH"},{"data":"Koishi:HauntingSlash","floor":8.0,"key":"SMITH"},{"data":"Koishi:RacingHeart","floor":12.0,"key":"SMITH"},{"data":"Koishi:ParalyzingFear","floor":15.0,"key":"SMITH"},{"data":"Koishi:BloodcurdlingScream","floor":25.0,"key":"SMITH"},{"data":"Koishi:UnseenTerror","floor":32,"key":"SMITH"},{"data":"Madness","floor":40,"key":"SMITH"},{"data":"Madness","floor":42,"key":"SMITH"},{"data":"Koishi:MentalBreakdown","floor":46,"key":"SMITH"},{"data":"Koishi:PredatoryInstincts","floor":49,"key":"SMITH"}],"circlet_count":0,"master_deck":["Koishi:BasicStrike","Koishi:Provoke+1","Koishi:HauntingSlash+1","Koishi:RacingHeart+1","Koishi:ParalyzingFear+1","Koishi:StingingMind+1","Koishi:YoukaiPolygraph","Koishi:PerfectMindControl+1","Koishi:BloodcurdlingScream+1","Koishi:UnseenTerror+1","Koishi:MentalBreakdown+1","Madness+1","Madness+1","Koishi:PredatoryInstincts+1"],"relics":["Koishi:ImaginaryFriend","White Beast Statue","Pocketwatch","Empty Cage","StrikeDummy","War Paint","Koishi:AHoleWhereASisterShouldBe","Matryoshka","Busted Crown","Incense Burner","Blood Vial","Orichalcum"],"acts_visited":["Exordium","TheCity","TheBeyond"],"potions_floor_usage":[33,33,33,50,50,50],"damage_taken":[{"damage":5.0,"enemies":"2 Louse","floor":1.0,"turns":2.0},{"damage":0.0,"enemies":"Cultist","floor":2.0,"turns":3.0},{"damage":4.0,"enemies":"Small Slimes","floor":3.0,"turns":3.0},{"damage":7.0,"enemies":"Looter","floor":5.0,"turns":3.0},{"damage":8.0,"enemies":"Red Slaver","floor":7.0,"turns":3.0},{"damage":0.0,"enemies":"2 Fungi Beasts","floor":10.0,"turns":3.0},{"damage":18.0,"enemies":"3 Louse","floor":11.0,"turns":5.0},{"damage":21.0,"enemies":"Lagavulin","floor":13.0,"turns":6.0},{"damage":4.0,"enemies":"Blue Slaver","floor":14.0,"turns":2.0},{"damage":27.0,"enemies":"Slime Boss","floor":16.0,"turns":8.0},{"damage":16.0,"enemies":"3 Byrds","floor":18.0,"turns":6.0},{"damage":2.0,"enemies":"Chosen","floor":22.0,"turns":4.0},{"damage":6.0,"enemies":"Snecko","floor":23.0,"turns":4.0},{"damage":12.0,"enemies":"Snake Plant","floor":24.0,"turns":4.0},{"damage":18,"enemies":"Gremlin Leader","floor":29,"turns":4},{"damage":0,"enemies":"Shelled Parasite and Fungi","floor":31,"turns":4},{"damage":49,"enemies":"Collector","floor":33,"turns":11},{"damage":16,"enemies":"3 Darklings","floor":35,"turns":5},{"damage":13,"enemies":"Orb Walker","floor":36,"turns":3},{"damage":0,"enemies":"Transient","floor":39,"turns":5},{"damage":0,"enemies":"Mind Bloom Boss Battle","floor":41,"turns":5},{"damage":18,"enemies":"Sphere and 2 Shapes","floor":48,"turns":3},{"damage":12,"enemies":"Awakened One","floor":50,"turns":5}],"seed_played":"1083803555964091648","potions_obtained":[{"floor":2.0,"key":"Explosive Potion"},{"floor":4.0,"key":"Weak Potion"},{"floor":4.0,"key":"FairyPotion"},{"floor":7.0,"key":"CultistPotion"},{"floor":10.0,"key":"Regen Potion"},{"floor":13.0,"key":"DuplicationPotion"},{"floor":14.0,"key":"EntropicBrew"},{"floor":16.0,"key":"Dexterity Potion"},{"floor":22.0,"key":"SteroidPotion"},{"floor":35,"key":"FearPotion"},{"floor":39,"key":"LiquidMemories"}],"is_trial":false,"path_per_floor":["M","M","M","?","M","R","M","R","T","M","M","R","E","M","R","B",null,"M","$","?","?","M","M","M","R","T","?","?","E","$","M","R","B",null,"M","M","?","?","M","R","?","R","T","$","?","R","$","M","R","B",null],"character_chosen":"KOISHI","items_purchased":["Koishi:UnconsciousUprising","Koishi:UnseenTerror"],"campfire_rested":0,"item_purchase_floors":[30,30],"current_hp_per_floor":[55,56,57,57,55,55,54,54,54,56,42,42,53,58,58,31,60,60,60,60,60,60,58,52,52,52,52,52,46,46,54,54,35,60,46,44,36,36,58,58,60,60,60,60,60,60,60,42,42,60],"gold":50,"neow_bonus":"TRANSFORM_CARD","is_daily":false,"chose_seed":false,"campfire_upgraded":10,"win_rate":0.0,"timestamp":1607904379,"path_taken":["M","M","M","?","M","R","M","R","T","M","M","R","E","?","R","BOSS","M","$","?","?","?","M","M","R","T","?","?","E","$","M","R","BOSS","M","M","?","?","?","R","?","R","T","$","?","R","$","M","R","BOSS"],"items_purchased_type":["Card","Card"],"build_version":"2020-12-13","purchased_purges":4,"victory":true,"max_hp_per_floor":[60,60,60,60,60,60,60,60,60,60,60,60,60,60,60,60,60,60,60,60,60,60,60,60,60,60,60,60,60,60,60,60,60,60,60,60,60,60,60,60,60,60,60,60,60,60,60,60,60,60],"card_choices":[{"not_picked":["Koishi:CatchAndRose","Koishi:FleetingPhantom"],"picked":"Koishi:ParalyzingFear","floor":1.0},{"not_picked":["Koishi:LastRemote","Koishi:DreadfulBlow"],"picked":"Koishi:StingingMind","floor":2.0},{"not_picked":["Koishi:PhantomStrike","Koishi:TraumaticStroke","Koishi:EmbryosDream"],"picked":"SKIP","floor":3.0},{"not_picked":["Koishi:Whimsy","Koishi:PhilosophyOfTheDespised","Koishi:Bloodlust"],"picked":"SKIP","floor":5.0},{"not_picked":["Koishi:SpiritedAway","Koishi:CatchAndRose","Koishi:EmbryosDream"],"picked":"SKIP","floor":7.0},{"not_picked":["Koishi:GhostParty","Koishi:PhantomStrike","Koishi:SubconsciousSweep"],"picked":"SKIP","floor":10.0},{"not_picked":["Koishi:PhantomStrike","Koishi:MassHysteria","Koishi:Whimsy"],"picked":"SKIP","floor":11.0},{"not_picked":["Koishi:StingingMind","Koishi:Untouchable"],"picked":"Koishi:YoukaiPolygraph","floor":13.0},{"not_picked":["Koishi:Heartbroken","Koishi:MassHysteria","Koishi:UnconsciousUrges"],"picked":"SKIP","floor":14.0},{"not_picked":["Koishi:RollingInRichesHeart","Koishi:GrowingPain"],"picked":"Koishi:PerfectMindControl","floor":16.0},{"not_picked":["Koishi:SprinkleStarAndHeart","Koishi:UnconsciousUprising+1","Koishi:SubconsciousSweep"],"picked":"SKIP","floor":18.0},{"not_picked":["Koishi:EmbersOfLove","Koishi:RacingHeart","Koishi:UnconsciousUprising"],"picked":"SKIP","floor":22.0},{"not_picked":["Koishi:SprinkleStarAndHeart","Koishi:StingingMind","Koishi:ReleaseOfTheId"],"picked":"SKIP","floor":23.0},{"not_picked":["Koishi:ApparitionsStalkTheNight","Koishi:EmbryosDream","Koishi:Jaunt"],"picked":"SKIP","floor":24.0},{"not_picked":["Koishi:HeartfeltFancy","Koishi:FormlessExistence","Koishi:RacingHeart+1"],"picked":"SKIP","floor":29},{"not_picked":["Koishi:UnansweredLove+1","Koishi:IdleWhim","Koishi:SpiritedAway+1"],"picked":"SKIP","floor":31},{"not_picked":["Koishi:SuperEgo","Koishi:ConfinedInnocent"],"picked":"Koishi:MentalBreakdown","floor":33},{"not_picked":["Koishi:SpiritedAway+1"],"picked":"SKIP","floor":35},{"not_picked":["Koishi:RorschachInDanmaku"],"picked":"SKIP","floor":36},{"not_picked":["Koishi:DreadfulBlow+1"],"picked":"SKIP","floor":39},{"not_picked":[],"picked":"Koishi:PredatoryInstincts","floor":48}],"player_experience":490734,"relics_obtained":[{"floor":9.0,"key":"White Beast Statue"},{"floor":13.0,"key":"Pocketwatch"},{"floor":26.0,"key":"War Paint"},{"floor":29,"key":"Matryoshka"},{"floor":41,"key":"Incense Burner"},{"floor":43,"key":"Blood Vial"},{"floor":43,"key":"Orichalcum"}],"event_choices":[{"damage_healed":0.0,"max_hp_gain":0.0,"max_hp_loss":0.0,"gold_gain":0.0,"event_name":"The Woman in Blue","player_choice":"Bought 3 Potions","floor":4.0,"gold_loss":0.0,"damage_taken":0.0},{"damage_healed":0.0,"max_hp_gain":0.0,"max_hp_loss":0.0,"gold_gain":0.0,"event_name":"The Library","player_choice":"Read","floor":20.0,"gold_loss":0.0,"damage_taken":0.0,"cards_obtained":["Koishi:BloodcurdlingScream"]},{"damage_healed":0.0,"max_hp_gain":0.0,"max_hp_loss":0.0,"gold_gain":0.0,"event_name":"WeMeetAgain","player_choice":"Gave Potion","floor":21.0,"gold_loss":0.0,"damage_taken":0.0,"relics_obtained":["StrikeDummy"]},{"damage_healed":0.0,"max_hp_gain":0.0,"max_hp_loss":0.0,"gold_gain":0.0,"event_name":"Addict","player_choice":"Obtained Relic","floor":27.0,"gold_loss":85.0,"damage_taken":0.0,"relics_obtained":["Koishi:AHoleWhereASisterShouldBe"]},{"damage_healed":0.0,"max_hp_gain":0.0,"max_hp_loss":0.0,"gold_gain":0.0,"event_name":"Vampires","player_choice":"Ignored","floor":28.0,"gold_loss":0.0,"damage_taken":0.0},{"damage_healed":0,"gold_gain":0,"player_choice":"Embrace Madness","damage_taken":8,"max_hp_gain":0,"max_hp_loss":0,"event_name":"Winding Halls","floor":37,"gold_loss":0,"cards_obtained":["Madness","Madness"]},{"damage_healed":0,"gold_gain":0,"player_choice":"Ignored","damage_taken":0,"max_hp_gain":0,"max_hp_loss":0,"event_name":"SecretPortal","floor":38,"gold_loss":0},{"damage_healed":0,"gold_gain":0,"player_choice":"Fight","damage_taken":0,"max_hp_gain":0,"max_hp_loss":0,"event_name":"MindBloom","floor":41,"gold_loss":0},{"cards_removed":["Koishi:BasicDefend"],"damage_healed":0,"gold_gain":0,"player_choice":"Removed Skill","damage_taken":0,"max_hp_gain":0,"max_hp_loss":0,"event_name":"Falling","floor":45,"gold_loss":0}],"is_beta":false,"boss_relics":[{"not_picked":["Calling Bell","Sozu"],"picked":"Empty Cage"},{"not_picked":["Astrolabe","Velvet Choker"],"picked":"Busted Crown"}],"items_purged_floors":[19,30,44,47],"is_endless":false,"potions_floor_spawned":[2,7,10,11,13,14,16,18,22,23,24,29,31,33,35,36,39,41,48],"ascension_level":1}}