{"host":"jt62yzdgnrkmwwqv","time":1607941028,"event":{"mods":["AchievementEnabler","BaseMod","CapriCore","Colored Map","Colored Powertips","GungeonMod","Lobotomy","LobotomyExtend","Minty Spire (QoL Compilation)","StSLib","SuperFastMode","The Animator","The Construct","The Immortal"],"gold_per_floor":[112,125,2,2,2,33,33,46,46,65,76,76,93,125,125,225,225,242,341,355,371,371,399,399,399,399,417,448,478,79,89,89,185,235,251,266,72,84,84,84,84,84],"floor_reached":41,"playtime":1389,"items_purged":["Strike_R","True Grit"],"score":445,"play_id":"57ccfdbc-cf08-48f2-8ef9-aa3dd2584669","local_time":"20201214191708","is_ascension_mode":false,"campfire_choices":[{"data":"Shrug It Off","floor":7,"key":"SMITH"},{"data":"Demon Form","floor":15,"key":"SMITH"},{"data":"Offering","floor":25,"key":"SMITH"},{"floor":32,"key":"REST"},{"floor":40,"key":"REST"}],"circlet_count":0,"master_deck":["Strike_R","Strike_R","Strike_R","Strike_R","Defend_R","Defend_R+1","Defend_R","Defend_R","Bash","Flame Barrier+1","Cleave","Shrug It Off+1","Hemokinesis","Shrug It Off","Headbutt+1","Demon Form+1","Seeing Red","Offering+1","Body Slam+1","Sword Boomerang+1","Heavy Blade+1","Entrench+1","Rupture","Spot Weakness","Barricade+1","Sentinel+1","True Grit","Master of Strategy","True Grit+1"],"relics":["Burning Blood","Omamori","LetterFromLob","DemoMod:MonsterBlood","Molten Egg 2","PreservedInsect","Cursed Key","MagicBullet_r","Toy Ornithopter","Gremlin Horn","MawBank","Frozen Egg 2","Tiny House"],"acts_visited":["Exordium","TheCity","TheBeyond"],"potions_floor_usage":[16,16,33,33,35],"damage_taken":[{"damage":0,"enemies":"Cultist","floor":1,"turns":4},{"damage":7,"enemies":"2 Louse","floor":2,"turns":3},{"damage":49,"enemies":"3 Sentries","floor":6,"turns":10},{"damage":1,"enemies":"Jaw Worm","floor":8,"turns":4},{"damage":5,"enemies":"3 Louse","floor":10,"turns":4},{"damage":2,"enemies":"2 Fungi Beasts","floor":11,"turns":4},{"damage":0,"enemies":"Lots of Slimes","floor":13,"turns":2},{"damage":30,"enemies":"Gremlin Nob","floor":14,"turns":4},{"damage":24,"enemies":"The Guardian","floor":16,"turns":9},{"damage":11,"enemies":"Shell Parasite","floor":18,"turns":5},{"damage":21,"enemies":"Spheric Guardian","floor":20,"turns":4},{"damage":2,"enemies":"Snecko","floor":21,"turns":4},{"damage":25,"enemies":"Slavers","floor":23,"turns":3},{"damage":22,"enemies":"Cultist and Chosen","floor":27,"turns":6},{"damage":11,"enemies":"Book of Stabbing","floor":28,"turns":3},{"damage":23,"enemies":"Centurion and Healer","floor":29,"turns":4},{"damage":0,"enemies":"Snake Plant","floor":31,"turns":2},{"damage":33,"enemies":"Automaton","floor":33,"turns":7},{"damage":62,"enemies":"3 Shapes","floor":35,"turns":5},{"damage":14,"enemies":"3 Darklings","floor":36,"turns":7},{"damage":6,"enemies":"Spire Growth","floor":38,"turns":6},{"damage":90,"enemies":"Transient","floor":41,"turns":5}],"seed_played":"-818934282447436680","potions_obtained":[{"floor":8,"key":"DemoMod:BlankPotion"},{"floor":10,"key":"FearPotion"},{"floor":13,"key":"Explosive Potion"},{"floor":14,"key":"DuplicationPotion"},{"floor":20,"key":"DemoMod:BlankPotion"},{"floor":21,"key":"ElixirPotion"},{"floor":33,"key":"AttackPotion"},{"floor":34,"key":"Dexterity Potion"},{"floor":36,"key":"BlessingOfTheForge"},{"floor":38,"key":"EssenceOfSteel"}],"is_trial":false,"path_per_floor":["M","M","$","?","?","E","R","M","T","M","M","$","M","E","R","B",null,"M","?","M","M","M","E","?","R","T","M","E","M","$","M","R","B",null,"M","M","$","M","?","R","M"],"character_chosen":"IRONCLAD","items_purchased":["True Grit","Rupture","Frozen Egg 2","Master of Strategy"],"campfire_rested":2,"item_purchase_floors":[3,30,30,37],"current_hp_per_floor":[80,79,79,79,80,44,44,49,49,50,54,54,60,36,36,18,87,82,82,67,71,71,52,52,52,52,36,31,14,14,20,46,29,92,41,33,33,33,33,60,0,0],"gold":84,"neow_bonus":"RANDOM_COMMON_RELIC","is_daily":false,"chose_seed":false,"campfire_upgraded":3,"win_rate":0.0,"timestamp":1607941028,"path_taken":["M","M","$","?","?","E","R","M","T","M","M","?","M","E","R","BOSS","M","?","M","M","M","E","?","R","T","?","E","M","$","M","R","BOSS","M","M","$","M","?","R","M"],"items_purchased_type":["Card","Card","Relic","Card"],"build_version":"2020-12-13","purchased_purges":2,"victory":false,"max_hp_per_floor":[80,80,80,80,80,87,87,87,87,87,87,87,87,87,87,87,87,87,87,87,87,87,87,87,87,87,87,87,87,87,87,87,87,92,92,92,92,92,92,92,92,92],"card_choices":[{"not_picked":["Warcry","Iron Wave"],"picked":"Flame Barrier","floor":1},{"not_picked":["Rage","Burning Pact"],"picked":"Cleave","floor":2},{"not_picked":["Dual Wield","Perfected Strike"],"picked":"Shrug It Off","floor":6},{"not_picked":["Spot Weakness","Clothesline"],"picked":"Hemokinesis","floor":8},{"not_picked":["Clash+1","Combust"],"picked":"Shrug It Off","floor":10},{"not_picked":["Clothesline+1","Carnage+1"],"picked":"Headbutt+1","floor":11},{"not_picked":["Warcry","Uppercut+1"],"picked":"Demon Form","floor":13},{"not_picked":["True Grit","Wild Strike+1"],"picked":"Seeing Red","floor":14},{"not_picked":["Juggernaut","Berserk"],"picked":"Offering","floor":16},{"not_picked":["True Grit","Iron Wave+1"],"picked":"Body Slam+1","floor":18},{"not_picked":["Fire Breathing","Cleave+1"],"picked":"Sword Boomerang+1","floor":20},{"not_picked":["Thunderclap+1","Flame Barrier","Iron Wave+1"],"picked":"SKIP","floor":21},{"not_picked":["Dual Wield","Reckless Charge+1"],"picked":"Heavy Blade+1","floor":23},{"not_picked":["Shrug It Off","Brutality","Headbutt+1"],"picked":"SKIP","floor":27},{"not_picked":["Anger+1","Cleave+1"],"picked":"Entrench+1","floor":28},{"not_picked":["Dark Embrace","Warcry","Flame Barrier"],"picked":"SKIP","floor":29},{"not_picked":["Wild Strike+1","Sever Soul+1"],"picked":"Spot Weakness","floor":31},{"not_picked":["Fiend Fire+1","Juggernaut+1"],"picked":"Barricade+1","floor":33},{"not_picked":["Flame Barrier","Headbutt+1"],"picked":"Sentinel+1","floor":34},{"not_picked":["Dropkick+1","Headbutt+1"],"picked":"True Grit","floor":35},{"not_picked":["Infernal Blade","Headbutt+1","Pummel+1"],"picked":"SKIP","floor":36},{"not_picked":["Rupture+1","Dual Wield+1"],"picked":"True Grit+1","floor":38}],"player_experience":216625,"relics_obtained":[{"floor":1,"key":"LetterFromLob"},{"floor":6,"key":"DemoMod:MonsterBlood"},{"floor":9,"key":"Molten Egg 2"},{"floor":14,"key":"PreservedInsect"},{"floor":23,"key":"Toy Ornithopter"},{"floor":26,"key":"Gremlin Horn"},{"floor":28,"key":"MawBank"}],"event_choices":[{"damage_healed":0,"gold_gain":0,"player_choice":"Grow","damage_taken":0,"max_hp_gain":0,"max_hp_loss":0,"event_name":"Living Wall","floor":4,"gold_loss":0,"cards_upgraded":["Flame Barrier"]},{"damage_healed":0,"gold_gain":99,"player_choice":"Stole From Cult","damage_taken":0,"max_hp_gain":0,"max_hp_loss":0,"event_name":"Nest","floor":19,"gold_loss":0},{"damage_healed":0,"gold_gain":0,"player_choice":"Ignored","damage_taken":0,"max_hp_gain":0,"max_hp_loss":0,"event_name":"NoteForYourself","floor":24,"gold_loss":0},{"damage_healed":0,"gold_gain":0,"player_choice":"Ignored","damage_taken":0,"max_hp_gain":0,"max_hp_loss":0,"event_name":"The Moai Head","floor":39,"gold_loss":0}],"is_beta":false,"boss_relics":[{"not_picked":["Runic Pyramid","Runic Cube"],"picked":"Cursed Key"},{"not_picked":["SlaversCollar","Velvet Choker"],"picked":"Tiny House"}],"items_purged_floors":[3,30],"is_endless":false,"potions_floor_spawned":[8,10,13,14,20,21,31,33,36,38],"killed_by":"Transient","ascension_level":0}}