{"host":"og6lam4kt3nibbw0","time":1607924897,"event":{"mods":["AchievementEnabler","BaseMod","Colored Map","DeckTracker","Highlight Path","Keyboard Shortcuts","Minty Spire (QoL Compilation)","Permanent Neow","Quick Restart","StSLib","SuperFastMode"],"gold_per_floor":[110,124,143,68,80,100,100,100,100],"floor_reached":8,"playtime":364,"items_purged":["Strike_G"],"score":100,"play_id":"b5aa8b5f-c1c0-47e7-a75d-cbcaa5db35ec","local_time":"20201214144817","is_ascension_mode":true,"campfire_choices":[{"floor":7,"key":"REST"}],"circlet_count":0,"master_deck":["AscendersBane","Strike_G","Strike_G","Strike_G","Strike_G","Defend_G","Defend_G","Defend_G","Defend_G","Defend_G","Survivor","Neutralize","Grand Finale","Tactician","Quick Slash","Prepared"],"relics":["Ring of the Snake"],"acts_visited":["Exordium"],"potions_floor_usage":[5],"damage_taken":[{"damage":20,"enemies":"Cultist","floor":1,"turns":7},{"damage":2,"enemies":"Jaw Worm","floor":2,"turns":7},{"damage":7,"enemies":"2 Louse","floor":3,"turns":3},{"damage":10,"enemies":"Large Slime","floor":5,"turns":7},{"damage":18,"enemies":"Red Slaver","floor":6,"turns":7},{"damage":0,"enemies":"Gremlin Nob","floor":8,"turns":1}],"seed_played":"-6044612203299749677","potions_obtained":[{"floor":2,"key":"Fire Potion"},{"floor":3,"key":"Explosive Potion"}],"is_trial":false,"path_per_floor":["M","M","M","$","M","M","R","E"],"character_chosen":"THE_SILENT","items_purchased":[],"campfire_rested":1,"item_purchase_floors":[],"current_hp_per_floor":[39,37,30,30,20,2,20,20,20],"gold":100,"neow_bonus":"THREE_RARE_CARDS","is_daily":false,"chose_seed":false,"campfire_upgraded":0,"win_rate":0.0,"timestamp":1607924897,"path_taken":["M","M","M","$","M","M","R","E"],"items_purchased_type":[],"build_version":"2020-12-13","purchased_purges":1,"victory":false,"max_hp_per_floor":[60,60,60,60,60,60,60,60,60],"card_choices":[{"not_picked":["Bullet Time","Phantasmal Killer"],"picked":"Grand Finale","floor":0},{"not_picked":["Dodge and Roll","Bouncing Flask","Infinite Blades"],"picked":"SKIP","floor":1},{"not_picked":["Catalyst","Slice","PiercingWail"],"picked":"SKIP","floor":2},{"not_picked":["Predator","Cloak And Dagger"],"picked":"Tactician","floor":3},{"not_picked":["Cloak And Dagger","Blade Dance"],"picked":"Quick Slash","floor":5},{"not_picked":["Cloak And Dagger","Underhanded Strike"],"picked":"Prepared","floor":6}],"player_experience":742416,"relics_obtained":[],"event_choices":[],"is_beta":false,"boss_relics":[],"items_purged_floors":[4],"is_endless":false,"potions_floor_spawned":[2,3],"killed_by":"Gremlin Nob","ascension_level":20}}