{"host":"svwqvw2il1zfkkg0","time":1607921840,"event":{"mods":["AchievementEnabler","BaseMod","BetterRewards","Colored Map","Colored Powertips","Custom Start","Downfall","GifTheSpireLib","Highlight Path","Hubris","Infinite Spire","Minty Spire (QoL Compilation)","Quick Restart","Replay The Spire","Shop Mod","StSLib","SuperFastMode"],"gold_per_floor":[109,128,145,155,171,171,187,187,212,17,17,75,107,5,5,113,113,149,149,191,71,105,105,148,148,148,148,248,248,306,324,324],"floor_reached":31,"playtime":1222,"items_purged":[],"score":257,"play_id":"9e8431e7-a560-478f-afc4-1941b7e6dd98","local_time":"20201213205720","is_ascension_mode":false,"campfire_choices":[{"floor":6,"key":"REST"},{"data":"Sucker Punch","floor":8,"key":"SMITH"},{"data":"Cloak And Dagger","floor":11,"key":"SMITH"},{"floor":15,"key":"REST"},{"floor":23,"key":"REST"},{"floor":25,"key":"REST"},{"floor":29,"key":"REST"}],"circlet_count":0,"master_deck":["Strike_G","Strike_G","Strike_G","Strike_G","Strike_G","Defend_G","Defend_G","Defend_G","Defend_G","Defend_G","Survivor","Neutralize","Sucker Punch+1","Dash","Choke","Prepared","Hidden Blade","Riddle With Holes","Cloak And Dagger+1","Accuracy","Flying Knee","Cloak And Dagger","Bullet Time","expansioncontent:DefensiveMode","Neutralize","Infinite Blades","hubris:Rewind+1","Dagger Spray+1"],"relics":["Ring of the Snake","Basket Of Snakes","Replay:Bandana","Omamori","Nunchaku","hubris:Stopwatch","Toxic Egg 2","SlaversCollar","Blood Vial","Orichalcum"],"acts_visited":["Exordium","TheCity"],"potions_floor_usage":[4,12,16,22,22,24],"damage_taken":[{"damage":0,"enemies":"Cultist","floor":1,"turns":3},{"damage":0,"enemies":"Small Slimes","floor":2,"turns":3},{"damage":2,"enemies":"2 Louse","floor":3,"turns":3},{"damage":11,"enemies":"Exordium Thugs","floor":4,"turns":8},{"damage":12,"enemies":"Lots of Slimes","floor":5,"turns":7},{"damage":2,"enemies":"3 Louse","floor":7,"turns":4},{"damage":11,"enemies":"Replay:BlueRogue","floor":12,"turns":4},{"damage":5,"enemies":"Looter","floor":13,"turns":3},{"damage":40,"enemies":"The Guardian","floor":16,"turns":13},{"damage":34,"enemies":"Spheric Guardian","floor":18,"turns":6},{"damage":15,"enemies":"3 Byrds","floor":20,"turns":6},{"damage":0,"enemies":"Sentry and Sphere","floor":22,"turns":1},{"damage":21,"enemies":"Snecko","floor":24,"turns":5},{"damage":41,"enemies":"Nightmare","floor":30,"turns":8},{"damage":13,"enemies":"Snake Plant","floor":31,"turns":4}],"seed_played":"1291952076493126667","potions_obtained":[{"floor":3,"key":"Block Potion"},{"floor":4,"key":"Poison Potion"},{"floor":7,"key":"Venom Potion"},{"floor":16,"key":"SteroidPotion"},{"floor":22,"key":"SkillPotion"}],"is_trial":false,"path_per_floor":["M","M","M","M","M","R","M","R","T","$","R","E","M","$","R","B",null,"M","?","M","$","M","R","M","R","T","AVR","?","R","NM","M"],"character_chosen":"THE_SILENT","items_purchased":["Cloak And Dagger","Omamori","Cloak And Dagger","AttackPotion","Infinite Blades","BlessingOfTheForge"],"campfire_rested":5,"item_purchase_floors":[10,10,14,14,21,21],"current_hp_per_floor":[63,63,61,50,38,56,54,54,54,54,54,43,38,38,56,16,63,29,29,14,14,14,32,11,29,29,29,29,47,8,0,0],"gold":324,"neow_bonus":"ONE_RARE_RELIC","is_daily":false,"chose_seed":false,"campfire_upgraded":2,"win_rate":0.0,"timestamp":1607921840,"path_taken":["M","M","M","M","M","R","M","R","T","?","R","E","M","$","R","BOSS","M","?","?","$","M","R","M","R","T","AVR","?","R","NM","M"],"items_purchased_type":["Card","Relic","Card","Potion","Card","Potion"],"build_version":"2020-12-13","purchased_purges":0,"victory":false,"max_hp_per_floor":[63,63,63,63,63,63,63,63,63,63,63,63,63,63,63,63,63,63,63,63,63,63,63,63,63,63,63,63,63,63,63,63],"card_choices":[{"not_picked":["Poisoned Stab","Choke"],"picked":"Sucker Punch","floor":1},{"not_picked":["Backflip","Underhanded Strike"],"picked":"Dash","floor":2},{"not_picked":["Prepared","Blur"],"picked":"Choke","floor":3},{"not_picked":["Dodge and Roll","Dagger Throw"],"picked":"Prepared","floor":4},{"not_picked":["Deadly Poison","Bane"],"picked":"Hidden Blade","floor":5},{"not_picked":["Slice","Underhanded Strike"],"picked":"Riddle With Holes","floor":7},{"not_picked":["Bouncing Flask","PiercingWail"],"picked":"Accuracy","floor":12},{"not_picked":["Well Laid Plans","ReplayTheSpireMod:Shiv Toss"],"picked":"Flying Knee","floor":13},{"not_picked":["After Image","A Thousand Cuts"],"picked":"Bullet Time","floor":16},{"not_picked":["Reflex","Acrobatics","Bouncing Flask"],"picked":"SKIP","floor":18},{"not_picked":["Backflip","Terror","Eviscerate"],"picked":"SKIP","floor":20},{"not_picked":["PiercingWail","Footwork","Acrobatics+1"],"picked":"SKIP","floor":22},{"not_picked":["Slice","Toxin Wave","Flechettes"],"picked":"SKIP","floor":24},{"not_picked":["ReplayTheSpireMod:??????????????????????","ReplayTheSpireMod:Haul"],"picked":"hubris:Rewind","floor":30},{"not_picked":["Prepared+1","Calculated Gamble+1"],"picked":"Dagger Spray+1","floor":30}],"player_experience":369149,"relics_obtained":[{"floor":9,"key":"Replay:Bandana"},{"floor":12,"key":"Nunchaku"},{"floor":26,"key":"Toxic Egg 2"},{"floor":30,"key":"Orichalcum"}],"event_choices":[{"damage_healed":0,"gold_gain":0,"player_choice":"2 cards matched","damage_taken":0,"max_hp_gain":0,"max_hp_loss":0,"event_name":"Match and Keep!","floor":19,"gold_loss":0,"cards_obtained":["expansioncontent:DefensiveMode","Neutralize"]},{"damage_healed":0,"gold_gain":100,"player_choice":"Pray","damage_taken":0,"max_hp_gain":0,"max_hp_loss":0,"event_name":"Golden Shrine","floor":28,"gold_loss":0}],"is_beta":false,"boss_relics":[{"not_picked":["Fusion Hammer","Coffee Dripper"],"picked":"hubris:Stopwatch"}],"items_purged_floors":[],"is_endless":false,"potions_floor_spawned":[3,4,7,16,22],"killed_by":"Snake Plant","ascension_level":0}}