{"host":"cxizwatl5v7zq6a5","time":1607924223,"event":{"mods":["AchievementEnabler","Act Like it!","BaseMod","Colored Map","Colored Powertips","Downfall","Friendly Minions","Gensokyo","Hermit","HololiveMod","Hubris","Infinite Spire","Marisa????????","Minty Spire (QoL Compilation)","Quick Restart","READ ME - Guardian Mod","Rare Cards Sparkle","Remilia??????","Replay The Spire","StSLib","The Cursed","The Jungle","The Servant 0.9.4"],"gold_per_floor":[110,110,110,110,128,128,162,176,229,243,275,292,292,310,310,415,415,432,432,18,29,39,66,66,66],"floor_reached":24,"playtime":850,"items_purged":[],"score":266,"play_id":"2883a9bf-b9ac-4d65-8d82-f556fa951415","local_time":"20201214133703","is_ascension_mode":true,"campfire_choices":[{"data":"Anger","floor":6,"key":"SMITH"},{"floor":13,"key":"REST"},{"data":"Double Tap","floor":15,"key":"SMITH"}],"circlet_count":0,"master_deck":["Strike_R","Strike_R","Strike_R","Strike_R","Strike_R","Defend_R","Defend_R","Defend_R","Defend_R","Bash","Sever Soul","Anger+1","Double Tap+1","Flex","Inflame","Run Through","Pommel Strike","Wild Strike","Feed","Inflame+1","Metallicize","Warcry","Flex","Shockwave+1"],"relics":["Burning Blood","NeowsBlessing","hubris:TenFootPole","Centennial Puzzle","Boot","White Beast Statue","Black Star","Vajra","Self Forming Clay","Paper Frog","infinitespire:Lychee Nut"],"acts_visited":["Exordium","TheCity"],"potions_floor_usage":[22,22],"damage_taken":[{"damage":0,"enemies":"2 Louse","floor":1,"turns":1},{"damage":0,"enemies":"Small Slimes","floor":5,"turns":1},{"damage":0,"enemies":"Gremlin Nob","floor":7,"turns":1},{"damage":0,"enemies":"Cultist","floor":8,"turns":3},{"damage":4,"enemies":"Blue Slaver","floor":10,"turns":4},{"damage":30,"enemies":"3 Sentries","floor":11,"turns":8},{"damage":18,"enemies":"3 Louse","floor":12,"turns":2},{"damage":0,"enemies":"2 Fungi Beasts","floor":14,"turns":2},{"damage":70,"enemies":"The Guardian","floor":16,"turns":7},{"damage":10,"enemies":"Chosen","floor":18,"turns":4},{"damage":10,"enemies":"Spheric Guardian","floor":21,"turns":3},{"damage":34,"enemies":"Shelled Parasite and Fungi","floor":22,"turns":6},{"damage":31,"enemies":"Replay:Snechameleon","floor":23,"turns":5},{"damage":21,"enemies":"Snake Plant","floor":24,"turns":2}],"seed_played":"2106820375273412181","potions_obtained":[{"floor":4,"key":"LifebloodPotion"},{"floor":4,"key":"champ:CounterPotion"},{"floor":4,"key":"Venom Potion"},{"floor":22,"key":"sneckomod:MuddlingPotion"},{"floor":23,"key":"Ancient Potion"}],"is_trial":false,"path_per_floor":["M","?","?","?","M","R","E","M","T","M","E","M","R","M","R","B",null,"M","?","$","M","M","E","M"],"character_chosen":"IRONCLAD","items_purchased":["Vajra","Self Forming Clay"],"campfire_rested":1,"item_purchase_floors":[20,20],"current_hp_per_floor":[80,80,80,80,80,80,80,80,80,80,56,44,68,74,74,10,80,76,76,76,72,47,22,4,4],"gold":66,"neow_bonus":"THREE_ENEMY_KILL","is_daily":false,"chose_seed":false,"campfire_upgraded":2,"win_rate":0.0,"timestamp":1607924223,"path_taken":["M","?","?","?","?","R","E","M","T","M","E","M","R","M","R","BOSS","M","?","$","M","M","E","M"],"items_purchased_type":["Relic","Relic"],"build_version":"2020-12-13","purchased_purges":0,"victory":false,"max_hp_per_floor":[80,80,80,80,80,80,80,80,80,80,80,80,80,80,80,80,80,80,80,80,80,83,62,62,62],"card_choices":[{"not_picked":["Clash","Run Through"],"picked":"Sever Soul","floor":1},{"not_picked":["Life Link","Pommel Strike"],"picked":"Anger","floor":5},{"not_picked":["Life Link","Combust"],"picked":"Double Tap","floor":7},{"not_picked":["Sword Boomerang","Heavy Blade"],"picked":"Flex","floor":8},{"not_picked":["Entrench","ReplayTheSpireMod:Corrosion Curse"],"picked":"Inflame","floor":10},{"not_picked":["Replay:Undeath\u0027s Touch","ReplayTheSpireMod:Muscle Training"],"picked":"Run Through","floor":11},{"not_picked":["Sword Boomerang","ReplayTheSpireMod:Corrosion Curse"],"picked":"Pommel Strike","floor":12},{"not_picked":["Sword Boomerang","Twin Strike"],"picked":"Wild Strike","floor":14},{"not_picked":["Offering","Eclipse"],"picked":"Feed","floor":16},{"not_picked":["Wild Strike","Shockwave"],"picked":"Inflame+1","floor":18},{"not_picked":["Havoc","hubris:ReadiedAction+1"],"picked":"Warcry","floor":21},{"not_picked":["Dark Embrace","Body Slam+1"],"picked":"Flex","floor":22},{"not_picked":["Sword Boomerang","Anger"],"picked":"Shockwave+1","floor":23}],"player_experience":106696,"relics_obtained":[{"floor":3,"key":"hubris:TenFootPole"},{"floor":7,"key":"Centennial Puzzle"},{"floor":9,"key":"Boot"},{"floor":11,"key":"White Beast Statue"},{"floor":23,"key":"Paper Frog"},{"floor":23,"key":"infinitespire:Lychee Nut"}],"event_choices":[{"damage_healed":0,"gold_gain":0,"player_choice":"Got Potions","damage_taken":0,"max_hp_gain":0,"max_hp_loss":0,"event_name":"Lab","floor":4,"gold_loss":0},{"damage_healed":0,"gold_gain":0,"player_choice":"Read","damage_taken":0,"max_hp_gain":0,"max_hp_loss":0,"event_name":"The Library","floor":19,"gold_loss":0,"cards_obtained":["Metallicize"]}],"is_beta":false,"boss_relics":[{"not_picked":["hubris:VirtuousBlindfold","Cursed Key"],"picked":"Black Star"}],"items_purged_floors":[],"is_endless":false,"potions_floor_spawned":[7,8,12,14,16,18,21,22,23],"killed_by":"Snake Plant","ascension_level":1}}