{"host":"9vk21r6l9dtkpvh9","time":1607958780,"event":{"mods":["2.2 Compatiblity","AchievementEnabler","Act Like it!","Astrologer","Bard","Bartender","BaseMod","Better Altar","Better Match","Better Note","Better Sensory Stone","Better Skull","Better Third Choice","BetterRewards","CapriCore","CatGirl Mod","Colored Map","Colored Powertips","Conspire","DeckTracker","Downfall","Energized Spire","Fiend Mod","Gensokyo","GifTheSpireLib","Hermit","Hubris","Infinite Spire","Jorbs\u0027s Wanderer Trilogy","Koishi","LagranYue(???·?)","Luminous","Mad Scientist","Marisa????????","Mimic Mod","Minty Spire (QoL Compilation)","Potionbrewer","Rare Cards Sparkle","Relic Stats","Replay The Spire","SOS???????","Shade Mod","Spicy Shops","StSLib","SuperFastMode","Td1madao Mod","The Animator","The Construct","The Forsaken","The Gatherer","The Hayseed","The Hierophant","The Immortal","The Jungle","The Mystic","The Necromancer","The Runesmith","The Senshi","The Servant 0.9.4","The Trickster","The Valiant","The Wild Card","TheBandit","TheSwordswoman","TheWitcher","WarShipGirlsR/????R mod","vexMod","???Mod??????Boss"],"gold_per_floor":[116,116,116,191,208,235,235,268,268,278,88,112,132,163,163,259,259,269,382,397,407,424,424,424,424,454,554,565,590,590,615,615,717,717,737,737,41,41,59,59,71,98,98,108,108,158,171,196,196,196,196,196,43,77,77],"floor_reached":56,"playtime":5156,"items_purged":["Gatherer:Strike_Gatherer"],"score":1565,"play_id":"d4101dc9-3112-4a6a-95f0-299d931f4ddc","local_time":"20201214101300","is_ascension_mode":false,"metric_token":4369,"campfire_choices":[{"data":"Gatherer:TreeGrowth","floor":7.0,"key":"SMITH"},{"data":"Gatherer:Misfortune","floor":15.0,"key":"SMITH"},{"data":"Gatherer:AcidicSpray","floor":23.0,"key":"SMITH"},{"data":"infinitespire:Collect","floor":25,"key":"SMITH"},{"floor":40,"key":"RECALL"},{"data":"Gatherer:Strike_Gatherer","floor":49,"key":"PURGE"},{"data":"expansioncontent:StudyTheSpire","floor":52,"key":"SMITH"}],"circlet_count":0,"master_deck":["Gatherer:Strike_Gatherer+1","Gatherer:Strike_Gatherer","Gatherer:Defend_Gatherer+1","Gatherer:Defend_Gatherer+1","Gatherer:Defend_Gatherer+1","Gatherer:Defend_Gatherer+1","Gatherer:Defend_Gatherer+1","Gatherer:Centralize","Gatherer:FlowerWhip+2","Gatherer:ColorfulGarden","Gatherer:TreeGrowth+1","Gatherer:QuickSynthesis","Gatherer:Pollute","Gatherer:AcidicSpray+1","Gatherer:Misfortune+1","Gatherer:LuckyClover+1","Gatherer:QuickSynthesis","Gatherer:Nutrients+1","Gatherer:Nutrients+1","Gatherer:ScherryThrow+1","infinitespire:Collect+1","Gatherer:FlowerFalling","Gatherer:FlowerShield","Gatherer:FlowerShield","Gatherer:Overflowing","Gatherer:Snatch","expansioncontent:StudyTheSpire+1","Gatherer:BalancedGrowth","Decay","Gatherer:FlowerFalling+1","Gatherer:VenomBarrier+1","Gatherer:BigPouch+1"],"relics":["Gatherer:MiracleBag","LagranYue:RandomDrawCardRelic","hubris:Icosahedron","vexMod:PlasmaPancake","Cleaning_Rag","infinitespire:Lychee Nut","LagranYue:MagicReflectiveArmorRelic","Bag of Preparation","Blood Vial","SlaversCollar","Pantograph","Replay:Bottled Eggs","potionbrewer:Keyblade","vexMod:InvisibilityCloak","theForsaken:Gavel","construct:FoamFinger","hubris:GlazedTorus","Toxic Egg 2","infinitespire:Satchel","hubris:TenFootPole"],"acts_visited":["Exordium","TheCity","TheBeyond","TheEnding"],"potions_floor_usage":[39,55,55,55,55,55,55,55],"damage_taken":[{"damage":4.0,"enemies":"Cultist","floor":1.0,"turns":5.0},{"damage":1.0,"enemies":"Jaw Worm","floor":5.0,"turns":4.0},{"damage":22.0,"enemies":"3 Sentries","floor":6.0,"turns":5.0},{"damage":22.0,"enemies":"Gremlin Nob","floor":8.0,"turns":5.0},{"damage":0.0,"enemies":"2 Louse","floor":10.0,"turns":1.0},{"damage":5.0,"enemies":"Red Slaver","floor":13.0,"turns":2.0},{"damage":0.0,"enemies":"Lagavulin","floor":14.0,"turns":5.0},{"damage":2.0,"enemies":"Fading Forest","floor":16.0,"turns":11.0},{"damage":7.0,"enemies":"Shell Parasite","floor":18.0,"turns":4.0},{"damage":0.0,"enemies":"Chosen","floor":19.0,"turns":5.0},{"damage":0.0,"enemies":"Centurion and Healer","floor":20.0,"turns":6.0},{"damage":3.0,"enemies":"Snecko","floor":21.0,"turns":8.0},{"damage":16.0,"enemies":"Snake Plant","floor":22.0,"turns":4.0},{"damage":0,"enemies":"Chosen and Byrds","floor":26,"turns":5},{"damage":0,"enemies":"Chosen and Byrds","floor":28,"turns":3},{"damage":0,"enemies":"Book of Stabbing","floor":29,"turns":5},{"damage":0,"enemies":"conspire:SneckoGhost","floor":31,"turns":7},{"damage":0,"enemies":"Champ","floor":33,"turns":12},{"damage":0,"enemies":"3 Shapes","floor":35,"turns":6},{"damage":0,"enemies":"Orb Walker","floor":39,"turns":3},{"damage":0,"enemies":"Transient","floor":41,"turns":5},{"damage":3,"enemies":"Reptomancer","floor":42,"turns":4},{"damage":0,"enemies":"3 Darklings","floor":44,"turns":4},{"damage":0,"enemies":"Mind Bloom Boss Battle","floor":46,"turns":4},{"damage":0,"enemies":"Writhing Mass","floor":47,"turns":5},{"damage":0,"enemies":"Nemesis","floor":48,"turns":5},{"damage":0,"enemies":"Donu and Deca","floor":50,"turns":5},{"damage":0,"enemies":"Shield and Spear","floor":54,"turns":4},{"damage":0,"enemies":"The Heart","floor":55,"turns":6}],"seed_played":"-6162951980383573144","potions_obtained":[{"floor":1.0,"key":"Venom Potion"},{"floor":13.0,"key":"SpeedPotion"},{"floor":16.0,"key":"Fire Potion"},{"floor":19.0,"key":"PowerPotion"},{"floor":28,"key":"potionbrewer:DiscountPotion"},{"floor":30,"key":"LiquidBronze"},{"floor":39,"key":"EntropicBrew"},{"floor":44,"key":"potionbrewer:ToxicPotion"}],"is_trial":false,"path_per_floor":["M","?","?","?","M","E","R","E","T","M","$","T","M","E","R","B",null,"M","M","M","M","M","R","AVR","R","MIM","?","M","E","?","E","R_BF","B",null,"M","?","$","?","M","R","M","E","T","M","?","?","M","E","R_BF","B",null,"R","$","E","B",null],"character_chosen":"THE_GATHERER","items_purchased":["LagranYue:MagicReflectiveArmorRelic","Gatherer:AcidicSpray","potionbrewer:Keyblade","vexMod:InvisibilityCloak","expansioncontent:StudyTheSpire","Gatherer:BalancedGrowth","infinitespire:Satchel"],"campfire_rested":0,"item_purchase_floors":[11,11,37,37,37,37,53],"current_hp_per_floor":[68,68,73,66,65,49,49,27,27,27,27,27,57,62,62,61,62,58,62,62,60,46,46,46,46,54,54,61,62,62,62,62,62,62,62,62,62,62,62,62,62,62,62,62,62,62,62,62,62,62,62,62,62,62,62],"gold":77,"neow_bonus":"RANDOM_EVENT","is_daily":false,"chose_seed":false,"campfire_upgraded":5,"win_rate":0.0,"timestamp":1607958780,"path_taken":["M","?","?","?","M","E","R","E","T","?","$","?","M","E","R","BOSS","M","M","?","M","M","R","AVR","R","MIM","?","M","E","?","E","R_BF","BOSS","M","?","$","?","M","R","M","E","T","?","?","?","M","E","R_BF","BOSS","R","$","E","BOSS"],"items_purchased_type":["Relic","Card","Relic","Relic","Card","Card","Relic"],"build_version":"2020-12-13","purchased_purges":1,"victory":true,"max_hp_per_floor":[72,72,77,77,77,83,83,83,62,62,62,62,62,62,62,62,62,62,62,62,62,62,62,62,62,62,62,62,62,62,62,62,62,62,62,62,62,62,62,62,62,62,62,62,62,62,62,62,62,62,62,62,62,62,62],"relic_stats":{"Blood Vial":9,"counters":[29,148],"Pantograph":0,"Bag of Preparation":[24],"obtain_stats":[{"vexMod:PlasmaPancake":6,"construct:FoamFinger":43,"LagranYue:RandomDrawCardRelic":0,"Bag of Preparation":12,"LagranYue:MagicReflectiveArmorRelic":11,"theForsaken:Gavel":42,"Cleaning_Rag":8,"Blood Vial":14,"SlaversCollar":17,"vexMod:InvisibilityCloak":37,"hubris:Icosahedron":2,"infinitespire:Lychee Nut":9,"Pantograph":29,"infinitespire:Satchel":53,"Gatherer:MiracleBag":34,"hubris:TenFootPole":54,"Replay:Bottled Eggs":31,"potionbrewer:Keyblade":37,"Toxic Egg 2":48,"Gatherer:AlchemyBag":0,"hubris:GlazedTorus":46},{"vexMod:PlasmaPancake":3,"construct:FoamFinger":22,"LagranYue:RandomDrawCardRelic":0,"Bag of Preparation":5,"LagranYue:MagicReflectiveArmorRelic":5,"theForsaken:Gavel":22,"Cleaning_Rag":4,"Blood Vial":7,"SlaversCollar":8,"vexMod:InvisibilityCloak":19,"hubris:Icosahedron":1,"infinitespire:Lychee Nut":4,"Pantograph":16,"infinitespire:Satchel":27,"Gatherer:MiracleBag":18,"hubris:TenFootPole":28,"Replay:Bottled Eggs":17,"potionbrewer:Keyblade":19,"Toxic Egg 2":26,"Gatherer:AlchemyBag":0,"hubris:GlazedTorus":24},{"vexMod:PlasmaPancake":14,"construct:FoamFinger":115,"LagranYue:RandomDrawCardRelic":0,"Bag of Preparation":20,"LagranYue:MagicReflectiveArmorRelic":20,"theForsaken:Gavel":115,"Cleaning_Rag":19,"Blood Vial":27,"SlaversCollar":38,"vexMod:InvisibilityCloak":103,"hubris:Icosahedron":5,"infinitespire:Lychee Nut":19,"Pantograph":78,"infinitespire:Satchel":138,"Gatherer:MiracleBag":97,"hubris:TenFootPole":142,"Replay:Bottled Eggs":85,"potionbrewer:Keyblade":103,"Toxic Egg 2":133,"Gatherer:AlchemyBag":0,"hubris:GlazedTorus":123}]},"card_choices":[{"not_picked":["Gatherer:PotentialSlash","Gatherer:GatherMaterial","Gatherer:Convert"],"picked":"SKIP","floor":1.0},{"not_picked":["Gatherer:GatherMaterial","Gatherer:DrugPower"],"picked":"Gatherer:ColorfulGarden","floor":5.0},{"not_picked":["Gatherer:SaveValuables","Gatherer:TacticalStrike"],"picked":"Gatherer:TreeGrowth","floor":6.0},{"not_picked":["Gatherer:Solidify","Gatherer:RottenStipe"],"picked":"Gatherer:QuickSynthesis","floor":8.0},{"not_picked":["Gatherer:FruitForce","Gatherer:WoolGloves"],"picked":"Gatherer:Pollute","floor":10.0},{"not_picked":["Gatherer:DrugPower","Gatherer:FragileHammer","Gatherer:Herbalism"],"picked":"SKIP","floor":13.0},{"not_picked":["Gatherer:ScrollOfPurity","Gatherer:GatherMaterial"],"picked":"Gatherer:Misfortune","floor":14.0},{"not_picked":["Gatherer:FinishingStrike","Gatherer:BlackTea"],"picked":"Gatherer:LuckyClover","floor":16.0},{"not_picked":["Gatherer:Convert","Gatherer:FeelingFine","Gatherer:PotentialSlash+1"],"picked":"SKIP","floor":18.0},{"not_picked":["Gatherer:RecipeChange+1","Gatherer:WoolGloves"],"picked":"Gatherer:QuickSynthesis","floor":19.0},{"not_picked":["Gatherer:Solidify","Gatherer:AcidicSpray"],"picked":"Gatherer:Nutrients+1","floor":20.0},{"not_picked":["Gatherer:WoolGloves+1","Gatherer:FragileHammer"],"picked":"Gatherer:Nutrients","floor":21.0},{"not_picked":["Gatherer:SaveValuables+1","Gatherer:GatherMaterial+1"],"picked":"Gatherer:ScherryThrow+1","floor":22.0},{"not_picked":["Gatherer:ScentOfRosmari","Gatherer:GatherMaterial+1"],"picked":"Gatherer:FlowerFalling","floor":26},{"not_picked":["Gatherer:AromaProtection","Gatherer:PotentialSlash"],"picked":"Gatherer:FlowerShield","floor":28},{"not_picked":["Gatherer:LuckyClover","Gatherer:Frenzy"],"picked":"Gatherer:FlowerShield","floor":29},{"not_picked":["Gatherer:FlowerFalling","Gatherer:FragileHammer+1","Gatherer:GlowingPlant"],"picked":"SKIP","floor":31},{"not_picked":["Gatherer:FlowerFalling","Gatherer:FragileHammer+1","Gatherer:GlowingPlant"],"picked":"SKIP","floor":31},{"not_picked":["Gatherer:GrowBook","Gatherer:ScrollOfPurity"],"picked":"Gatherer:Overflowing","floor":33},{"not_picked":["Gatherer:DrugPower+1","Gatherer:Herbalism"],"picked":"Gatherer:Snatch","floor":35},{"not_picked":["Gatherer:Snatch","Gatherer:FruitForce","Gatherer:FragileHammer"],"picked":"SKIP","floor":39},{"not_picked":["Gatherer:Liquidism","Gatherer:Pollute"],"picked":"Gatherer:FlowerFalling+1","floor":41},{"not_picked":["Gatherer:SaveValuables","Gatherer:Duplicator+1"],"picked":"Gatherer:VenomBarrier+1","floor":42},{"not_picked":["Gatherer:RecipeChange+1","Gatherer:TacticalStrike"],"picked":"Gatherer:BigPouch+1","floor":44},{"not_picked":["Gatherer:AcidicSpray","Gatherer:Bulldoze","Gatherer:PotentialSlash+1"],"picked":"SKIP","floor":47},{"not_picked":["Gatherer:BambuSword","Gatherer:BigPouch+1","Gatherer:AromaProtection+1"],"picked":"SKIP","floor":48},{"not_picked":["Gatherer:FruitForce+1","Gatherer:Solidify+1","Gatherer:Duplicator+1"],"picked":"SKIP","floor":54}],"player_experience":599409,"relics_obtained":[{"floor":6.0,"key":"vexMod:PlasmaPancake"},{"floor":8.0,"key":"Cleaning_Rag"},{"floor":9.0,"key":"infinitespire:Lychee Nut"},{"floor":12.0,"key":"Bag of Preparation"},{"floor":14.0,"key":"Blood Vial"},{"floor":29,"key":"Pantograph"},{"floor":31,"key":"Replay:Bottled Eggs"},{"floor":42,"key":"theForsaken:Gavel"},{"floor":43,"key":"construct:FoamFinger"},{"floor":46,"key":"hubris:GlazedTorus"},{"floor":48,"key":"Toxic Egg 2"},{"floor":54,"key":"hubris:TenFootPole"}],"event_choices":[{"damage_healed":0.0,"max_hp_gain":5.0,"max_hp_loss":0.0,"gold_gain":0.0,"event_name":"Big Fish","player_choice":"Donut","floor":3.0,"gold_loss":0.0,"damage_taken":0.0},{"damage_healed":0.0,"max_hp_gain":0.0,"max_hp_loss":0.0,"gold_gain":75.0,"event_name":"FaceTrader","player_choice":"Touch","floor":4.0,"gold_loss":0.0,"damage_taken":7.0},{"damage_healed":0,"gold_gain":100,"player_choice":"Pray","damage_taken":0,"max_hp_gain":0,"max_hp_loss":0,"event_name":"Golden Shrine","floor":27,"gold_loss":0},{"damage_healed":0,"gold_gain":0,"player_choice":"Got Potions","damage_taken":0,"max_hp_gain":0,"max_hp_loss":0,"event_name":"Lab","floor":30,"gold_loss":0},{"cards_removed":["Gatherer:Strike_Gatherer"],"damage_healed":0,"gold_gain":0,"player_choice":"Removed Attack","damage_taken":0,"max_hp_gain":0,"max_hp_loss":0,"event_name":"Falling","floor":36,"gold_loss":0},{"damage_healed":0,"gold_gain":0,"player_choice":"Cursed","damage_taken":0,"max_hp_gain":0,"max_hp_loss":0,"event_name":"Wheel of Change","floor":38,"gold_loss":0,"cards_obtained":["Decay"]},{"damage_healed":0,"gold_gain":0,"player_choice":"Fight","damage_taken":0,"max_hp_gain":0,"max_hp_loss":0,"event_name":"MindBloom","floor":46,"gold_loss":0}],"is_beta":false,"boss_relics":[{"not_picked":["vexMod:RockOfEvil","vexMod:ImprovementManual"],"picked":"SlaversCollar"},{"not_picked":["conspire:RunicOctahedron","Philosopher\u0027s Stone"],"picked":"Gatherer:MiracleBag"}],"items_purged_floors":[37],"is_endless":false,"potions_floor_spawned":[1,13,16,19,22,28,39,41,44,47,54],"ascension_level":0}}