{"host":"59ckh7bj2z84pzgo","time":1607938946,"event":{"mods":["BaseMod","Better Vampires","Marked Mod","Minty Spire (QoL Compilation)","Replay The Spire","Spicy Shops","StSLib","TestMod","¡¾ÒÅÎï¿¨ÅÆ¡¿REMEMod"],"gold_per_floor":[114,126,126,140,153,153,179,179,179,189,224,237,237,270,270,347,347,360,360,376,391,404,435,453,478,478,496,515,515,525,525,525,600,600,610,30,41,101,116,116,151,151,202,227,244,244,261,289,289,305,308,308],"floor_reached":51,"playtime":3386,"items_purged":["Strike_P"],"score":2121,"play_id":"8c8b9483-13a8-4d0d-8de0-5264d1834596","local_time":"20201214174226","is_ascension_mode":true,"campfire_choices":[{"data":"Apotheosis","floor":6.0,"key":"SMITH"},{"data":"Tantrum","floor":13.0,"key":"SMITH"},{"floor":15.0,"key":"REST"},{"floor":29.0,"key":"REST"},{"floor":32.0,"key":"REST"},{"floor":40.0,"key":"REST"},{"data":"1","floor":42.0,"key":"LIFT"},{"data":"2","floor":46.0,"key":"LIFT"},{"data":"3","floor":49.0,"key":"LIFT"}],"circlet_count":0,"master_deck":["AscendersBane","Strike_P+1","Strike_P+1","Strike_P","Defend_P","Defend_P","Defend_P","Defend_P","Eruption+1","Vigilance","Apotheosis+1","Protect","Halt","FlurryOfBlows","Tantrum+1","CutThroughFate","DevaForm","Consecrate","EmptyFist","ReachHeaven","Ragnarok+1","CurseOfTheBell","FlyingSleeves","InnerPeace","Study","CrushJoints+1","Adaptation","ClearTheMind","Replay:Cycle+1","MentalFortress","Replay:AllIn","Weave+1","Enlightenment","WheelKick+1","Devotion","Parasite","FollowUp+1"],"relics":["HolyWater","REME_ComplimentaryCards","testmod-TestBox","testmod-RealStoneCalender","Boot","Vajra","Sundial","Simple Rune","Calling Bell","Oddly Smooth Stone","REME_HourglassOfDeath","Girya","testmod-CyclicPeriapt","Molten Egg 2","Turnip","Ring of Peace","Ring of Panic","BargainBundle","Gambling Chip","MarkedMod:AcupunctureKit","Potion Belt","Pondfish Scales","testmod-Acrobat"],"acts_visited":["Exordium","TheCity","TheBeyond"],"potions_floor_usage":[],"damage_taken":[{"damage":4.0,"enemies":"Cultist","floor":1.0,"turns":3.0},{"damage":7.0,"enemies":"Jaw Worm","floor":2.0,"turns":4.0},{"damage":0.0,"enemies":"2 Louse","floor":4.0,"turns":3.0},{"damage":0.0,"enemies":"2 Fungi Beasts","floor":5.0,"turns":3.0},{"damage":0.0,"enemies":"Lagavulin","floor":7.0,"turns":2.0},{"damage":0.0,"enemies":"Looter","floor":10.0,"turns":1.0},{"damage":12.0,"enemies":"Gremlin Nob","floor":11.0,"turns":3.0},{"damage":1.0,"enemies":"Blue Slaver","floor":12.0,"turns":3.0},{"damage":15.0,"enemies":"3 Sentries","floor":14.0,"turns":4.0},{"damage":0.0,"enemies":"Slime Boss","floor":16.0,"turns":3.0},{"damage":16.0,"enemies":"2 Thieves","floor":18.0,"turns":2.0},{"damage":0.0,"enemies":"Chosen","floor":20.0,"turns":2.0},{"damage":10.0,"enemies":"Snecko","floor":21.0,"turns":4.0},{"damage":0.0,"enemies":"Cultist and Chosen","floor":22.0,"turns":4.0},{"damage":5.0,"enemies":"Replay:Snechameleon","floor":23.0,"turns":4.0},{"damage":6.0,"enemies":"3 Cultists","floor":24.0,"turns":3.0},{"damage":15.0,"enemies":"Slavers","floor":25.0,"turns":5.0},{"damage":0.0,"enemies":"Snecko","floor":27.0,"turns":2.0},{"damage":12.0,"enemies":"Shelled Parasite and Fungi","floor":28.0,"turns":2.0},{"damage":21.0,"enemies":"Cultist and Chosen","floor":30.0,"turns":5.0},{"damage":9.0,"enemies":"Pondfish","floor":33.0,"turns":6.0},{"damage":0.0,"enemies":"3 Darklings","floor":35.0,"turns":4.0},{"damage":0.0,"enemies":"Orb Walker","floor":37.0,"turns":2.0},{"damage":0.0,"enemies":"Maw","floor":39.0,"turns":4.0},{"damage":0.0,"enemies":"R_Hoarder","floor":41.0,"turns":4.0},{"damage":0.0,"enemies":"Mind Bloom Boss Battle","floor":44.0,"turns":4.0},{"damage":0.0,"enemies":"Writhing Mass","floor":45.0,"turns":4.0},{"damage":0.0,"enemies":"3 Darklings","floor":47.0,"turns":4.0},{"damage":0.0,"enemies":"Nemesis","floor":48.0,"turns":1.0},{"damage":43.0,"enemies":"Donu and Deca","floor":50.0,"turns":6.0},{"damage":4,"enemies":"Replay:Hell Engine","floor":51,"turns":3}],"seed_played":"8215152007812098203","potions_obtained":[{"floor":1.0,"key":"SpeedPotion"},{"floor":5.0,"key":"EntropicBrew"},{"floor":7.0,"key":"Energy Potion"},{"floor":11.0,"key":"Venom Potion"},{"floor":12.0,"key":"CultistPotion"},{"floor":20.0,"key":"Swift Potion"},{"floor":24.0,"key":"FearPotion"},{"floor":28.0,"key":"Milkshake"},{"floor":30.0,"key":"StancePotion"},{"floor":37.0,"key":"Block Potion"},{"floor":39.0,"key":"Strength Potion"},{"floor":45.0,"key":"Doom Potion"},{"floor":47.0,"key":"Fire Potion"},{"floor":48.0,"key":"EssenceOfSteel"}],"is_trial":false,"path_per_floor":["M","M","?","M","M","R","E","?","T","M","E","M","R","E","R","B",null,"M","?","M","M","M","E","M","E","T","M","M","R","M","?","R","B",null,"M","$","M","?","M","R","E","R","T","?","M","R","M","E","R","B","B"],"character_chosen":"WATCHER","items_purchased":["BargainBundle","Gambling Chip","Enlightenment"],"campfire_rested":4,"item_purchase_floors":[36,36,36],"current_hp_per_floor":[57,50,50,50,50,50,50,55,55,55,43,42,42,27,48,48,67,51,51,51,41,41,36,30,15,15,15,3,24,3,3,24,15,59,59,59,59,35,35,56,56,56,56,56,56,56,56,56,56,13,9,9],"gold":308,"neow_bonus":"THREE_CARDS","is_daily":false,"chose_seed":false,"campfire_upgraded":2,"win_rate":0.0,"timestamp":1607938946,"path_taken":["M","M","?","M","M","R","E","?","T","M","E","M","R","E","R","BOSS","M","?","?","M","M","E","M","E","T","M","M","R","M","?","R","BOSS","M","$","M","?","M","R","E","R","T","?","M","R","M","E","R","BOSS","BOSS"],"items_purchased_type":["Relic","Relic","Card"],"build_version":"2020-12-13","purchased_purges":1,"victory":false,"max_hp_per_floor":[68,68,68,68,68,68,68,73,73,73,73,73,73,73,73,73,73,73,73,73,73,73,73,73,73,73,73,73,73,73,73,73,73,73,73,73,73,73,73,73,73,73,73,73,73,73,73,73,73,73,73,73],"card_choices":[{"not_picked":["FlurryOfBlows","WaveOfTheHand"],"picked":"Protect","floor":0.0},{"not_picked":["MarkedMod:FirstStrike","DeceiveReality"],"picked":"Halt","floor":1.0},{"not_picked":["Sanctity","Replay:AtTheReady"],"picked":"FlurryOfBlows","floor":2.0},{"not_picked":["Perseverance","MarkedMod:FirstStrike"],"picked":"Tantrum","floor":4.0},{"not_picked":["REME_Repentance","Worship"],"picked":"CutThroughFate","floor":5.0},{"not_picked":["WaveOfTheHand","Replay:AtTheReady"],"picked":"DevaForm","floor":7.0},{"not_picked":["Prostrate","PathToVictory","Evaluate"],"picked":"SKIP","floor":10.0},{"not_picked":["LikeWater","MarkedMod:OneThousandNeedles"],"picked":"Consecrate","floor":11.0},{"not_picked":["MarkedMod:FirstStrike","Tantrum"],"picked":"EmptyFist","floor":12.0},{"not_picked":["JustLucky","Evaluate"],"picked":"ReachHeaven","floor":14.0},{"not_picked":["MarkedMod:SlowDance","MarkedMod:NorthStar"],"picked":"Ragnarok","floor":16.0},{"not_picked":["FlurryOfBlows","MarkedMod:FirstStrike"],"picked":"FlyingSleeves","floor":18.0},{"not_picked":["PathToVictory","Replay:Hum"],"picked":"InnerPeace","floor":20.0},{"not_picked":["Protect","PathToVictory"],"picked":"Study","floor":21.0},{"not_picked":["EmptyFist+1","Collect","MarkedMod:Acupuncture"],"picked":"SKIP","floor":22.0},{"not_picked":["MarkedMod:Acupuncture","Alpha"],"picked":"CrushJoints+1","floor":23.0},{"not_picked":["Tantrum","WreathOfFlame"],"picked":"Adaptation","floor":24.0},{"not_picked":["EmptyFist+1","MarkedMod:GentlePulse"],"picked":"ClearTheMind","floor":25.0},{"not_picked":["Replay:ManipulateFuture","Adaptation","MarkedMod:Acupuncture+1"],"picked":"SKIP","floor":27.0},{"not_picked":["Crescendo","WreathOfFlame"],"picked":"Replay:Cycle+1","floor":28.0},{"not_picked":["MarkedMod:FirstStrike","MarkedMod:Acupuncture+1"],"picked":"MentalFortress","floor":30.0},{"not_picked":["DevaForm","MarkedMod:NorthStar"],"picked":"Replay:AllIn","floor":33.0},{"not_picked":["WaveOfTheHand","Protect+1"],"picked":"Weave+1","floor":35.0},{"not_picked":["Protect","MarkedMod:GentlePulse","PathToVictory"],"picked":"SKIP","floor":37.0},{"not_picked":["MarkedMod:GentlePulse","ThirdEye"],"picked":"WheelKick+1","floor":38.0},{"not_picked":["Consecrate+1","FlyingSleeves+1","Halt+1"],"picked":"SKIP","floor":39.0},{"not_picked":["SignatureMove+1","FlurryOfBlows+1","InnerPeace+1"],"picked":"SKIP","floor":41.0},{"not_picked":["BowlingBash+1","Sanctity"],"picked":"Devotion","floor":44.0},{"not_picked":["Replay:ManipulateFuture","CrushJoints+1"],"picked":"FollowUp+1","floor":45.0},{"not_picked":["SashWhip+1","FlurryOfBlows+1","Protect"],"picked":"SKIP","floor":47.0},{"not_picked":["MarkedMod:FirstStrike","SandsOfTime+1","Adaptation"],"picked":"SKIP","floor":48.0}],"player_experience":132919,"relics_obtained":[{"floor":7.0,"key":"Boot"},{"floor":9.0,"key":"Vajra"},{"floor":11.0,"key":"Sundial"},{"floor":14.0,"key":"Simple Rune"},{"floor":17.0,"key":"Oddly Smooth Stone"},{"floor":17.0,"key":"REME_HourglassOfDeath"},{"floor":17.0,"key":"Girya"},{"floor":23.0,"key":"testmod-CyclicPeriapt"},{"floor":25.0,"key":"Molten Egg 2"},{"floor":26.0,"key":"Turnip"},{"floor":31.0,"key":"Ring of Peace"},{"floor":31.0,"key":"Ring of Panic"},{"floor":38.0,"key":"MarkedMod:AcupunctureKit"},{"floor":41.0,"key":"Potion Belt"},{"floor":44.0,"key":"Pondfish Scales"},{"floor":48.0,"key":"testmod-Acrobat"}],"event_choices":[{"damage_healed":0.0,"max_hp_gain":5.0,"max_hp_loss":0.0,"gold_gain":0.0,"event_name":"Big Fish","player_choice":"Donut","floor":8.0,"gold_loss":0.0,"damage_taken":0.0},{"damage_healed":0.0,"max_hp_gain":0.0,"max_hp_loss":0.0,"gold_gain":0.0,"event_name":"Accursed Blacksmith","player_choice":"Forge","floor":19.0,"gold_loss":0.0,"damage_taken":0.0,"cards_upgraded":["Ragnarok"]},{"damage_healed":0.0,"max_hp_gain":0.0,"max_hp_loss":0.0,"gold_gain":0.0,"event_name":"MindBloom","player_choice":"Fight","floor":44.0,"gold_loss":0.0,"damage_taken":0.0}],"is_beta":false,"boss_relics":[{"not_picked":["testmod-HarvestTotem","Velvet Choker"],"picked":"Calling Bell"},{"not_picked":["Coffee Dripper","Black Star"],"picked":"HolyWater"}],"items_purged_floors":[36],"is_endless":false,"potions_floor_spawned":[1,5,7,11,12,20,22,24,28,30,37,39,45,47,48],"killed_by":"Replay:Hell Engine","ascension_level":20}}