{"host":"y89x8uui45kcjy42","time":1607960029,"event":{"mods":["2.2 Compatiblity","BaseMod","Colored Map","Colored Powertips","Friendly Minions","Hermit","Highlight Path","Keyboard Shortcuts","Minty Spire (QoL Compilation)","StSLib","SuperFastMode","Waifu the Spire"],"gold_per_floor":[116,291,291,291,303,313,340,360,387,158,181,181,210,229,229,334,334,352,352,352,352,252,252,264,264,264,139,155,155,167,167,167],"floor_reached":31,"playtime":924,"items_purged":["hermit:Strike_Hermit","Doubt","hermit:Defend_Hermit"],"score":279,"play_id":"6f762665-397b-4e96-9108-6749243a51a2","local_time":"20201215003349","is_ascension_mode":true,"campfire_choices":[{"data":"hermit:LowProfile","floor":12,"key":"SMITH"},{"floor":15,"key":"REST"},{"data":"hermit:Quickdraw","floor":23,"key":"SMITH"},{"data":"hermit:Covet","floor":25,"key":"SMITH"},{"data":"hermit:Vantage","floor":29,"key":"SMITH"}],"circlet_count":0,"master_deck":["hermit:Strike_Hermit","hermit:Defend_Hermit","hermit:Defend_Hermit","hermit:Snapshot","hermit:Covet+1","hermit:SprayPray","hermit:Quickdraw+1","hermit:Grudge","hermit:LowProfile+1","hermit:Vantage+1","hermit:Grudge","hermit:BigShot","hermit:Grudge","hermit:Deadeye","Necronomicurse","hermit:ItchyTrigger+1"],"relics":["hermit:ClaspedLocket","Bronze Scales","Art of War","Akabeko","Bag of Marbles","Odd Mushroom","Dream Catcher","Letter Opener","Necronomicon","Orichalcum"],"acts_visited":["Exordium","TheCity"],"potions_floor_usage":[7,13,13,28],"damage_taken":[{"damage":0,"enemies":"Cultist","floor":1,"turns":4},{"damage":2,"enemies":"Small Slimes","floor":5,"turns":3},{"damage":0,"enemies":"2 Louse","floor":6,"turns":2},{"damage":35,"enemies":"Gremlin Nob","floor":7,"turns":4},{"damage":0,"enemies":"Exordium Wildlife","floor":8,"turns":3},{"damage":5,"enemies":"The Mushroom Lair","floor":11,"turns":3},{"damage":18,"enemies":"Lagavulin","floor":13,"turns":4},{"damage":0,"enemies":"3 Louse","floor":14,"turns":2},{"damage":15,"enemies":"The Guardian","floor":16,"turns":13},{"damage":19,"enemies":"Chosen","floor":18,"turns":5},{"damage":0,"enemies":"Spheric Guardian","floor":24,"turns":3},{"damage":10,"enemies":"3 Cultists","floor":28,"turns":4},{"damage":3,"enemies":"Snake Plant","floor":30,"turns":3},{"damage":28,"enemies":"Snecko","floor":31,"turns":4}],"seed_played":"567280856414901007","potions_obtained":[{"floor":6,"key":"DuplicationPotion"},{"floor":7,"key":"SkillPotion"},{"floor":11,"key":"AttackPotion"},{"floor":16,"key":"Ancient Potion"},{"floor":18,"key":"SteroidPotion"}],"is_trial":false,"path_per_floor":["M","?","?","?","M","M","E","M","T","$","?","R","E","M","R","B",null,"M","?","?","?","$","R","M","R","T","$","M","R","M","M"],"character_chosen":"HERMIT","items_purchased":["Bag of Marbles"],"campfire_rested":1,"item_purchase_floors":[10],"current_hp_per_floor":[75,75,68,65,63,63,28,28,28,28,23,23,5,5,27,12,75,56,56,56,40,40,40,40,40,40,40,30,30,27,0,0],"gold":167,"neow_bonus":"THREE_CARDS","is_daily":false,"chose_seed":false,"campfire_upgraded":4,"win_rate":0.0,"timestamp":1607960029,"path_taken":["M","?","?","?","?","M","E","M","T","$","?","R","E","M","R","BOSS","M","?","?","?","$","R","M","R","T","$","?","R","M","M"],"items_purchased_type":["Relic"],"build_version":"2020-12-13","purchased_purges":3,"victory":false,"max_hp_per_floor":[75,75,75,75,75,75,75,75,75,75,75,75,75,75,75,75,75,75,75,75,75,75,75,75,75,75,75,75,75,75,75,75],"card_choices":[{"not_picked":["hermit:Quickdraw","hermit:Glare"],"picked":"hermit:SprayPray","floor":0},{"not_picked":["hermit:HighCaliber","hermit:Determination"],"picked":"hermit:Quickdraw","floor":1},{"not_picked":["hermit:Glare","hermit:Dive"],"picked":"hermit:Grudge","floor":5},{"not_picked":["hermit:Ricochet","hermit:Dive","hermit:Glare"],"picked":"SKIP","floor":6},{"not_picked":["hermit:Shortfuse","hermit:LoneWolf"],"picked":"hermit:LowProfile","floor":7},{"not_picked":["hermit:Quickdraw","hermit:ItchyTrigger"],"picked":"hermit:Vantage","floor":8},{"not_picked":["hermit:Scavenge","hermit:WideOpen"],"picked":"hermit:Grudge","floor":11},{"not_picked":["hermit:Gestalt","hermit:Manifest","hermit:TakeCover"],"picked":"SKIP","floor":13},{"not_picked":["hermit:Desperado","hermit:Magnum","hermit:BigShot"],"picked":"SKIP","floor":14},{"not_picked":["hermit:Desperado","hermit:Magnum"],"picked":"hermit:BigShot","floor":14},{"not_picked":["hermit:Quickdraw+1","hermit:SprayPray+1","hermit:Snipe"],"picked":"SKIP","floor":18},{"not_picked":["hermit:PistolWhip","hermit:CursedWeapon"],"picked":"hermit:ItchyTrigger+1","floor":24},{"not_picked":["hermit:EyeOfTheStorm","hermit:Ricochet+1","hermit:LuckOfTheDraw"],"picked":"SKIP","floor":28},{"not_picked":["hermit:EyeOfTheStorm","hermit:Ricochet+1","hermit:LuckOfTheDraw"],"picked":"SKIP","floor":28},{"not_picked":["hermit:Grudge","hermit:BodyArmor","hermit:LowProfile+1"],"picked":"SKIP","floor":30}],"player_experience":504069,"relics_obtained":[{"floor":7,"key":"Art of War"},{"floor":9,"key":"Akabeko"},{"floor":11,"key":"Odd Mushroom"},{"floor":13,"key":"Dream Catcher"},{"floor":21,"key":"Necronomicon"},{"floor":26,"key":"Orichalcum"}],"event_choices":[{"damage_healed":0,"gold_gain":175,"player_choice":"AGREE","damage_taken":0,"max_hp_gain":0,"max_hp_loss":0,"event_name":"Liars Game","floor":2,"gold_loss":0,"cards_obtained":["Doubt"]},{"cards_removed":["hermit:Strike_Hermit"],"damage_healed":0,"gold_gain":0,"player_choice":"Card Removal","damage_taken":7,"max_hp_gain":0,"max_hp_loss":0,"event_name":"Golden Wing","floor":3,"gold_loss":0},{"damage_healed":0,"gold_gain":0,"player_choice":"Success","damage_taken":3,"relics_obtained":["Bronze Scales"],"max_hp_gain":0,"max_hp_loss":0,"event_name":"Scrap Ooze","floor":4,"gold_loss":0},{"damage_healed":0,"gold_gain":0,"player_choice":"Fought Mushrooms","damage_taken":0,"max_hp_gain":0,"max_hp_loss":0,"event_name":"Mushrooms","floor":11,"gold_loss":0},{"damage_healed":0,"gold_gain":0,"player_choice":"Opened","damage_taken":0,"relics_obtained":["Letter Opener"],"max_hp_gain":0,"max_hp_loss":0,"event_name":"The Mausoleum","floor":19,"gold_loss":0},{"damage_healed":0,"gold_gain":0,"cards_transformed":["hermit:Strike_Hermit","hermit:Defend_Hermit"],"player_choice":"Became Test Subject","damage_taken":0,"max_hp_gain":0,"max_hp_loss":0,"event_name":"Drug Dealer","floor":20,"gold_loss":0,"cards_obtained":["hermit:Grudge","hermit:Deadeye"]},{"damage_healed":0,"gold_gain":0,"player_choice":"Obtained Book","damage_taken":16,"max_hp_gain":0,"max_hp_loss":0,"event_name":"Cursed Tome","floor":21,"gold_loss":0}],"is_beta":false,"boss_relics":[{"not_picked":["Pandora\u0027s Box","Snecko Eye"],"picked":"hermit:ClaspedLocket"}],"items_purged_floors":[10,22,27],"is_endless":false,"potions_floor_spawned":[6,7,11,16,18],"killed_by":"Snecko","ascension_level":3}}