{"host":"0vd2boh2oi7jm085","time":1607917078,"event":{"mods":["BaseMod","Colored Map","Colored Powertips","Highlight Path","Minty Spire (QoL Compilation)","Quick Restart","StSLib","The IronCluck"],"gold_per_floor":[113,127,277,277,288,288,322,81,81,93,93,93,126,201,201,201,201],"floor_reached":16,"playtime":411,"items_purged":["Doubt"],"score":200,"play_id":"ad2b25c0-0ae1-4a1d-83f9-64a3e0779500","local_time":"20201213193758","is_ascension_mode":true,"campfire_choices":[{"data":"Perfected Strike","floor":6.0,"key":"SMITH"},{"floor":11,"key":"REST"},{"floor":15,"key":"REST"}],"circlet_count":0,"master_deck":["AscendersBane","Strike_R","Strike_R","Strike_R","Strike_R","Strike_R","Defend_R","Defend_R","Defend_R","Defend_R","Bash","Twin Strike","Thunderclap","Perfected Strike+1","Twin Strike"],"relics":["Burning Blood","Shovel","MealTicket","InkBottle","Omamori"],"acts_visited":["Exordium"],"potions_floor_usage":[7,13,16],"damage_taken":[{"damage":12.0,"enemies":"Cultist","floor":1.0,"turns":5.0},{"damage":1.0,"enemies":"2 Louse","floor":2.0,"turns":2.0},{"damage":11.0,"enemies":"Jaw Worm","floor":5.0,"turns":5.0},{"damage":50,"enemies":"3 Sentries","floor":7,"turns":7},{"damage":8,"enemies":"Blue Slaver","floor":10,"turns":2},{"damage":30,"enemies":"Lagavulin","floor":13,"turns":5},{"damage":43,"enemies":"Slime Boss","floor":16,"turns":8}],"seed_played":"6525668646389156010","potions_obtained":[{"floor":1.0,"key":"AttackPotion"},{"floor":5.0,"key":"DistilledChaos"},{"floor":10,"key":"FearPotion"}],"is_trial":false,"path_per_floor":["M","M","?","?","M","R","E","$","T","M","R","$","E","?","R","B"],"character_chosen":"IRONCLAD","items_purchased":["MealTicket"],"campfire_rested":2,"item_purchase_floors":[8],"current_hp_per_floor":[69,74,74,74,69,69,25,25,25,23,47,62,38,27,51,8,8],"gold":201,"neow_bonus":"TEN_PERCENT_HP_BONUS","is_daily":false,"chose_seed":false,"campfire_upgraded":1,"win_rate":0.0,"timestamp":1607917078,"path_taken":["M","M","?","?","M","R","E","$","T","M","R","$","E","?","R","BOSS"],"items_purchased_type":["Relic"],"build_version":"2020-12-13","purchased_purges":1,"victory":false,"max_hp_per_floor":[82,82,82,82,82,82,82,82,82,82,82,82,82,82,82,82,82],"card_choices":[{"not_picked":["Sentinel","Havoc"],"picked":"Twin Strike","floor":1.0},{"not_picked":["Clash","Anger"],"picked":"Thunderclap","floor":2.0},{"not_picked":["Thunderclap","Infernal Blade"],"picked":"Perfected Strike","floor":5.0},{"not_picked":["Feed","Intimidate","Impervious"],"picked":"SKIP","floor":7},{"not_picked":["Burning Pact","Iron Wave"],"picked":"Twin Strike","floor":10},{"not_picked":["Iron Wave","Entrench","Headbutt"],"picked":"SKIP","floor":13}],"player_experience":80788,"relics_obtained":[{"floor":7,"key":"Shovel"},{"floor":9,"key":"InkBottle"},{"floor":13,"key":"Omamori"}],"event_choices":[{"damage_healed":0.0,"max_hp_gain":0.0,"max_hp_loss":0.0,"gold_gain":150.0,"event_name":"Liars Game","player_choice":"AGREE","floor":3.0,"gold_loss":0.0,"damage_taken":0.0,"cards_obtained":["Doubt"]},{"damage_healed":0.0,"max_hp_gain":0.0,"max_hp_loss":0.0,"gold_gain":0.0,"event_name":"Golden Wing","player_choice":"Ignored","floor":4.0,"gold_loss":0.0,"damage_taken":0.0},{"damage_healed":0,"gold_gain":75,"player_choice":"Gather Gold","damage_taken":11,"max_hp_gain":0,"max_hp_loss":0,"event_name":"World of Goop","floor":14,"gold_loss":0}],"is_beta":false,"boss_relics":[],"items_purged_floors":[8],"is_endless":false,"potions_floor_spawned":[1,5,10],"killed_by":"Slime Boss","ascension_level":17}}