{"host":"coame8l8goqx0svj","time":1607966937,"event":{"mods":["BaseMod","Downfall","Minty Spire (QoL Compilation)","StSLib"],"gold_per_floor":[99,99,99,99,99,99,99,24,24,24,24,24,24,9,9,9,9,9,9,9,9,9,9,9,9,9,9,9,9,9,9,9,9,9,9,9,9,9,9,9,9,9,9,9,9,9,9,9,9,9],"floor_reached":51,"playtime":3383,"items_purged":[],"score":840,"play_id":"543e2738-b82f-4a11-9701-bc682bc755f1","local_time":"20201214182857","is_ascension_mode":true,"campfire_choices":[{"floor":1,"key":"RECALL"},{"data":"champ:Encircle","floor":8,"key":"SMITH"},{"floor":10,"key":"REST"},{"data":"champ:EndlessRage","floor":18,"key":"SMITH"},{"data":"champ:Shatter","floor":23,"key":"SMITH"},{"data":"champ:Taunt","floor":25,"key":"SMITH"},{"floor":27,"key":"REST"},{"data":"champ:Defend","floor":35,"key":"SMITH"},{"data":"champ:StanceDance","floor":44,"key":"SMITH"}],"circlet_count":0,"master_deck":["champ:Strike","champ:Defend+1","champ:Defend","champ:Defend+1","champ:Defend+1","champ:Execute","champ:Taunt+1","champ:FanOfKnives+1","champ:Shatter+1","champ:Encircle+1","champ:EndlessRage+1","champ:CrookedStrike+1","champ:Encircle+1","champ:BladeFlurry+1","champ:SteelEdge+1","champ:Haymaker+1","champ:StanceDance+1","champ:CheapShot+1","champ:EnragedBash+1","champ:RageSigil+1","expansioncontent:HyperBeam+1","champ:StanceDance+1","champ:RapidStrikes+1","champ:RapidStrikes+1","champ:AdrenalArmor","champ:EnchantSword"],"relics":["Ectoplasm","Bronze Scales","downfall:HeartBlessingRed","Molten Egg 2","SacredBark","Incense Burner","War Paint","Nunchaku","Empty Cage","Guardian:PocketSentry","champ:FightingForDummies","Matryoshka","Bag of Marbles","Regal Pillow"],"acts_visited":["Exordium","TheCity","TheBeyond"],"potions_floor_usage":[3,20,22,22,22,22,32,40,45],"damage_taken":[{"damage":47,"enemies":"Gremlin Nob","floor":3,"turns":5},{"damage":5,"enemies":"2 Louse","floor":4,"turns":2},{"damage":9,"enemies":"Cultist","floor":5,"turns":3},{"damage":5,"enemies":"Jaw Worm","floor":6,"turns":2},{"damage":43,"enemies":"Lagavulin","floor":9,"turns":4},{"damage":22,"enemies":"Exordium Wildlife","floor":13,"turns":3},{"damage":26,"enemies":"downfall:FleeingMerchant","floor":14,"turns":4},{"damage":16,"enemies":"3 Louse","floor":15,"turns":2},{"damage":46,"enemies":"downfall:Silent","floor":16,"turns":7},{"damage":28,"enemies":"downfall:FleeingMerchant","floor":20,"turns":3},{"damage":25,"enemies":"Chosen","floor":21,"turns":4},{"damage":23,"enemies":"Slavers","floor":22,"turns":4},{"damage":61,"enemies":"Gremlin Leader","floor":26,"turns":4},{"damage":7,"enemies":"3 Byrds","floor":28,"turns":2},{"damage":29,"enemies":"Centurion and Healer","floor":29,"turns":4},{"damage":17,"enemies":"3 Cultists","floor":31,"turns":3},{"damage":23,"enemies":"Sentry and Sphere","floor":32,"turns":4},{"damage":80,"enemies":"downfall:Defect","floor":33,"turns":9},{"damage":40,"enemies":"3 Shapes","floor":36,"turns":3},{"damage":52,"enemies":"Nemesis","floor":38,"turns":5},{"damage":42,"enemies":"Reptomancer","floor":40,"turns":4},{"damage":12,"enemies":"Orb Walker","floor":42,"turns":3},{"damage":50,"enemies":"Transient","floor":43,"turns":5},{"damage":0,"enemies":"Jaw Worm Horde","floor":45,"turns":1},{"damage":48,"enemies":"Spire Growth","floor":47,"turns":6},{"damage":24,"enemies":"Sphere and 2 Shapes","floor":48,"turns":3},{"damage":0,"enemies":"3 Darklings","floor":49,"turns":1},{"damage":49,"enemies":"downfall:Watcher","floor":50,"turns":6}],"seed_played":"8297156195905987153","potions_obtained":[{"floor":2,"key":"Ancient Potion"},{"floor":2,"key":"ColorlessPotion"},{"floor":2,"key":"champ:UltimateStancePotion"},{"floor":4,"key":"Energy Potion"},{"floor":6,"key":"EntropicBrew"},{"floor":9,"key":"Dexterity Potion"},{"floor":22,"key":"SmokeBomb"},{"floor":28,"key":"SpeedPotion"},{"floor":31,"key":"Block Potion"},{"floor":33,"key":"Explosive Potion"},{"floor":40,"key":"GamblersBrew"}],"is_trial":false,"path_per_floor":["R","?","E","M","M","M","T","R","E","R","?","?","M","$","M","B",null,"R","?","$","M","E","R","T","R","E","R","M","M","$","M","M","B",null,"R","M","?","E","?","E","T","M","M","R","M","$","M","M","M","B",null],"character_chosen":"THE_CHAMP","items_purchased":[],"campfire_rested":2,"item_purchase_floors":[],"current_hp_per_floor":[90,90,53,53,52,52,52,52,37,64,64,69,67,70,76,59,95,95,95,95,95,79,79,79,79,58,86,95,88,88,95,95,64,95,95,76,76,69,69,83,83,74,79,79,79,79,50,56,56,66],"gold":9,"neow_bonus":"BOSS_RELIC","is_daily":false,"chose_seed":false,"campfire_upgraded":6,"win_rate":0.0,"timestamp":1607966937,"path_taken":["R","?","E","M","?","M","T","R","E","R","?","?","M","?","M","BOSS","R","?","$","?","E","R","T","R","E","R","M","M","$","M","M","BOSS","R","M","?","E","?","E","T","M","M","R","M","?","M","?","M","BOSS"],"items_purchased_type":[],"build_version":"2020-12-13","purchased_purges":0,"victory":true,"max_hp_per_floor":[90,90,90,90,90,90,90,90,90,90,90,95,95,95,95,95,95,95,95,95,95,95,95,95,95,95,95,95,95,95,95,95,95,95,95,95,95,95,95,95,95,95,95,95,95,95,95,95,95,95],"card_choices":[{"not_picked":["champ:BringItOn","champ:Control"],"picked":"champ:FanOfKnives","floor":3},{"not_picked":["champ:Backstep","champ:PerfectedStrike"],"picked":"champ:Shatter","floor":4},{"not_picked":["champ:StanceDance","champ:FocusedDefense","champ:DefensiveShout"],"picked":"SKIP","floor":5},{"not_picked":["champ:BerserkersShout","champ:Riposte"],"picked":"champ:Encircle","floor":6},{"not_picked":["champ:SwordSigil","champ:ShieldThrow+1"],"picked":"champ:EndlessRage","floor":9},{"not_picked":["champ:EnragedBash+1","champ:BringItOn"],"picked":"champ:CrookedStrike+1","floor":13},{"not_picked":["champ:Control","champ:StanceDance"],"picked":"champ:Encircle+1","floor":14},{"not_picked":["champ:CalledShot","champ:CrookedStrike+1"],"picked":"champ:BladeFlurry+1","floor":15},{"not_picked":["champ:StrikeOfGenius","champ:EnchantSword"],"picked":"champ:SteelEdge+1","floor":16},{"not_picked":["champ:CrookedStrike+1","champ:Balance","champ:PerfectedStrike+1"],"picked":"SKIP","floor":20},{"not_picked":["champ:SwordSigil","champ:Balance"],"picked":"champ:Haymaker+1","floor":21},{"not_picked":["champ:CrookedStrike+1","champ:Encircle+1","champ:FocusedBerserking+1"],"picked":"SKIP","floor":22},{"not_picked":["champ:EnGarde","champ:Control"],"picked":"champ:StanceDance+1","floor":26},{"not_picked":["champ:TornadoPunch+1","champ:ShieldThrow+1","champ:PerfectedStrike+1"],"picked":"SKIP","floor":28},{"not_picked":["champ:CrookedStrike+1","champ:Balance","champ:FocusedDefense"],"picked":"SKIP","floor":29},{"not_picked":["champ:BladeFlurry+1","champ:CrookedStrike+1","champ:StanceDance"],"picked":"SKIP","floor":31},{"not_picked":["champ:Encircle+1","champ:Circumvent","champ:RisingSlash+1"],"picked":"SKIP","floor":32},{"not_picked":["champ:EnchantSword","champ:ShieldThrow+1"],"picked":"champ:CheapShot+1","floor":33},{"not_picked":["champ:PerfectedStrike+1","champ:SwordSigil+1"],"picked":"champ:EnragedBash+1","floor":36},{"not_picked":["champ:EnragedBash+1","champ:BerserkersShout"],"picked":"champ:RageSigil+1","floor":38},{"not_picked":["expansioncontent:PrepareCrush","expansioncontent:DarkVoid+1"],"picked":"expansioncontent:HyperBeam+1","floor":39},{"not_picked":["champ:Circumvent+1","champ:FalseCounter","champ:SkillfulDodge+1"],"picked":"SKIP","floor":40},{"not_picked":["champ:CrookedStrike+1","champ:BerserkersShout"],"picked":"champ:StanceDance","floor":42},{"not_picked":["champ:BerserkersShout","champ:DefensiveStyle"],"picked":"champ:RapidStrikes+1","floor":43},{"not_picked":["champ:ShieldWall","champ:Encircle+1"],"picked":"champ:RapidStrikes+1","floor":47},{"not_picked":["champ:StanceDance","champ:Encircle+1"],"picked":"champ:AdrenalArmor","floor":48},{"not_picked":["champ:PreciseThrust+1","champ:RageSigil"],"picked":"champ:EnchantSword","floor":49}],"player_experience":1603523,"relics_obtained":[{"floor":3,"key":"Bronze Scales"},{"floor":9,"key":"Molten Egg 2"},{"floor":22,"key":"Incense Burner"},{"floor":24,"key":"War Paint"},{"floor":26,"key":"Nunchaku"},{"floor":37,"key":"Guardian:PocketSentry"},{"floor":38,"key":"champ:FightingForDummies"},{"floor":40,"key":"Matryoshka"},{"floor":41,"key":"Bag of Marbles"},{"floor":41,"key":"Regal Pillow"}],"event_choices":[{"damage_healed":0,"gold_gain":0,"player_choice":"Got Potions","damage_taken":0,"max_hp_gain":0,"max_hp_loss":0,"event_name":"Lab","floor":2,"gold_loss":0},{"damage_healed":0,"gold_gain":0,"player_choice":"Donut","damage_taken":0,"max_hp_gain":5,"max_hp_loss":0,"event_name":"Big Fish","floor":12,"gold_loss":0},{"damage_healed":0,"gold_gain":0,"player_choice":"Upgraded","damage_taken":0,"max_hp_gain":0,"max_hp_loss":0,"event_name":"Upgrade Shrine","floor":19,"gold_loss":0,"cards_upgraded":["champ:FanOfKnives"]}],"is_beta":false,"boss_relics":[{"not_picked":["Busted Crown","Fusion Hammer"],"picked":"SacredBark"},{"not_picked":["Pandora\u0027s Box","Sozu"],"picked":"Empty Cage"}],"items_purged_floors":[],"is_endless":false,"potions_floor_spawned":[4,6,9,13,15,16,22,28,29,31,33,38,40,43],"ascension_level":3}}