{"host":"ks12kfi5c4d9hdxy","time":1607971348,"event":{"mods":["BaseMod","Conspire","GifTheSpireLib","HololiveMod","Koishi","LagranYue(拉格朗・月)","Marisa（F雨　魔理沙）","Minty Spire (QoL Compilation)","Reimu（博丽灵梦）","Remilia（蕾米莉亚）","Replay The Spire","RumiaBox-露米娅的神秘盒子","StSLib","SuperFastMode","The Administrix","The Servant 0.9.4","Youmu（魂魄妖梦）","Yuyuko","【功能Mod】混沌之环修复补丁","【功能Mod】聪明的最终Boss","篝火指南"],"gold_per_floor":[111,36,36,36,54,85,85,110,133,158,177,177,205,258,258,353,353,384,384,400,325,349,363,363],"floor_reached":23,"playtime":588,"items_purged":["Strike_MRS"],"score":464,"play_id":"6ee47364-d4f4-4974-90af-4e5627db9883","local_time":"20201215024228","is_ascension_mode":true,"campfire_choices":[{"data":"MilkyWay","floor":7.0,"key":"SMITH"},{"floor":12.0,"key":"REST"},{"floor":15.0,"key":"REST"}],"circlet_count":0,"master_deck":["AscendersBane","Defend_MRS","Defend_MRS","Defend_MRS","Defend_MRS","MasterSpark","UpSweep","PowerUp","MilkyWay+1","Singularity","MilkyWay","UnstableBomb","Envy_TH","ManaConvection","MachineGunSpark"],"relics":["MiniHakkero","LagranYue:RandomDrawCardRelic","NeowsBlessing","Replay:Mystery Machine","Pear","ZombieArmy","Replay:Bandana","Golden Egg","Cursed Key"],"acts_visited":["Exordium","TheCity"],"potions_floor_usage":[22],"damage_taken":[{"damage":0.0,"enemies":"2 Louse","floor":1.0,"turns":1.0},{"damage":0.0,"enemies":"Small Slimes","floor":5.0,"turns":1.0},{"damage":0.0,"enemies":"Lagavulin","floor":6.0,"turns":1.0},{"damage":23.0,"enemies":"Gremlin Nob","floor":8.0,"turns":4.0},{"damage":23.0,"enemies":"3 Sentries","floor":10.0,"turns":8.0},{"damage":2.0,"enemies":"Jaw Worm","floor":11.0,"turns":3.0},{"damage":6.0,"enemies":"3 Louse","floor":13.0,"turns":4.0},{"damage":23.0,"enemies":"Lagavulin","floor":14.0,"turns":5.0},{"damage":21.0,"enemies":"Slime Boss","floor":16.0,"turns":9.0},{"damage":19.0,"enemies":"Shell Parasite","floor":18.0,"turns":5.0},{"damage":12.0,"enemies":"2 Thieves","floor":20.0,"turns":4.0},{"damage":9,"enemies":"Snecko","floor":22,"turns":5},{"damage":34,"enemies":"Book of Stabbing","floor":23,"turns":4}],"seed_played":"-4063195119945746251","potions_obtained":[{"floor":5.0,"key":"BlessingOfTheForge"},{"floor":6.0,"key":"BlessingOfTheForge"},{"floor":8.0,"key":"ColorlessPotion"},{"floor":11.0,"key":"EssenceOfSteel"},{"floor":20.0,"key":"Weak Potion"}],"is_trial":false,"path_per_floor":["M","$","?","?","M","E","R","E","T","E","M","R","M","E","R","B",null,"M","?","M","?","M","E"],"character_chosen":"MARISA","items_purchased":[],"campfire_rested":2,"item_purchase_floors":[],"current_hp_per_floor":[63,63,63,70,70,70,70,57,57,34,32,56,50,27,51,30,68,49,49,37,37,28,0,0],"gold":363,"neow_bonus":"THREE_ENEMY_KILL","is_daily":false,"chose_seed":false,"campfire_upgraded":1,"win_rate":0.0,"timestamp":1607971348,"path_taken":["M","$","?","?","M","E","R","E","T","E","M","R","M","E","R","BOSS","M","?","M","?","M","E"],"items_purchased_type":[],"build_version":"2020-12-13","purchased_purges":1,"victory":false,"max_hp_per_floor":[70,70,70,70,70,70,70,80,80,80,80,80,80,80,80,80,80,80,80,80,80,80,80,80],"card_choices":[{"not_picked":["Acceleration","Occultation"],"picked":"PowerUp","floor":1.0},{"not_picked":["DoubleSpark","GravityBeat"],"picked":"MilkyWay","floor":5.0},{"not_picked":["DoubleSpark","DragonMeteor","Acceleration"],"picked":"SKIP","floor":6.0},{"not_picked":["WitchLeyline","SuperNova"],"picked":"Singularity","floor":8.0},{"not_picked":["OneTimeOff","GravityBeat","MagicChant"],"picked":"SKIP","floor":10.0},{"not_picked":["StarlightTyphoon","Acceleration"],"picked":"MilkyWay","floor":11.0},{"not_picked":["AsteroidBelt","WitchLeyline"],"picked":"UnstableBomb","floor":13.0},{"not_picked":["AlicesGift","GalacticHalo","NonDirectionalLaser"],"picked":"SKIP","floor":14.0},{"not_picked":["DarkMatter","Robbery+1","ShootingEcho+1"],"picked":"SKIP","floor":18.0},{"not_picked":["WitchLeyline","SporeBomb"],"picked":"ManaConvection","floor":20.0},{"not_picked":["NonDirectionalLaser+1","SporeBomb"],"picked":"MachineGunSpark","floor":22}],"player_experience":485892,"relics_obtained":[{"floor":6.0,"key":"Replay:Mystery Machine"},{"floor":8.0,"key":"Pear"},{"floor":9.0,"key":"ZombieArmy"},{"floor":10.0,"key":"Replay:Bandana"},{"floor":14.0,"key":"Golden Egg"}],"event_choices":[{"damage_healed":0.0,"max_hp_gain":0.0,"max_hp_loss":0.0,"gold_gain":0.0,"event_name":"conspire:LoneGhost","player_choice":"Disagree","floor":3.0,"gold_loss":0.0,"damage_taken":0.0},{"damage_healed":23.0,"max_hp_gain":0.0,"max_hp_loss":0.0,"gold_gain":0.0,"event_name":"Big Fish","player_choice":"Banana","floor":4.0,"gold_loss":0.0,"damage_taken":0.0},{"cards_removed":["Strike_MRS"],"damage_healed":0.0,"max_hp_gain":0.0,"max_hp_loss":0.0,"gold_gain":0.0,"event_name":"Beggar","player_choice":"Gave Gold","floor":21.0,"gold_loss":75.0,"damage_taken":0.0}],"is_beta":false,"boss_relics":[{"not_picked":["Hololive_ChaosS","Painkiller Herb"],"picked":"Cursed Key"}],"items_purged_floors":[2],"is_endless":false,"potions_floor_spawned":[5,6,8,11,20],"killed_by":"Book of Stabbing","ascension_level":18}}