{"host":"4cz9gr89nglr7k8k","time":1607982817,"event":{"mods":["BaseMod","Minty Spire (QoL Compilation)","Relic Stats","Slay-I"],"gold_per_floor":[113,113,113,133,4,31,31,60,129,160,93,93,243,243,243],"floor_reached":14,"playtime":268,"items_purged":[],"score":252,"play_id":"9ab34d99-675a-4686-8f69-328c7ee0bf5c","local_time":"20201214225337","is_ascension_mode":true,"campfire_choices":[{"data":"Bouncing Flask","floor":7,"key":"SMITH"},{"floor":12,"key":"REST"}],"circlet_count":0,"master_deck":["AscendersBane","Strike_G","Strike_G","Strike_G","Strike_G","Strike_G","Defend_G","Defend_G","Defend_G","Defend_G","Defend_G","Survivor","Neutralize","Sucker Punch","Choke","Bouncing Flask+1","Caltrops","Deflect","Sucker Punch","Accuracy","Doubt"],"relics":["Ring of the Snake","NeowsBlessing","Bronze Scales","Tough Bandages","Ninja Scroll","Lantern"],"acts_visited":["Exordium"],"potions_floor_usage":[10,14],"damage_taken":[{"damage":0,"enemies":"Small Slimes","floor":1,"turns":1},{"damage":0,"enemies":"Jaw Worm","floor":4,"turns":1},{"damage":0,"enemies":"Gremlin Nob","floor":6,"turns":1},{"damage":35,"enemies":"Lagavulin","floor":8,"turns":6},{"damage":11,"enemies":"Gremlin Nob","floor":10,"turns":4},{"damage":43,"enemies":"3 Sentries","floor":14,"turns":8}],"seed_played":"2556212176904519605","potions_obtained":[{"floor":4,"key":"DuplicationPotion"},{"floor":6,"key":"GhostInAJar"}],"is_trial":false,"path_per_floor":["M","?","?","M","$","E","R","E","T","E","?","R","?","E"],"character_chosen":"THE_SILENT","items_purchased":["Bouncing Flask","Caltrops"],"campfire_rested":1,"item_purchase_floors":[5,5],"current_hp_per_floor":[59,59,64,64,64,64,64,29,29,18,18,39,39,0,0],"gold":243,"neow_bonus":"THREE_ENEMY_KILL","is_daily":false,"chose_seed":false,"campfire_upgraded":1,"win_rate":0.0,"timestamp":1607982817,"path_taken":["M","?","?","M","$","E","R","E","T","E","?","R","?","E"],"items_purchased_type":["Card","Card"],"build_version":"2020-12-13","purchased_purges":0,"victory":false,"max_hp_per_floor":[66,66,71,71,71,71,71,71,71,71,71,71,71,71,71],"relic_stats":{"Tough Bandages":[3],"counters":[6,21],"Bronze Scales":[39],"obtain_stats":[{"Tough Bandages":8,"Lantern":10,"NeowsBlessing":0,"Ninja Scroll":9,"Bronze Scales":6,"Ring of the Snake":0},{"Tough Bandages":4,"Lantern":5,"NeowsBlessing":0,"Ninja Scroll":4,"Bronze Scales":3,"Ring of the Snake":0},{"Tough Bandages":9,"Lantern":13,"NeowsBlessing":0,"Ninja Scroll":9,"Bronze Scales":3,"Ring of the Snake":0}],"Ring of the Snake":[12]},"card_choices":[{"not_picked":["Outmaneuver","Blade Dance"],"picked":"Sucker Punch","floor":1},{"not_picked":["Distraction","Deflect"],"picked":"Choke","floor":4},{"not_picked":["Tactician","Eviscerate"],"picked":"Deflect","floor":6},{"not_picked":["Expertise","Night Terror"],"picked":"Sucker Punch","floor":8},{"not_picked":["Footwork","Underhanded Strike"],"picked":"Accuracy","floor":10}],"player_experience":1441019,"relics_obtained":[{"floor":6,"key":"Bronze Scales"},{"floor":8,"key":"Tough Bandages"},{"floor":9,"key":"Ninja Scroll"},{"floor":10,"key":"Lantern"}],"event_choices":[{"damage_healed":0,"gold_gain":0,"player_choice":"Leave","damage_taken":0,"max_hp_gain":0,"max_hp_loss":0,"event_name":"The Cleric","floor":2,"gold_loss":0},{"damage_healed":0,"gold_gain":0,"player_choice":"Donut","damage_taken":0,"max_hp_gain":5,"max_hp_loss":0,"event_name":"Big Fish","floor":3,"gold_loss":0},{"damage_healed":0,"gold_gain":0,"player_choice":"Left Gold","damage_taken":0,"max_hp_gain":0,"max_hp_loss":0,"event_name":"World of Goop","floor":11,"gold_loss":67},{"damage_healed":0,"gold_gain":150,"player_choice":"AGREE","damage_taken":0,"max_hp_gain":0,"max_hp_loss":0,"event_name":"Liars Game","floor":13,"gold_loss":0,"cards_obtained":["Doubt"]}],"is_beta":false,"boss_relics":[],"items_purged_floors":[],"is_endless":false,"potions_floor_spawned":[4,6],"killed_by":"3 Sentries","ascension_level":19}}