{"host":"awiss","time":1607922481,"event":{"mods":["Aspiration","BaseMod","Better Vampires","Colored Powertips","Friendly Minions","GungeonMod","Highlight Path","Kiyohime£®«Âºß£©","Marisa£®ÏF”Í°°ƒß¿Ì…≥£©","Minty Spire (QoL Compilation)","Quick Restart","Remilia£®¿Ÿ√◊¿Ú—«£©","Replay The Spire","StSLib","Td1madao Mod","The Bug Knight","The Cursed","The Senshi","The Servant 0.9.4","Youmu£®ªÍ∆«—˝√Œ£©"],"gold_per_floor":[110,125,139,139,155,155,155],"floor_reached":6,"playtime":521,"items_purged":[],"score":38,"play_id":"4451811e-40a2-46b2-b93b-9277a1b0f629","local_time":"20201214130801","is_ascension_mode":false,"campfire_choices":[],"circlet_count":0,"master_deck":["Strike_S","Strike_S","Strike_S","Strike_S","Defend_S","Defend_S","Defend_S","KidneyShot","Exchange","BottledTime","Starlight","Duplication","GearUp","Gouge"],"relics":["Uniform","ReplayTheSpireMod:Lightbulb"],"acts_visited":["Exordium"],"potions_floor_usage":[5],"damage_taken":[{"damage":1,"enemies":"Jaw Worm","floor":1,"turns":5},{"damage":0,"enemies":"Cultist","floor":2,"turns":4},{"damage":0,"enemies":"Small Slimes","floor":3,"turns":3},{"damage":8,"enemies":"2 Fungi Beasts","floor":5,"turns":4},{"damage":60,"enemies":"Gremlin Nob","floor":6,"turns":5}],"seed_played":"1120937883242917328","potions_obtained":[{"floor":1,"key":"Adrenaline Potion"},{"floor":5,"key":"Elixir"}],"is_trial":false,"path_per_floor":["M","M","M","?","M","E"],"character_chosen":"THE_SERVANT","items_purchased":[],"campfire_rested":0,"item_purchase_floors":[],"current_hp_per_floor":[64,64,64,64,56,0,0],"gold":155,"neow_bonus":"RANDOM_COMMON_RELIC","is_daily":false,"chose_seed":false,"campfire_upgraded":0,"win_rate":0.0,"timestamp":1607922481,"path_taken":["M","M","M","?","?","E"],"items_purchased_type":[],"build_version":"2020-12-07","purchased_purges":0,"victory":false,"max_hp_per_floor":[65,65,65,65,65,65,65],"card_choices":[{"not_picked":["Hightail","FastForward"],"picked":"BottledTime","floor":1},{"not_picked":["Unruled","Alleviate"],"picked":"Starlight","floor":2},{"not_picked":["ShiftingGears","Starlight"],"picked":"Duplication","floor":3},{"not_picked":["Rearm","Hightail"],"picked":"Gouge","floor":5}],"player_experience":162662,"relics_obtained":[],"event_choices":[{"damage_healed":0,"gold_gain":0,"cards_transformed":["Defend_S"],"player_choice":"Transformed","damage_taken":0,"max_hp_gain":0,"max_hp_loss":0,"event_name":"Transmorgrifier","floor":4,"gold_loss":0,"cards_obtained":["GearUp"]}],"is_beta":true,"boss_relics":[],"items_purged_floors":[],"is_endless":false,"potions_floor_spawned":[1,5],"killed_by":"Gremlin Nob","ascension_level":0}}