{"host":"2yqfi47fogfu1ic4","time":1607961937,"event":{"mods":["AchievementEnabler","BaseMod","Colored Map","Colored Powertips","Highlight Path","Minty Spire (QoL Compilation)","Permanent Neow","Relic Stats","StSLib"],"gold_per_floor":[118,137,137,151,168,203,203,203,203,91,91,118,118,137,137,214,214,228,62,62,37,48,48,6,22,22,22,57,57,57,57,57,132,132,142,142,142,152,152,152,169,196,208,232,144,176,189,201,201,201,201,201,201,22,53,53,53],"floor_reached":56,"playtime":19275,"items_purged":["Strike_G","Strike_G","Decay"],"score":1930,"play_id":"b6862f8e-abf8-41e2-970f-919f81ce7ada","local_time":"20201214170537","is_ascension_mode":true,"campfire_choices":[{"floor":7.0,"key":"REST"},{"data":"Footwork","floor":11.0,"key":"SMITH"},{"floor":15.0,"key":"REST"},{"floor":23.0,"key":"REST"},{"data":"Noxious Fumes","floor":27.0,"key":"SMITH"},{"floor":32.0,"key":"REST"},{"floor":40.0,"key":"RECALL"},{"floor":49,"key":"REST"},{"floor":53,"key":"REST"}],"circlet_count":0,"master_deck":["AscendersBane","Strike_G","Strike_G","Defend_G","Defend_G","Defend_G","Defend_G","Defend_G","Survivor","Neutralize","Endless Agony","Dagger Throw","Cloak And Dagger","Poisoned Stab","Backstab","Footwork+1","Blade Dance","Dagger Spray","Footwork+1","Noxious Fumes+1","Dash","Backflip","Night Terror","Malaise","Outmaneuver+1","PiercingWail+1","Backflip","After Image","Concentrate","Dash","PiercingWail+1"],"relics":["Ring of the Snake","Gambling Chip","White Beast Statue","Ornamental Fan","Cursed Key","Toolbox","Nilry\u0027s Codex","Runic Pyramid","MawBank","Vajra"],"acts_visited":["Exordium","TheCity","TheBeyond","TheEnding"],"potions_floor_usage":[46,50,51,55,56],"damage_taken":[{"damage":2.0,"enemies":"Jaw Worm","floor":1.0,"turns":9.0},{"damage":0.0,"enemies":"Small Slimes","floor":2.0,"turns":3.0},{"damage":0.0,"enemies":"Cultist","floor":4.0,"turns":4.0},{"damage":10.0,"enemies":"Lots of Slimes","floor":5.0,"turns":4.0},{"damage":30.0,"enemies":"Gremlin Nob","floor":6.0,"turns":4.0},{"damage":19.0,"enemies":"Lagavulin","floor":12.0,"turns":9.0},{"damage":0.0,"enemies":"Large Slime","floor":14.0,"turns":8.0},{"damage":16.0,"enemies":"The Guardian","floor":16.0,"turns":18.0},{"damage":13.0,"enemies":"Chosen","floor":18.0,"turns":8.0},{"damage":0.0,"enemies":"Shell Parasite","floor":22.0,"turns":4.0},{"damage":0.0,"enemies":"Centurion and Healer","floor":25.0,"turns":5.0},{"damage":0.0,"enemies":"Sentry and Sphere","floor":28.0,"turns":6.0},{"damage":2.0,"enemies":"Champ","floor":33.0,"turns":10.0},{"damage":4.0,"enemies":"3 Darklings","floor":35.0,"turns":4.0},{"damage":0.0,"enemies":"3 Shapes","floor":38.0,"turns":9.0},{"damage":2.0,"enemies":"Spire Growth","floor":41.0,"turns":7.0},{"damage":0.0,"enemies":"Nemesis","floor":42.0,"turns":8.0},{"damage":7,"enemies":"Maw","floor":44,"turns":10},{"damage":0,"enemies":"Reptomancer","floor":46,"turns":8},{"damage":4,"enemies":"3 Darklings","floor":47,"turns":7},{"damage":7,"enemies":"Jaw Worm Horde","floor":48,"turns":6},{"damage":12,"enemies":"Time Eater","floor":50,"turns":14},{"damage":36,"enemies":"Awakened One","floor":51,"turns":26},{"damage":45,"enemies":"Shield and Spear","floor":55,"turns":11},{"damage":25,"enemies":"The Heart","floor":56,"turns":3}],"seed_played":"-1863625816143977291","potions_obtained":[{"floor":1.0,"key":"LiquidMemories"},{"floor":6.0,"key":"ColorlessPotion"},{"floor":12.0,"key":"Weak Potion"},{"floor":13.0,"key":"DuplicationPotion"},{"floor":16.0,"key":"Weak Potion"},{"floor":18.0,"key":"Weak Potion"},{"floor":28.0,"key":"EntropicBrew"},{"floor":33.0,"key":"Swift Potion"},{"floor":38.0,"key":"Fire Potion"},{"floor":41.0,"key":"AttackPotion"},{"floor":42.0,"key":"GhostInAJar"},{"floor":46,"key":"Explosive Potion"},{"floor":47,"key":"PowerPotion"},{"floor":55,"key":"Regen Potion"}],"is_trial":false,"path_per_floor":["M","M","?","M","M","E","R","?","T","$","R","E","?","M","R","B",null,"M","$","?","$","M","R","$","M","T","R","M","?","$","?","R","B",null,"M","?","?","M","T","R","M","E","T","M","$","E","M","M","R","B","B",null,"R","$","E","B"],"character_chosen":"THE_SILENT","items_purchased":["Footwork","Toolbox","Dagger Spray","Noxious Fumes","FearPotion"],"campfire_rested":6,"item_purchase_floors":[10,19,21,24,54],"current_hp_per_floor":[57,57,57,57,47,17,35,28,28,28,28,9,9,9,27,11,48,35,35,14,14,14,32,32,32,32,32,32,32,32,32,50,48,57,53,53,53,53,53,53,51,51,51,44,44,44,40,33,51,39,3,46,60,60,15,0,0],"gold":53,"neow_bonus":"ONE_RARE_RELIC","is_daily":false,"chose_seed":false,"campfire_upgraded":2,"win_rate":0.0,"timestamp":1607961937,"path_taken":["M","M","?","M","M","E","R","?","T","$","R","E","?","?","R","BOSS","M","?","?","$","M","R","?","M","T","R","M","?","?","?","R","BOSS","M","?","?","M","?","R","M","E","T","M","$","E","M","M","R","BOSS","BOSS","R","$","E","BOSS"],"items_purchased_type":["Card","Relic","Card","Card","Potion"],"build_version":"2020-12-13","purchased_purges":3,"victory":false,"max_hp_per_floor":[60,60,60,60,60,60,60,60,60,60,60,60,60,60,60,60,60,60,60,60,60,60,60,60,60,60,60,60,60,60,60,60,60,60,60,60,60,60,60,60,60,60,60,60,60,60,60,60,60,60,60,60,60,60,60,60,60],"relic_stats":{"counters":[25,205],"Ornamental Fan":[328],"Gambling Chip":[85],"Cursed Key":0,"MawBank":36,"obtain_stats":[{"Ornamental Fan":12,"Nilry\u0027s Codex":20,"Gambling Chip":0,"Toolbox":19,"Vajra":55,"Cursed Key":17,"MawBank":42,"White Beast Statue":6,"Ring of the Snake":0,"Runic Pyramid":34},{"Ornamental Fan":6,"Nilry\u0027s Codex":9,"Gambling Chip":0,"Toolbox":9,"Vajra":24,"Cursed Key":8,"MawBank":17,"White Beast Statue":5,"Ring of the Snake":0,"Runic Pyramid":13},{"Ornamental Fan":33,"Nilry\u0027s Codex":67,"Gambling Chip":0,"Toolbox":67,"Vajra":202,"Cursed Key":59,"MawBank":120,"White Beast Statue":24,"Ring of the Snake":0,"Runic Pyramid":92}],"Ring of the Snake":[54]},"card_choices":[{"not_picked":["Outmaneuver","Underhanded Strike"],"picked":"Endless Agony","floor":1.0},{"not_picked":["Calculated Gamble","Underhanded Strike"],"picked":"Dagger Throw","floor":2.0},{"not_picked":["Deadly Poison","Riddle With Holes"],"picked":"Cloak And Dagger","floor":4.0},{"not_picked":["Slice","Sucker Punch"],"picked":"Poisoned Stab","floor":5.0},{"not_picked":["Dagger Spray","Slice"],"picked":"Backstab","floor":6.0},{"not_picked":["Riddle With Holes","Choke","Concentrate"],"picked":"SKIP","floor":12.0},{"not_picked":["Sucker Punch","Cloak And Dagger","Quick Slash"],"picked":"SKIP","floor":14.0},{"not_picked":["Tactician","Dagger Throw"],"picked":"Blade Dance","floor":18.0},{"not_picked":["Underhanded Strike","Flechettes"],"picked":"Footwork+1","floor":22.0},{"not_picked":["Expertise","Blade Dance"],"picked":"Dash","floor":25.0},{"not_picked":["Blade Dance+1","Dodge and Roll"],"picked":"Backflip","floor":28.0},{"not_picked":["Envenom","A Thousand Cuts"],"picked":"Malaise","floor":33.0},{"not_picked":["Heel Hook+1","Footwork"],"picked":"Outmaneuver+1","floor":35.0},{"not_picked":["Outmaneuver","Deflect"],"picked":"PiercingWail+1","floor":38.0},{"not_picked":["Bane+1","Masterful Stab+1","Choke"],"picked":"SKIP","floor":41.0},{"not_picked":["Skewer","Dagger Throw","Quick Slash"],"picked":"SKIP","floor":42.0},{"not_picked":["Caltrops","Masterful Stab"],"picked":"Backflip","floor":44},{"not_picked":["Dagger Spray","Setup"],"picked":"After Image","floor":46},{"not_picked":["Flying Knee","Dash"],"picked":"Concentrate","floor":47},{"not_picked":["Heel Hook","Quick Slash+1"],"picked":"Dash","floor":48},{"not_picked":["Calculated Gamble","Poisoned Stab+1"],"picked":"PiercingWail+1","floor":55}],"player_experience":1745354,"relics_obtained":[{"floor":6.0,"key":"White Beast Statue"},{"floor":12.0,"key":"Ornamental Fan"},{"floor":20.0,"key":"Nilry\u0027s Codex"},{"floor":42.0,"key":"MawBank"},{"floor":55,"key":"Vajra"}],"event_choices":[{"damage_healed":0.0,"max_hp_gain":0.0,"max_hp_loss":0.0,"gold_gain":0.0,"event_name":"Liars Game","player_choice":"Ignored","floor":3.0,"gold_loss":0.0,"damage_taken":0.0},{"cards_removed":["Strike_G"],"damage_healed":0.0,"max_hp_gain":0.0,"max_hp_loss":0.0,"gold_gain":0.0,"event_name":"Golden Wing","player_choice":"Card Removal","floor":8.0,"gold_loss":0.0,"damage_taken":7.0},{"damage_healed":0.0,"max_hp_gain":0.0,"max_hp_loss":0.0,"gold_gain":0.0,"event_name":"Lab","player_choice":"Got Potions","floor":13.0,"gold_loss":0.0,"damage_taken":0.0},{"damage_healed":0.0,"max_hp_gain":0.0,"max_hp_loss":0.0,"gold_gain":0.0,"event_name":"Cursed Tome","player_choice":"Obtained Book","floor":20.0,"gold_loss":0.0,"damage_taken":21.0},{"damage_healed":0.0,"max_hp_gain":0.0,"max_hp_loss":0.0,"gold_gain":0.0,"event_name":"Forgotten Altar","player_choice":"Smashed Altar","floor":29.0,"gold_loss":0.0,"damage_taken":0.0,"cards_obtained":["Decay"]},{"damage_healed":0.0,"max_hp_gain":0.0,"max_hp_loss":0.0,"gold_gain":0.0,"event_name":"The Library","player_choice":"Read","floor":31.0,"gold_loss":0.0,"damage_taken":0.0,"cards_obtained":["Night Terror"]},{"damage_healed":0.0,"max_hp_gain":0.0,"max_hp_loss":0.0,"gold_gain":0.0,"event_name":"Tomb of Lord Red Mask","player_choice":"Ignored","floor":36.0,"gold_loss":0.0,"damage_taken":0.0},{"damage_healed":0.0,"max_hp_gain":0.0,"max_hp_loss":0.0,"gold_gain":0.0,"event_name":"Mysterious Sphere","player_choice":"Ignored","floor":37.0,"gold_loss":0.0,"damage_taken":0.0}],"is_beta":false,"boss_relics":[{"not_picked":["Velvet Choker","Ring of the Serpent"],"picked":"Cursed Key"},{"not_picked":["Calling Bell","Astrolabe"],"picked":"Runic Pyramid"}],"items_purged_floors":[10,45,54],"is_endless":false,"potions_floor_spawned":[1,6,12,14,16,18,22,25,28,33,35,38,41,42,44,46,47,48,55],"killed_by":"The Heart","ascension_level":20}}