{"host":"6fbjdsiu9jij34p7","time":1607948542,"event":{"mods":["2.2 Compatiblity","AchievementEnabler","BaseMod","Colored Map","DeckTracker","Highlight Path","Keyboard Shortcuts","Minty Spire (QoL Compilation)","Permanent Neow","Quick Restart","StSLib","SuperFastMode"],"gold_per_floor":[210,2,77,77,92,92,112,142,142,142,153,170,8,8,8,107,107,123,134,147,246,2,35,35,35,81,81,91,126,126,137,137,236,236,249,249,249,249,249,249,299,331,331,331,362,362,362,362,362,362],"floor_reached":51,"playtime":1164,"items_purged":["Strike_R"],"score":1115,"play_id":"84ab4b8b-80a0-47e5-9e81-15dcbfef7302","local_time":"20201214212222","is_ascension_mode":true,"campfire_choices":[{"floor":6.0,"key":"REST"},{"floor":10.0,"key":"REST"},{"floor":15.0,"key":"REST"},{"floor":24.0,"key":"REST"},{"floor":30.0,"key":"REST"},{"floor":32.0,"key":"REST"},{"data":"Limit Break","floor":40.0,"key":"SMITH"},{"floor":44,"key":"REST"},{"floor":47,"key":"REST"},{"floor":49,"key":"REST"}],"circlet_count":0,"master_deck":["Bash","Flex","Inflame","Limit Break+1","Offering","Heavy Blade","Intimidate+1","Inflame","Flex+1","Offering+1","Shrug It Off+1","Cleave+1","Flex+1","Inflame","Armaments+1","Flex+1","Battle Trance+1","Feed","Headbutt","Battle Trance+1","Battle Trance+1","Burning Pact+1","Anger","Evolve","Burning Pact+1","Intimidate+1","Bandage Up+1","Madness+1","Madness+1","Body Slam+1"],"relics":["Burning Blood","Toxic Egg 2","HornCleat","Question Card","Runic Cube","Juzu Bracelet","Anchor","Bag of Marbles","Sundial","Pandora\u0027s Box","Lizard Tail","Peace Pipe","Bird Faced Urn","Vajra","Bronze Scales"],"acts_visited":["Exordium","TheCity","TheBeyond"],"potions_floor_usage":[42,42,42,45,50],"damage_taken":[{"damage":3.0,"enemies":"2 Louse","floor":1.0,"turns":3.0},{"damage":6.0,"enemies":"Cultist","floor":5.0,"turns":2.0},{"damage":15.0,"enemies":"Jaw Worm","floor":7.0,"turns":3.0},{"damage":37.0,"enemies":"Gremlin Nob","floor":8.0,"turns":4.0},{"damage":9.0,"enemies":"Blue Slaver","floor":11.0,"turns":3.0},{"damage":19.0,"enemies":"Large Slime","floor":12.0,"turns":3.0},{"damage":63.0,"enemies":"Slime Boss","floor":16.0,"turns":9.0},{"damage":12.0,"enemies":"3 Byrds","floor":18.0,"turns":3.0},{"damage":6.0,"enemies":"Spheric Guardian","floor":19.0,"turns":3.0},{"damage":12.0,"enemies":"Chosen and Byrds","floor":20.0,"turns":2.0},{"damage":31.0,"enemies":"Slavers","floor":23.0,"turns":4.0},{"damage":12.0,"enemies":"Centurion and Healer","floor":28.0,"turns":1.0},{"damage":12.0,"enemies":"Book of Stabbing","floor":29.0,"turns":2.0},{"damage":12.0,"enemies":"Sentry and Sphere","floor":31.0,"turns":3.0},{"damage":12.0,"enemies":"Automaton","floor":33.0,"turns":4.0},{"damage":23.0,"enemies":"Orb Walker","floor":35.0,"turns":4.0},{"damage":12.0,"enemies":"Mind Bloom Boss Battle","floor":41.0,"turns":3.0},{"damage":72,"enemies":"Nemesis","floor":42,"turns":5},{"damage":12,"enemies":"Reptomancer","floor":45,"turns":1},{"damage":87,"enemies":"Time Eater","floor":50,"turns":7}],"seed_played":"5878764690561373960","potions_obtained":[{"floor":1.0,"key":"Weak Potion"},{"floor":12.0,"key":"Weak Potion"},{"floor":20.0,"key":"SkillPotion"},{"floor":28.0,"key":"DuplicationPotion"},{"floor":31.0,"key":"BloodPotion"},{"floor":33.0,"key":"Dexterity Potion"},{"floor":35.0,"key":"Strength Potion"},{"floor":38.0,"key":"EntropicBrew"}],"is_trial":false,"path_per_floor":["M","$","?","?","M","R","M","E","T","R","M","M","$","?","R","B",null,"M","M","M","?","$","E","R","?","T","?","M","E","R","M","R","B",null,"M","?","?","?","?","R","?","E","T","R","E","T","R","?","R","B",null],"character_chosen":"IRONCLAD","items_purchased":["Inflame","Limit Break","Inflame","Flex+1","Inflame","Armaments+1","Juzu Bracelet"],"campfire_rested":9,"item_purchase_floors":[2,2,13,13,22,22,22],"current_hp_per_floor":[80,80,69,69,69,80,71,40,40,64,61,48,48,45,69,12,63,57,57,51,51,51,26,50,50,50,50,44,38,62,56,80,74,79,65,65,65,81,71,71,71,14,14,39,35,35,60,60,85,18],"gold":362,"neow_bonus":"HUNDRED_GOLD","is_daily":false,"chose_seed":false,"campfire_upgraded":1,"win_rate":0.0,"timestamp":1607948542,"path_taken":["M","$","?","?","M","R","?","E","T","R","M","?","$","?","R","BOSS","M","M","M","?","$","E","R","?","T","?","M","E","R","M","R","BOSS","M","?","?","?","?","R","?","E","T","R","E","?","R","?","R","BOSS"],"items_purchased_type":["Card","Card","Card","Card","Card","Card","Relic"],"build_version":"2020-12-13","purchased_purges":1,"victory":true,"max_hp_per_floor":[80,80,80,80,80,80,80,80,80,80,80,80,80,80,80,80,80,80,80,80,80,80,80,80,80,80,80,80,80,80,80,80,80,80,83,83,83,83,83,83,83,86,86,86,86,86,86,86,86,89],"card_choices":[{"not_picked":["Dual Wield","Wild Strike"],"picked":"Flex","floor":1.0},{"not_picked":["Armaments","Perfected Strike","Sentinel"],"picked":"SKIP","floor":5.0},{"not_picked":["Iron Wave","Headbutt","Hemokinesis"],"picked":"SKIP","floor":7.0},{"not_picked":["Combust","Havoc+1"],"picked":"Thunderclap","floor":8.0},{"not_picked":["Hemokinesis","Havoc+1"],"picked":"Heavy Blade","floor":11.0},{"not_picked":["Perfected Strike","Burning Pact+1"],"picked":"Intimidate+1","floor":12.0},{"not_picked":["Feed","Fiend Fire","Bludgeon"],"picked":"Offering+1","floor":16.0},{"not_picked":["Clash+1","Pommel Strike+1","Twin Strike"],"picked":"Shrug It Off+1","floor":18.0},{"not_picked":["Infernal Blade+1","Pummel","Uppercut"],"picked":"Cleave+1","floor":19.0},{"not_picked":["True Grit+1","Iron Wave","Headbutt"],"picked":"Flex+1","floor":20.0},{"not_picked":["Juggernaut","Sever Soul+1","Ghostly Armor+1"],"picked":"Flex+1","floor":23.0},{"not_picked":["Sentinel+1","Havoc+1","Cleave","Burning Pact+1"],"picked":"SKIP","floor":28.0},{"not_picked":["Cleave","Sever Soul","Shockwave+1","Iron Wave+1"],"picked":"SKIP","floor":29.0},{"not_picked":["True Grit+1","Reckless Charge+1","Cleave"],"picked":"Battle Trance+1","floor":31.0},{"not_picked":["Offering+1","Immolate","Brutality"],"picked":"Feed","floor":33.0},{"not_picked":["Cleave","Warcry+1","Second Wind+1"],"picked":"Intimidate+1","floor":35.0},{"not_picked":["Forethought+1","Swift Strike","Purity+1"],"picked":"Bandage Up+1","floor":37.0},{"not_picked":["Havoc+1","True Grit+1","Clash+1"],"picked":"Body Slam+1","floor":41},{"not_picked":["Clothesline+1","Shockwave+1","Entrench+1","Havoc+1"],"picked":"SKIP","floor":42},{"not_picked":["Clothesline+1","Shockwave+1","Entrench+1","Havoc+1"],"picked":"SKIP","floor":42},{"not_picked":["Bloodletting+1","Thunderclap+1","Second Wind+1","Perfected Strike"],"picked":"SKIP","floor":45}],"player_experience":234864,"relics_obtained":[{"floor":8.0,"key":"Toxic Egg 2"},{"floor":9.0,"key":"HornCleat"},{"floor":23.0,"key":"Anchor"},{"floor":26.0,"key":"Bag of Marbles"},{"floor":29.0,"key":"Sundial"},{"floor":41,"key":"Lizard Tail"},{"floor":42,"key":"Peace Pipe"},{"floor":43,"key":"Bird Faced Urn"},{"floor":45,"key":"Vajra"},{"floor":46,"key":"Bronze Scales"}],"event_choices":[{"damage_healed":0.0,"max_hp_gain":0.0,"max_hp_loss":0.0,"gold_gain":75.0,"event_name":"World of Goop","player_choice":"Gather Gold","floor":3.0,"gold_loss":0.0,"damage_taken":11.0},{"damage_healed":0.0,"max_hp_gain":0.0,"max_hp_loss":0.0,"gold_gain":0.0,"event_name":"Match and Keep!","player_choice":"1 cards matched","floor":4.0,"gold_loss":0.0,"damage_taken":0.0,"cards_obtained":["Offering"]},{"damage_healed":0.0,"max_hp_gain":0.0,"max_hp_loss":0.0,"gold_gain":0.0,"event_name":"Scrap Ooze","player_choice":"Success","floor":14.0,"gold_loss":0.0,"damage_taken":3.0,"relics_obtained":["Question Card"]},{"damage_healed":0.0,"max_hp_gain":0.0,"max_hp_loss":0.0,"gold_gain":99.0,"event_name":"Nest","player_choice":"Stole From Cult","floor":21.0,"gold_loss":0.0,"damage_taken":0.0},{"damage_healed":0.0,"max_hp_gain":0.0,"max_hp_loss":0.0,"gold_gain":0.0,"event_name":"Vampires","player_choice":"Ignored","floor":25.0,"gold_loss":0.0,"damage_taken":0.0},{"cards_removed":["Strike_R"],"damage_healed":0.0,"max_hp_gain":0.0,"max_hp_loss":0.0,"gold_gain":0.0,"event_name":"Back to Basics","player_choice":"Elegance","floor":27.0,"gold_loss":0.0,"damage_taken":0.0},{"damage_healed":0.0,"max_hp_gain":0.0,"max_hp_loss":0.0,"gold_gain":0.0,"event_name":"Tomb of Lord Red Mask","player_choice":"Ignored","floor":36.0,"gold_loss":0.0,"damage_taken":0.0},{"damage_healed":0.0,"max_hp_gain":0.0,"max_hp_loss":0.0,"gold_gain":0.0,"event_name":"SensoryStone","player_choice":"Memory 1","floor":37.0,"gold_loss":0.0,"damage_taken":0.0},{"damage_healed":0.0,"max_hp_gain":0.0,"max_hp_loss":0.0,"gold_gain":0.0,"event_name":"Lab","player_choice":"Got Potions","floor":38.0,"gold_loss":0.0,"damage_taken":0.0},{"damage_healed":0.0,"max_hp_gain":0.0,"max_hp_loss":0.0,"gold_gain":0.0,"event_name":"Winding Halls","player_choice":"Embrace Madness","floor":39.0,"gold_loss":0.0,"damage_taken":10.0,"cards_obtained":["Madness","Madness"]},{"damage_healed":0.0,"max_hp_gain":0.0,"max_hp_loss":0.0,"gold_gain":0.0,"event_name":"MindBloom","player_choice":"Fight","floor":41.0,"gold_loss":0.0,"damage_taken":0.0},{"cards_removed":["Thunderclap"],"damage_healed":0,"gold_gain":0,"player_choice":"Removed Attack","damage_taken":0,"max_hp_gain":0,"max_hp_loss":0,"event_name":"Falling","floor":48,"gold_loss":0}],"is_beta":false,"boss_relics":[{"not_picked":["SacredBark","Black Blood"],"picked":"Runic Cube"},{"not_picked":["Runic Pyramid","Runic Dome"],"picked":"Pandora\u0027s Box"}],"items_purged_floors":[13],"is_endless":false,"potions_floor_spawned":[1,12,20,28,31,33,35,41],"ascension_level":5}}