{"host":"wqsqub3crsxqknzv","time":1607935496,"event":{"mods":["BaseMod","Better Third Choice","Colored Powertips","Conspire","Hubris","Infinite Spire","Jedi Mod","Minty Spire (QoL Compilation)","Replay The Spire","StSLib"],"gold_per_floor":[119,19,210,210,223,223,78,78,78,90,117,132,161,32,32,32,32],"floor_reached":16,"playtime":421,"items_purged":[],"score":108,"play_id":"bcb170d2-9fbf-4121-a84a-9574b6f5a7e8","local_time":"20201214104456","is_ascension_mode":false,"campfire_choices":[{"data":"Toxin Wave","floor":6,"key":"SMITH"},{"data":"Ghostly","floor":8,"key":"SMITH"},{"data":"Strike_G","floor":15,"key":"PURGE"}],"circlet_count":0,"master_deck":["Strike_G","Strike_G","Strike_G","Strike_G","Defend_G","Defend_G","Defend_G","Defend_G","Defend_G","Survivor","Neutralize","Toxin Wave+1","Ghostly+1","Dagger Spray","Phantasmal Killer","Dash","Footwork","Dodge and Roll"],"relics":["Ring of the Snake","NeowsBlessing","Snake Skull","hubris:TenFootPole","Replay:WaspNest","Unceasing Top","hubris:Spice"],"acts_visited":["Exordium"],"potions_floor_usage":[11],"damage_taken":[{"damage":0,"enemies":"conspire:RoseBush","floor":1,"turns":1},{"damage":0,"enemies":"Small Slimes","floor":5,"turns":1},{"damage":0,"enemies":"2 Louse","floor":10,"turns":1},{"damage":33,"enemies":"Gremlin Nob","floor":11,"turns":5},{"damage":0,"enemies":"2 Fungi Beasts","floor":12,"turns":2},{"damage":21,"enemies":"Replay:BlueRogue","floor":13,"turns":6},{"damage":27,"enemies":"Slime Boss","floor":16,"turns":10}],"seed_played":"-6494847008831182834","potions_obtained":[{"floor":5,"key":"Dexterity Potion"},{"floor":10,"key":"ColorlessPotion"}],"is_trial":false,"path_per_floor":["M","?","?","?","M","R","$","R","T","M","E","M","E","$","R","B"],"character_chosen":"THE_SILENT","items_purchased":["hubris:TenFootPole","Footwork","Dodge and Roll"],"campfire_rested":0,"item_purchase_floors":[7,14,14],"current_hp_per_floor":[70,70,70,70,70,70,70,70,70,70,37,37,24,24,24,0,0],"gold":32,"neow_bonus":"THREE_ENEMY_KILL","is_daily":false,"chose_seed":false,"campfire_upgraded":2,"win_rate":0.0,"timestamp":1607935496,"path_taken":["M","?","?","?","M","R","?","R","T","M","E","M","E","$","R","BOSS"],"items_purchased_type":["Relic","Card","Card"],"build_version":"2020-11-29","purchased_purges":0,"victory":false,"max_hp_per_floor":[70,70,70,70,70,70,70,70,70,70,70,70,78,78,78,78,78],"card_choices":[{"not_picked":["Caltrops","hubris:SlightOfHand"],"picked":"Toxin Wave","floor":1},{"not_picked":["Endless Agony","Calculated Gamble"],"picked":"Dagger Spray","floor":3},{"not_picked":["Blade Dance","jedi:acidrain","Deadly Poison"],"picked":"SKIP","floor":5},{"not_picked":["Dagger Throw","jedi:pocketpoison","Escape Plan"],"picked":"SKIP","floor":10},{"not_picked":["Quick Slash","Underhanded Strike","ReplayTheSpireMod:The Works"],"picked":"SKIP","floor":11},{"not_picked":["PiercingWail","Predator"],"picked":"Phantasmal Killer","floor":12},{"not_picked":["Backflip","jedi:pocketpoison"],"picked":"Dash","floor":13}],"player_experience":716,"relics_obtained":[{"floor":4,"key":"Snake Skull"},{"floor":9,"key":"Replay:WaspNest"},{"floor":11,"key":"Unceasing Top"},{"floor":13,"key":"hubris:Spice"}],"event_choices":[{"damage_healed":0,"gold_gain":0,"player_choice":"Argue","damage_taken":0,"max_hp_gain":0,"max_hp_loss":0,"event_name":"conspire:LoneGhost","floor":2,"gold_loss":0}],"is_beta":false,"boss_relics":[],"items_purged_floors":[],"is_endless":false,"potions_floor_spawned":[5,10],"killed_by":"Slime Boss","ascension_level":0}}