{"host":"ndqkyrxelzss439h","time":1607910907,"event":{"mods":["2.2 Compatiblity","Act Like it!","BaseMod","Better Third Choice","Colored Map","Colored Powertips","Downfall","Highlight Path","Infinite Spire","Mimic Mod","Minty Spire (QoL Compilation)","Permanent Neow","Quick Restart","Replay The Spire","StSLib","Steal the Spire"],"gold_per_floor":[99,133,150,300,325,325,370,27,51,51,51,70,70,92,114,114,114],"floor_reached":16,"playtime":1119,"items_purged":["hexamod:Defend"],"score":102,"play_id":"59c1e2cc-4ea3-427e-90e0-5673c90e1a98","local_time":"20201213205507","is_ascension_mode":false,"campfire_choices":[{"floor":1,"key":"DIG"},{"floor":6,"key":"REST"},{"data":"hexamod:CatchUp","floor":10,"key":"SMITH"}],"circlet_count":0,"master_deck":["hexamod:Strike","hexamod:Strike","hexamod:Strike","hexamod:Strike","hexamod:Defend","hexamod:Defend","hexamod:Defend","hexamod:Sear","hexamod:Float","hexamod:SoulSteal","hexamod:SecondSeal","hexamod:Hexaguard","hexamod:ExtraCrispy","hexamod:RainOfEmbers","hexamod:Hexaguard","hexamod:CatchUp+1","ReplayTheSpireMod:Splinters","hexamod:SwordOfDarkness","Shrug It Off"],"relics":["hexamod:SpiritBrand","infinitespire:Satchel","Strawberry","PrismaticShard"],"acts_visited":["Exordium"],"potions_floor_usage":[2,2,2,2,5,12],"damage_taken":[{"damage":35,"enemies":"Gremlin Nob","floor":2,"turns":5},{"damage":3,"enemies":"2 Louse","floor":3,"turns":3},{"damage":9,"enemies":"infinitespire:Voidling","floor":5,"turns":3},{"damage":0,"enemies":"Small Slimes","floor":7,"turns":7},{"damage":0,"enemies":"downfall:FleeingMerchant","floor":8,"turns":4},{"damage":1,"enemies":"Small Slimes","floor":9,"turns":3},{"damage":10,"enemies":"Exordium Thugs","floor":12,"turns":3},{"damage":9,"enemies":"Gremlin Gang","floor":14,"turns":3},{"damage":18,"enemies":"Large Slime","floor":15,"turns":6},{"damage":23,"enemies":"downfall:Defect","floor":16,"turns":4}],"seed_played":"-1874860719273127029","potions_obtained":[{"floor":0,"key":"hexamod:DoubleChargePotion"},{"floor":0,"key":"DuplicationPotion"},{"floor":0,"key":"EntropicBrew"},{"floor":5,"key":"Adrenaline Potion"},{"floor":9,"key":"champ:CounterPotion"},{"floor":14,"key":"Energy Potion"}],"is_trial":false,"path_per_floor":["R_BF","E","M","?","M","R","MIM","$","M","R","?","M","?","M","M","B"],"character_chosen":"THE_SPIRIT","items_purchased":["Strawberry","hexamod:RainOfEmbers","hexamod:Hexaguard"],"campfire_rested":1,"item_purchase_floors":[8,8,8],"current_hp_per_floor":[70,35,32,32,30,51,51,58,57,57,57,47,47,38,20,0,0],"gold":114,"neow_bonus":"THREE_SMALL_POTIONS","is_daily":false,"chose_seed":false,"campfire_upgraded":1,"win_rate":0.0,"timestamp":1607910907,"path_taken":["R_BF","E","M","?","M","R","MIM","$","M","R","?","M","?","?","M","BOSS"],"items_purchased_type":["Relic","Card","Card"],"build_version":"2020-12-13","purchased_purges":1,"victory":false,"max_hp_per_floor":[70,70,70,70,70,70,70,77,77,77,77,77,77,77,77,77,77],"card_choices":[{"not_picked":["hexamod:GhostLash","hexamod:NightmareGuise"],"picked":"hexamod:SoulSteal","floor":2},{"not_picked":["hexamod:CatchUp","hexamod:ShieldOfDarkness"],"picked":"hexamod:SecondSeal","floor":3},{"not_picked":["hexamod:SecondSeal","hexamod:EtherealExpedition"],"picked":"hexamod:Hexaguard","floor":5},{"not_picked":["hexamod:ParanormalForm","hexamod:BacktrackSmack"],"picked":"hexamod:ExtraCrispy","floor":8},{"not_picked":["hexamod:StepThrough","hexamod:Hexaguard"],"picked":"hexamod:CatchUp","floor":9},{"not_picked":["Caltrops","Blur"],"picked":"hexamod:SwordOfDarkness","floor":12},{"not_picked":["Flechettes","sneckomod:QuickBite"],"picked":"Shrug It Off","floor":14},{"not_picked":["Weave","Slimebound:Gluttony","Guardian:PrimingBeam"],"picked":"SKIP","floor":15}],"player_experience":160527,"relics_obtained":[{"floor":1,"key":"Gremlin Horn"},{"floor":2,"key":"infinitespire:Satchel"}],"event_choices":[],"is_beta":false,"boss_relics":[],"items_purged_floors":[8],"is_endless":false,"potions_floor_spawned":[5,9,14],"killed_by":"downfall:Defect","ascension_level":0}}