{"host":"4zvbxxdl6kueq37o","time":1607951644,"event":{"mods":["Act Like it!","BaseMod","Better Third Choice","Downfall","Minty Spire (QoL Compilation)","Replay The Spire","StSLib"],"gold_per_floor":[174,141,141,169,189,189,215,215,315,315,315,233,250,267,279,384,434,434,265,279,314,314,314,314,331,331,361,190,205,305,305,305],"floor_reached":31,"playtime":1839,"items_purged":[],"score":319,"play_id":"0e860b68-ee52-45e5-8e6b-445579b325b4","local_time":"20201214141404","is_ascension_mode":false,"campfire_choices":[{"data":"Guardian:ArmoredProtocol","floor":6,"key":"SMITH"},{"data":"Guardian:TwinSlam","floor":8,"key":"SMITH"},{"data":"Guardian:RollAttack","floor":10,"key":"SMITH"},{"floor":18,"key":"DIG"},{"floor":23,"key":"REST"},{"data":"Guardian:SpikerProtocol","floor":26,"key":"SMITH"}],"circlet_count":0,"master_deck":["Guardian:Strike_Guardian","Guardian:Strike_Guardian","Guardian:Strike_Guardian","Guardian:Strike_Guardian","Guardian:Defend_Guardian","Guardian:Defend_Guardian","Guardian:Defend_Guardian+1","Guardian:Defend_Guardian","Guardian:CurlUp","Guardian:TwinSlam+1","Guardian:RollAttack+1","Guardian:Recover","Guardian:Recover","Guardian:ArmoredProtocol+1","Guardian:ChargeCore","Guardian:DecasProtection","Guardian:Repulse","Guardian:CrystalBeam","Guardian:Gem_Cyan","Guardian:DonusPower","Guardian:PolyBeam+1","Guardian:SpikerProtocol+1","Specialist","Guardian:Gem_Purple","Guardian:Gem_Green","Guardian:Incinerate","Guardian:TemporalShield+1","Guardian:Clone","Guardian:RevengeProtocol","Guardian:Recover+1","Guardian:StasisStrike","Guardian:VentSteam","Guardian:ShieldCharger+1","Guardian:Gem_Purple","Dramatic Entrance","Violence"],"relics":["Guardian:ModeShifter","downfall:HeartsMalice","Art of War","Boot","Tiny House","Shuriken","Pantograph","Omamori","Bronze Scales","Orrery","MutagenicStrength"],"acts_visited":["Exordium","TheCity"],"potions_floor_usage":[16,27],"damage_taken":[{"damage":0,"enemies":"downfall:FleeingMerchant","floor":2,"turns":1},{"damage":0,"enemies":"Cultist","floor":3,"turns":1},{"damage":0,"enemies":"3 Sentries","floor":4,"turns":1},{"damage":0,"enemies":"2 Louse","floor":5,"turns":3},{"damage":5,"enemies":"downfall:FleeingMerchant","floor":12,"turns":4},{"damage":0,"enemies":"Jaw Worm","floor":13,"turns":2},{"damage":0,"enemies":"3 Louse","floor":14,"turns":3},{"damage":7,"enemies":"2 Fungi Beasts","floor":15,"turns":3},{"damage":55,"enemies":"downfall:Defect","floor":16,"turns":12},{"damage":0,"enemies":"downfall:FleeingMerchant","floor":19,"turns":4},{"damage":8,"enemies":"Shell Parasite","floor":20,"turns":5},{"damage":32,"enemies":"Slavers","floor":21,"turns":4},{"damage":7,"enemies":"Spheric Guardian","floor":25,"turns":5},{"damage":24,"enemies":"Book of Stabbing","floor":27,"turns":5},{"damage":7,"enemies":"downfall:FleeingMerchant","floor":28,"turns":4},{"damage":8,"enemies":"3 Cultists","floor":29,"turns":5},{"damage":21,"enemies":"downfall:Augmenter","floor":30,"turns":7},{"damage":10,"enemies":"Centurion and Healer","floor":31,"turns":1}],"seed_played":"-4110322644449955050","potions_obtained":[{"floor":4,"key":"PowerPotion"},{"floor":5,"key":"DuplicationPotion"},{"floor":15,"key":"Dexterity Potion"},{"floor":17,"key":"Guardian:BlockOnCardUsePotion"},{"floor":25,"key":"hexamod:EctoCoolerPotion"},{"floor":27,"key":"Explosive Potion"}],"is_trial":false,"path_per_floor":["R","$","M","E","M","R","T","R","?","R","?","$","M","M","M","B",null,"R","$","M","E","?","R","T","M","R","E","$","M","?","M"],"character_chosen":"GUARDIAN","items_purchased":["Guardian:Recover","Guardian:Gem_White","Guardian:SpikerProtocol","Specialist","Orrery"],"campfire_rested":1,"item_purchase_floors":[2,12,19,19,28],"current_hp_per_floor":[80,80,80,80,80,80,80,80,80,80,80,75,75,75,68,13,85,85,85,77,45,45,70,70,63,63,39,32,24,3,0,0],"gold":305,"neow_bonus":"THREE_ENEMY_KILL","is_daily":false,"chose_seed":false,"campfire_upgraded":4,"win_rate":0.0,"timestamp":1607951644,"path_taken":["R","$","M","E","M","R","T","R","?","R","?","$","M","M","M","BOSS","R","$","M","E","?","R","T","M","R","E","?","M","?","M"],"items_purchased_type":["Card","Card","Card","Card","Relic"],"build_version":"2020-12-13","purchased_purges":0,"victory":false,"max_hp_per_floor":[80,80,80,80,80,80,80,80,80,80,80,80,80,80,80,80,85,85,85,85,85,85,85,85,85,85,85,85,85,85,85,85],"card_choices":[{"not_picked":["Guardian:VentSteam","Guardian:Harden"],"picked":"Guardian:RollAttack","floor":2},{"not_picked":["Guardian:SpikerProtocol","Guardian:Planning"],"picked":"Guardian:ArmoredProtocol","floor":3},{"not_picked":["Guardian:PrismaticBarrier","Guardian:Recover"],"picked":"Guardian:Gem_Orange","floor":4},{"not_picked":["Guardian:Incinerate","Guardian:Planning"],"picked":"Guardian:ChargeCore","floor":5},{"not_picked":["Guardian:PiercingHide","Guardian:Gem_Lightblue"],"picked":"Guardian:DecasProtection","floor":12},{"not_picked":["Guardian:VentSteam","Guardian:Gem_White"],"picked":"Guardian:Repulse","floor":13},{"not_picked":["Guardian:Planning","Guardian:TemporalShield"],"picked":"Guardian:CrystalBeam","floor":14},{"not_picked":["Guardian:CrystalBeam","Guardian:RollAttack"],"picked":"Guardian:Gem_Cyan","floor":15},{"not_picked":["Guardian:SphericShield","Guardian:StasisField"],"picked":"Guardian:Gem_Synthetic","floor":16},{"not_picked":["Guardian:Suspension","Guardian:Gem_Green"],"picked":"Guardian:DonusPower","floor":17},{"not_picked":["Guardian:Incinerate","Guardian:ChargeCore"],"picked":"Guardian:PolyBeam+1","floor":19},{"not_picked":["Guardian:ArmoredProtocol","Guardian:PrimingBeam+1"],"picked":"Guardian:Gem_Purple","floor":20},{"not_picked":["Guardian:Gem_Red","Guardian:VentSteam","Guardian:Gem_Green"],"picked":"SKIP","floor":21},{"not_picked":["Guardian:Gem_Red","Guardian:ShieldCharger"],"picked":"Guardian:Incinerate","floor":25},{"not_picked":["Guardian:PolyBeam","Guardian:ShieldCharger"],"picked":"Guardian:TemporalShield+1","floor":27},{"not_picked":["Guardian:Recover","Guardian:ChargeCore+1"],"picked":"Guardian:Clone","floor":28},{"not_picked":["Guardian:SentryBeam","Guardian:RefractedBeam+1"],"picked":"Guardian:RevengeProtocol","floor":28},{"not_picked":["Guardian:Planning","Guardian:GuardianWhirl+1"],"picked":"Guardian:Recover+1","floor":28},{"not_picked":["Guardian:RollAttack+1","Guardian:PiercingHide"],"picked":"Guardian:StasisStrike","floor":28},{"not_picked":["Guardian:ShieldCharger","Guardian:SentryBeam"],"picked":"Guardian:VentSteam","floor":28},{"not_picked":["Guardian:PiercingHide+1","Guardian:CrystalBeam"],"picked":"Guardian:ShieldCharger+1","floor":29},{"not_picked":[],"picked":"J.A.X.","floor":30},{"not_picked":["Guardian:Gem_Red","Guardian:Gem_Lightblue"],"picked":"Guardian:Gem_Purple","floor":30}],"player_experience":654265,"relics_obtained":[{"floor":4,"key":"Art of War"},{"floor":7,"key":"Boot"},{"floor":18,"key":"Shuriken"},{"floor":21,"key":"Pantograph"},{"floor":24,"key":"Omamori"},{"floor":27,"key":"Bronze Scales"},{"floor":30,"key":"MutagenicStrength"}],"event_choices":[],"is_beta":false,"boss_relics":[{"not_picked":["Runic Pyramid","Busted Crown"],"picked":"Tiny House"}],"items_purged_floors":[],"is_endless":false,"potions_floor_spawned":[4,5,15,21,25,27,29],"killed_by":"Centurion and Healer","ascension_level":0}}