{"host":"y89x8uui45kcjy42","time":1607961039,"event":{"mods":["2.2 Compatiblity","BaseMod","Colored Map","Colored Powertips","Friendly Minions","Hermit","Highlight Path","Keyboard Shortcuts","Minty Spire (QoL Compilation)","StSLib","SuperFastMode","Waifu the Spire"],"gold_per_floor":[118,118,193,213,64,64,79,79,103,69,69,79,79,29,29,127,127,140,140,40,56,56,56,56],"floor_reached":23,"playtime":511,"items_purged":["hermit:Strike_Hermit","hermit:Defend_Hermit"],"score":204,"play_id":"408c6075-906b-48c4-ab4c-764c3435e074","local_time":"20201215005039","is_ascension_mode":true,"campfire_choices":[{"data":"hermit:BlackWind","floor":6,"key":"SMITH"},{"data":"hermit:Malice","floor":8,"key":"SMITH"},{"data":"hermit:TakeAim","floor":13,"key":"SMITH"},{"data":"hermit:BigShot","floor":15,"key":"SMITH"}],"circlet_count":0,"master_deck":["hermit:Snapshot","hermit:Covet+1","hermit:BlackWind+1","hermit:BigShot+1","hermit:ItchyTrigger","hermit:Malice+1","hermit:TakeAim+1","hermit:Dissolve+1","hermit:FatalDesire+1","hermit:Manifest+1"],"relics":["hermit:Momento","MealTicket","Astrolabe"],"acts_visited":["Exordium","TheCity"],"potions_floor_usage":[16,16,16,18,21,23],"damage_taken":[{"damage":0,"enemies":"2 Louse","floor":1,"turns":3},{"damage":0,"enemies":"Small Slimes","floor":4,"turns":3},{"damage":7,"enemies":"Jaw Worm","floor":7,"turns":2},{"damage":10,"enemies":"2 Fungi Beasts","floor":12,"turns":3},{"damage":45,"enemies":"Hexaghost","floor":16,"turns":8},{"damage":28,"enemies":"2 Thieves","floor":18,"turns":4},{"damage":37,"enemies":"3 Byrds","floor":21,"turns":4},{"damage":40,"enemies":"Book of Stabbing","floor":23,"turns":3}],"seed_played":"3773553049225154536","potions_obtained":[{"floor":1,"key":"DuplicationPotion"},{"floor":7,"key":"CultistPotion"},{"floor":16,"key":"DistilledChaos"},{"floor":18,"key":"LiquidBronze"},{"floor":21,"key":"AttackPotion"}],"is_trial":false,"path_per_floor":["M","?","?","M","$","R","M","R","T","$","?","M","R","?","R","B",null,"M","?","$","M","$","E"],"character_chosen":"HERMIT","items_purchased":["Regen Potion","hermit:TakeAim"],"campfire_rested":0,"item_purchase_floors":[5,10],"current_hp_per_floor":[75,75,64,64,64,64,57,57,57,72,65,55,55,55,55,25,75,47,47,62,25,40,0,0],"gold":56,"neow_bonus":"TRANSFORM_CARD","is_daily":false,"chose_seed":false,"campfire_upgraded":4,"win_rate":0.0,"timestamp":1607961039,"path_taken":["M","?","?","M","?","R","M","R","T","$","?","M","R","?","R","BOSS","M","?","$","M","$","E"],"items_purchased_type":["Potion","Card"],"build_version":"2020-12-13","purchased_purges":2,"victory":false,"max_hp_per_floor":[75,75,75,75,75,75,75,75,75,75,75,75,75,75,75,75,75,75,75,75,75,75,75,75],"card_choices":[{"not_picked":["hermit:Roulette","hermit:LuckOfTheDraw"],"picked":"hermit:BigShot","floor":1},{"not_picked":["hermit:BodyArmor","hermit:Shortfuse"],"picked":"hermit:ItchyTrigger","floor":4},{"not_picked":["hermit:BigShot","hermit:ItchyTrigger"],"picked":"hermit:Malice","floor":7},{"not_picked":["hermit:Midnight","hermit:LowProfile","hermit:Roulette"],"picked":"SKIP","floor":12},{"not_picked":["hermit:Coalescence","hermit:ItchyTrigger","hermit:CalledShot+1"],"picked":"SKIP","floor":18},{"not_picked":["hermit:CursedWeapon","hermit:Desperado","hermit:Headshot"],"picked":"SKIP","floor":21}],"player_experience":505475,"relics_obtained":[{"floor":9,"key":"MealTicket"}],"event_choices":[{"damage_healed":0,"gold_gain":0,"player_choice":"Grow","damage_taken":0,"max_hp_gain":0,"max_hp_loss":0,"event_name":"Living Wall","floor":2,"gold_loss":0,"cards_upgraded":["hermit:Covet"]},{"damage_healed":0,"gold_gain":75,"player_choice":"Gather Gold","damage_taken":11,"max_hp_gain":0,"max_hp_loss":0,"event_name":"World of Goop","floor":3,"gold_loss":0},{"cards_removed":["hermit:Strike_Hermit"],"damage_healed":0,"gold_gain":0,"player_choice":"Card Removal","damage_taken":7,"max_hp_gain":0,"max_hp_loss":0,"event_name":"Golden Wing","floor":11,"gold_loss":0},{"cards_removed":["hermit:Defend_Hermit"],"damage_healed":0,"gold_gain":0,"player_choice":"Card Removal","damage_taken":0,"max_hp_gain":0,"max_hp_loss":0,"event_name":"The Cleric","floor":14,"gold_loss":50},{"damage_healed":0,"gold_gain":0,"player_choice":"Ignored","damage_taken":0,"max_hp_gain":0,"max_hp_loss":0,"event_name":"Ghosts","floor":19,"gold_loss":0}],"is_beta":false,"boss_relics":[{"not_picked":["SlaversCollar","Snecko Eye"],"picked":"Astrolabe"}],"items_purged_floors":[5,20],"is_endless":false,"potions_floor_spawned":[1,7,16,18,21],"killed_by":"Book of Stabbing","ascension_level":3}}