{"host":"pletss163z7s8pvv","time":1607916338,"event":{"mods":["AchievementEnabler","BaseMod","Colored Map","Colored Powertips","Minty Spire (QoL Compilation)"],"gold_per_floor":[114,129,144,159,56,56,86,98,135,162,174,201,243,270,282,394,406,433,445,65,65,80,80,110,34,59,98,122,146,146,170,170,288,360,384,20,47,47,71,110,110,149,183,192,231,231,6,6,6,6],"floor_reached":51,"playtime":1525,"items_purged":["Pain"],"score":1083,"play_id":"9d0aff54-12ce-4dae-b414-59cf194dbefe","local_time":"20201213212538","daily_mods":["Cursed Run","Diverse","DeadlyEvents"],"is_ascension_mode":false,"campfire_choices":[{"data":"Spot Weakness","floor":6,"key":"SMITH"},{"floor":15,"key":"REST"},{"floor":23,"key":"REST"},{"data":"Dramatic Entrance","floor":30,"key":"SMITH"},{"data":"Havoc","floor":32,"key":"SMITH"},{"floor":41,"key":"REST"},{"floor":46,"key":"REST"},{"data":"Dramatic Entrance","floor":49,"key":"SMITH"}],"circlet_count":0,"master_deck":["Zap","Dualcast","Thunderclap","Conserve Battery+1","Loop","Auto Shields","Spot Weakness+1","Twin Strike","Deflect","Shame","White Noise+1","Doubt","Compile Driver","Die Die Die","Havoc+1","Decay","Brilliance","CurseOfTheBell","Perfected Strike+1","Dramatic Entrance+1","FlurryOfBlows","Weave","Hemokinesis","Doubt","Cleave+1","Consecrate","Shrug It Off+1","Go for the Eyes","Decay","Electrodynamics","Bullet Time","Noxious Fumes","Turbo","BattleHymn","Establishment","Amplify","WheelKick","Dark Embrace+1","BootSequence","Flash of Steel","Secret Weapon","Dramatic Entrance+1","Streamline","FollowUp","Ball Lightning+1","Writhe","Clash+1"],"relics":["Cursed Key","Darkstone Periapt","Du-Vu Doll","MawBank","Regal Pillow","Boot","Nunchaku","Calling Bell","War Paint","InkBottle","Mango","FossilizedHelix","FaceOfCleric","Vajra","Orichalcum","CeramicFish","Pandora\u0027s Box","Lizard Tail","Cables","Symbiotic Virus","Happy Flower","Toy Ornithopter","Omamori","Runic Capacitor"],"acts_visited":["Exordium","TheCity","TheBeyond"],"potions_floor_usage":[13,16,16,33,33,33,50],"damage_taken":[{"damage":1,"enemies":"Cultist","floor":1,"turns":4},{"damage":8,"enemies":"Small Slimes","floor":2,"turns":3},{"damage":2,"enemies":"2 Louse","floor":3,"turns":2},{"damage":0,"enemies":"Gremlin Gang","floor":4,"turns":4},{"damage":39,"enemies":"Gremlin Nob","floor":7,"turns":5},{"damage":6,"enemies":"2 Fungi Beasts","floor":10,"turns":3},{"damage":0,"enemies":"Blue Slaver","floor":12,"turns":3},{"damage":18,"enemies":"Lagavulin","floor":13,"turns":5},{"damage":0,"enemies":"3 Louse","floor":14,"turns":1},{"damage":0,"enemies":"Slime Boss","floor":16,"turns":6},{"damage":22,"enemies":"3 Byrds","floor":18,"turns":5},{"damage":20,"enemies":"Shell Parasite","floor":22,"turns":4},{"damage":9,"enemies":"Gremlin Leader","floor":24,"turns":4},{"damage":0,"enemies":"Slavers","floor":27,"turns":2},{"damage":0,"enemies":"Cultist and Chosen","floor":28,"turns":3},{"damage":9,"enemies":"Shelled Parasite and Fungi","floor":29,"turns":2},{"damage":0,"enemies":"Snecko","floor":31,"turns":4},{"damage":43,"enemies":"Collector","floor":33,"turns":8},{"damage":0,"enemies":"3 Darklings","floor":35,"turns":2},{"damage":5,"enemies":"Orb Walker","floor":39,"turns":3},{"damage":55,"enemies":"Nemesis","floor":40,"turns":5},{"damage":9,"enemies":"Reptomancer","floor":42,"turns":4},{"damage":40,"enemies":"Giant Head","floor":45,"turns":6},{"damage":132,"enemies":"Time Eater","floor":50,"turns":11}],"seed_played":"1880613833527945180","potions_obtained":[{"floor":2,"key":"AttackPotion"},{"floor":3,"key":"BlessingOfTheForge"},{"floor":12,"key":"DistilledChaos"},{"floor":13,"key":"GamblersBrew"},{"floor":18,"key":"SkillPotion"},{"floor":22,"key":"Explosive Potion"},{"floor":27,"key":"LiquidMemories"},{"floor":40,"key":"Explosive Potion"}],"is_trial":false,"path_per_floor":["M","M","M","M","$","R","E","?","T","M","T","M","E","M","R","B",null,"M","?","$","?","M","R","E","$","T","E","M","M","R","M","R","B",null,"M","$","?","?","M","E","R","E","T","T","E","R","$","?","R","B",null],"character_chosen":"DEFECT","items_purchased":["Spot Weakness","Twin Strike","FossilizedHelix","Dramatic Entrance","Hemokinesis","Lizard Tail","BootSequence","Runic Capacitor"],"campfire_rested":4,"item_purchase_floors":[5,5,20,20,25,36,36,47],"current_hp_per_floor":[74,66,64,64,64,64,25,25,31,25,31,31,13,13,54,60,113,91,91,91,91,72,114,106,106,112,113,114,106,106,107,107,71,132,133,133,123,123,119,65,120,112,118,124,85,144,144,149,149,18],"gold":6,"neow_bonus":"","is_daily":true,"chose_seed":false,"campfire_upgraded":4,"win_rate":0.0,"timestamp":1607916338,"path_taken":["M","M","M","M","?","R","E","?","T","?","?","M","?","M","R","BOSS","M","?","?","?","M","R","E","$","T","?","M","M","R","M","R","BOSS","M","$","?","?","?","E","R","E","T","?","?","R","$","?","R","BOSS"],"items_purchased_type":["Card","Card","Relic","Card","Card","Relic","Card","Relic"],"build_version":"2020-12-13","purchased_purges":1,"victory":true,"max_hp_per_floor":[75,75,75,75,75,75,75,75,81,81,87,87,87,87,87,93,113,113,113,113,113,114,114,115,115,121,122,123,124,124,125,125,132,132,133,133,133,133,134,135,135,136,142,148,149,149,149,149,149,150],"card_choices":[{"not_picked":["Pommel Strike","Heavy Blade"],"picked":"Thunderclap","floor":1},{"not_picked":["Battle Trance","DeceiveReality"],"picked":"Conserve Battery","floor":2},{"not_picked":["Streamline","Crescendo"],"picked":"Loop","floor":3},{"not_picked":["Noxious Fumes","Redo"],"picked":"Auto Shields","floor":4},{"not_picked":["Collect","Force Field"],"picked":"Deflect","floor":7},{"not_picked":["Cold Snap","Quick Slash"],"picked":"White Noise","floor":10},{"not_picked":["Reflex","Entrench"],"picked":"Compile Driver","floor":12},{"not_picked":["Second Wind","Pommel Strike"],"picked":"Die Die Die","floor":13},{"not_picked":["Crescendo","CutThroughFate"],"picked":"Havoc","floor":14},{"not_picked":["Scrawl","Impervious"],"picked":"Brilliance","floor":16},{"not_picked":["Redo+1","True Grit"],"picked":"Perfected Strike+1","floor":18},{"not_picked":["Undo","Compile Driver"],"picked":"FlurryOfBlows","floor":22},{"not_picked":["Calculated Gamble+1","Adaptation"],"picked":"Weave","floor":24},{"not_picked":["Rebound","Loop"],"picked":"Cleave+1","floor":27},{"not_picked":["MentalFortress","Evolve+1"],"picked":"Consecrate","floor":28},{"not_picked":["Bloodletting","Clothesline"],"picked":"Shrug It Off+1","floor":29},{"not_picked":["Flame Barrier","Force Field"],"picked":"Go for the Eyes","floor":31},{"not_picked":["Scrawl","Hyperbeam"],"picked":"Electrodynamics","floor":33},{"not_picked":["Force Field+1","Vengeance"],"picked":"Dark Embrace+1","floor":35},{"not_picked":["Master of Strategy","Blind"],"picked":"Flash of Steel","floor":37},{"not_picked":["Madness","Metamorphosis"],"picked":"Secret Weapon","floor":37},{"not_picked":["Jack Of All Trades","Enlightenment"],"picked":"Dramatic Entrance","floor":37},{"not_picked":["Reflex+1","Deadly Poison"],"picked":"Streamline","floor":39},{"not_picked":["FearNoEvil","Stack+1"],"picked":"FollowUp","floor":40},{"not_picked":["Reckless Charge+1","Intimidate"],"picked":"Ball Lightning+1","floor":42},{"not_picked":["Tools of the Trade","Beam Cell+1"],"picked":"Clash+1","floor":45}],"player_experience":380662,"relics_obtained":[{"floor":7,"key":"MawBank"},{"floor":9,"key":"Regal Pillow"},{"floor":11,"key":"Boot"},{"floor":13,"key":"Nunchaku"},{"floor":17,"key":"War Paint"},{"floor":17,"key":"InkBottle"},{"floor":17,"key":"Mango"},{"floor":24,"key":"Vajra"},{"floor":26,"key":"Orichalcum"},{"floor":27,"key":"CeramicFish"},{"floor":40,"key":"Cables"},{"floor":42,"key":"Symbiotic Virus"},{"floor":43,"key":"Happy Flower"},{"floor":44,"key":"Toy Ornithopter"},{"floor":45,"key":"Omamori"}],"event_choices":[{"damage_healed":0,"gold_gain":0,"player_choice":"Ignored","damage_taken":0,"max_hp_gain":0,"max_hp_loss":0,"event_name":"Shining Light","floor":8,"gold_loss":0},{"damage_healed":0,"gold_gain":0,"player_choice":"Ignored","damage_taken":0,"max_hp_gain":0,"max_hp_loss":0,"event_name":"Vampires","floor":19,"gold_loss":0},{"damage_healed":0,"gold_gain":0,"player_choice":"Trade","damage_taken":0,"relics_obtained":["FaceOfCleric"],"max_hp_gain":0,"max_hp_loss":0,"event_name":"FaceTrader","floor":21,"gold_loss":0},{"damage_healed":0,"gold_gain":0,"player_choice":"Memory 3","damage_taken":10,"max_hp_gain":0,"max_hp_loss":0,"event_name":"SensoryStone","floor":37,"gold_loss":0},{"cards_removed":["Wraith Form v2"],"damage_healed":0,"gold_gain":0,"player_choice":"Removed Power","damage_taken":0,"max_hp_gain":0,"max_hp_loss":0,"event_name":"Falling","floor":38,"gold_loss":0},{"damage_healed":37,"gold_gain":0,"player_choice":"Writhe","damage_taken":0,"max_hp_gain":0,"max_hp_loss":0,"event_name":"Winding Halls","floor":48,"gold_loss":0,"cards_obtained":["Writhe"]}],"is_beta":false,"boss_relics":[{"not_picked":["Fusion Hammer","Inserter"],"picked":"Calling Bell"},{"not_picked":["Runic Dome","Coffee Dripper"],"picked":"Pandora\u0027s Box"}],"items_purged_floors":[47],"is_endless":false,"potions_floor_spawned":[2,3,12,13,18,22,27,28,40],"ascension_level":0}}