{"host":"s4klbi5zf1bej8mm","time":1607970802,"event":{"mods":["2.2 Compatiblity","Act Like it!","BaseMod","Block Reminder","Colored Map","Colored Powertips","DeckTracker","Downfall","Highlight Path","Jorbs\u0027s Wanderer Trilogy","Minty Spire (QoL Compilation)","Permanent Neow","Quick Restart","Random Character Button","Relic Sorter","Relic Stats","Replay The Spire","Shade Mod","Spicy Shops","StSLib","The Blackbeard","The Cursed","The Hierophant","The Necromancer","Unknown Chances"],"gold_per_floor":[111,0,16,91,91,91,105,115,115,127,127,138,138,252,252,252,252],"floor_reached":16,"playtime":959,"items_purged":["stsjorbsmod:Strike_Wanderer"],"score":92,"play_id":"5f7c411f-2d57-4911-80b5-a082482dbd8d","local_time":"20201214123322","is_ascension_mode":false,"campfire_choices":[{"data":"stsjorbsmod:GatherPower","floor":6,"key":"SMITH"},{"data":"stsjorbsmod:FindFamiliar","floor":11,"key":"SMITH"},{"data":"stsjorbsmod:Firebolt","floor":15,"key":"SMITH"}],"circlet_count":0,"master_deck":["stsjorbsmod:ForbiddenGrimoire+1","stsjorbsmod:Strike_Wanderer","stsjorbsmod:Strike_Wanderer","stsjorbsmod:Strike_Wanderer","stsjorbsmod:Defend_Wanderer","stsjorbsmod:Defend_Wanderer","stsjorbsmod:Defend_Wanderer","stsjorbsmod:FreshAdventure","stsjorbsmod:EyeOfTheStorm","stsjorbsmod:GatherPower+1","stsjorbsmod:ArcaneWeapon","stsjorbsmod:TrueStrike","stsjorbsmod:TrueStrike","stsjorbsmod:TinyHut","stsjorbsmod:TrueStrike","stsjorbsmod:ChainLightning","stsjorbsmod:FindFamiliar+1","stsjorbsmod:ArcaneWeapon","Pot Of Greed","Pot Of Greed","ReplayTheSpireMod:Splinters","stsjorbsmod:Firebolt+1","stsjorbsmod:Rest","stsjorbsmod:WanderingMind"],"relics":["stsjorbsmod:GrimoireRelic","Ornamental Fan","Grinning Jar"],"acts_visited":["Exordium"],"potions_floor_usage":[16,16],"damage_taken":[{"damage":0,"enemies":"Cultist","floor":1,"turns":3},{"damage":6,"enemies":"Jaw Worm","floor":3,"turns":3},{"damage":5,"enemies":"Small Slimes","floor":7,"turns":2},{"damage":0,"enemies":"Exordium Thugs","floor":8,"turns":3},{"damage":0,"enemies":"2 Fungi Beasts","floor":10,"turns":2},{"damage":15,"enemies":"Blue Slaver","floor":12,"turns":3},{"damage":33,"enemies":"The Guardian","floor":16,"turns":9}],"seed_played":"5578361461298582907","potions_obtained":[{"floor":7,"key":"Energy Potion"},{"floor":10,"key":"EssenceOfSteel"}],"is_trial":false,"path_per_floor":["M","$","M","?","?","R","M","M","T","M","R","M","T","?","R","B"],"character_chosen":"WANDERER","items_purchased":["stsjorbsmod:TrueStrike"],"campfire_rested":0,"item_purchase_floors":[2],"current_hp_per_floor":[68,68,63,52,52,52,47,47,47,47,47,33,33,33,33,0,0],"gold":252,"neow_bonus":"ONE_RANDOM_RARE_CARD","is_daily":false,"chose_seed":false,"campfire_upgraded":3,"win_rate":0.0,"timestamp":1607970802,"path_taken":["M","$","?","?","?","R","M","M","T","M","R","?","?","?","R","BOSS"],"items_purchased_type":["Card"],"build_version":"2020-12-13","purchased_purges":1,"victory":false,"max_hp_per_floor":[68,68,68,68,68,68,68,68,68,68,68,68,68,68,68,68,68],"relic_stats":{"counters":[7,25],"Ornamental Fan":[12],"obtain_stats":[{"Ornamental Fan":9,"stsjorbsmod:GrimoireRelic":0,"Grinning Jar":13},{"Ornamental Fan":4,"stsjorbsmod:GrimoireRelic":0,"Grinning Jar":6},{"Ornamental Fan":11,"stsjorbsmod:GrimoireRelic":0,"Grinning Jar":16}]},"card_choices":[{"not_picked":["stsjorbsmod:Hibernate","stsjorbsmod:FlameWard"],"picked":"stsjorbsmod:ArcaneWeapon","floor":1},{"not_picked":["stsjorbsmod:ColorSpray","stsjorbsmod:TollTheDead"],"picked":"stsjorbsmod:TinyHut","floor":3},{"not_picked":["stsjorbsmod:Message","stsjorbsmod:DisguiseSelf"],"picked":"stsjorbsmod:TrueStrike","floor":7},{"not_picked":["stsjorbsmod:DoubleCheck","stsjorbsmod:Hibernate"],"picked":"stsjorbsmod:ChainLightning","floor":8},{"not_picked":["stsjorbsmod:Channel","stsjorbsmod:Hibernate"],"picked":"stsjorbsmod:FindFamiliar","floor":10},{"not_picked":["stsjorbsmod:Stalwart","stsjorbsmod:UnseenServant"],"picked":"stsjorbsmod:ArcaneWeapon","floor":12},{"not_picked":["stsjorbsmod:Mindworm","stsjorbsmod:DisguiseSelf"],"picked":"stsjorbsmod:Firebolt","floor":14},{"not_picked":["stsjorbsmod:Mania","stsjorbsmod:Materialize"],"picked":"stsjorbsmod:Rest","floor":14},{"not_picked":["stsjorbsmod:IvoryTower","stsjorbsmod:Introspection"],"picked":"stsjorbsmod:WanderingMind","floor":14}],"player_experience":127494,"relics_obtained":[{"floor":9,"key":"Ornamental Fan"},{"floor":13,"key":"Grinning Jar"}],"event_choices":[{"damage_healed":0,"gold_gain":75,"player_choice":"Gather Gold","damage_taken":11,"max_hp_gain":0,"max_hp_loss":0,"event_name":"World of Goop","floor":4,"gold_loss":0},{"cards_removed":["stsjorbsmod:Defend_Wanderer"],"damage_healed":0,"gold_gain":0,"player_choice":"Card Removal","damage_taken":0,"max_hp_gain":0,"max_hp_loss":0,"event_name":"Wheel of Change","floor":5,"gold_loss":0}],"is_beta":false,"boss_relics":[],"items_purged_floors":[2],"is_endless":false,"potions_floor_spawned":[7,10],"killed_by":"The Guardian","ascension_level":0}}