{"host":"njb27ds59h4j3ikk","time":1607968283,"event":{"mods":["AchievementEnabler","BaseMod","Better Altar","Better Match","Better Note","Better Sensory Stone","Better Skull","Better Third Choice","BetterRewards","Downfall","Hermit","Hubris","Minty Spire (QoL Compilation)","Permanent Neow","Quarter Circle Forward PUNCH!","Quick Restart","Rare Cards Sparkle","Replay The Spire","Shop Mod","StSLib","Trackpad","Transform Curses"],"gold_per_floor":[135,159,159,181,26,26,105,105,105,205,260,110,110,194,194,479,479,530,26,74,74,127,216,277,277,324,398,398,473,473,623,623,858,858,932,268,399,447,568,568,663,663,663,769,769,669,750,775,775,855,855,855,23,92,172],"floor_reached":56,"playtime":1961,"items_purged":[],"score":2697,"play_id":"1e546ef5-6efb-4eb5-b5d1-cf83423a804d","local_time":"20201214125123","is_ascension_mode":true,"campfire_choices":[{"data":"1","floor":6.0,"key":"LIFT"},{"data":"Armaments","floor":13,"key":"SMITH"},{"data":"ReplayTheSpireMod:LeadingStrike","floor":15,"key":"SMITH"},{"floor":30,"key":"RECALL"},{"data":"2","floor":40,"key":"LIFT"},{"data":"Limit Break","floor":42,"key":"SMITH"},{"data":"Dual Wield","floor":49,"key":"SMITH"},{"data":"Replay:SS_forest_5","floor":52,"key":"SMITH"}],"circlet_count":0,"master_deck":["AscendersBane","Strike_R","Strike_R","Strike_R","Defend_R","Defend_R","Bash","Enlightenment","Replay:SS_forest_5+1","Replay:SS_forest_6+1","Sadistic Nature","Pommel Strike","Anger","Pummel","Sword Boomerang","Pommel Strike","ReplayTheSpireMod:Limb From Limb","ReplayTheSpireMod:LeadingStrike+1","Armaments+1","Replay:Undeath\u0027s Touch","hubris:StunningStrike","Terror","Slimebound:SplitMire","Backflip","sneckomod:PureSnecko","Slimebound:SplitBruiser","Iron Wave","Immolate","Body Slam+1","hubris:EnhanceAbility+1","Twin Strike","Barricade","J.A.X.","Run Through+1","Anger","Exhume","Anger","Heavy Blade+1","Anger","Wild Strike+1","Slimebound:RollThrough","Cleave+1","Limit Break+1","Iron Wave+1","Reckless Charge+1","expansioncontent:Flail","Slimebound:SamplingLick","Dual Wield+1","Slimebound:SlimeSpikes"],"relics":["Burning Blood","HandDrill","hubris:OldNail","Replay:Bandana","Ice Cream","hubris:EmptyBottle","Self Forming Clay","Replay:Rubber Ducky","Durian","trackpad:RapidFire","Calipers","trackpad:Mousetrap","Medical Kit","qcfpunch:Army_Boots","Girya","OrangePellets","trackpad:BottledAnger","Golden Idol","ReplayTheSpireMod:Shallot","Akabeko","qcfpunch:Red_Headband","qcfpunch:Killian_Engine_Alpha","Bronze Scales","trackpad:AdjectivePendant","The Courier","trackpad:GuardianSpirit","hubris:PeanutButter","Omamori","ReplayTheSpireMod:CursedCoin","trackpad:ZombieHeart","qcfpunch:Red_Gi","Kunai","hubris:ScarierMask","trackpad:ByrdCharm","Sling","ReplayTheSpireMod:Spearhead","hubris:DisguiseKit","Juzu Bracelet","Centennial Puzzle","trackpad:WondrousWand","ReplayTheSpireMod:TigerMarble","Replay:Mystery Machine","qcfpunch:Combat_Fatigues","Bag of Marbles","Art of War","trackpad:CultistFigurine","trackpad:IceCube","Gremlin Food"],"acts_visited":["Exordium","TheCity","TheBeyond","TheEnding"],"potions_floor_usage":[16,18,23,23,33,33,55,55],"damage_taken":[{"damage":6.0,"enemies":"Cultist","floor":1.0,"turns":2.0},{"damage":7.0,"enemies":"Jaw Worm","floor":4.0,"turns":2.0},{"damage":10.0,"enemies":"Gremlin Nob","floor":7.0,"turns":3.0},{"damage":4,"enemies":"Lagavulin","floor":10,"turns":4},{"damage":0,"enemies":"Small Slimes","floor":11,"turns":1},{"damage":0,"enemies":"Gremlin Nob","floor":14,"turns":2},{"damage":0,"enemies":"Hexaghost","floor":16,"turns":7},{"damage":6,"enemies":"Spheric Guardian","floor":18,"turns":1},{"damage":8,"enemies":"2 Thieves","floor":20,"turns":2},{"damage":9,"enemies":"Centurion and Healer","floor":22,"turns":3},{"damage":4,"enemies":"Book of Stabbing","floor":23,"turns":3},{"damage":0,"enemies":"Snake Plant","floor":24,"turns":1},{"damage":4,"enemies":"Sentry and Sphere","floor":27,"turns":2},{"damage":6,"enemies":"Replay:Snechameleon","floor":29,"turns":3},{"damage":5,"enemies":"Collector","floor":33,"turns":7},{"damage":0,"enemies":"3 Darklings","floor":35,"turns":2},{"damage":0,"enemies":"3 Shapes","floor":38,"turns":1},{"damage":0,"enemies":"Maw","floor":39,"turns":4},{"damage":1,"enemies":"R_Hoarder","floor":41,"turns":4},{"damage":0,"enemies":"Nemesis","floor":44,"turns":1},{"damage":0,"enemies":"R_Hoarder","floor":47,"turns":2},{"damage":0,"enemies":"3 Darklings","floor":48,"turns":1},{"damage":23,"enemies":"hubris:GrandSnecko","floor":50,"turns":4},{"damage":0,"enemies":"Shield and Spear","floor":54,"turns":1},{"damage":27,"enemies":"The Heart","floor":55,"turns":5}],"seed_played":"4699260005730423471","potions_obtained":[{"floor":33,"key":"SneckoOil"},{"floor":54,"key":"Venom Potion"}],"is_trial":false,"path_per_floor":["M","T","T","M","$","R","E","?","T","E","M","$","R","E","R","B",null,"M","$","M","?","M","E","M","?","T","M","?","E","R","$","R","B",null,"M","$","?","M","M","R","E","R","T","E","?","NS","E","M","R","B",null,"R","$","E","B",null],"character_chosen":"IRONCLAD","items_purchased":["HandDrill","hubris:OldNail","Replay:Bandana","Enlightenment","hubris:EmptyBottle","EssenceOfSteel","Self Forming Clay","Replay:Rubber Ducky","Replay:SS_forest_5","trackpad:RapidFire","Replay:SS_forest_6","Sadistic Nature","trackpad:Mousetrap","Medical Kit","ColorlessPotion","Pommel Strike","OrangePellets","ReplayTheSpireMod:Limb From Limb","ReplayTheSpireMod:LeadingStrike","Armaments","Immolate","Bronze Scales","trackpad:AdjectivePendant","Adrenaline Potion","hubris:PeanutButter","Omamori","ReplayTheSpireMod:CursedCoin","trackpad:ZombieHeart","qcfpunch:Red_Gi","Kunai","Heavy Blade+1","trackpad:ByrdCharm","Sling","ReplayTheSpireMod:Spearhead","hubris:DisguiseKit","Replay:Mystery Machine","qcfpunch:Combat_Fatigues","Bag of Marbles","Art of War","trackpad:CultistFigurine","trackpad:IceCube"],"campfire_rested":0,"item_purchase_floors":[0,0,0,0,0,0,0,0,0,0,0,0,0,0,0,0,5,12,12,12,19,19,19,19,31,31,31,31,31,31,36,36,36,36,36,53,53,53,53,53,53],"current_hp_per_floor":[77,77,77,76,76,76,72,72,72,74,80,80,80,85,85,85,85,85,85,83,83,84,85,85,85,85,85,85,85,85,6,31,37,74,84,84,84,92,93,93,94,94,94,95,95,95,96,100,100,84,97,97,97,102,95],"gold":172,"neow_bonus":"","is_daily":false,"chose_seed":false,"campfire_upgraded":5,"win_rate":0.0,"timestamp":1607968283,"path_taken":["M","?","?","M","$","R","E","?","T","E","M","?","R","E","R","BOSS","M","$","M","?","M","E","M","?","T","M","?","E","R","?","R","BOSS","M","$","?","?","M","R","E","R","T","E","?","NS","E","M","R","BOSS","R","$","E","BOSS"],"items_purchased_type":["Relic","Relic","Relic","Card","Relic","Potion","Relic","Relic","Card","Relic","Card","Card","Relic","Relic","Potion","Card","Relic","Card","Card","Card","Card","Relic","Relic","Potion","Relic","Relic","Relic","Relic","Relic","Relic","Card","Relic","Relic","Relic","Relic","Relic","Relic","Relic","Relic","Relic","Relic"],"build_version":"2020-12-13","purchased_purges":0,"victory":true,"max_hp_per_floor":[85,85,85,85,85,85,85,85,85,85,85,85,85,85,85,85,85,85,85,85,85,85,85,85,85,85,85,85,85,85,85,85,86,86,90,90,90,92,93,93,94,94,94,95,95,95,96,100,100,101,101,101,101,102,103],"card_choices":[{"not_picked":["ReplayTheSpireMod:Strike From Hell","True Grit"],"picked":"Anger","floor":1.0},{"not_picked":["Blood for Blood","Pommel Strike"],"picked":"Pummel","floor":4.0},{"not_picked":["Battle Trance","Defy Death"],"picked":"Sword Boomerang","floor":7.0},{"not_picked":["Entrench","ReplayTheSpireMod:Stacked","Headbutt"],"picked":"Anger","floor":10},{"not_picked":["Sword Boomerang","Second Wind","Anger"],"picked":"Pommel Strike","floor":11},{"not_picked":["Shockwave","ReplayTheSpireMod:Strike From Hell","Anger"],"picked":"Replay:Undeath\u0027s Touch","floor":14},{"not_picked":["Eclipse","Demon Form","Anger"],"picked":"hubris:StunningStrike","floor":16},{"not_picked":["hubris:ReadiedAction","Pommel Strike","Anger"],"picked":"Iron Wave","floor":18},{"not_picked":["Uppercut","Headbutt","Anger"],"picked":"Body Slam+1","floor":20},{"not_picked":["Sword Boomerang","Iron Wave","Anger"],"picked":"Twin Strike","floor":22},{"not_picked":["Armaments","Clash","Anger"],"picked":"Barricade","floor":23},{"not_picked":["Shrug It Off","Havoc+1","True Grit"],"picked":"Anger+1","floor":24},{"not_picked":["Body Slam","Sentinel","Anger"],"picked":"Run Through+1","floor":27},{"not_picked":["Inflame","ReplayTheSpireMod:Stacked","Perfected Strike"],"picked":"Anger","floor":29},{"not_picked":["Eclipse","Hemogenesis","Anger"],"picked":"Exhume","floor":33},{"not_picked":["Feel No Pain","Intimidate","ReplayTheSpireMod:Corrosion Curse"],"picked":"Anger","floor":35},{"not_picked":["Dark Embrace","Intimidate","Anger","Slimebound:PressTheAttack"],"picked":"Anger","floor":37},{"not_picked":["Iron Wave","Burning Pact+1","Anger","Slimebound:Nibble"],"picked":"Wild Strike+1","floor":37},{"not_picked":["Dark Embrace","Heavy Blade","Anger","Anger"],"picked":"Slimebound:RollThrough","floor":37},{"not_picked":["Anger","Battle Trance","Anger","Slimebound:SplitBruiser"],"picked":"Cleave+1","floor":38},{"not_picked":["Shrug It Off+1","Clothesline","Anger","Slimebound:RollThrough"],"picked":"Limit Break","floor":39},{"not_picked":["Twin Strike","Body Slam","Anger","Slimebound:LeechingTouch"],"picked":"Iron Wave+1","floor":41},{"not_picked":["Heavy Blade","Second Wind","Anger","Slimebound:LeechingTouch"],"picked":"Reckless Charge+1","floor":44},{"not_picked":["Panacea","Flash of Steel","Enlightenment","Dark Shackles"],"picked":"expansioncontent:Flail","floor":45},{"not_picked":["Shrug It Off","hubris:ReadiedAction+1","Whirlwind+1","Anger+1"],"picked":"Slimebound:SamplingLick","floor":47},{"not_picked":["Power Through","Thunderclap","Anger+1","Slimebound:HungryTackle"],"picked":"Dual Wield","floor":48},{"not_picked":["Disarm","Sever Soul","Armaments","Anger"],"picked":"Slimebound:SlimeSpikes","floor":54}],"player_experience":1189885,"relics_obtained":[{"floor":2.0,"key":"qcfpunch:Army_Boots"},{"floor":3.0,"key":"Girya"},{"floor":7.0,"key":"trackpad:BottledAnger"},{"floor":9.0,"key":"ReplayTheSpireMod:Shallot"},{"floor":10,"key":"Akabeko"},{"floor":14,"key":"qcfpunch:Red_Headband"},{"floor":23,"key":"The Courier"},{"floor":29,"key":"trackpad:GuardianSpirit"},{"floor":41,"key":"Juzu Bracelet"},{"floor":43,"key":"Centennial Puzzle"},{"floor":44,"key":"trackpad:WondrousWand"},{"floor":47,"key":"ReplayTheSpireMod:TigerMarble"},{"floor":54,"key":"Gremlin Food"}],"event_choices":[{"damage_healed":0.0,"max_hp_gain":0.0,"max_hp_loss":0.0,"gold_gain":0.0,"event_name":"Golden Idol","player_choice":"Take Wound","floor":8.0,"gold_loss":0.0,"damage_taken":0.0,"relics_obtained":["Golden Idol"],"cards_obtained":["Injury"]},{"cards_removed":["Immolate"],"damage_healed":0,"gold_gain":0,"player_choice":"Take \u0026 Give","damage_taken":0,"max_hp_gain":0,"max_hp_loss":0,"event_name":"betterNote:BetterNote","floor":21,"gold_loss":0,"cards_obtained":["hubris:EnhanceAbility"]},{"damage_healed":0,"gold_gain":0,"player_choice":"Obtain J.A.X.","damage_taken":0,"max_hp_gain":0,"max_hp_loss":0,"event_name":"Drug Dealer","floor":25,"gold_loss":0,"cards_obtained":["J.A.X."]},{"damage_healed":0,"gold_gain":0,"player_choice":"1","damage_taken":0,"max_hp_gain":0,"max_hp_loss":0,"event_name":"betterMatch:BetterMatch","floor":45,"gold_loss":0,"cards_obtained":["betterMatch:ColorlessUncommonCard"]}],"is_beta":false,"boss_relics":[{"not_picked":["qcfpunch:Crimson_Sash","Coffee Dripper"],"picked":"qcfpunch:Killian_Engine_Alpha"},{"not_picked":["Pandora\u0027s Box","ChewingGum"],"picked":"hubris:ScarierMask"}],"items_purged_floors":[],"is_endless":false,"potions_floor_spawned":[1,11,14,22,33,41,44,48,54],"ascension_level":12}}