{"host":"w3x3n9s6mrz4xpf0","time":1607935743,"event":{"mods":["BaseMod","Minty Spire (QoL Compilation)","StSLib","SuperFastMode"],"gold_per_floor":[112,129,129,129,145,145,176,176,255,280,293,146,176,186,186,186,186],"floor_reached":16,"playtime":509,"items_purged":["Strike_R"],"score":210,"play_id":"3d9a22cc-649e-454e-90ad-56e376b33902","local_time":"20201214174903","is_ascension_mode":true,"campfire_choices":[{"data":"Body Slam","floor":6.0,"key":"SMITH"},{"data":"Feed","floor":8.0,"key":"SMITH"},{"data":"Shrug It Off","floor":15,"key":"SMITH"}],"circlet_count":0,"master_deck":["AscendersBane","Strike_R","Strike_R","Strike_R","Strike_R","Defend_R","Defend_R","Defend_R","Defend_R","Bash","Body Slam+1","Power Through","Feed+1","Shrug It Off+1","Flash of Steel","Offering"],"relics":["Burning Blood","Smiling Mask","Mummified Hand","Orichalcum","MealTicket"],"acts_visited":[],"potions_floor_usage":[13,13,16],"damage_taken":[{"damage":8.0,"enemies":"Small Slimes","floor":1.0,"turns":5.0},{"damage":4.0,"enemies":"2 Louse","floor":2.0,"turns":4.0},{"damage":1.0,"enemies":"Cultist","floor":5.0,"turns":3.0},{"damage":19.0,"enemies":"Lagavulin","floor":7.0,"turns":9.0},{"damage":39.0,"enemies":"Gremlin Nob","floor":10.0,"turns":5.0},{"damage":3,"enemies":"2 Fungi Beasts","floor":11,"turns":3},{"damage":34,"enemies":"Lagavulin","floor":13,"turns":10},{"damage":3,"enemies":"Blue Slaver","floor":14,"turns":5},{"damage":25,"enemies":"The Guardian","floor":16,"turns":5}],"seed_played":"6647691166214982126","potions_obtained":[{"floor":2.0,"key":"LiquidMemories"},{"floor":5.0,"key":"GamblersBrew"},{"floor":10.0,"key":"Weak Potion"},{"floor":13,"key":"GamblersBrew"}],"is_trial":false,"path_per_floor":["M","M","?","?","M","R","E","R","T","E","M","$","E","M","R","B"],"character_chosen":"IRONCLAD","items_purchased":["Flash of Steel"],"campfire_rested":0,"item_purchase_floors":[12],"current_hp_per_floor":[66,68,73,73,81,81,71,71,71,38,45,45,17,24,24,0,0],"gold":186,"neow_bonus":"THREE_CARDS","is_daily":false,"chose_seed":false,"campfire_upgraded":3,"win_rate":0.0,"timestamp":1607935743,"path_taken":["M","M","?","?","M","R","E","R","T","E","M","$","E","M","R","BOSS"],"items_purchased_type":["Card"],"build_version":"2020-12-13","purchased_purges":1,"victory":false,"max_hp_per_floor":[75,75,80,80,83,83,86,86,86,86,90,90,90,94,94,94,94],"card_choices":[{"not_picked":["Cleave","Shrug It Off"],"picked":"Body Slam","floor":0.0},{"not_picked":["Warcry","Clash","Pommel Strike"],"picked":"SKIP","floor":1.0},{"not_picked":["Body Slam","Rupture"],"picked":"Power Through","floor":2.0},{"not_picked":["Thunderclap","Havoc"],"picked":"Shrug It Off","floor":5.0},{"not_picked":["Anger","Twin Strike","Flex"],"picked":"SKIP","floor":7.0},{"not_picked":["Armaments","Sentinel","Shockwave"],"picked":"SKIP","floor":10.0},{"not_picked":["Cleave","Anger","Iron Wave"],"picked":"SKIP","floor":11},{"not_picked":["Seeing Red","Shrug It Off"],"picked":"Offering","floor":13},{"not_picked":["Inflame","Shrug It Off","Bloodletting"],"picked":"SKIP","floor":14}],"player_experience":64934,"relics_obtained":[{"floor":7.0,"key":"Smiling Mask"},{"floor":9.0,"key":"Mummified Hand"},{"floor":10.0,"key":"Orichalcum"},{"floor":13,"key":"MealTicket"}],"event_choices":[{"damage_healed":0.0,"max_hp_gain":5.0,"max_hp_loss":0.0,"gold_gain":0.0,"event_name":"Big Fish","player_choice":"Donut","floor":3.0,"gold_loss":0.0,"damage_taken":0.0},{"damage_healed":0.0,"max_hp_gain":0.0,"max_hp_loss":0.0,"gold_gain":0.0,"event_name":"Match and Keep!","player_choice":"1 cards matched","floor":4.0,"gold_loss":0.0,"damage_taken":0.0,"cards_obtained":["Feed"]}],"is_beta":false,"boss_relics":[],"items_purged_floors":[12],"is_endless":false,"potions_floor_spawned":[2,5,10,13],"killed_by":"The Guardian","ascension_level":15}}