{"host":"gsjtu2nhjj0xfoom","time":1607953015,"event":{"mods":["BaseMod","Colored Map","Colored Powertips","Highlight Path","Minty Spire (QoL Compilation)","Permanent Neow","StSLib"],"gold_per_floor":[113,113,131,131,144,170,186,186,186,186,219,219,239,269,269,346,346,346,10,10,10,10,10,10,10,10,10,10,10,10,10,10,10,10,10,10,10,10,10,10,10,10,10,10,10,10],"floor_reached":45,"playtime":3035,"items_purged":["Strike_P"],"score":992,"play_id":"a4850ebd-49d6-44e2-9580-cdff7827bb85","local_time":"20201214143655","is_ascension_mode":true,"campfire_choices":[{"data":"Eruption","floor":8.0,"key":"SMITH"},{"floor":12.0,"key":"REST"},{"data":"BattleHymn","floor":15.0,"key":"SMITH"},{"floor":24,"key":"REST"},{"floor":29,"key":"REST"},{"data":"WindmillStrike","floor":32,"key":"SMITH"},{"data":"Panache","floor":40,"key":"SMITH"},{"floor":42,"key":"REST"}],"circlet_count":0,"master_deck":["AscendersBane","Defend_P","Defend_P","Defend_P","Eruption+1","Vigilance","FollowUp+1","Wallop+1","Establishment+1","WindmillStrike+1","DeceiveReality","ClearTheMind","Blasphemy","BattleHymn+1","Devotion","Crescendo","Protect+1","Perseverance+1","Protect+1","Protect+1","Omniscience+1","Panache+1","Study+1","DeceiveReality+1"],"relics":["Astrolabe","Yang","Pantograph","Darkstone Periapt","Ancient Tea Set","Regal Pillow","StrikeDummy","Ectoplasm","Toxic Egg 2","Lantern","Bottled Flame","Old Coin","Boot","SsserpentHead","Sozu","Spirit Poop","Ornamental Fan","White Beast Statue","Vajra"],"acts_visited":["Exordium","TheCity","TheBeyond"],"potions_floor_usage":[],"damage_taken":[{"damage":0.0,"enemies":"Small Slimes","floor":1.0,"turns":3.0},{"damage":0.0,"enemies":"Jaw Worm","floor":3.0,"turns":4.0},{"damage":0.0,"enemies":"Cultist","floor":5.0,"turns":3.0},{"damage":8.0,"enemies":"3 Sentries","floor":6.0,"turns":11.0},{"damage":0.0,"enemies":"Large Slime","floor":7.0,"turns":8.0},{"damage":20.0,"enemies":"Gremlin Nob","floor":11.0,"turns":3.0},{"damage":0.0,"enemies":"Gremlin Gang","floor":13.0,"turns":4.0},{"damage":0.0,"enemies":"Lagavulin","floor":14.0,"turns":7.0},{"damage":0.0,"enemies":"Slime Boss","floor":16.0,"turns":4.0},{"damage":12,"enemies":"Chosen","floor":18,"turns":3},{"damage":4,"enemies":"Spheric Guardian","floor":21,"turns":4},{"damage":27,"enemies":"Gremlin Leader","floor":23,"turns":7},{"damage":64,"enemies":"Book of Stabbing","floor":25,"turns":5},{"damage":0,"enemies":"3 Cultists","floor":28,"turns":5},{"damage":0,"enemies":"Snake Plant","floor":31,"turns":3},{"damage":18,"enemies":"Champ","floor":33,"turns":12},{"damage":30,"enemies":"3 Darklings","floor":35,"turns":6},{"damage":0,"enemies":"3 Shapes","floor":36,"turns":6},{"damage":34,"enemies":"Giant Head","floor":41,"turns":10},{"damage":28,"enemies":"Reptomancer","floor":44,"turns":6},{"damage":86,"enemies":"Transient","floor":45,"turns":4}],"seed_played":"-8959362602829882679","potions_obtained":[{"floor":1.0,"key":"Block Potion"},{"floor":5.0,"key":"LiquidBronze"},{"floor":14.0,"key":"DuplicationPotion"},{"floor":18,"key":"BottledMiracle"}],"is_trial":false,"path_per_floor":["M","?","M","?","M","E","M","R","T","T","E","R","M","E","R","B",null,"M","$","?","M","?","E","R","E","T","T","M","R","?","M","R","B",null,"M","M","?","$","?","R","E","R","T","E","M"],"character_chosen":"WATCHER","items_purchased":["Toxic Egg 2","Protect+1"],"campfire_rested":4,"item_purchase_floors":[19,19],"current_hp_per_floor":[65,58,58,46,46,38,38,38,38,38,18,54,54,54,54,72,72,60,60,66,62,62,35,73,9,9,9,9,47,47,47,47,54,72,42,42,42,42,42,42,8,46,46,18,0,0],"gold":10,"neow_bonus":"BOSS_RELIC","is_daily":false,"chose_seed":false,"campfire_upgraded":4,"win_rate":0.0,"timestamp":1607953015,"path_taken":["M","?","M","?","M","E","M","R","T","?","E","R","M","E","R","BOSS","M","?","?","?","?","E","R","E","T","?","M","R","?","M","R","BOSS","M","?","?","?","?","R","E","R","T","E","M"],"items_purchased_type":["Relic","Card"],"build_version":"2020-12-13","purchased_purges":1,"victory":false,"max_hp_per_floor":[72,72,72,72,72,72,72,72,72,72,72,72,72,72,72,72,72,72,72,78,78,78,78,78,78,78,78,78,78,78,78,78,78,78,78,78,78,78,78,78,78,78,78,78,78,78],"card_choices":[{"not_picked":["FlurryOfBlows","SignatureMove"],"picked":"WindmillStrike","floor":1.0},{"not_picked":["WaveOfTheHand","PathToVictory","CrushJoints"],"picked":"SKIP","floor":3.0},{"not_picked":["SashWhip","WreathOfFlame"],"picked":"DeceiveReality","floor":5.0},{"not_picked":["MentalFortress","EmptyMind"],"picked":"ClearTheMind","floor":6.0},{"not_picked":["Prostrate","SashWhip","CutThroughFate"],"picked":"SKIP","floor":7.0},{"not_picked":["Nirvana","CrushJoints"],"picked":"Blasphemy","floor":11.0},{"not_picked":["PathToVictory","FlyingSleeves","ForeignInfluence"],"picked":"SKIP","floor":13.0},{"not_picked":["Blasphemy","FlurryOfBlows"],"picked":"BattleHymn","floor":14.0},{"not_picked":["Alpha","DevaForm"],"picked":"Devotion","floor":16.0},{"not_picked":["Prostrate+1","CrushJoints"],"picked":"Crescendo","floor":18},{"not_picked":["PathToVictory+1","WreathOfFlame+1","WheelKick"],"picked":"SKIP","floor":21},{"not_picked":["Blasphemy+1","CutThroughFate"],"picked":"Protect+1","floor":23},{"not_picked":["SandsOfTime","JustLucky","EmptyFist"],"picked":"SKIP","floor":25},{"not_picked":["FollowUp","WheelKick","Prostrate+1"],"picked":"SKIP","floor":28},{"not_picked":["Halt+1","JustLucky"],"picked":"Protect+1","floor":31},{"not_picked":["Brilliance","Vault+1"],"picked":"Omniscience+1","floor":33},{"not_picked":["JustLucky+1","BowlingBash","ReachHeaven"],"picked":"SKIP","floor":35},{"not_picked":["Weave","Conclude","CarveReality+1"],"picked":"SKIP","floor":36},{"not_picked":["Metamorphosis+1","Purity+1"],"picked":"Panache","floor":39},{"not_picked":["Fasting2","BowlingBash"],"picked":"Study+1","floor":41},{"not_picked":["EmptyFist+1","Adaptation"],"picked":"DeceiveReality+1","floor":44}],"player_experience":1357635,"relics_obtained":[{"floor":6.0,"key":"Pantograph"},{"floor":9.0,"key":"Darkstone Periapt"},{"floor":10.0,"key":"Ancient Tea Set"},{"floor":11.0,"key":"Regal Pillow"},{"floor":14.0,"key":"StrikeDummy"},{"floor":23,"key":"Lantern"},{"floor":25,"key":"Bottled Flame"},{"floor":26,"key":"Old Coin"},{"floor":27,"key":"Boot"},{"floor":41,"key":"Ornamental Fan"},{"floor":43,"key":"White Beast Statue"},{"floor":44,"key":"Vajra"}],"event_choices":[{"cards_removed":["Strike_P"],"damage_healed":0.0,"max_hp_gain":0.0,"max_hp_loss":0.0,"gold_gain":0.0,"event_name":"Golden Wing","player_choice":"Card Removal","floor":2.0,"gold_loss":0.0,"damage_taken":7.0},{"damage_healed":0.0,"max_hp_gain":0.0,"max_hp_loss":0.0,"gold_gain":0.0,"event_name":"Scrap Ooze","player_choice":"Success","floor":4.0,"gold_loss":0.0,"damage_taken":12.0,"relics_obtained":["Yang"]},{"damage_healed":0,"gold_gain":0,"player_choice":"Cursed","damage_taken":0,"max_hp_gain":0,"max_hp_loss":0,"event_name":"Wheel of Change","floor":20,"gold_loss":0,"cards_obtained":["Decay"]},{"damage_healed":0,"gold_gain":0,"player_choice":"Read","damage_taken":0,"max_hp_gain":0,"max_hp_loss":0,"event_name":"The Library","floor":22,"gold_loss":0,"cards_obtained":["Perseverance"]},{"damage_healed":0,"gold_gain":0,"player_choice":"Trade","damage_taken":0,"relics_obtained":["SsserpentHead"],"max_hp_gain":0,"max_hp_loss":0,"event_name":"FaceTrader","floor":30,"gold_loss":0},{"cards_removed":["Decay"],"damage_healed":0,"gold_gain":0,"player_choice":"Offered Curse","damage_taken":0,"relics_obtained":["Spirit Poop"],"max_hp_gain":0,"max_hp_loss":0,"event_name":"Bonfire Elementals","floor":37,"gold_loss":0},{"damage_healed":0,"gold_gain":0,"player_choice":"Memory 1","damage_taken":0,"max_hp_gain":0,"max_hp_loss":0,"event_name":"SensoryStone","floor":39,"gold_loss":0}],"is_beta":false,"boss_relics":[{"not_picked":["Philosopher\u0027s Stone","Snecko Eye"],"picked":"Ectoplasm"},{"not_picked":["VioletLotus","SacredBark"],"picked":"Sozu"}],"items_purged_floors":[19],"is_endless":false,"potions_floor_spawned":[1,5,14,18,23,44],"killed_by":"Transient","ascension_level":13}}