{"host":"ks12kfi5c4d9hdxy","time":1607972061,"event":{"mods":["BaseMod","Conspire","GifTheSpireLib","HololiveMod","Koishi","LagranYue(拉格朗・月)","Marisa（F雨　魔理沙）","Minty Spire (QoL Compilation)","Reimu（博丽灵梦）","Remilia（蕾米莉亚）","Replay The Spire","RumiaBox-露米娅的神秘盒子","StSLib","SuperFastMode","The Administrix","The Servant 0.9.4","Youmu（魂魄妖梦）","Yuyuko","【功能Mod】混沌之环修复补丁","【功能Mod】聪明的最终Boss","篝火指南"],"gold_per_floor":[14,14,29,52,52,91,91,131,131,131,45,70,70,70,70,166,166,190,17,17,38,38,73,73,73],"floor_reached":24,"playtime":574,"items_purged":[],"score":469,"play_id":"7a39a97c-d089-47fe-9876-ee5e4a9328a9","local_time":"20201215025421","is_ascension_mode":true,"campfire_choices":[{"floor":7.0,"key":"REST"},{"floor":10.0,"key":"REST"},{"data":"1","floor":13.0,"key":"LIFT"}],"circlet_count":0,"master_deck":["AscendersBane","Strike_MRS","Strike_MRS","Strike_MRS","Strike_MRS","Defend_MRS","Defend_MRS+1","Defend_MRS","Defend_MRS","MasterSpark","UpSweep","SporeBomb","PropBag","FinalSpark","SuperPerseids","DeepEcoloBomb","PropBag","SprinkleStarSeal+1","MillisecondPulsars","ShootTheMoon+1","StarBarrage+1","ReplayTheSpireMod:Private Reserves","OrrerysSun"],"relics":["MiniHakkero","LagranYue:RandomDrawCardRelic","Girya","Golden Idol","Letter Opener","Meat on the Bone","Molten Egg 2","Runic Pyramid","Anchor","conspire:DecoderRing","AmplifyWand","Shuriken"],"acts_visited":["Exordium","TheCity"],"potions_floor_usage":[23],"damage_taken":[{"damage":4.0,"enemies":"Jaw Worm","floor":1.0,"turns":4.0},{"damage":2.0,"enemies":"2 Louse","floor":3.0,"turns":4.0},{"damage":3.0,"enemies":"Small Slimes","floor":4.0,"turns":3.0},{"damage":37.0,"enemies":"3 Sentries","floor":6.0,"turns":9.0},{"damage":18.0,"enemies":"Lagavulin","floor":8.0,"turns":6.0},{"damage":1.0,"enemies":"Red Slaver","floor":12.0,"turns":3.0},{"damage":16.0,"enemies":"The Guardian","floor":16.0,"turns":10.0},{"damage":31.0,"enemies":"Chosen","floor":18.0,"turns":5.0},{"damage":17.0,"enemies":"2 Thieves","floor":21.0,"turns":4.0},{"damage":8,"enemies":"Gremlin Leader","floor":23,"turns":5},{"damage":39,"enemies":"Sentry and Sphere","floor":24,"turns":4}],"seed_played":"653783450287311370","potions_obtained":[{"floor":6.0,"key":"SkillPotion"},{"floor":8.0,"key":"EssenceOfSteel"},{"floor":12.0,"key":"Fruit Juice"},{"floor":21.0,"key":"Strength Potion"}],"is_trial":false,"path_per_floor":["M","?","M","M","?","E","R","E","T","R","$","M","R","$","R","B",null,"M","$","?","M","?","E","M"],"character_chosen":"MARISA","items_purchased":["PropBag","Anchor"],"campfire_rested":2,"item_purchase_floors":[11,19],"current_hp_per_floor":[59,59,57,54,54,17,35,17,17,35,35,39,39,39,59,43,62,43,43,43,38,26,30,0,0],"gold":73,"neow_bonus":"ONE_RARE_RELIC","is_daily":false,"chose_seed":false,"campfire_upgraded":0,"win_rate":0.0,"timestamp":1607972061,"path_taken":["M","?","M","M","?","E","R","E","T","R","$","M","R","$","R","BOSS","M","$","?","M","?","E","?"],"items_purchased_type":["Card","Relic"],"build_version":"2020-12-13","purchased_purges":0,"victory":false,"max_hp_per_floor":[70,63,63,63,63,63,63,63,63,63,63,68,68,68,68,68,68,68,68,68,68,68,68,68,68],"card_choices":[{"not_picked":["MysteriousBeam","GalacticHalo"],"picked":"SporeBomb","floor":1.0},{"not_picked":["IllusionStar","DarkSpark"],"picked":"PropBag","floor":3.0},{"not_picked":["Acceleration","GrandCross"],"picked":"FinalSpark","floor":4.0},{"not_picked":["MysteriousBeam","SporeBomb"],"picked":"SuperPerseids","floor":6.0},{"not_picked":["GravityBeat","OortCloud"],"picked":"DeepEcoloBomb","floor":8.0},{"not_picked":["Orbital","WitchOfGreed"],"picked":"SprinkleStarSeal","floor":12.0},{"not_picked":["JA+1","SuperNova"],"picked":"MillisecondPulsars","floor":16.0},{"not_picked":["PowerUp","GalacticHalo"],"picked":"ShootTheMoon+1","floor":18.0},{"not_picked":["RefractionSpark+1","MeteoricShower+1"],"picked":"StarBarrage+1","floor":21.0},{"not_picked":["DC+1","OneTimeOff"],"picked":"OrrerysSun","floor":23}],"player_experience":486480,"relics_obtained":[{"floor":6.0,"key":"Letter Opener"},{"floor":8.0,"key":"Meat on the Bone"},{"floor":9.0,"key":"Molten Egg 2"},{"floor":23,"key":"conspire:DecoderRing"}],"event_choices":[{"damage_healed":0.0,"max_hp_gain":0.0,"max_hp_loss":7.0,"gold_gain":0.0,"event_name":"Golden Idol","player_choice":"Lose Max HP","floor":2.0,"gold_loss":0.0,"damage_taken":0.0,"relics_obtained":["Golden Idol"]},{"damage_healed":0.0,"max_hp_gain":0.0,"max_hp_loss":0.0,"gold_gain":0.0,"event_name":"Knowing Skull","player_choice":"CARD ","floor":22.0,"potions_obtained":[],"gold_loss":0.0,"damage_taken":12.0,"cards_obtained":["ReplayTheSpireMod:Private Reserves"]}],"is_beta":false,"boss_relics":[{"not_picked":["Pandora\u0027s Box","Painkiller Herb"],"picked":"Runic Pyramid"}],"items_purged_floors":[],"is_endless":false,"potions_floor_spawned":[6,8,12,21],"killed_by":"Sentry and Sphere","ascension_level":18}}