{"host":"exphfieokgjuw8mv","time":1607967500,"event":{"mods":["2.2 Compatiblity","Aspiration","BaseMod","Colored Map","Colored Powertips","Downfall","Hermit","Hubris","Minty Spire (QoL Compilation)","Shop Mod","StSLib","The Accelerator","The Animator","The Bug Knight","The Exalted","The Necromancer","The Runesmith","The Servant 0.9.4","vexMod"],"gold_per_floor":[99,114,289,319,339,354,354,354,354,354,354,354,97,116,135,230,230,230,215,215,215,215,125,125,159,159,185,185,200,33,60,76,175,175,100,150,150,160,190,190,190,209,225,225,225,244,244,554,554,554],"floor_reached":51,"playtime":2483,"items_purged":["Doubt","Injury","Decay"],"score":909,"play_id":"75c55a13-00c7-4e9b-9143-b3e1800f510c","local_time":"20201214183820","is_ascension_mode":false,"campfire_choices":[{"data":"Guardian:TwinSlam","floor":1,"key":"SMITH"},{"floor":8,"key":"REST"},{"data":"Guardian:RevengeProtocol","floor":10,"key":"SMITH"},{"data":"Guardian:RevengeProtocol","floor":18,"key":"SMITH"},{"data":"Guardian:SpikerProtocol","floor":20,"key":"SMITH"},{"data":"Guardian:Strike_Guardian","floor":22,"key":"SMITH"},{"floor":26,"key":"REST"},{"data":"Guardian:Defend_Guardian","floor":35,"key":"SMITH"},{"floor":44,"key":"REST"}],"circlet_count":0,"master_deck":["Guardian:Strike_Guardian","Guardian:Strike_Guardian","Guardian:Strike_Guardian+1","Guardian:Defend_Guardian+1","Guardian:Defend_Guardian","Guardian:Defend_Guardian","Guardian:Defend_Guardian","Guardian:CurlUp+1","Guardian:TwinSlam+1","Guardian:DecasProtection+1","Guardian:SpikerProtocol+1","Guardian:WalkerClaw+1","Guardian:CrystalBeam+1","Guardian:PrismaticBeam+1","hubris:DuctTapeCard","Guardian:VentSteam","Guardian:BronzeArmor+1","Guardian:BaubleBeam+1"],"relics":["Guardian:ModeShifter","Regal Pillow","War Paint","Runesmith:AutoHammer","Molten Egg 2","hubris:Icosahedron","hubris:SphereOfDissonance","Black Star","Ornamental Fan","Bromod:ArcaneAvenger","hubris:Zylophone","Smiling Mask","Vajra","hubris:TenFootPole","aspiration:RitualStick","Pen Nib","aspiration:MobileForge","downfall:HeartBlessingGreen","CaptainsWheel","hubris:DuctTape","Bromod:ArcaneNullifier","Bottled Lightning","Kunai"],"acts_visited":["Exordium","TheCity","TheBeyond"],"potions_floor_usage":[4,25,27,33,33,48,49,50],"damage_taken":[{"damage":1,"enemies":"Cultist","floor":2,"turns":3},{"damage":24,"enemies":"Gremlin Nob","floor":4,"turns":3},{"damage":8,"enemies":"Small Slimes","floor":5,"turns":4},{"damage":0,"enemies":"2 Louse","floor":6,"turns":3},{"damage":2,"enemies":"downfall:FleeingMerchant","floor":13,"turns":4},{"damage":0,"enemies":"2 Fungi Beasts","floor":14,"turns":5},{"damage":7,"enemies":"Blue Slaver","floor":15,"turns":4},{"damage":27,"enemies":"downfall:Ironclad","floor":16,"turns":8},{"damage":0,"enemies":"downfall:FleeingMerchant","floor":19,"turns":4},{"damage":0,"enemies":"downfall:FleeingMerchant","floor":23,"turns":4},{"damage":28,"enemies":"Gremlin Leader","floor":25,"turns":8},{"damage":3,"enemies":"HollowMod:Nosk","floor":27,"turns":7},{"damage":8,"enemies":"Spheric Guardian","floor":29,"turns":4},{"damage":0,"enemies":"downfall:FleeingMerchant","floor":30,"turns":4},{"damage":0,"enemies":"3 Byrds","floor":32,"turns":2},{"damage":31,"enemies":"downfall:Watcher","floor":33,"turns":5},{"damage":1,"enemies":"Mind Bloom Boss Battle","floor":36,"turns":4},{"damage":0,"enemies":"3 Darklings","floor":38,"turns":4},{"damage":74,"enemies":"Nemesis","floor":39,"turns":5},{"damage":2,"enemies":"3 Shapes","floor":42,"turns":2},{"damage":18,"enemies":"Spire Growth","floor":43,"turns":2},{"damage":0,"enemies":"Sphere and 2 Shapes","floor":46,"turns":4},{"damage":2,"enemies":"downfall:FleeingMerchant","floor":48,"turns":2},{"damage":0,"enemies":"Writhing Mass","floor":49,"turns":2},{"damage":0,"enemies":"downfall:Defect","floor":50,"turns":6}],"seed_played":"2065221785310429267","potions_obtained":[{"floor":2,"key":"SteroidPotion"},{"floor":6,"key":"champ:CounterPotion"},{"floor":14,"key":"FearPotion"},{"floor":15,"key":"DuplicationPotion"},{"floor":25,"key":"sneckomod:MuddlingPotion"},{"floor":32,"key":"SmokeBomb"},{"floor":33,"key":"FairyPotion"},{"floor":38,"key":"Ancient Potion"},{"floor":46,"key":"Explosive Potion"}],"is_trial":false,"path_per_floor":["R","M","?","E","M","M","T","R","?","R","?","?","$","M","M","B",null,"R","$","R","T","R","$","T","E","R","E","?","M","$","T","M","B",null,"R","?","T","M","E","?","T","M","M","R","$","M","?","$","M","B",null],"character_chosen":"GUARDIAN","items_purchased":["hubris:SphereOfDissonance","Guardian:PrismaticBeam+1","Guardian:Gem_Red"],"campfire_rested":3,"item_purchase_floors":[13,30,30],"current_hp_per_floor":[80,79,79,55,47,47,47,80,80,80,80,80,78,78,71,44,80,80,80,80,80,80,80,80,52,80,77,69,61,61,61,61,30,80,80,79,79,79,5,5,5,3,24,63,63,63,63,61,61,61],"gold":554,"neow_bonus":"RANDOM_COMMON_RELIC","is_daily":false,"chose_seed":false,"campfire_upgraded":6,"win_rate":0.0,"timestamp":1607967500,"path_taken":["R","M","?","E","M","M","T","R","?","R","?","?","?","M","M","BOSS","R","?","R","?","R","$","T","E","R","E","?","M","$","?","M","BOSS","R","?","?","M","E","?","T","M","?","R","?","M","?","$","M","BOSS"],"items_purchased_type":["Relic","Card","Card"],"build_version":"2020-12-13","purchased_purges":3,"victory":true,"max_hp_per_floor":[80,80,80,80,80,80,80,80,80,80,80,80,80,80,80,80,80,80,80,80,80,80,80,80,80,80,80,80,80,80,80,80,80,80,80,80,80,80,80,80,80,80,80,80,80,80,80,80,80,80],"card_choices":[{"not_picked":["Guardian:GuardianWhirl","Guardian:Preprogram"],"picked":"Guardian:DecasProtection","floor":2},{"not_picked":["Guardian:PiercingHide","Guardian:Repulse"],"picked":"Guardian:Gem_Blue","floor":4},{"not_picked":["Guardian:FloatingOrbs","Guardian:TemporalShield"],"picked":"Guardian:Gem_Purple","floor":5},{"not_picked":["Guardian:Suspension","Guardian:Gem_Cyan"],"picked":"Guardian:RevengeProtocol","floor":6},{"not_picked":["Guardian:Emergency","Guardian:ShieldSpikes"],"picked":"Guardian:Gem_Green","floor":13},{"not_picked":["Guardian:ChargeCore+1","Guardian:SentryBeam+1"],"picked":"Guardian:SpikerProtocol","floor":14},{"not_picked":["Guardian:RefractedBeam+1","Guardian:Reroute+1"],"picked":"Guardian:WalkerClaw+1","floor":15},{"not_picked":["Guardian:HyperBeam_Guardian+1","Guardian:FierceBash+1"],"picked":"Guardian:RevengeProtocol","floor":16},{"not_picked":["Guardian:Suspension+1","Guardian:Planning"],"picked":"Guardian:Gem_Red","floor":19},{"not_picked":["Guardian:Suspension","Guardian:FloatingOrbs"],"picked":"Guardian:Gem_Green","floor":23},{"not_picked":["Guardian:Reroute+1","Guardian:TemporalStrike+1","Guardian:RollAttack+1"],"picked":"SKIP","floor":25},{"not_picked":["Guardian:PrimingBeam+1","Guardian:Reroute+1","Guardian:Recover"],"picked":"SKIP","floor":27},{"not_picked":["Guardian:Gem_Lightblue","Guardian:AncientConstruct"],"picked":"Guardian:CrystalBeam+1","floor":29},{"not_picked":["Guardian:Suspension","Guardian:PrimingBeam+1","Guardian:Gem_Lightblue"],"picked":"SKIP","floor":30},{"not_picked":["Guardian:PiercingHide","Guardian:GuardianWhirl+1","Guardian:SpikerProtocol"],"picked":"SKIP","floor":32},{"not_picked":["Guardian:ExploitGems","Guardian:HyperBeam_Guardian+1"],"picked":"Guardian:Gem_Orange","floor":33},{"not_picked":["Guardian:PiercingHide","Guardian:WalkerClaw+1"],"picked":"Guardian:VentSteam","floor":38},{"not_picked":["Guardian:RollAttack+1","Guardian:Planning","Guardian:Reroute+1"],"picked":"SKIP","floor":39},{"not_picked":["Guardian:DonusPower","Guardian:Suspension+1","Guardian:Gem_Purple"],"picked":"SKIP","floor":42},{"not_picked":["Guardian:WalkerClaw+1","Guardian:VentSteam+1"],"picked":"Guardian:BronzeArmor+1","floor":43},{"not_picked":["Guardian:TemporalStrike+1","Guardian:EvasiveProtocol","Guardian:Gem_Red"],"picked":"SKIP","floor":46},{"not_picked":["Guardian:Gem_Fragmented","Guardian:Suspension"],"picked":"Guardian:BaubleBeam+1","floor":48}],"player_experience":308256,"relics_obtained":[{"floor":4,"key":"War Paint"},{"floor":7,"key":"Runesmith:AutoHammer"},{"floor":21,"key":"Ornamental Fan"},{"floor":24,"key":"Bromod:ArcaneAvenger"},{"floor":25,"key":"hubris:Zylophone"},{"floor":25,"key":"Smiling Mask"},{"floor":27,"key":"Vajra"},{"floor":27,"key":"hubris:TenFootPole"},{"floor":31,"key":"Pen Nib"},{"floor":36,"key":"CaptainsWheel"},{"floor":37,"key":"hubris:DuctTape"},{"floor":39,"key":"Bromod:ArcaneNullifier"},{"floor":39,"key":"Bottled Lightning"},{"floor":41,"key":"Kunai"}],"event_choices":[{"damage_healed":0,"gold_gain":0,"player_choice":"Cursed","damage_taken":0,"max_hp_gain":0,"max_hp_loss":0,"event_name":"Wheel of Change","floor":40,"gold_loss":0,"cards_obtained":["Decay"]},{"damage_healed":0,"gold_gain":0,"player_choice":"Ignored","damage_taken":0,"max_hp_gain":0,"max_hp_loss":0,"event_name":"Mysterious Sphere","floor":47,"gold_loss":0}],"is_beta":false,"boss_relics":[{"not_picked":["hubris:BlackHole","Velvet Choker"],"picked":"Black Star"},{"not_picked":["aspiration:DefectSkillbook","SacredBark"],"picked":"aspiration:MobileForge"}],"items_purged_floors":[23,30,48],"is_endless":false,"potions_floor_spawned":[2,6,14,15,16,25,32,33,38,46,49],"ascension_level":0}}