{"host":"BK","time":1607973903,"event":{"mods":["BaseMod","Highlight Path","Minty Spire (QoL Compilation)","StSLib"],"gold_per_floor":[117,117,136,58,69,69,69,69,139,64,84,137,149,169,169,248,248,259,259,66,78,93,124,124,152,222,222,248,266,266,266],"floor_reached":30,"playtime":1764,"items_purged":["Strike_P"],"score":760,"play_id":"76cc58e9-f406-46fb-91cb-5c5a1415fda4","local_time":"20201214122503","is_ascension_mode":true,"campfire_choices":[{"data":"CarveReality","floor":6.0,"key":"SMITH"},{"data":"Conclude","floor":8.0,"key":"SMITH"},{"floor":15.0,"key":"REST"},{"floor":24,"key":"REST"},{"floor":27,"key":"REST"}],"circlet_count":0,"master_deck":["AscendersBane","Defend_P","Defend_P","Defend_P","Defend_P","Eruption","Vigilance","Swivel","BowlingBash","Conclude+1","CarveReality+1","DevaForm+1","WaveOfTheHand+1","Nirvana+1","Judgement+1","ThirdEye","DeceiveReality","Ragnarok","Collect+1"],"relics":["Snecko Eye","Frozen Egg 2","Bag of Preparation","Nloth\u0027s Gift","Sling","Gambling Chip","Ancient Tea Set","Pantograph"],"acts_visited":["Exordium","TheCity"],"potions_floor_usage":[25,28],"damage_taken":[{"damage":4.0,"enemies":"Jaw Worm","floor":1.0,"turns":4.0},{"damage":0.0,"enemies":"2 Louse","floor":3.0,"turns":2.0},{"damage":7.0,"enemies":"Small Slimes","floor":5.0,"turns":3.0},{"damage":0.0,"enemies":"Red Slaver","floor":11.0,"turns":3.0},{"damage":21.0,"enemies":"Exordium Thugs","floor":13.0,"turns":4.0},{"damage":3.0,"enemies":"Blue Slaver","floor":14.0,"turns":2.0},{"damage":0.0,"enemies":"Slime Boss","floor":16.0,"turns":4.0},{"damage":11.0,"enemies":"Chosen","floor":18.0,"turns":6.0},{"damage":48.0,"enemies":"Shell Parasite","floor":21.0,"turns":7.0},{"damage":23.0,"enemies":"Centurion and Healer","floor":22.0,"turns":4.0},{"damage":0,"enemies":"Gremlin Leader","floor":23,"turns":3},{"damage":29,"enemies":"Slavers","floor":25,"turns":3},{"damage":0,"enemies":"Gremlin Leader","floor":28,"turns":3},{"damage":10,"enemies":"Shelled Parasite and Fungi","floor":29,"turns":5},{"damage":21,"enemies":"Chosen and Byrds","floor":30,"turns":7}],"seed_played":"2466087829821890564","potions_obtained":[{"floor":1.0,"key":"FairyPotion"},{"floor":5.0,"key":"PowerPotion"},{"floor":21.0,"key":"Fruit Juice"},{"floor":23,"key":"Dexterity Potion"}],"is_trial":false,"path_per_floor":["M","?","M","$","M","R","?","R","T","$","M","T","M","M","R","B",null,"M","?","$","M","M","E","R","E","T","R","E","M","M"],"character_chosen":"WATCHER","items_purchased":["Conclude","Sling","ThirdEye"],"campfire_rested":3,"item_purchase_floors":[4,20,20],"current_hp_per_floor":[57,57,57,57,50,50,50,50,50,50,50,50,29,26,46,46,63,52,52,52,4,11,11,31,7,7,28,28,18,0,0],"gold":266,"neow_bonus":"BOSS_RELIC","is_daily":false,"chose_seed":false,"campfire_upgraded":2,"win_rate":0.0,"timestamp":1607973903,"path_taken":["M","?","M","$","M","R","?","R","T","?","M","?","M","M","R","BOSS","M","?","$","?","M","E","R","E","T","R","E","M","M"],"items_purchased_type":["Card","Relic","Card"],"build_version":"2020-12-07","purchased_purges":1,"victory":false,"max_hp_per_floor":[68,68,68,68,68,68,68,68,68,68,68,68,68,68,68,68,68,68,68,68,68,68,68,68,73,73,73,73,73,73,73],"card_choices":[{"not_picked":["EmptyBody","JustLucky"],"picked":"Swivel","floor":1.0},{"not_picked":["EmptyBody","Fasting2"],"picked":"BowlingBash","floor":3.0},{"not_picked":["Alpha","EmptyBody"],"picked":"CarveReality","floor":5.0},{"not_picked":["FlyingSleeves","Halt","Adaptation+1"],"picked":"SKIP","floor":11.0},{"not_picked":["SashWhip","EmptyBody","Indignation"],"picked":"SKIP","floor":13.0},{"not_picked":["ReachHeaven","ThirdEye","PathToVictory"],"picked":"SKIP","floor":14.0},{"not_picked":["Ragnarok","Establishment+1"],"picked":"DevaForm+1","floor":16.0},{"not_picked":["Crescendo","FlurryOfBlows","Pray"],"picked":"SKIP","floor":18.0},{"not_picked":["Meditate","CrushJoints","Fasting2+1"],"picked":"SKIP","floor":21.0},{"not_picked":["FlurryOfBlows","EmptyBody"],"picked":"DeceiveReality","floor":22.0},{"not_picked":["Swivel+1","Establishment+1"],"picked":"Ragnarok","floor":23},{"not_picked":["ForeignInfluence","SashWhip","CutThroughFate"],"picked":"SKIP","floor":25},{"not_picked":["Consecrate","Evaluate"],"picked":"Collect+1","floor":28},{"not_picked":["EmptyBody","BowlingBash","JustLucky"],"picked":"SKIP","floor":29}],"player_experience":2362358,"relics_obtained":[{"floor":9.0,"key":"Frozen Egg 2"},{"floor":12.0,"key":"Bag of Preparation"},{"floor":23,"key":"Gambling Chip"},{"floor":25,"key":"Ancient Tea Set"},{"floor":28,"key":"Pantograph"}],"event_choices":[{"damage_healed":0.0,"max_hp_gain":0.0,"max_hp_loss":0.0,"gold_gain":0.0,"event_name":"Living Wall","player_choice":"Grow","floor":2.0,"gold_loss":0.0,"damage_taken":0.0,"cards_upgraded":["Strike_P"]},{"damage_healed":0.0,"max_hp_gain":0.0,"max_hp_loss":0.0,"gold_gain":0.0,"event_name":"Liars Game","player_choice":"Ignored","floor":7.0,"gold_loss":0.0,"damage_taken":0.0},{"damage_healed":0.0,"max_hp_gain":0.0,"max_hp_loss":0.0,"gold_gain":0.0,"event_name":"N\u0027loth","player_choice":"Traded Relic","floor":19.0,"relics_lost":["Astrolabe"],"gold_loss":0.0,"damage_taken":0.0,"relics_obtained":["Nloth\u0027s Gift"]}],"is_beta":true,"boss_relics":[{"not_picked":["Tiny House","Fusion Hammer"],"picked":"Astrolabe"}],"items_purged_floors":[10],"is_endless":false,"potions_floor_spawned":[1,5,11,13,21,23],"killed_by":"Chosen and Byrds","ascension_level":20}}