{"host":"4pmzrw6j7p9u06vv","time":1607963293,"event":{"mods":["BaseMod","BetterRewards","Downfall","MarisaÅiñ∂âJÅ@ñÇóùçπÅj","Minty Spire (QoL Compilation)","Replay The Spire","StSLib","The Disciple","The Jungle"],"gold_per_floor":[110,110,110,123,23,23,53,53,53,71,99,99,122,149,149,255,255,286,286,286,308,371,405,405],"floor_reached":23,"playtime":1170,"items_purged":["Hallucinations","Strike_B"],"score":199,"play_id":"5f4f6c95-efbe-4ce9-93bc-ee89edf15f82","local_time":"20201214132813","is_ascension_mode":false,"campfire_choices":[{"data":"Deadly Poison","floor":6,"key":"SMITH"},{"floor":8,"key":"REST"},{"data":"Defend_B","floor":12,"key":"PURGE"},{"data":"Glacier","floor":15,"key":"SMITH"}],"circlet_count":0,"master_deck":["Strike_B","Strike_B","Strike_B","Defend_B","Defend_B","Defend_B","Dualcast","Deadly Poison+1","Glacier+1","Conserve Battery","ReplayTheSpireMod:Omega Cannon","Ball Lightning+1","Genetic Algorithm"],"relics":["ReplayTheSpireMod:CursedCoin","Lantern","ReplayTheSpireMod:TigerMarble","Ring of the Snake","Peace Pipe","Toy Ornithopter","Regal Pillow","Replay:Bandana","Strawberry","Replay:Bronze Core","MutagenicStrength"],"acts_visited":["Exordium","TheCity"],"potions_floor_usage":[16,16,16],"damage_taken":[{"damage":0,"enemies":"2 Louse","floor":1,"turns":2},{"damage":0,"enemies":"Jaw Worm","floor":4,"turns":5},{"damage":18,"enemies":"Lagavulin","floor":7,"turns":8},{"damage":0,"enemies":"Small Slimes","floor":10,"turns":2},{"damage":4,"enemies":"3 Sentries","floor":11,"turns":11},{"damage":0,"enemies":"3 Louse","floor":13,"turns":3},{"damage":20,"enemies":"Fading Forest","floor":16,"turns":11},{"damage":19,"enemies":"Shell Parasite","floor":18,"turns":6},{"damage":23,"enemies":"Chosen","floor":21,"turns":5},{"damage":0,"enemies":"3 Cultists","floor":22,"turns":2},{"damage":30,"enemies":"Slavers","floor":23,"turns":2}],"seed_played":"357738757674010929","potions_obtained":[{"floor":1,"key":"Adrenaline Potion"},{"floor":7,"key":"Elixir"},{"floor":13,"key":"Adrenaline Potion"},{"floor":16,"key":"sneckomod:MuddlingPotion"}],"is_trial":false,"path_per_floor":["M","?","?","M","$","R","E","R","T","M","E","R","M","T","R","B",null,"M","?","?","M","M","E"],"character_chosen":"DEFECT","items_purchased":["ReplayTheSpireMod:CursedCoin","Lantern","Omamori","ReplayTheSpireMod:TigerMarble","FearPotion"],"campfire_rested":1,"item_purchase_floors":[0,0,0,0,0],"current_hp_per_floor":[59,59,56,60,60,60,42,64,64,64,60,60,60,67,67,72,82,63,63,47,24,24,0,0],"gold":405,"neow_bonus":"","is_daily":false,"chose_seed":false,"campfire_upgraded":2,"win_rate":0.0,"timestamp":1607963293,"path_taken":["M","?","?","M","$","R","E","R","T","M","E","R","M","?","R","BOSS","M","?","?","M","M","E"],"items_purchased_type":["Relic","Relic","Relic","Relic","Potion"],"build_version":"2020-12-13","purchased_purges":2,"victory":false,"max_hp_per_floor":[75,75,75,75,75,75,75,75,75,75,75,75,75,82,82,82,82,82,82,87,87,87,87,87],"card_choices":[{"not_picked":["BasicCrystalCard","Streamline","Ball Lightning"],"picked":"SKIP","floor":1},{"not_picked":["Hologram","ReplaySort"],"picked":"Glacier","floor":4},{"not_picked":["BasicCrystalCard","Hologram"],"picked":"Conserve Battery","floor":7},{"not_picked":["ReplaySort","Hello World","Steam Power"],"picked":"SKIP","floor":10},{"not_picked":["Coolheaded","ReplayTheSpireMod:System Scan","Barrage"],"picked":"SKIP","floor":11},{"not_picked":["Steam","Reboot","Conserve Battery"],"picked":"SKIP","floor":13},{"not_picked":["Fission","Amplify"],"picked":"ReplayTheSpireMod:Omega Cannon","floor":16},{"not_picked":["Streamline","Cold Snap"],"picked":"Ball Lightning+1","floor":18},{"not_picked":["Steam","Ball Lightning","Cold Snap"],"picked":"SKIP","floor":21},{"not_picked":["Loop","Reprogram"],"picked":"Genetic Algorithm","floor":22}],"player_experience":14206,"relics_obtained":[{"floor":7,"key":"Toy Ornithopter"},{"floor":9,"key":"Regal Pillow"},{"floor":11,"key":"Replay:Bandana"},{"floor":14,"key":"Strawberry"}],"event_choices":[{"damage_healed":0,"gold_gain":0,"player_choice":"Success","damage_taken":3,"relics_obtained":["Peace Pipe"],"max_hp_gain":0,"max_hp_loss":0,"event_name":"Scrap Ooze","floor":3,"gold_loss":0},{"damage_healed":0,"gold_gain":0,"player_choice":"Inject Mutagens","damage_taken":0,"relics_obtained":["MutagenicStrength"],"max_hp_gain":0,"max_hp_loss":0,"event_name":"Drug Dealer","floor":19,"gold_loss":0},{"damage_healed":0,"gold_gain":0,"player_choice":"Shed Blood","damage_taken":21,"max_hp_gain":5,"max_hp_loss":0,"event_name":"Forgotten Altar","floor":20,"gold_loss":0}],"is_beta":false,"boss_relics":[{"not_picked":["ReplayTheSpireMod:DimensionalGlitch","ChewingGum"],"picked":"Replay:Bronze Core"}],"items_purged_floors":[0,5],"is_endless":false,"potions_floor_spawned":[1,7,13,16],"killed_by":"Slavers","ascension_level":0}}