{"host":"p7j7o00jacnw7qzt","time":1607925134,"event":{"mods":["BaseMod","Colored Map","Colored Powertips","DeckTracker","Highlight Path","Minty Spire (QoL Compilation)","Relic Stats"],"gold_per_floor":[312,324,193,193,204,204,235,235,235,261,261,272,297,297,297,375,375,388,388,407,407,40,40,60,60,60,60,92,107,134,134,134,205,205,218,236,236,43,59,59,88,88,88,115,15,15,15,31,31,31,31,31,31,31,65,65],"floor_reached":57,"playtime":2865,"items_purged":["Strike_R","Hemokinesis","Spot Weakness+1"],"score":3283,"play_id":"f2fa7944-97df-451e-85ba-7f34bd3aef04","local_time":"20201214005214","is_ascension_mode":true,"campfire_choices":[{"data":"Spot Weakness","floor":6.0,"key":"SMITH"},{"floor":8.0,"key":"REST"},{"data":"Inflame","floor":11.0,"key":"SMITH"},{"floor":15.0,"key":"REST"},{"data":"Pommel Strike","floor":23.0,"key":"SMITH"},{"data":"Evolve","floor":25.0,"key":"SMITH"},{"data":"Dark Embrace","floor":32.0,"key":"SMITH"},{"data":"Body Slam","floor":40.0,"key":"SMITH"},{"floor":42.0,"key":"RECALL"},{"data":"Feel No Pain","floor":49.0,"key":"SMITH"},{"data":"Barricade","floor":53.0,"key":"SMITH"}],"circlet_count":0,"master_deck":["AscendersBane","Barricade+1","Inflame+1","Armaments+1","Havoc+1","Evolve+1","Shrug It Off+1","Feel No Pain+1","Havoc+1","Burning Pact+1","Metallicize","Pommel Strike+1","Warcry+1","Bloodletting+1","Dark Embrace+1","Impervious+1","Sentinel+1","Burning Pact+1","Body Slam+1","Offering+1"],"relics":["Burning Blood","Old Coin","White Beast Statue","Whetstone","Sundial","Toxic Egg 2","Odd Mushroom","Pandora\u0027s Box","Bag of Preparation","HornCleat","Nilry\u0027s Codex","Omamori","The Courier","Runic Cube","Orrery","Pear","InkBottle","Pantograph"],"acts_visited":["TheCity","TheBeyond","TheEnding"],"potions_floor_usage":[56,56],"damage_taken":[{"damage":8.0,"enemies":"2 Louse","floor":1.0,"turns":4.0},{"damage":14.0,"enemies":"Jaw Worm","floor":2.0,"turns":4.0},{"damage":3.0,"enemies":"Small Slimes","floor":5.0,"turns":3.0},{"damage":25.0,"enemies":"Lagavulin","floor":7.0,"turns":6.0},{"damage":30.0,"enemies":"3 Sentries","floor":10.0,"turns":7.0},{"damage":12.0,"enemies":"2 Fungi Beasts","floor":12.0,"turns":4.0},{"damage":6.0,"enemies":"The Mushroom Lair","floor":13.0,"turns":4.0},{"damage":39.0,"enemies":"Slime Boss","floor":16.0,"turns":5.0},{"damage":8.0,"enemies":"Shell Parasite","floor":18.0,"turns":3.0},{"damage":11.0,"enemies":"Spheric Guardian","floor":20.0,"turns":3.0},{"damage":9.0,"enemies":"Chosen and Byrds","floor":24.0,"turns":4.0},{"damage":31.0,"enemies":"Slavers","floor":28.0,"turns":3.0},{"damage":6.0,"enemies":"Cultist and Chosen","floor":29.0,"turns":4.0},{"damage":17.0,"enemies":"Book of Stabbing","floor":30.0,"turns":2.0},{"damage":6.0,"enemies":"Collector","floor":33.0,"turns":1.0},{"damage":3.0,"enemies":"3 Shapes","floor":35.0,"turns":2.0},{"damage":6.0,"enemies":"Orb Walker","floor":36.0,"turns":2.0},{"damage":6.0,"enemies":"Sphere and 2 Shapes","floor":39.0,"turns":2.0},{"damage":3.0,"enemies":"Reptomancer","floor":41.0,"turns":1.0},{"damage":9.0,"enemies":"Giant Head","floor":44.0,"turns":1.0},{"damage":9.0,"enemies":"Writhing Mass","floor":48.0,"turns":1.0},{"damage":9.0,"enemies":"Donu and Deca","floor":50.0,"turns":1.0},{"damage":6.0,"enemies":"Awakened One","floor":51.0,"turns":3.0},{"damage":9.0,"enemies":"Shield and Spear","floor":55.0,"turns":1.0},{"damage":33,"enemies":"The Heart","floor":56,"turns":4}],"seed_played":"-4267111486736351910","potions_obtained":[{"floor":1.0,"key":"SpeedPotion"},{"floor":5.0,"key":"SpeedPotion"},{"floor":7.0,"key":"Explosive Potion"},{"floor":10.0,"key":"Fruit Juice"},{"floor":12.0,"key":"ElixirPotion"},{"floor":13.0,"key":"DuplicationPotion"},{"floor":16.0,"key":"HeartOfIron"},{"floor":18.0,"key":"BloodPotion"},{"floor":19.0,"key":"Regen Potion"},{"floor":20.0,"key":"BloodPotion"},{"floor":24.0,"key":"Fire Potion"},{"floor":28.0,"key":"BloodPotion"},{"floor":29.0,"key":"Fire Potion"},{"floor":30.0,"key":"Weak Potion"},{"floor":33.0,"key":"Strength Potion"},{"floor":41.0,"key":"Energy Potion"},{"floor":48.0,"key":"Weak Potion"},{"floor":55.0,"key":"FearPotion"}],"is_trial":false,"path_per_floor":["M","M","$","?","M","R","E","R","T","E","R","M","?","?","R","B",null,"M","?","M","?","$","R","M","R","T","?","E","M","E","?","R","B",null,"M","M","?","$","M","R","E","R","T","E","$","?","$","M","R","B","B",null,"R","$","E","B",null],"character_chosen":"IRONCLAD","items_purchased":["Fire Potion","Pommel Strike","Bag of Preparation","Warcry+1","Burning Pact+1","Orrery"],"campfire_rested":2,"item_purchase_floors":[3,22,22,22,38,38],"current_hp_per_floor":[66,58,58,47,50,50,31,53,53,34,34,28,28,21,45,12,63,61,77,72,72,72,72,78,78,78,57,48,64,53,53,53,53,73,76,76,76,76,76,76,89,89,89,86,86,85,85,82,82,79,79,84,84,84,81,58],"gold":65,"neow_bonus":"ONE_RARE_RELIC","is_daily":false,"chose_seed":false,"campfire_upgraded":8,"win_rate":0.0,"timestamp":1607925134,"path_taken":["M","M","$","?","M","R","E","R","T","E","R","M","?","?","R","BOSS","M","?","?","?","$","R","M","R","T","?","E","M","E","?","R","BOSS","M","?","?","$","M","R","E","R","T","E","$","?","?","M","R","BOSS","BOSS","R","$","E","BOSS"],"items_purchased_type":["Potion","Card","Relic","Card","Card","Relic"],"build_version":"2020-12-13","purchased_purges":3,"victory":true,"max_hp_per_floor":[75,75,75,75,75,75,75,75,75,80,80,80,80,80,80,80,80,80,80,80,80,80,80,80,80,80,80,80,80,80,80,80,80,80,80,80,80,80,80,80,90,90,90,90,90,85,85,85,85,85,85,85,85,85,85,85],"relic_stats":{"counters":[25,75],"Sundial":[326],"Pantograph":4,"Pandora\u0027s Box":["Cleave","Havoc","Evolve","Shrug It Off","Feel No Pain","Havoc","Bludgeon"],"Bag of Preparation":[30],"Whetstone":["Strike_R","Strike_R"],"obtain_stats":[{"Pear":41,"Nilry\u0027s Codex":27,"The Courier":30,"Bag of Preparation":22,"Omamori":28,"Whetstone":7,"Odd Mushroom":13,"Burning Blood":0,"White Beast Statue":4,"Old Coin":0,"HornCleat":26,"Sundial":9,"Pantograph":55,"Orrery":38,"Pandora\u0027s Box":17,"Toxic Egg 2":10,"InkBottle":44,"Runic Cube":34},{"Pear":19,"Nilry\u0027s Codex":11,"The Courier":14,"Bag of Preparation":10,"Omamori":12,"Whetstone":4,"Odd Mushroom":7,"Burning Blood":0,"White Beast Statue":2,"Old Coin":0,"HornCleat":11,"Sundial":4,"Pantograph":24,"Orrery":17,"Pandora\u0027s Box":8,"Toxic Egg 2":5,"InkBottle":20,"Runic Cube":15},{"Pear":64,"Nilry\u0027s Codex":47,"The Courier":56,"Bag of Preparation":43,"Omamori":50,"Whetstone":17,"Odd Mushroom":32,"Burning Blood":0,"White Beast Statue":8,"Old Coin":0,"HornCleat":47,"Sundial":17,"Pantograph":71,"Orrery":61,"Pandora\u0027s Box":37,"Toxic Egg 2":24,"InkBottle":65,"Runic Cube":57}],"Burning Blood":150,"InkBottle":[6],"Runic Cube":[25]},"card_choices":[{"not_picked":["Ghostly Armor","Clash","Perfected Strike"],"picked":"SKIP","floor":1.0},{"not_picked":["Headbutt","Havoc"],"picked":"Spot Weakness","floor":2.0},{"not_picked":["Iron Wave","Wild Strike","Flex"],"picked":"SKIP","floor":5.0},{"not_picked":["Sentinel","Intimidate"],"picked":"Barricade","floor":7.0},{"not_picked":["Flame Barrier+1","Entrench+1"],"picked":"Inflame","floor":10.0},{"not_picked":["Cleave","Rampage"],"picked":"Hemokinesis","floor":12.0},{"not_picked":["Sentinel+1","Blood for Blood"],"picked":"Armaments+1","floor":13.0},{"not_picked":["Sword Boomerang","Twin Strike","Body Slam"],"picked":"SKIP","floor":18.0},{"not_picked":["Body Slam","Rage+1","Carnage"],"picked":"SKIP","floor":20.0},{"not_picked":["Heavy Blade","Dropkick","Headbutt"],"picked":"SKIP","floor":24.0},{"not_picked":["Heavy Blade","Dropkick","Headbutt"],"picked":"SKIP","floor":24.0},{"not_picked":["Bludgeon","Shrug It Off+1"],"picked":"Bloodletting+1","floor":28.0},{"not_picked":["Wild Strike","Cleave+1"],"picked":"Dark Embrace","floor":29.0},{"not_picked":["Twin Strike","Clothesline","Iron Wave"],"picked":"SKIP","floor":30.0},{"not_picked":["Corruption","Fiend Fire"],"picked":"Impervious+1","floor":33.0},{"not_picked":["Dropkick+1","Clash+1"],"picked":"Sentinel+1","floor":35.0},{"not_picked":["Searing Blow","Pommel Strike","Pummel"],"picked":"SKIP","floor":36.0},{"not_picked":["Armaments+1","Evolve"],"picked":"Body Slam","floor":38.0},{"not_picked":["Feed","Rupture","Havoc+1"],"picked":"SKIP","floor":39.0},{"not_picked":["Sword Boomerang+1","Shockwave+1","Perfected Strike"],"picked":"SKIP","floor":41.0},{"not_picked":["Shrug It Off+1","Flex+1"],"picked":"Offering+1","floor":44.0},{"not_picked":["Anger","Combust","Armaments+1"],"picked":"SKIP","floor":48.0},{"not_picked":["Flame Barrier+1","Havoc+1","Body Slam"],"picked":"SKIP","floor":55.0}],"player_experience":846043,"relics_obtained":[{"floor":7.0,"key":"Whetstone"},{"floor":9.0,"key":"Sundial"},{"floor":10.0,"key":"Toxic Egg 2"},{"floor":13.0,"key":"Odd Mushroom"},{"floor":26.0,"key":"HornCleat"},{"floor":27.0,"key":"Nilry\u0027s Codex"},{"floor":28.0,"key":"Omamori"},{"floor":30.0,"key":"The Courier"},{"floor":41.0,"key":"Pear"},{"floor":44.0,"key":"InkBottle"},{"floor":55.0,"key":"Pantograph"}],"event_choices":[{"damage_healed":0.0,"max_hp_gain":0.0,"max_hp_loss":0.0,"gold_gain":0.0,"event_name":"Scrap Ooze","player_choice":"Success","floor":4.0,"gold_loss":0.0,"damage_taken":11.0,"relics_obtained":["White Beast Statue"]},{"damage_healed":0.0,"max_hp_gain":0.0,"max_hp_loss":0.0,"gold_gain":0.0,"event_name":"Mushrooms","player_choice":"Fought Mushrooms","floor":13.0,"gold_loss":0.0,"damage_taken":0.0},{"cards_removed":["Strike_R"],"damage_healed":0.0,"max_hp_gain":0.0,"max_hp_loss":0.0,"gold_gain":0.0,"event_name":"Golden Wing","player_choice":"Card Removal","floor":14.0,"gold_loss":0.0,"damage_taken":7.0},{"damage_healed":0.0,"max_hp_gain":0.0,"max_hp_loss":0.0,"gold_gain":0.0,"event_name":"Lab","player_choice":"Got Potions","floor":19.0,"gold_loss":0.0,"damage_taken":0.0},{"damage_healed":0.0,"max_hp_gain":0.0,"max_hp_loss":0.0,"gold_gain":0.0,"cards_transformed":["Cleave","Bludgeon"],"event_name":"Drug Dealer","player_choice":"Became Test Subject","floor":21.0,"gold_loss":0.0,"damage_taken":0.0,"cards_obtained":["Burning Pact","Metallicize"]},{"damage_healed":0.0,"max_hp_gain":0.0,"max_hp_loss":0.0,"gold_gain":0.0,"event_name":"Cursed Tome","player_choice":"Obtained Book","floor":27.0,"gold_loss":0.0,"damage_taken":21.0},{"cards_removed":["Bash"],"damage_healed":0.0,"max_hp_gain":0.0,"max_hp_loss":0.0,"gold_gain":0.0,"event_name":"Bonfire Elementals","player_choice":"Offered Basic","floor":31.0,"gold_loss":0.0,"damage_taken":0.0},{"damage_healed":0.0,"max_hp_gain":0.0,"max_hp_loss":0.0,"gold_gain":0.0,"event_name":"Tomb of Lord Red Mask","player_choice":"Ignored","floor":37.0,"gold_loss":0.0,"damage_taken":0.0},{"damage_healed":0.0,"max_hp_gain":0.0,"max_hp_loss":5.0,"gold_gain":0.0,"event_name":"Winding Halls","player_choice":"Max HP","floor":46.0,"gold_loss":0.0,"damage_taken":0.0}],"is_beta":false,"boss_relics":[{"not_picked":["Black Blood","Black Star"],"picked":"Pandora\u0027s Box"},{"not_picked":["Calling Bell","Fusion Hammer"],"picked":"Runic Cube"}],"items_purged_floors":[3,22,45],"is_endless":false,"potions_floor_spawned":[1,5,7,10,12,13,16,18,20,24,28,29,30,33,35,36,39,41,44,48,55],"ascension_level":20}}