{"host":"o8mks5sgurcby9u2","time":1607955551,"event":{"mods":["Act Like it!","BaseMod","Better Third Choice","GifTheSpireLib","Hubris","Minty Spire (QoL Compilation)","Shade Mod","StSLib"],"gold_per_floor":[110,110,122,11,24,49,49,49,75,117,145,186,216,247,259,366,378,408,420,307,307,51,82,82,82,109,137,157,157,168,186,186,290,290,303,317,317,317,17,17,52,63,63,17,36,47,47,81,81,81,81,81,9,38,38,38],"floor_reached":55,"playtime":3151,"items_purged":["Strike_G","Strike_G","Strike_G","Deadly Poison"],"score":860,"play_id":"372da3e7-45d8-4ce9-86d2-d8418d8204e7","local_time":"20201214231911","is_ascension_mode":false,"campfire_choices":[{"data":"Noxious Fumes","floor":7,"key":"SMITH"},{"data":"Calculated Gamble","floor":15,"key":"SMITH"},{"data":"Burst","floor":29,"key":"SMITH"},{"data":"Outmaneuver","floor":32,"key":"SMITH"},{"data":"Neutralize","floor":40,"key":"SMITH"},{"floor":49,"key":"RECALL"},{"data":"Catalyst","floor":52,"key":"SMITH"}],"circlet_count":0,"master_deck":["Defend_G","Defend_G","Defend_G","Defend_G","Survivor","Neutralize+1","Calculated Gamble+1","All Out Attack","Well Laid Plans","Noxious Fumes+1","Footwork","Burst+1","Bouncing Flask","Dash","Outmaneuver+1","After Image","Acrobatics+1","Backflip","Acrobatics","Backflip","Well Laid Plans","Deadly Poison+1","Caltrops+1","Madness","Madness","Catalyst+1","Backflip","Adrenaline","Crippling Poison","Noxious Fumes","Blur+1"],"relics":["Ring of the Snake","Oddly Smooth Stone","MawBank","Mercury Hourglass","Snake Skull","Runic Dome","Enchiridion","Pen Nib","Vajra","hubris:ToyBattleship","MealTicket","Empty Cage","Bronze Scales","Meat on the Bone","hubris:Spice","hubris:SlimyHat"],"acts_visited":["Exordium","TheCity","TheBeyond","TheEnding"],"potions_floor_usage":[6,10,12,18,27,30,36,41,41,50,54],"damage_taken":[{"damage":0,"enemies":"2 Louse","floor":1,"turns":3},{"damage":0,"enemies":"Jaw Worm","floor":3,"turns":5},{"damage":0,"enemies":"Small Slimes","floor":5,"turns":3},{"damage":1,"enemies":"Lagavulin","floor":6,"turns":8},{"damage":17,"enemies":"3 Sentries","floor":10,"turns":6},{"damage":7,"enemies":"Looter","floor":11,"turns":4},{"damage":2,"enemies":"Lagavulin","floor":12,"turns":8},{"damage":0,"enemies":"3 Louse","floor":13,"turns":1},{"damage":0,"enemies":"Exordium Wildlife","floor":14,"turns":2},{"damage":16,"enemies":"Hexaghost","floor":16,"turns":10},{"damage":0,"enemies":"Spheric Guardian","floor":18,"turns":6},{"damage":5,"enemies":"Book of Stabbing","floor":23,"turns":7},{"damage":25,"enemies":"Slavers","floor":27,"turns":5},{"damage":0,"enemies":"Shell Parasite","floor":28,"turns":7},{"damage":4,"enemies":"Chosen and Byrds","floor":30,"turns":5},{"damage":0,"enemies":"Snecko","floor":31,"turns":5},{"damage":0,"enemies":"Champ","floor":33,"turns":8},{"damage":0,"enemies":"Orb Walker","floor":35,"turns":5},{"damage":5,"enemies":"3 Shapes","floor":36,"turns":4},{"damage":34,"enemies":"Reptomancer","floor":41,"turns":6},{"damage":21,"enemies":"Spire Growth","floor":42,"turns":6},{"damage":16,"enemies":"Transient","floor":45,"turns":5},{"damage":1,"enemies":"Sphere and 2 Shapes","floor":46,"turns":4},{"damage":0,"enemies":"Giant Head","floor":48,"turns":6},{"damage":6,"enemies":"Donu and Deca","floor":50,"turns":8},{"damage":31,"enemies":"Shield and Spear","floor":54,"turns":6},{"damage":61,"enemies":"The Heart","floor":55,"turns":6}],"seed_played":"-4505022811285074501","potions_obtained":[{"floor":1,"key":"PowerPotion"},{"floor":5,"key":"ColorlessPotion"},{"floor":10,"key":"Swift Potion"},{"floor":11,"key":"DuplicationPotion"},{"floor":16,"key":"Dexterity Potion"},{"floor":28,"key":"DistilledChaos"},{"floor":30,"key":"Block Potion"},{"floor":31,"key":"EssenceOfSteel"},{"floor":33,"key":"ColorlessPotion"},{"floor":42,"key":"LiquidBronze"},{"floor":45,"key":"Energy Potion"},{"floor":48,"key":"Block Potion"}],"is_trial":false,"path_per_floor":["M","?","M","$","M","E","R","?","T","E","M","E","M","M","R","B",null,"M","?","$","?","$","E","?","?","T","E","M","R","M","M","R","B",null,"M","M","?","?","$","R","E","M","T","$","M","M","?","E","R","B",null,"R","$","E","B"],"character_chosen":"THE_SILENT","items_purchased":["Noxious Fumes","Acrobatics","Backflip","Well Laid Plans","Bronze Scales","Backflip","Noxious Fumes"],"campfire_rested":0,"item_purchase_floors":[4,20,22,22,39,44,53],"current_hp_per_floor":[70,70,70,70,70,69,69,69,69,52,45,43,43,43,43,27,70,70,70,70,54,54,49,49,49,49,24,24,24,20,20,20,20,70,70,65,65,56,70,70,36,27,27,42,38,37,24,44,44,50,83,83,83,52,0,0],"gold":38,"neow_bonus":"REMOVE_CARD","is_daily":false,"chose_seed":false,"campfire_upgraded":6,"win_rate":0.0,"timestamp":1607955551,"path_taken":["M","?","M","$","M","E","R","?","T","E","M","E","M","M","R","BOSS","M","?","$","?","$","E","?","?","T","E","M","R","M","M","R","BOSS","M","M","?","?","$","R","E","M","T","?","M","M","?","E","R","BOSS","R","$","E","BOSS"],"items_purchased_type":["Card","Card","Card","Card","Relic","Card","Card"],"build_version":"2020-12-13","purchased_purges":4,"victory":false,"max_hp_per_floor":[70,70,70,70,70,70,70,70,70,70,70,70,70,70,70,70,70,70,70,70,70,70,70,70,70,70,70,70,70,70,70,70,70,70,70,70,70,70,70,70,70,70,70,70,70,70,75,83,83,83,83,83,83,83,83,83],"card_choices":[{"not_picked":["Choke","Underhanded Strike"],"picked":"Calculated Gamble","floor":1},{"not_picked":["Slice","Caltrops"],"picked":"Well Laid Plans","floor":3},{"not_picked":["Heel Hook","Dodge and Roll"],"picked":"Footwork","floor":5},{"not_picked":["hubris:SlightOfHand","Phantasmal Killer","Quick Slash"],"picked":"SKIP","floor":6},{"not_picked":["Heel Hook","Dodge and Roll"],"picked":"Burst","floor":10},{"not_picked":["Dagger Spray","hubris:Sniper"],"picked":"Bouncing Flask","floor":11},{"not_picked":["Die Die Die","Dagger Throw"],"picked":"Dash","floor":12},{"not_picked":["Deflect","Sucker Punch"],"picked":"Outmaneuver","floor":13},{"not_picked":["Sucker Punch","Prepared","Slice"],"picked":"SKIP","floor":14},{"not_picked":["Glass Knife","Storm of Steel"],"picked":"After Image","floor":16},{"not_picked":["Dodge and Roll","Dagger Throw"],"picked":"Acrobatics+1","floor":18},{"not_picked":["Quick Slash+1","All Out Attack","Outmaneuver"],"picked":"SKIP","floor":23},{"not_picked":["Expertise","Backstab"],"picked":"Deadly Poison","floor":27},{"not_picked":["Reflex","Flying Knee","Flechettes"],"picked":"SKIP","floor":28},{"not_picked":["Setup","Acrobatics+1"],"picked":"Deadly Poison+1","floor":30},{"not_picked":["Dagger Throw","Deflect","hubris:Sniper"],"picked":"SKIP","floor":31},{"not_picked":["Bane","Eviscerate","Poisoned Stab"],"picked":"SKIP","floor":35},{"not_picked":["Backflip","Flying Knee"],"picked":"Caltrops+1","floor":36},{"not_picked":["hubris:Sniper+1","Prepared","Underhanded Strike+1"],"picked":"SKIP","floor":41},{"not_picked":["Leg Sweep","hubris:Sniper+1"],"picked":"Catalyst","floor":42},{"not_picked":["Sucker Punch","Prepared+1"],"picked":"Adrenaline","floor":45},{"not_picked":["Dodge and Roll","Dagger Throw","Backflip"],"picked":"SKIP","floor":46},{"not_picked":["Terror","Bane+1"],"picked":"Crippling Poison","floor":48},{"not_picked":["Bullet Time","Skewer+1"],"picked":"Blur+1","floor":54}],"player_experience":391591,"relics_obtained":[{"floor":6,"key":"Oddly Smooth Stone"},{"floor":9,"key":"MawBank"},{"floor":10,"key":"Mercury Hourglass"},{"floor":12,"key":"Snake Skull"},{"floor":21,"key":"Enchiridion"},{"floor":23,"key":"Pen Nib"},{"floor":26,"key":"hubris:ToyBattleship"},{"floor":27,"key":"MealTicket"},{"floor":41,"key":"Meat on the Bone"},{"floor":48,"key":"hubris:Spice"},{"floor":54,"key":"hubris:SlimyHat"}],"event_choices":[{"damage_healed":0,"gold_gain":0,"player_choice":"Leave","damage_taken":0,"max_hp_gain":0,"max_hp_loss":0,"event_name":"The Cleric","floor":8,"gold_loss":0},{"damage_healed":0,"gold_gain":0,"player_choice":"Read","damage_taken":0,"max_hp_gain":0,"max_hp_loss":0,"event_name":"The Library","floor":19,"gold_loss":0,"cards_obtained":["Backflip"]},{"damage_healed":0,"gold_gain":0,"player_choice":"Obtained Book","damage_taken":16,"max_hp_gain":0,"max_hp_loss":0,"event_name":"Cursed Tome","floor":21,"gold_loss":0},{"damage_healed":0,"gold_gain":0,"player_choice":"Stole Relic","damage_taken":0,"relics_obtained":["Vajra"],"max_hp_gain":0,"max_hp_loss":0,"event_name":"Addict","floor":24,"gold_loss":0,"cards_obtained":["Shame"]},{"cards_removed":["Shame"],"damage_healed":0,"gold_gain":0,"player_choice":"Elegance","damage_taken":0,"max_hp_gain":0,"max_hp_loss":0,"event_name":"betterThird:BetterWriting","floor":25,"gold_loss":0},{"damage_healed":0,"gold_gain":0,"player_choice":"Ignored","damage_taken":0,"max_hp_gain":0,"max_hp_loss":0,"event_name":"Tomb of Lord Red Mask","floor":37,"gold_loss":0},{"damage_healed":0,"gold_gain":0,"player_choice":"Embrace Madness","damage_taken":9,"max_hp_gain":0,"max_hp_loss":0,"event_name":"Winding Halls","floor":38,"gold_loss":0,"cards_obtained":["Madness","Madness"]},{"damage_healed":0,"gold_gain":0,"player_choice":"Random: Violet","damage_taken":0,"max_hp_gain":0,"max_hp_loss":0,"event_name":"betterThird:BetterPortal","floor":47,"gold_loss":0},{"damage_healed":0,"gold_gain":0,"player_choice":"Shed Blood","damage_taken":18,"max_hp_gain":5,"max_hp_loss":0,"event_name":"Forgotten Altar","floor":47,"gold_loss":0}],"is_beta":false,"boss_relics":[{"not_picked":["Busted Crown","hubris:RunicObelisk"],"picked":"Runic Dome"},{"not_picked":["SlaversCollar","hubris:GrandSneckoEye"],"picked":"Empty Cage"}],"items_purged_floors":[4,20,22,39],"is_endless":false,"potions_floor_spawned":[1,5,10,11,16,28,30,31,33,35,42,45,48],"killed_by":"The Heart","ascension_level":0}}