{"host":"vzugls1u57eppbds","time":1607972945,"event":{"mods":["AchievementEnabler","BaseMod","Better Third Choice","Minty Spire (QoL Compilation)","Relic Stats","Shop Mod","StSLib","The IronCluck"],"gold_per_floor":[411,429,504,504,524,524,554,554,628,628,643,319,329,99,99,194,194,205,205,216,228,243,278,292,292,292,217,217,228,228,28,28,123,123,139,31,0,12,12,12,12,12,38,49,67,98,98,98,98,98,98,98,20,20,20],"floor_reached":54,"playtime":2075,"items_purged":[],"score":760,"play_id":"d3542248-a84e-4491-89f1-c6f301eade52","local_time":"20201214200905","is_ascension_mode":false,"campfire_choices":[{"data":"Eruption","floor":6,"key":"SMITH"},{"floor":8,"key":"REST"},{"floor":15,"key":"REST"},{"floor":25,"key":"REST"},{"floor":28,"key":"REST"},{"floor":32,"key":"REST"},{"floor":40,"key":"DIG"},{"floor":42,"key":"RECALL"},{"floor":47,"key":"REST"},{"floor":49,"key":"REST"},{"floor":52,"key":"DIG"}],"circlet_count":0,"master_deck":["Eruption+1","Vigilance","CurseOfTheBell","Halt","Perseverance","FlurryOfBlows","Judgement+1","DeceiveReality","Wireheading","BattleHymn","ClearTheMind","Metamorphosis+1","Vault","JustLucky","Halt+1","Establishment","ThirdEye","Devotion","EmptyMind","DevaForm","FlurryOfBlows+1","Adaptation","SandsOfTime","MentalFortress","Nirvana"],"relics":["Calling Bell","Toy Ornithopter","Question Card","Old Coin","Potion Belt","Mummified Hand","FossilizedHelix","SlaversCollar","Juzu Bracelet","Shovel","Black Star","Red Mask","Bag of Marbles","Bottled Flame","Damaru","Bottled Lightning","Mercury Hourglass"],"acts_visited":["Exordium","TheCity","TheBeyond","TheEnding"],"potions_floor_usage":[18,23,29,33,46,46,46,50],"damage_taken":[{"damage":1,"enemies":"2 Louse","floor":1,"turns":3},{"damage":14,"enemies":"Jaw Worm","floor":2,"turns":6},{"damage":2,"enemies":"Small Slimes","floor":5,"turns":2},{"damage":23,"enemies":"Lagavulin","floor":7,"turns":8},{"damage":4,"enemies":"Exordium Thugs","floor":11,"turns":5},{"damage":8,"enemies":"Lots of Slimes","floor":13,"turns":4},{"damage":26,"enemies":"The Guardian","floor":16,"turns":9},{"damage":15,"enemies":"2 Thieves","floor":18,"turns":3},{"damage":0,"enemies":"Chosen","floor":20,"turns":3},{"damage":0,"enemies":"3 Cultists","floor":21,"turns":5},{"damage":7,"enemies":"Snake Plant","floor":22,"turns":4},{"damage":47,"enemies":"Book of Stabbing","floor":23,"turns":6},{"damage":0,"enemies":"Sentry and Sphere","floor":24,"turns":3},{"damage":0,"enemies":"Cultist and Chosen","floor":29,"turns":3},{"damage":0,"enemies":"Automaton","floor":33,"turns":9},{"damage":19,"enemies":"Orb Walker","floor":35,"turns":6},{"damage":0,"enemies":"3 Shapes","floor":38,"turns":4},{"damage":30,"enemies":"Transient","floor":44,"turns":6},{"damage":3,"enemies":"3 Darklings","floor":45,"turns":6},{"damage":0,"enemies":"Nemesis","floor":46,"turns":4},{"damage":61,"enemies":"Donu and Deca","floor":50,"turns":8},{"damage":82,"enemies":"Shield and Spear","floor":54,"turns":7}],"seed_played":"-3168525046951827720","potions_obtained":[{"floor":2,"key":"SteroidPotion"},{"floor":5,"key":"SkillPotion"},{"floor":13,"key":"Explosive Potion"},{"floor":21,"key":"FearPotion"},{"floor":22,"key":"Strength Potion"},{"floor":24,"key":"PowerPotion"},{"floor":33,"key":"Block Potion"},{"floor":38,"key":"SpeedPotion"},{"floor":44,"key":"LiquidMemories"}],"is_trial":false,"path_per_floor":["M","M","?","?","M","R","E","R","T","?","M","$","M","$","R","B",null,"M","?","M","M","M","E","M","R","T","?","R","M","?","$","R","B",null,"M","$","?","M","?","R","?","R","T","M","M","E","R","T","R","B",null,"R","$","E"],"character_chosen":"WATCHER","items_purchased":["FossilizedHelix","Wireheading","ClearTheMind","Metamorphosis","Devotion","EmptyMind","SpeedPotion","Adaptation","SandsOfTime","Nirvana"],"campfire_rested":7,"item_purchase_floors":[12,12,14,14,31,31,31,36,36,53],"current_hp_per_floor":[71,57,46,70,68,68,45,66,66,66,62,62,54,54,72,46,72,57,57,57,57,50,8,8,29,29,29,50,55,55,55,72,72,72,53,53,53,53,53,53,53,53,53,23,20,35,56,56,72,16,72,72,72,0,0],"gold":20,"neow_bonus":"BOSS_RELIC","is_daily":false,"chose_seed":false,"campfire_upgraded":1,"win_rate":0.0,"timestamp":1607972945,"path_taken":["M","M","?","?","M","R","E","R","T","?","M","$","M","$","R","BOSS","M","?","M","M","M","E","M","R","T","?","R","M","?","?","R","BOSS","M","$","?","M","?","R","?","R","T","M","M","E","R","?","R","BOSS","R","$","E"],"items_purchased_type":["Relic","Card","Card","Card","Card","Card","Potion","Card","Card","Card"],"build_version":"2020-12-13","purchased_purges":0,"victory":false,"max_hp_per_floor":[72,72,72,72,72,72,72,72,72,72,72,72,72,72,72,72,72,72,72,72,72,72,72,72,72,72,72,72,72,72,72,72,72,72,72,72,72,72,72,72,72,72,72,72,72,72,72,72,72,72,72,72,72,72,72],"relic_stats":{"Shovel":2,"counters":[22,114],"Mummified Hand":[90],"Juzu Bracelet":1,"Black Star":1,"Question Card":20,"obtain_stats":[{"Potion Belt":7,"Damaru":46,"Juzu Bracelet":23,"Question Card":0,"Old Coin":0,"Mercury Hourglass":52,"Calling Bell":0,"SlaversCollar":17,"Bottled Flame":46,"Shovel":26,"Mummified Hand":9,"Black Star":34,"Red Mask":37,"Bag of Marbles":40,"Bottled Lightning":48,"PureWater":0,"Toy Ornithopter":0,"FossilizedHelix":12},{"Potion Belt":4,"Damaru":20,"Juzu Bracelet":12,"Question Card":0,"Old Coin":0,"Mercury Hourglass":21,"Calling Bell":0,"SlaversCollar":7,"Bottled Flame":20,"Shovel":13,"Mummified Hand":4,"Black Star":15,"Red Mask":16,"Bag of Marbles":17,"Bottled Lightning":20,"PureWater":0,"Toy Ornithopter":0,"FossilizedHelix":5},{"Potion Belt":19,"Damaru":99,"Juzu Bracelet":58,"Question Card":0,"Old Coin":0,"Mercury Hourglass":107,"Calling Bell":0,"SlaversCollar":37,"Bottled Flame":99,"Shovel":61,"Mummified Hand":19,"Black Star":73,"Red Mask":79,"Bag of Marbles":83,"Bottled Lightning":99,"PureWater":0,"Toy Ornithopter":0,"FossilizedHelix":24}],"Toy Ornithopter":30,"Mercury Hourglass":[27]},"card_choices":[{"not_picked":["Worship","Meditate","Evaluate"],"picked":"Halt","floor":1},{"not_picked":["Worship","Halt","FollowUp"],"picked":"Perseverance","floor":2},{"not_picked":["Worship","ThirdEye","WindmillStrike"],"picked":"FlurryOfBlows","floor":5},{"not_picked":["Evaluate","SandsOfTime","PathToVictory"],"picked":"Judgement","floor":7},{"not_picked":["Swivel","Evaluate","FlyingSleeves"],"picked":"DeceiveReality","floor":11},{"not_picked":["Tantrum","Prostrate","Protect"],"picked":"BattleHymn","floor":13},{"not_picked":["Wish","ConjureBlade","SpiritShield"],"picked":"Vault","floor":16},{"not_picked":["Collect+1","Crescendo","Consecrate"],"picked":"JustLucky","floor":18},{"not_picked":["ThirdEye+1","SashWhip","Worship"],"picked":"Study","floor":20},{"not_picked":["BowlingBash","Study","CutThroughFate"],"picked":"Halt+1","floor":21},{"not_picked":["JustLucky+1","Meditate","Fasting2","SashWhip"],"picked":"SKIP","floor":22},{"not_picked":["PathToVictory","CutThroughFate","WaveOfTheHand"],"picked":"Establishment","floor":23},{"not_picked":["DeceiveReality","Crescendo","InnerPeace"],"picked":"ThirdEye","floor":24},{"not_picked":["PathToVictory+1","Crescendo","SashWhip+1","BowlingBash+1"],"picked":"SKIP","floor":29},{"not_picked":["Blasphemy","Omniscience","Vault"],"picked":"DevaForm","floor":33},{"not_picked":["Indignation","CarveReality","JustLucky"],"picked":"FlurryOfBlows+1","floor":35},{"not_picked":["JustLucky+1","Swivel+1","Crescendo","ForeignInfluence+1"],"picked":"SKIP","floor":38},{"not_picked":["Study+1","FollowUp","EmptyBody+1","ClearTheMind+1"],"picked":"SKIP","floor":44},{"not_picked":["Consecrate+1","EmptyBody","Protect","Wallop+1"],"picked":"SKIP","floor":45},{"not_picked":["FearNoEvil+1","Alpha","ClearTheMind+1"],"picked":"MentalFortress","floor":46}],"player_experience":213830,"relics_obtained":[{"floor":0,"key":"Toy Ornithopter"},{"floor":0,"key":"Question Card"},{"floor":0,"key":"Old Coin"},{"floor":7,"key":"Potion Belt"},{"floor":9,"key":"Mummified Hand"},{"floor":23,"key":"Juzu Bracelet"},{"floor":26,"key":"Shovel"},{"floor":40,"key":"Bag of Marbles"},{"floor":46,"key":"Bottled Flame"},{"floor":46,"key":"Damaru"},{"floor":48,"key":"Bottled Lightning"},{"floor":52,"key":"Mercury Hourglass"}],"event_choices":[{"damage_healed":0,"gold_gain":75,"player_choice":"Gold","damage_taken":11,"max_hp_gain":0,"max_hp_loss":0,"event_name":"betterThird:BetterGoop","floor":3,"gold_loss":0},{"damage_healed":24,"gold_gain":0,"player_choice":"Banana","damage_taken":0,"max_hp_gain":0,"max_hp_loss":0,"event_name":"Big Fish","floor":4,"gold_loss":0},{"damage_healed":0,"gold_gain":0,"player_choice":"Grow","damage_taken":0,"max_hp_gain":0,"max_hp_loss":0,"event_name":"Living Wall","floor":10,"gold_loss":0,"cards_upgraded":["Judgement"]},{"damage_healed":0,"gold_gain":0,"player_choice":"Materialism","damage_taken":0,"max_hp_gain":0,"max_hp_loss":8,"event_name":"betterThird:BetterWriting","floor":19,"gold_loss":0},{"cards_removed":["Study"],"damage_healed":0,"gold_gain":0,"player_choice":"Gave Gold","damage_taken":0,"max_hp_gain":0,"max_hp_loss":0,"event_name":"Beggar","floor":27,"gold_loss":75},{"damage_healed":0,"gold_gain":0,"player_choice":"Ignored","damage_taken":0,"max_hp_gain":0,"max_hp_loss":0,"event_name":"Ghosts","floor":30,"gold_loss":0},{"damage_healed":0,"gold_gain":0,"player_choice":"Paid","damage_taken":0,"relics_obtained":["Red Mask"],"max_hp_gain":0,"max_hp_loss":0,"event_name":"Tomb of Lord Red Mask","floor":37,"gold_loss":31},{"damage_healed":0,"gold_gain":0,"player_choice":"Ignored","damage_taken":0,"max_hp_gain":0,"max_hp_loss":0,"event_name":"Transmorgrifier","floor":39,"gold_loss":0},{"damage_healed":0,"gold_gain":0,"player_choice":"Upgraded","damage_taken":0,"max_hp_gain":0,"max_hp_loss":0,"event_name":"Upgrade Shrine","floor":41,"gold_loss":0,"cards_upgraded":["Metamorphosis"]}],"is_beta":false,"boss_relics":[{"not_picked":["Runic Pyramid","Empty Cage"],"picked":"SlaversCollar"},{"not_picked":["Busted Crown","Pandora\u0027s Box"],"picked":"Black Star"}],"items_purged_floors":[],"is_endless":false,"potions_floor_spawned":[2,5,13,21,22,24,33,38,44],"killed_by":"Shield and Spear","ascension_level":0}}