{"host":"wl5kcyk3ocgwii71","time":1607966117,"event":{"mods":["AchievementEnabler","BaseMod","Better Altar","Better Match","Better Note","Better Sensory Stone","Better Skull","Better Third Choice","Colored Powertips","Downfall","Hermit","Minty Spire (QoL Compilation)","Quick Restart","Replay The Spire","StSLib","The Servant 0.9.4"],"gold_per_floor":[217,236,236,301,320,347,347,347,347,347,347,359,377,388,388,486,486,497,509,608,808,820,836,869,869,869,765,781,322,349,360,360,458,458,472,125,141,116,0,28,28,41,41,56,81,94,109,109,109],"floor_reached":48,"playtime":1785,"items_purged":["Clumsy","Strike_R"],"score":975,"play_id":"cdb6228b-3c0f-4783-988e-ed275f6dd9f3","local_time":"20201214091517","is_ascension_mode":true,"campfire_choices":[{"data":"ReplayTheSpireMod:Limb From Limb","floor":7,"key":"SMITH"},{"data":"Cleave","floor":10,"key":"SMITH"},{"data":"Strike_R","floor":15,"key":"PURGE"},{"data":"Offering","floor":25,"key":"SMITH"},{"floor":32,"key":"REST"}],"circlet_count":0,"master_deck":["Strike_R","Strike_R","Strike_R","Defend_R","Defend_R","Defend_R","Defend_R","Bash+1","Cleave+1","Warcry","Inflame+1","ReplayTheSpireMod:Limb From Limb+1","Anger","Spot Weakness+1","Offering+1","Ghostly Armor","Warcry+1","Shrug It Off","Inflame","Pummel","Dropkick","Seeing Red","Thunderclap","Armaments","Inflame","Flex"],"relics":["Burning Blood","ReplayTheSpireMod:Shallot","Unceasing Top","Centennial Puzzle","Busted Crown","ReplayTheSpireMod:TigerMarble","Replay:Bottled Steam","ReplayTheSpireMod:CursedCoin","Omamori","Pen Nib","Lantern","Pet Ghost","Electric Blood","MealTicket","Guide Book","Red Mask","Replay:Kaleidoscope","Mummified Hand","Bottled Lightning","Replay:Wax Seal"],"acts_visited":["Exordium","TheCity","TheBeyond"],"potions_floor_usage":[6,18,44,47,47],"damage_taken":[{"damage":0,"enemies":"Cultist","floor":1,"turns":4},{"damage":7,"enemies":"Jaw Worm","floor":2,"turns":4},{"damage":8,"enemies":"Small Slimes","floor":5,"turns":3},{"damage":35,"enemies":"3 Sentries","floor":6,"turns":8},{"damage":0,"enemies":"Looter","floor":12,"turns":2},{"damage":0,"enemies":"2 Fungi Beasts","floor":13,"turns":3},{"damage":11,"enemies":"Blue Slaver","floor":14,"turns":3},{"damage":35,"enemies":"The Guardian","floor":16,"turns":8},{"damage":15,"enemies":"Shell Parasite","floor":18,"turns":2},{"damage":1,"enemies":"Chosen","floor":19,"turns":3},{"damage":6,"enemies":"Centurion and Healer","floor":22,"turns":4},{"damage":6,"enemies":"Snecko","floor":23,"turns":3},{"damage":30,"enemies":"Slavers","floor":24,"turns":3},{"damage":9,"enemies":"Snake Plant","floor":28,"turns":4},{"damage":6,"enemies":"Gremlin Leader","floor":30,"turns":2},{"damage":6,"enemies":"Centurion and Healer","floor":31,"turns":2},{"damage":50,"enemies":"Pondfish","floor":33,"turns":8},{"damage":7,"enemies":"Orb Walker","floor":35,"turns":2},{"damage":11,"enemies":"3 Shapes","floor":37,"turns":2},{"damage":17,"enemies":"Nemesis","floor":40,"turns":3},{"damage":22,"enemies":"Maw","floor":42,"turns":4},{"damage":32,"enemies":"Transient","floor":44,"turns":5},{"damage":14,"enemies":"Spire Growth","floor":46,"turns":3},{"damage":36,"enemies":"3 Darklings","floor":47,"turns":3},{"damage":13,"enemies":"Transient","floor":48,"turns":2}],"seed_played":"2476676917315508430","potions_obtained":[{"floor":5,"key":"Energy Potion"},{"floor":12,"key":"BloodPotion"},{"floor":16,"key":"Adrenaline Potion"},{"floor":18,"key":"SteroidPotion"},{"floor":19,"key":"BloodPotion"},{"floor":42,"key":"EssenceOfSteel"}],"is_trial":false,"path_per_floor":["M","M","?","?","M","E","R","?","T","R","?","M","M","M","R","B",null,"M","M","?","?","M","M","E","R","T","$","M","$","E","M","R","B",null,"M","$","M","$","?","E","?","M","T","M","T","M","M","M"],"character_chosen":"IRONCLAD","items_purchased":["ReplayTheSpireMod:CursedCoin","Omamori","Inflame","Pen Nib","Lantern","Pummel","MealTicket","Guide Book","Thunderclap","Armaments"],"campfire_rested":1,"item_purchase_floors":[27,27,27,29,29,29,36,36,36,38],"current_hp_per_floor":[78,77,77,77,75,46,46,46,46,46,39,45,51,46,46,17,64,55,60,60,60,60,60,36,36,36,36,33,33,33,33,57,13,63,70,70,65,80,80,69,69,53,53,27,27,27,13,0,0],"gold":109,"neow_bonus":"HUNDRED_GOLD","is_daily":false,"chose_seed":false,"campfire_upgraded":3,"win_rate":0.0,"timestamp":1607966117,"path_taken":["M","?","?","?","?","E","R","?","T","R","?","M","M","M","R","BOSS","M","M","?","?","M","M","E","R","T","$","M","$","E","M","R","BOSS","M","$","?","$","?","E","?","?","T","M","?","?","M","M"],"items_purchased_type":["Relic","Relic","Card","Relic","Relic","Card","Relic","Relic","Card","Card"],"build_version":"2020-12-13","purchased_purges":2,"victory":false,"max_hp_per_floor":[80,80,80,80,80,80,80,80,80,80,80,80,80,80,80,80,80,80,80,80,80,80,80,80,80,80,80,80,80,80,80,80,80,80,80,80,80,80,80,80,80,80,80,80,80,80,80,80,80],"card_choices":[{"not_picked":["Clash","Shockwave"],"picked":"Cleave","floor":1},{"not_picked":["Armaments","Disarm"],"picked":"Warcry","floor":2},{"not_picked":["Body Slam","Feel No Pain"],"picked":"Inflame","floor":5},{"not_picked":["Cleave","Feel No Pain"],"picked":"ReplayTheSpireMod:Limb From Limb","floor":6},{"not_picked":["Clash","Dark Embrace"],"picked":"Anger","floor":12},{"not_picked":["Reckless Charge","True Grit","Body Slam"],"picked":"SKIP","floor":13},{"not_picked":["Havoc","Dark Embrace"],"picked":"Spot Weakness","floor":14},{"not_picked":["Barricade","Bludgeon"],"picked":"Offering","floor":16},{"not_picked":[],"picked":"Ghostly Armor","floor":18},{"not_picked":["Body Slam+1"],"picked":"SKIP","floor":19},{"not_picked":["Pommel Strike"],"picked":"SKIP","floor":22},{"not_picked":[],"picked":"Warcry+1","floor":23},{"not_picked":[],"picked":"Shrug It Off","floor":24},{"not_picked":["ReplayTheSpireMod:Muscle Training+1"],"picked":"SKIP","floor":28},{"not_picked":[],"picked":"Dropkick","floor":30},{"not_picked":["True Grit"],"picked":"SKIP","floor":31},{"not_picked":[],"picked":"Seeing Red","floor":35},{"not_picked":["Searing Blow"],"picked":"SKIP","floor":37},{"not_picked":["True Grit+1"],"picked":"SKIP","floor":40},{"not_picked":["Clash"],"picked":"SKIP","floor":42},{"not_picked":[],"picked":"Inflame","floor":44},{"not_picked":["Dark Embrace+1"],"picked":"SKIP","floor":46},{"not_picked":[],"picked":"Flex","floor":47}],"player_experience":351602,"relics_obtained":[{"floor":6,"key":"ReplayTheSpireMod:Shallot"},{"floor":9,"key":"Unceasing Top"},{"floor":24,"key":"ReplayTheSpireMod:TigerMarble"},{"floor":26,"key":"Replay:Bottled Steam"},{"floor":30,"key":"Pet Ghost"},{"floor":40,"key":"Replay:Kaleidoscope"},{"floor":43,"key":"Bottled Lightning"},{"floor":45,"key":"Replay:Wax Seal"}],"event_choices":[{"damage_healed":0,"gold_gain":0,"player_choice":"Grow","damage_taken":0,"max_hp_gain":0,"max_hp_loss":0,"event_name":"Living Wall","floor":3,"gold_loss":0,"cards_upgraded":["Bash"]},{"damage_healed":0,"gold_gain":65,"player_choice":"Gained Gold","damage_taken":0,"max_hp_gain":0,"max_hp_loss":0,"event_name":"Golden Wing","floor":4,"gold_loss":0},{"damage_healed":0,"gold_gain":0,"player_choice":"Relic ","damage_taken":7,"max_hp_gain":0,"max_hp_loss":0,"event_name":"betterThird:BetterScrap","floor":11,"gold_loss":0,"cards_obtained":["Wraith Form v2"]},{"damage_healed":0,"gold_gain":99,"player_choice":"Steal","damage_taken":0,"max_hp_gain":0,"max_hp_loss":0,"event_name":"betterThird:BetterNest","floor":20,"gold_loss":0},{"damage_healed":0,"gold_gain":200,"player_choice":"Gold","damage_taken":0,"max_hp_gain":0,"max_hp_loss":0,"event_name":"Wheel of Change","floor":21,"gold_loss":0},{"damage_healed":0,"gold_gain":0,"player_choice":"Paid","damage_taken":0,"relics_obtained":["Red Mask"],"max_hp_gain":0,"max_hp_loss":0,"event_name":"Tomb of Lord Red Mask","floor":39,"gold_loss":116},{"damage_healed":0,"gold_gain":0,"player_choice":"Gave Potion","damage_taken":0,"relics_obtained":["Mummified Hand"],"max_hp_gain":0,"max_hp_loss":0,"event_name":"WeMeetAgain","floor":41,"gold_loss":0}],"is_beta":false,"boss_relics":[{"not_picked":["Replay:Wanted Poster","Replay:Ancient Bell"],"picked":"Busted Crown"},{"not_picked":["Honey Jar","Runic Dome"],"picked":"Electric Blood"}],"items_purged_floors":[27,29],"is_endless":false,"potions_floor_spawned":[5,12,16,18,19,28,33,37,42],"killed_by":"Transient","ascension_level":6}}