{"host":"zekcc3vicrep0och","time":1607962472,"event":{"mods":["AchievementEnabler","BaseMod","Colored Map","Colored Powertips","Displayed Cursed Tome","Minty Spire (QoL Compilation)","Relic Stats","StSLib"],"gold_per_floor":[111,71,82,94,106,137,137,166,190,190,201,9,37,37,37,141,141,152,166,179,191,24,24,36,71,98,98,98,114,29,29,29],"floor_reached":31,"playtime":1321,"items_purged":[],"score":493,"play_id":"72bc7407-659d-452b-91c3-3260ae81a214","local_time":"20201214191432","is_ascension_mode":true,"campfire_choices":[{"data":"Neutralize","floor":7.0,"key":"SMITH"},{"data":"Cloak And Dagger","floor":10.0,"key":"SMITH"},{"data":"Bouncing Flask","floor":15.0,"key":"SMITH"},{"data":"Apotheosis","floor":23.0,"key":"SMITH"},{"floor":28.0,"key":"REST"}],"circlet_count":0,"master_deck":["Survivor","Neutralize+1","Dagger Spray","Tactician","All Out Attack","Cloak And Dagger+1","Bouncing Flask+1","Backflip","Underhanded Strike","PiercingWail","Deadly Poison+1","Corpse Explosion","Catalyst","Finisher","Well Laid Plans","Bullet Time","Deflect","Poisoned Stab","Unload","Tools of the Trade","Dodge and Roll","Blur","Reflex","Prepared+1","Acrobatics","Distraction+1","Apotheosis+1","Deflect+1","Backflip","Flying Knee+1"],"relics":["SlaversCollar","Calipers","Strawberry","MealTicket","TwistedFunnel","Dream Catcher","Pandora\u0027s Box","Vajra","Juzu Bracelet","Centennial Puzzle"],"acts_visited":["Exordium","TheCity"],"potions_floor_usage":[],"damage_taken":[{"damage":2.0,"enemies":"Jaw Worm","floor":1.0,"turns":6.0},{"damage":4.0,"enemies":"Cultist","floor":3.0,"turns":6.0},{"damage":5.0,"enemies":"2 Louse","floor":4.0,"turns":2.0},{"damage":0.0,"enemies":"Lots of Slimes","floor":5.0,"turns":3.0},{"damage":4.0,"enemies":"3 Sentries","floor":6.0,"turns":8.0},{"damage":5.0,"enemies":"Lagavulin","floor":8.0,"turns":5.0},{"damage":9.0,"enemies":"Large Slime","floor":11.0,"turns":5.0},{"damage":8.0,"enemies":"Gremlin Nob","floor":13.0,"turns":3.0},{"damage":0.0,"enemies":"Slime Boss","floor":16.0,"turns":7.0},{"damage":0.0,"enemies":"Chosen","floor":18.0,"turns":4.0},{"damage":2.0,"enemies":"2 Thieves","floor":19.0,"turns":3.0},{"damage":8.0,"enemies":"Snake Plant","floor":20.0,"turns":4.0},{"damage":13.0,"enemies":"Centurion and Healer","floor":21.0,"turns":5.0},{"damage":11.0,"enemies":"Sentry and Sphere","floor":24.0,"turns":3.0},{"damage":34.0,"enemies":"Slavers","floor":25.0,"turns":2.0},{"damage":30,"enemies":"Shelled Parasite and Fungi","floor":29,"turns":5},{"damage":14,"enemies":"Cultist and Chosen","floor":31,"turns":4}],"seed_played":"-4930031791822622545","potions_obtained":[{"floor":2.0,"key":"AttackPotion"},{"floor":2.0,"key":"GhostInAJar"},{"floor":2.0,"key":"GhostInAJar"},{"floor":5.0,"key":"ColorlessPotion"},{"floor":6.0,"key":"CunningPotion"},{"floor":8.0,"key":"FearPotion"},{"floor":11.0,"key":"Poison Potion"},{"floor":16.0,"key":"Swift Potion"},{"floor":21.0,"key":"Poison Potion"},{"floor":25.0,"key":"Poison Potion"},{"floor":29,"key":"Fire Potion"}],"is_trial":false,"path_per_floor":["M","?","M","M","M","E","R","E","T","R","M","$","E","?","R","B",null,"M","M","M","M","$","R","M","E","T","?","R","M","?","M"],"character_chosen":"THE_SILENT","items_purchased":["TwistedFunnel","PiercingWail","Apotheosis"],"campfire_rested":1,"item_purchase_floors":[12,12,22],"current_hp_per_floor":[61,61,57,52,52,48,48,50,50,50,41,56,48,48,48,48,70,70,68,60,47,62,62,51,17,17,17,40,10,10,0,0],"gold":29,"neow_bonus":"BOSS_RELIC","is_daily":false,"chose_seed":false,"campfire_upgraded":4,"win_rate":0.0,"timestamp":1607962472,"path_taken":["M","?","M","?","M","E","R","E","T","R","?","$","E","?","R","BOSS","M","?","M","M","$","R","M","E","T","?","R","M","?","M"],"items_purchased_type":["Relic","Card","Card"],"build_version":"2020-12-13","purchased_purges":0,"victory":false,"max_hp_per_floor":[70,70,70,70,70,70,70,77,77,77,77,77,77,77,77,77,77,77,77,77,77,77,77,77,77,77,77,77,77,77,77,77],"relic_stats":{"Dream Catcher":1,"Centennial Puzzle":[3],"counters":[17,75],"MealTicket":30,"Pandora\u0027s Box":["Catalyst","Finisher","Well Laid Plans","Bullet Time","Deflect","Poisoned Stab","Unload","Tools of the Trade","Dodge and Roll","Blur"],"Juzu Bracelet":0,"obtain_stats":[{"TwistedFunnel":12,"SlaversCollar":0,"Dream Catcher":13,"Centennial Puzzle":30,"Calipers":6,"Strawberry":8,"Vajra":25,"MealTicket":9,"Pandora\u0027s Box":17,"Juzu Bracelet":26,"Ring of the Snake":0},{"TwistedFunnel":7,"SlaversCollar":0,"Dream Catcher":8,"Centennial Puzzle":16,"Calipers":5,"Strawberry":6,"Vajra":15,"MealTicket":6,"Pandora\u0027s Box":9,"Juzu Bracelet":15,"Ring of the Snake":0},{"TwistedFunnel":35,"SlaversCollar":0,"Dream Catcher":38,"Centennial Puzzle":71,"Calipers":25,"Strawberry":30,"Vajra":66,"MealTicket":30,"Pandora\u0027s Box":45,"Juzu Bracelet":66,"Ring of the Snake":0}]},"card_choices":[{"not_picked":["Poisoned Stab","Deflect"],"picked":"Dagger Spray","floor":1.0},{"not_picked":["Flechettes","Bouncing Flask"],"picked":"Tactician","floor":3.0},{"not_picked":["Acrobatics","Poisoned Stab"],"picked":"All Out Attack","floor":4.0},{"not_picked":["Riddle With Holes","PiercingWail"],"picked":"Cloak And Dagger","floor":5.0},{"not_picked":["Outmaneuver","Distraction"],"picked":"Bouncing Flask","floor":6.0},{"not_picked":["Blade Dance","Tools of the Trade"],"picked":"Backflip","floor":8.0},{"not_picked":["Quick Slash","Dagger Spray"],"picked":"Underhanded Strike","floor":11.0},{"not_picked":["All Out Attack","Dodge and Roll"],"picked":"Deadly Poison","floor":13.0},{"not_picked":["Malaise","Burst"],"picked":"Corpse Explosion","floor":16.0},{"not_picked":["Bane","Backflip"],"picked":"Reflex","floor":18.0},{"not_picked":["PiercingWail+1","Sucker Punch+1"],"picked":"Prepared+1","floor":19.0},{"not_picked":["Caltrops","Dagger Spray"],"picked":"Acrobatics","floor":20.0},{"not_picked":["Eviscerate+1","Slice"],"picked":"Distraction+1","floor":21.0},{"not_picked":["Dodge and Roll+1","Dagger Throw"],"picked":"Deflect+1","floor":24.0},{"not_picked":["Tools of the Trade","Well Laid Plans","Acrobatics"],"picked":"SKIP","floor":25.0},{"not_picked":["Choke","Deflect+1"],"picked":"Backflip","floor":28.0},{"not_picked":["Predator","Slice"],"picked":"Flying Knee+1","floor":29}],"player_experience":407892,"relics_obtained":[{"floor":6.0,"key":"Calipers"},{"floor":8.0,"key":"Strawberry"},{"floor":9.0,"key":"MealTicket"},{"floor":13.0,"key":"Dream Catcher"},{"floor":25.0,"key":"Vajra"},{"floor":26.0,"key":"Juzu Bracelet"}],"event_choices":[{"damage_healed":0.0,"max_hp_gain":0.0,"max_hp_loss":0.0,"gold_gain":0.0,"event_name":"The Woman in Blue","player_choice":"Bought 3 Potions","floor":2.0,"gold_loss":0.0,"damage_taken":0.0},{"damage_healed":0.0,"max_hp_gain":0.0,"max_hp_loss":0.0,"gold_gain":0.0,"event_name":"Upgrade Shrine","player_choice":"Upgraded","floor":14.0,"gold_loss":0.0,"damage_taken":0.0,"cards_upgraded":["Deadly Poison"]},{"damage_healed":0.0,"max_hp_gain":0.0,"max_hp_loss":0.0,"gold_gain":0.0,"event_name":"Cursed Tome","player_choice":"Ignored","floor":27.0,"gold_loss":0.0,"damage_taken":0.0},{"damage_healed":0,"gold_gain":0,"player_choice":"Obtained Relic","damage_taken":0,"relics_obtained":["Centennial Puzzle"],"max_hp_gain":0,"max_hp_loss":0,"event_name":"Addict","floor":30,"gold_loss":85}],"is_beta":false,"boss_relics":[{"not_picked":["Empty Cage","Busted Crown"],"picked":"Pandora\u0027s Box"}],"items_purged_floors":[],"is_endless":false,"potions_floor_spawned":[5,6,8,11,16,21,25,29],"killed_by":"Cultist and Chosen","ascension_level":8}}