{"host":"awiss","time":1607919411,"event":{"mods":["Aspiration","BaseMod","Better Vampires","Colored Powertips","Friendly Minions","GungeonMod","Highlight Path","Kiyohime£®«Âºß£©","Marisa£®ÏF”Í°°ƒß¿Ì…≥£©","Minty Spire (QoL Compilation)","Quick Restart","Remilia£®¿Ÿ√◊¿Ú—«£©","Replay The Spire","StSLib","Td1madao Mod","The Bug Knight","The Cursed","The Senshi","The Servant 0.9.4","Youmu£®ªÍ∆«—˝√Œ£©"],"gold_per_floor":[117,12,29,45,65,65,96,111,111,111,30,48,59,59,59,59,59],"floor_reached":16,"playtime":930,"items_purged":[],"score":104,"play_id":"daac4ab9-aeae-410e-aeeb-759bddf22eb0","local_time":"20201214121651","is_ascension_mode":false,"campfire_choices":[{"data":"TheCursedMod:LuckyCharm","floor":6,"key":"SMITH"},{"floor":10,"key":"REST"},{"floor":15,"key":"REST"}],"circlet_count":0,"master_deck":["TheCursedMod:Strike_TheCursed","TheCursedMod:Strike_TheCursed","TheCursedMod:Strike_TheCursed","TheCursedMod:Strike_TheCursed","TheCursedMod:Defend_TheCursed","TheCursedMod:Defend_TheCursed","TheCursedMod:Defend_TheCursed","TheCursedMod:Defend_TheCursed","TheCursedMod:CursedWand","TheCursedMod:CleanUpWorkshop","TheCursedMod:Dregs","TheCursedMod:Torture","TheCursedMod:CursedMace","TheCursedMod:LuckyCharm+1","TheCursedMod:VitalStrike","TheCursedMod:Wield","TheCursedMod:FleshFromBone","TheCursedMod:Grudge","TheCursedMod:DemonSword","TheCursedMod:EmpowerCircles","TheCursedMod:SurpriseAttack","TheCursedMod:SpitefulStrike"],"relics":["TheCursedMod:BlackMagic101","aspiration:DSix","Replay:WaspNest","DemoMod:JetPack"],"acts_visited":["Exordium"],"potions_floor_usage":[12,13,16],"damage_taken":[{"damage":4,"enemies":"Cultist","floor":1,"turns":4},{"damage":8,"enemies":"Small Slimes","floor":3,"turns":4},{"damage":5,"enemies":"2 Louse","floor":4,"turns":3},{"damage":17,"enemies":"2 Fungi Beasts","floor":5,"turns":4},{"damage":15,"enemies":"HollowMod:MossKnight","floor":7,"turns":16},{"damage":6,"enemies":"Exordium Wildlife","floor":8,"turns":3},{"damage":0,"enemies":"Blue Slaver","floor":12,"turns":5},{"damage":10,"enemies":"Gremlin Gang","floor":13,"turns":3},{"damage":54,"enemies":"The Guardian","floor":16,"turns":6}],"seed_played":"8751488026889747556","potions_obtained":[{"floor":3,"key":"EssenceOfSteel"},{"floor":8,"key":"Energy Potion"},{"floor":13,"key":"FearPotion"}],"is_trial":false,"path_per_floor":["M","$","M","M","M","R","E","M","T","R","$","M","M","?","R","B"],"character_chosen":"THE_CURSED","items_purchased":["TheCursedMod:CursedMace","TheCursedMod:LuckyCharm","TheCursedMod:EmpowerCircles"],"campfire_rested":2,"item_purchase_floors":[2,2,11],"current_hp_per_floor":[71,71,63,58,41,41,26,20,20,42,42,42,32,29,51,0,0],"gold":59,"neow_bonus":"DSIX","is_daily":false,"chose_seed":false,"campfire_upgraded":1,"win_rate":0.0,"timestamp":1607919411,"path_taken":["M","?","M","?","M","R","E","M","T","R","?","M","M","?","R","BOSS"],"items_purchased_type":["Card","Card","Card"],"build_version":"2020-12-07","purchased_purges":0,"victory":false,"max_hp_per_floor":[75,75,75,75,75,75,75,75,75,75,75,75,75,75,75,75,75],"card_choices":[{"not_picked":["TheCursedMod:SmokeScreen","TheCursedMod:TacticalStrike"],"picked":"TheCursedMod:Torture","floor":1},{"not_picked":["TheCursedMod:Torture","TheCursedMod:ReleasedKnowledge"],"picked":"TheCursedMod:VitalStrike","floor":3},{"not_picked":["TheCursedMod:Torture","TheCursedMod:Grudge"],"picked":"TheCursedMod:Wield","floor":4},{"not_picked":["TheCursedMod:CursedMace","TheCursedMod:Stretching"],"picked":"TheCursedMod:FleshFromBone","floor":5},{"not_picked":["TheCursedMod:SaltUponWound","TheCursedMod:HellsGateOpen"],"picked":"TheCursedMod:Grudge","floor":7},{"not_picked":["TheCursedMod:LuckyCharm","TheCursedMod:SoulCrush"],"picked":"TheCursedMod:DemonSword","floor":8},{"not_picked":["TheCursedMod:TacticalStrike","TheCursedMod:SoulReap"],"picked":"TheCursedMod:SurpriseAttack","floor":12},{"not_picked":["TheCursedMod:HellsGateOpen","TheCursedMod:Stretching"],"picked":"TheCursedMod:SpitefulStrike","floor":13}],"player_experience":159978,"relics_obtained":[{"floor":7,"key":"Replay:WaspNest"}],"event_choices":[{"damage_healed":0,"gold_gain":0,"player_choice":"Success","damage_taken":3,"relics_obtained":["DemoMod:JetPack"],"max_hp_gain":0,"max_hp_loss":0,"event_name":"Scrap Ooze","floor":14,"gold_loss":0}],"is_beta":true,"boss_relics":[],"items_purged_floors":[],"is_endless":false,"potions_floor_spawned":[3,8,13],"killed_by":"The Guardian","ascension_level":0}}