{"host":"5uvzo7moqy5vd63g","time":1607972884,"event":{"mods":["Aspiration","BaseMod","Conspire","Dio Mod","Downfall","Hermit","Hubris","Jedi Mod","Jorbs\u0027s Wanderer Trilogy","Mimic Mod","Minty Spire (QoL Compilation)","Replay The Spire","StSLib","The Animator","Wandering Minibosses"],"gold_per_floor":[360,190,210,210,220,220,220],"floor_reached":6,"playtime":523,"items_purged":["stsjorbsmod:Procrastination"],"score":47,"play_id":"bbd189b0-37ad-4215-b3bb-c8ba1e5b8808","local_time":"20201214140804","is_ascension_mode":true,"campfire_choices":[],"circlet_count":0,"master_deck":["animator:Strike_FullmetalAlchemist","animator:Defend_FullmetalAlchemist","animator:Strike","animator:Strike","animator:Strike","animator:Defend","animator:Defend","animator:Defend","animator:ElricEdward","animator:ElricAlphonse","animator:Fredrika","animator:Magilou","animator:Demiurge","animator:Guy"],"relics":["animator:LivingPicture","animator:TheMissingPiece","animator:PurgingStone"],"acts_visited":["Exordium"],"potions_floor_usage":[],"damage_taken":[{"damage":1,"enemies":"Jaw Worm","floor":1,"turns":6},{"damage":9,"enemies":"Small Slimes","floor":3,"turns":5},{"damage":7,"enemies":"Cultist","floor":5,"turns":4},{"damage":62,"enemies":"Gremlin Nob","floor":6,"turns":4}],"seed_played":"8181351877659124123","potions_obtained":[{"floor":1,"key":"BlessingOfTheForge"}],"is_trial":false,"path_per_floor":["M","$","M","?","M","E"],"character_chosen":"THE_ANIMATOR","items_purchased":["animator:Magilou"],"campfire_rested":0,"item_purchase_floors":[2],"current_hp_per_floor":[58,58,49,54,47,0,0],"gold":220,"neow_bonus":"TWO_FIFTY_GOLD","is_daily":false,"chose_seed":false,"campfire_upgraded":0,"win_rate":0.0,"timestamp":1607972884,"path_taken":["M","$","M","?","M","E"],"items_purchased_type":["Card"],"build_version":"2020-12-13","purchased_purges":1,"victory":false,"max_hp_per_floor":[66,66,66,71,71,71,71],"card_choices":[{"not_picked":["animator:Aisha","animator:MaesHughes"],"picked":"animator:Fredrika","floor":1},{"not_picked":["animator:Elsword","animator:FielNirvalen"],"picked":"animator:Demiurge","floor":3},{"not_picked":["animator:ChlammyZell","animator:Lu"],"picked":"animator:Guy","floor":5}],"player_experience":1305808,"relics_obtained":[],"event_choices":[{"damage_healed":0,"gold_gain":0,"player_choice":"Donut","damage_taken":0,"max_hp_gain":5,"max_hp_loss":0,"event_name":"Big Fish","floor":4,"gold_loss":0}],"is_beta":false,"boss_relics":[],"items_purged_floors":[2],"is_endless":false,"potions_floor_spawned":[1],"killed_by":"Gremlin Nob","ascension_level":6}}