{"host":"pjgcdp3h1plnbocs","time":1607949335,"event":{"mods":["AchievementEnabler","BaseMod","Colored Map","Highlight Path","Minty Spire (QoL Compilation)"],"gold_per_floor":[115,131,231,241,166,195,195,214,214,214,246,261,261,12,12,108,108,125,145,155,174,17,17,17],"floor_reached":23,"playtime":1231,"items_purged":["Strike_G"],"score":254,"play_id":"3d7b2400-95d7-4c8a-8a36-5ded0968b2d4","local_time":"20201214133535","is_ascension_mode":true,"campfire_choices":[{"data":"Noxious Fumes","floor":7,"key":"SMITH"},{"floor":10,"key":"REST"},{"data":"After Image","floor":15,"key":"SMITH"}],"circlet_count":0,"master_deck":["Strike_G","Strike_G","Strike_G","Strike_G","Defend_G","Defend_G+1","Defend_G","Defend_G","Defend_G","Survivor","Neutralize","Prepared","Prepared","Noxious Fumes+1","Bouncing Flask+1","After Image+1","Adrenaline","Malaise"],"relics":["Ring of the Serpent","Orichalcum","Regal Pillow","Letter Opener","War Paint","Mummified Hand","Happy Flower"],"acts_visited":["Exordium","TheCity"],"potions_floor_usage":[],"damage_taken":[{"damage":5,"enemies":"Cultist","floor":1,"turns":5},{"damage":0,"enemies":"2 Louse","floor":2,"turns":4},{"damage":2,"enemies":"Jaw Worm","floor":4,"turns":5},{"damage":38,"enemies":"Lagavulin","floor":6,"turns":13},{"damage":18,"enemies":"3 Louse","floor":8,"turns":3},{"damage":20,"enemies":"3 Sentries","floor":11,"turns":7},{"damage":8,"enemies":"Looter","floor":12,"turns":3},{"damage":3,"enemies":"Hexaghost","floor":16,"turns":8},{"damage":0,"enemies":"Shell Parasite","floor":18,"turns":5},{"damage":0,"enemies":"Chosen","floor":19,"turns":4},{"damage":9,"enemies":"Shelled Parasite and Fungi","floor":20,"turns":6},{"damage":11,"enemies":"Centurion and Healer","floor":21,"turns":8},{"damage":45,"enemies":"Slavers","floor":23,"turns":3}],"seed_played":"3307030577041366532","potions_obtained":[{"floor":2,"key":"Dexterity Potion"},{"floor":8,"key":"Poison Potion"},{"floor":11,"key":"BlessingOfTheForge"}],"is_trial":false,"path_per_floor":["M","M","?","M","$","E","R","M","T","R","E","M","?","$","R","B",null,"M","M","M","M","$","E"],"character_chosen":"THE_SILENT","items_purchased":["Mummified Hand","Happy Flower"],"campfire_rested":1,"item_purchase_floors":[14,22],"current_hp_per_floor":[72,72,72,70,70,32,32,14,14,52,32,24,17,17,17,14,61,61,61,52,41,41,0,0],"gold":17,"neow_bonus":"TEN_PERCENT_HP_BONUS","is_daily":false,"chose_seed":false,"campfire_upgraded":2,"win_rate":0.0,"timestamp":1607949335,"path_taken":["M","M","?","M","?","E","R","M","T","R","E","M","?","?","R","BOSS","M","M","M","M","$","E"],"items_purchased_type":["Relic","Relic"],"build_version":"2020-12-13","purchased_purges":1,"victory":false,"max_hp_per_floor":[77,77,77,77,77,77,77,77,77,77,77,77,77,77,77,77,77,77,77,77,77,77,77,77],"card_choices":[{"not_picked":["Acrobatics","Underhanded Strike"],"picked":"Prepared","floor":1},{"not_picked":["Blade Dance","Endless Agony"],"picked":"Prepared","floor":2},{"not_picked":["Concentrate","Deadly Poison"],"picked":"Noxious Fumes","floor":4},{"not_picked":["Backstab","Heel Hook"],"picked":"Bouncing Flask","floor":6},{"not_picked":["Backstab","Sucker Punch"],"picked":"After Image","floor":8},{"not_picked":["Tactician","Underhanded Strike"],"picked":"Adrenaline","floor":11},{"not_picked":["Choke","Outmaneuver","PiercingWail"],"picked":"SKIP","floor":12},{"not_picked":["A Thousand Cuts","Die Die Die"],"picked":"Malaise","floor":16},{"not_picked":["Slice","Prepared+1","Dagger Spray"],"picked":"SKIP","floor":18},{"not_picked":["Distraction","Prepared+1","Flechettes"],"picked":"SKIP","floor":19},{"not_picked":["Slice","All Out Attack","PiercingWail+1"],"picked":"SKIP","floor":20},{"not_picked":["Tools of the Trade","Poisoned Stab","Sucker Punch"],"picked":"SKIP","floor":21}],"player_experience":93336,"relics_obtained":[{"floor":6,"key":"Orichalcum"},{"floor":9,"key":"Regal Pillow"},{"floor":11,"key":"Letter Opener"}],"event_choices":[{"damage_healed":0,"gold_gain":100,"player_choice":"Pray","damage_taken":0,"max_hp_gain":0,"max_hp_loss":0,"event_name":"Golden Shrine","floor":3,"gold_loss":0},{"damage_healed":0,"gold_gain":0,"player_choice":"Success","damage_taken":7,"relics_obtained":["War Paint"],"max_hp_gain":0,"max_hp_loss":0,"event_name":"Scrap Ooze","floor":13,"gold_loss":0}],"is_beta":false,"boss_relics":[{"not_picked":["HoveringKite","WristBlade"],"picked":"Ring of the Serpent"}],"items_purged_floors":[5],"is_endless":false,"potions_floor_spawned":[2,8,11,12,19,20],"killed_by":"Slavers","ascension_level":5}}