{"host":"kjmsjq3kpb3v9rdj","time":1607909721,"event":{"mods":["Aspiration","BaseMod","CCEM","Colored Powertips","Conspire","GifTheSpireLib","Halation","Highlight Path","Hubris","Ironclad Rager","Minty Spire (QoL Compilation)","Quick Restart","Relic Sorter","Small Relic Pack","Spicy Shops","Spikes Relics","StSLib","Stuff the Spire","The Blue Laboratory","The Disciple","The Necromancer","The Runesmith","The Showman","Trackpad","vexMod"],"gold_per_floor":[112,127,142,159,174,174,174],"floor_reached":6,"playtime":335,"items_purged":[],"score":40,"play_id":"b661b284-7119-412f-a584-0e35e588fb39","local_time":"20201213173521","is_ascension_mode":false,"campfire_choices":[],"circlet_count":0,"master_deck":["Strike_W","Strike_W","Strike_W","Strike_W","Defend_W","Defend_W","Defend_W","Defend_W","Negative_Energy_Arrows","Bone_Wall","Flesh_Made_Foul","Thousand_Bone_Knives","Vampiric_Strike","Bone_Bullets","Summon_Undead_Army"],"relics":["Vampire_Amulet"],"acts_visited":["Exordium"],"potions_floor_usage":[6,6],"damage_taken":[{"damage":14,"enemies":"conspire:RoseBush","floor":1,"turns":4},{"damage":7,"enemies":"2 Louse","floor":2,"turns":2},{"damage":12,"enemies":"Jaw Worm","floor":3,"turns":2},{"damage":19,"enemies":"3 Louse","floor":4,"turns":2},{"damage":10,"enemies":"Blue Slaver","floor":5,"turns":3},{"damage":44,"enemies":"Lagavulin","floor":6,"turns":5}],"seed_played":"-3560733327266391552","potions_obtained":[{"floor":1,"key":"Dexterity Potion"},{"floor":4,"key":"blueLaboratory:HorrorPotion"}],"is_trial":false,"path_per_floor":["M","M","M","M","M","E"],"character_chosen":"NECROMANCER","items_purchased":[],"campfire_rested":0,"item_purchase_floors":[],"current_hp_per_floor":[70,67,57,44,36,0,0],"gold":174,"neow_bonus":"TEN_PERCENT_HP_BONUS","is_daily":false,"chose_seed":false,"campfire_upgraded":0,"win_rate":0.0,"timestamp":1607909721,"path_taken":["M","M","M","M","?","E"],"items_purchased_type":[],"build_version":"2020-12-13","purchased_purges":0,"victory":false,"max_hp_per_floor":[82,82,82,82,82,82,82],"card_choices":[{"not_picked":["Corrupt","Blood_Whip"],"picked":"Flesh_Made_Foul","floor":1},{"not_picked":["Blood_Whip","Negative_Energy_Burst"],"picked":"Thousand_Bone_Knives","floor":2},{"not_picked":["Uncharnel","Consume_Illness"],"picked":"Vampiric_Strike","floor":3},{"not_picked":["Blood_Magic","Uncharnel"],"picked":"Bone_Bullets","floor":4},{"not_picked":["Negative_Energy_Shield","Negative_Energy_Javelin"],"picked":"Summon_Undead_Army","floor":5}],"player_experience":428133,"relics_obtained":[],"event_choices":[],"is_beta":false,"boss_relics":[],"items_purged_floors":[],"is_endless":false,"potions_floor_spawned":[1,4],"killed_by":"Lagavulin","ascension_level":0}}