{"host":"kda2p2afd6bvz6qo","time":1607924301,"event":{"mods":["BaseMod","Colored Map","Minty Spire (QoL Compilation)","Relic Stats"],"gold_per_floor":[117,117,130,205,11,43,43,75,75,100,22,42,57,57,57,156,156,166,166,81,81,96,127,127,160,160,3,28,28,43,54,54,151,151,162,12,27,77,124,143,143,171,171,197,197,209,0,30,30,30],"floor_reached":51,"playtime":3119,"items_purged":["Defend_G"],"score":1293,"play_id":"6979a2be-ee3a-41f1-acf3-b128bc4b565e","local_time":"20201214053821","is_ascension_mode":true,"campfire_choices":[{"data":"Noxious Fumes","floor":7,"key":"SMITH"},{"data":"Footwork","floor":15,"key":"SMITH"},{"data":"Neutralize","floor":29,"key":"SMITH"},{"data":"Well Laid Plans","floor":32,"key":"SMITH"},{"data":"Survivor","floor":41,"key":"SMITH"},{"data":"After Image","floor":45,"key":"SMITH"},{"floor":49,"key":"REST"}],"circlet_count":0,"master_deck":["Strike_G+1","Strike_G+1","Defend_G+1","Defend_G+1","Defend_G+1","Defend_G+1","Survivor+1","Neutralize+1","Cloak And Dagger","Deadly Poison+1","Noxious Fumes+1","Backflip+1","Dodge and Roll+1","Catalyst+1","Venomology+1","Footwork+1","Bouncing Flask+1","Concentrate+1","Venomology+1","Cloak And Dagger+1","Crippling Poison+1","After Image+1","Expertise+1","Well Laid Plans+1","Outmaneuver+1","Adrenaline+1","PiercingWail+1","Acrobatics+1","Blur+1"],"relics":["Ring of the Snake","NeowsBlessing","Toxic Egg 2","Potion Belt","Lizard Tail","The Specimen","Torii","Empty Cage","Vajra","Sundial","Anchor","Smiling Mask","Lee\u0027s Waffle","Bottled Tornado","Black Star","TwistedFunnel","Du-Vu Doll","Ice Cream","Ornamental Fan","Ginger","Mercury Hourglass","Molten Egg 2","Bag of Marbles","Red Mask","Nunchaku"],"acts_visited":["Exordium","TheCity","TheBeyond"],"potions_floor_usage":[16,16,16,16,16,23,23,23,23,25,25,25,25,31,33,33,35,35,37,37,38,38,39,39,40,40,40,42,44,44,46,46,46,48,50,50,50,50,50],"damage_taken":[{"damage":0,"enemies":"Cultist","floor":1,"turns":1},{"damage":0,"enemies":"2 Louse","floor":3,"turns":1},{"damage":0,"enemies":"Gremlin Nob","floor":6,"turns":1},{"damage":0,"enemies":"Lagavulin","floor":8,"turns":6},{"damage":5,"enemies":"3 Sentries","floor":10,"turns":6},{"damage":0,"enemies":"Jaw Worm","floor":12,"turns":3},{"damage":1,"enemies":"Exordium Thugs","floor":13,"turns":5},{"damage":22,"enemies":"Slime Boss","floor":16,"turns":8},{"damage":0,"enemies":"Spheric Guardian","floor":18,"turns":3},{"damage":0,"enemies":"Shell Parasite","floor":22,"turns":5},{"damage":24,"enemies":"Gremlin Leader","floor":23,"turns":5},{"damage":17,"enemies":"Slavers","floor":25,"turns":5},{"damage":1,"enemies":"Book of Stabbing","floor":28,"turns":4},{"damage":1,"enemies":"Centurion and Healer","floor":30,"turns":6},{"damage":0,"enemies":"Snake Plant","floor":31,"turns":2},{"damage":7,"enemies":"Automaton","floor":33,"turns":6},{"damage":0,"enemies":"3 Shapes","floor":35,"turns":3},{"damage":0,"enemies":"Orb Walker","floor":37,"turns":3},{"damage":0,"enemies":"Mind Bloom Boss Battle","floor":38,"turns":5},{"damage":7,"enemies":"2 Orb Walkers","floor":39,"turns":5},{"damage":0,"enemies":"Jaw Worm Horde","floor":40,"turns":4},{"damage":13,"enemies":"Nemesis","floor":42,"turns":5},{"damage":0,"enemies":"Giant Head","floor":44,"turns":6},{"damage":1,"enemies":"Spire Growth","floor":46,"turns":4},{"damage":0,"enemies":"Reptomancer","floor":48,"turns":4},{"damage":14,"enemies":"Time Eater","floor":50,"turns":8}],"seed_played":"91930380769123313","potions_obtained":[{"floor":6,"key":"AttackPotion"},{"floor":8,"key":"Swift Potion"},{"floor":12,"key":"PowerPotion"},{"floor":13,"key":"Block Potion"},{"floor":18,"key":"Ancient Potion"},{"floor":31,"key":"LiquidMemories"},{"floor":38,"key":"Energy Potion"},{"floor":44,"key":"Poison Potion"}],"is_trial":false,"path_per_floor":["M","T","M","?","$","E","R","E","T","E","$","M","M","?","R","B",null,"M","?","?","?","M","E","?","E","T","$","E","R","M","M","R","B",null,"M","$","M","?","?","M","R","E","T","E","R","M","?","E","R","B",null],"character_chosen":"THE_SILENT","items_purchased":["Noxious Fumes","Backflip+1","Footwork","Lee\u0027s Waffle","TwistedFunnel"],"campfire_rested":1,"item_purchase_floors":[5,5,11,27,36],"current_hp_per_floor":[63,63,63,52,52,52,52,52,52,47,47,47,46,39,39,17,57,57,57,57,57,57,33,33,16,16,77,76,76,75,75,75,68,75,75,75,75,75,68,68,68,55,55,55,55,54,54,54,77,63],"gold":30,"neow_bonus":"THREE_ENEMY_KILL","is_daily":false,"chose_seed":false,"campfire_upgraded":6,"win_rate":0.0,"timestamp":1607924301,"path_taken":["M","?","M","?","$","E","R","E","T","E","?","M","?","?","R","BOSS","M","?","?","?","M","E","?","E","T","?","E","R","M","M","R","BOSS","M","?","M","?","?","M","R","E","T","E","R","?","?","E","R","BOSS"],"items_purchased_type":["Card","Card","Card","Relic","Relic"],"build_version":"2020-12-13","purchased_purges":1,"victory":true,"max_hp_per_floor":[70,70,70,70,70,70,70,70,70,70,70,70,70,70,70,70,70,70,70,70,70,70,70,70,70,70,77,77,77,77,77,77,77,77,77,77,77,77,77,77,77,77,77,77,77,77,77,77,77,77],"relic_stats":{"Lee\u0027s Waffle":61,"Torii":15,"counters":[26,114],"Ginger":[7],"Smiling Mask":0,"Mercury Hourglass":[75],"Lizard Tail":0,"Nunchaku":[0],"Sundial":[10],"Ornamental Fan":[16],"Black Star":3,"obtain_stats":[{"TwistedFunnel":36,"Ice Cream":39,"Torii":10,"Vajra":20,"Ginger":42,"Bottled Tornado":28,"Empty Cage":17,"Smiling Mask":26,"Lizard Tail":8,"Nunchaku":48,"Sundial":23,"Red Mask":47,"Toxic Egg 2":2,"Ring of the Snake":0,"Potion Belt":6,"Lee\u0027s Waffle":27,"NeowsBlessing":0,"The Specimen":9,"Mercury Hourglass":43,"Du-Vu Doll":38,"Anchor":25,"Ornamental Fan":42,"Molten Egg 2":44,"Black Star":34,"Bag of Marbles":44},{"TwistedFunnel":17,"Ice Cream":20,"Torii":5,"Vajra":9,"Ginger":22,"Bottled Tornado":13,"Empty Cage":8,"Smiling Mask":12,"Lizard Tail":4,"Nunchaku":25,"Sundial":11,"Red Mask":24,"Toxic Egg 2":1,"Ring of the Snake":0,"Potion Belt":3,"Lee\u0027s Waffle":12,"NeowsBlessing":0,"The Specimen":4,"Mercury Hourglass":22,"Du-Vu Doll":19,"Anchor":12,"Ornamental Fan":22,"Molten Egg 2":23,"Black Star":16,"Bag of Marbles":23},{"TwistedFunnel":70,"Ice Cream":83,"Torii":15,"Vajra":34,"Ginger":92,"Bottled Tornado":53,"Empty Cage":31,"Smiling Mask":49,"Lizard Tail":9,"Nunchaku":106,"Sundial":44,"Red Mask":102,"Toxic Egg 2":1,"Ring of the Snake":0,"Potion Belt":3,"Lee\u0027s Waffle":49,"NeowsBlessing":0,"The Specimen":9,"Mercury Hourglass":92,"Du-Vu Doll":78,"Anchor":49,"Ornamental Fan":92,"Molten Egg 2":98,"Black Star":67,"Bag of Marbles":98}],"Ring of the Snake":[52]},"card_choices":[{"not_picked":["Dagger Throw","PiercingWail"],"picked":"Cloak And Dagger","floor":1},{"not_picked":["Dagger Spray","Bane"],"picked":"Deadly Poison+1","floor":3},{"not_picked":["Noxious Fumes","Finisher"],"picked":"Dodge and Roll+1","floor":6},{"not_picked":["After Image","Finisher"],"picked":"Catalyst+1","floor":8},{"not_picked":["Cloak And Dagger+1","Masterful Stab"],"picked":"Venomology+1","floor":10},{"not_picked":["Flying Knee","Caltrops"],"picked":"Bouncing Flask+1","floor":12},{"not_picked":["All Out Attack","Poisoned Stab"],"picked":"Concentrate+1","floor":13},{"not_picked":["Storm of Steel+1","Bullet Time+1"],"picked":"Venomology+1","floor":16},{"not_picked":["Slice+1","Underhanded Strike+1"],"picked":"Cloak And Dagger+1","floor":18},{"not_picked":["Dagger Spray","Sucker Punch","Poisoned Stab"],"picked":"SKIP","floor":22},{"not_picked":["All Out Attack","Poisoned Stab","Dash"],"picked":"SKIP","floor":23},{"not_picked":["A Thousand Cuts","Reflex+1"],"picked":"After Image","floor":25},{"not_picked":["Setup+1","Reflex+1"],"picked":"Expertise+1","floor":28},{"not_picked":["Bane","Deflect+1"],"picked":"Well Laid Plans","floor":30},{"not_picked":["Sucker Punch","Masterful Stab"],"picked":"Outmaneuver+1","floor":31},{"not_picked":["Bullet Time+1","Glass Knife"],"picked":"Adrenaline+1","floor":33},{"not_picked":["Slice","Acrobatics+1"],"picked":"PiercingWail+1","floor":35},{"not_picked":["Skewer+1","Underhanded Strike","Heel Hook"],"picked":"SKIP","floor":37},{"not_picked":["Deadly Poison+1","Accuracy"],"picked":"Acrobatics+1","floor":39},{"not_picked":["PiercingWail+1","Bullet Time+1"],"picked":"Blur+1","floor":40},{"not_picked":["Predator","PiercingWail+1","Bullet Time+1"],"picked":"SKIP","floor":42},{"not_picked":["Bouncing Flask+1","Wraith Form v2","Deadly Poison+1"],"picked":"SKIP","floor":44},{"not_picked":["Deadly Poison+1","Dagger Throw+1","Slice+1"],"picked":"SKIP","floor":46},{"not_picked":["Infinite Blades","Predator+1","Masterful Stab+1"],"picked":"SKIP","floor":48}],"player_experience":48819,"relics_obtained":[{"floor":2,"key":"Toxic Egg 2"},{"floor":6,"key":"Potion Belt"},{"floor":8,"key":"Lizard Tail"},{"floor":9,"key":"The Specimen"},{"floor":10,"key":"Torii"},{"floor":23,"key":"Sundial"},{"floor":25,"key":"Anchor"},{"floor":26,"key":"Smiling Mask"},{"floor":28,"key":"Bottled Tornado"},{"floor":38,"key":"Du-Vu Doll"},{"floor":39,"key":"Ice Cream"},{"floor":42,"key":"Ornamental Fan"},{"floor":42,"key":"Ginger"},{"floor":43,"key":"Mercury Hourglass"},{"floor":44,"key":"Molten Egg 2"},{"floor":44,"key":"Bag of Marbles"},{"floor":48,"key":"Nunchaku"}],"event_choices":[{"damage_healed":0,"gold_gain":75,"player_choice":"Gather Gold","damage_taken":11,"max_hp_gain":0,"max_hp_loss":0,"event_name":"World of Goop","floor":4,"gold_loss":0},{"cards_removed":["Strike_G"],"damage_healed":0,"gold_gain":0,"player_choice":"Card Removal","damage_taken":7,"max_hp_gain":0,"max_hp_loss":0,"event_name":"Golden Wing","floor":14,"gold_loss":0},{"damage_healed":0,"gold_gain":0,"player_choice":"Simplicity","damage_taken":0,"max_hp_gain":0,"max_hp_loss":0,"event_name":"Back to Basics","floor":19,"gold_loss":0,"cards_upgraded":["Strike_G","Strike_G","Defend_G","Defend_G","Defend_G","Defend_G"]},{"damage_healed":0,"gold_gain":0,"player_choice":"Obtained Relic","damage_taken":0,"relics_obtained":["Vajra"],"max_hp_gain":0,"max_hp_loss":0,"event_name":"Addict","floor":20,"gold_loss":85},{"damage_healed":0,"gold_gain":0,"player_choice":"Ignored","damage_taken":0,"max_hp_gain":0,"max_hp_loss":0,"event_name":"Ghosts","floor":21,"gold_loss":0},{"damage_healed":0,"gold_gain":0,"player_choice":"Read","damage_taken":0,"max_hp_gain":0,"max_hp_loss":0,"event_name":"The Library","floor":24,"gold_loss":0,"cards_obtained":["Crippling Poison"]},{"damage_healed":0,"gold_gain":0,"player_choice":"Fight","damage_taken":0,"max_hp_gain":0,"max_hp_loss":0,"event_name":"MindBloom","floor":38,"gold_loss":0},{"damage_healed":0,"gold_gain":0,"player_choice":"Fight","damage_taken":0,"max_hp_gain":0,"max_hp_loss":0,"event_name":"Mysterious Sphere","floor":39,"gold_loss":0},{"damage_healed":0,"gold_gain":0,"player_choice":"Paid","damage_taken":0,"relics_obtained":["Red Mask"],"max_hp_gain":0,"max_hp_loss":0,"event_name":"Tomb of Lord Red Mask","floor":47,"gold_loss":209}],"is_beta":false,"boss_relics":[{"not_picked":["Coffee Dripper","Velvet Choker"],"picked":"Empty Cage"},{"not_picked":["SacredBark","SlaversCollar"],"picked":"Black Star"}],"items_purged_floors":[5],"is_endless":false,"potions_floor_spawned":[6,8,12,13,18,22,31,38,39,42,44],"ascension_level":7}}