{"host":"tm3ghj8mno6gwywm","time":1607974982,"event":{"mods":["2.2 Compatiblity","AchievementEnabler","Bard","BaseMod","Beaked The Cultist","Better Third Choice","Colored Map","Colored Powertips","Conspire","Downfall","Glutton Mod","GungeonMod","Halation","Hermit","Hubris","Infinite Spire","Jorbs\u0027s Wanderer Trilogy","Lobotomy","Mad Scientist","Marisa????????","Marked Mod","Mimic Mod","Minty Spire (QoL Compilation)","Potionbrewer","Quick Restart","READ ME - Guardian Mod","Replay The Spire","Shade Mod","Shop Mod","Somnambulant","Spicy Shops","StSLib","SuperFastMode","The Bug Knight","The Construct","The Cursed","The Disciple","The Factory","The Hierophant","The IronCluck","The Judge","The Jungle","The Necromancer","The Runesmith","The Servant 0.9.4","egg"],"gold_per_floor":[99,110,126,146,39,24,24,49,62,94,194,211,228,247,263,360,360,135,1,1,19,36,46,82,95,95,95,95,105,120,138,158,176,188,284,284,284,298,298,298,311,325,351,18,44,44,44,59,59,59,78,78,78,78,110,4,4,4],"floor_reached":59,"playtime":2194,"items_purged":["Amnesia","Injury"],"score":1434,"play_id":"7426c148-69d1-4eab-ace4-80f02a58d5a8","local_time":"20201214144302","is_ascension_mode":false,"campfire_choices":[{"floor":1,"key":"RECALL"},{"data":"hexamod:Sear","floor":18,"key":"SMITH"},{"data":"hexamod:Defend","floor":37,"key":"SMITH"},{"data":"hexamod:Defend","floor":40,"key":"SMITH"},{"floor":46,"key":"REST"},{"floor":57,"key":"REST"}],"circlet_count":0,"master_deck":["hexamod:Strike","hexamod:Strike","hexamod:Strike","hexamod:Strike","hexamod:Defend+1","hexamod:Defend+1","hexamod:Defend+1","hexamod:Defend+1","hexamod:Sear+1","hexamod:Float+1","hexamod:ThermalTransfer+1","hexamod:HeatShield+1","hexamod:SuperheatedStrike+1","hexamod:Firestarter+1","hexamod:Incineration+1","hexamod:VolcanoVisage+1","hexamod:PhantomFireball+1","hexamod:BurningTouch+1","hexamod:ApocalypticArmor+1","hexamod:PhantomCloak+1","hexamod:FastForward+1","hexamod:Sear+1","Finesse+1","hexamod:Hexaguard+1","hexamod:HeatCrush+1","hexamod:Firestarter+1","hexamod:HeatMetal+1","hexamod:RainOfEmbers+1","hexamod:SpectersWail+1","hexamod:GhostflameBarrier+1","hexamod:Toasty+1","hexamod:ChargedBarrage+1","hexamod:FlamesFromBeyond+1","hexamod:WildfireWeapon+1","hexamod:ThermalTransfer+1","hexamod:SoulSteal+1","hexamod:Sear+1","Flash of Steel+1","hexamod:EmpoweredFlame+1"],"relics":["hexamod:SpiritBrand","Lizard Tail","Mummified Hand","Black Star","Molten Egg 2","Toxic Egg 2","Frozen Egg 2","Quantum Egg","Membership Card","hexamod:JarOfFuel","halation:SwordOfLegend","hexamod:BolsterEngine","Lizard Tail","Golden Egg","downfall:GremlinSack","SlaversCollar","downfall:HeartBlessingRed","downfall:HeartBlessingBlue","downfall:HeartBlessingGreen","Potion Belt","Mango","Chemical X","potionbrewer:ToyAutogyro","HornCleat","Quantum Egg","conspire:SpecialSausage","potionbrewer:Torch","hubris:EmptyBottle","sneckomod:BlankCard","Oddly Smooth Stone","PrismaticShard","DemoMod:WeirdEgg","halation:EternalFortune","Frozen Eye","Du-Vu Doll","Art of War","Toolbox"],"acts_visited":["Exordium","TheCity","TheBeyond","TheEnding"],"potions_floor_usage":[11,15,16,23,35,35,58,58,58,58,58,58,58,58],"damage_taken":[{"damage":0,"enemies":"conspire:RoseBush","floor":2,"turns":3},{"damage":0,"enemies":"Cultist","floor":3,"turns":3},{"damage":0,"enemies":"2 Louse","floor":4,"turns":2},{"damage":0,"enemies":"downfall:FleeingMerchant","floor":5,"turns":4},{"damage":0,"enemies":"downfall:FleeingMerchant","floor":6,"turns":4},{"damage":10,"enemies":"3 Sentries","floor":8,"turns":6},{"damage":0,"enemies":"Large Slime","floor":9,"turns":2},{"damage":0,"enemies":"Replay:BlueRogue","floor":10,"turns":3},{"damage":7,"enemies":"Replay:BlueRogue","floor":11,"turns":3},{"damage":8,"enemies":"Gremlin Gang","floor":12,"turns":5},{"damage":0,"enemies":"2 Fungi Beasts","floor":13,"turns":3},{"damage":0,"enemies":"Exordium Thugs","floor":14,"turns":3},{"damage":0,"enemies":"Gremlin Gang","floor":15,"turns":4},{"damage":0,"enemies":"downfall:Watcher","floor":16,"turns":5},{"damage":0,"enemies":"downfall:FleeingMerchant","floor":19,"turns":4},{"damage":0,"enemies":"Chosen","floor":21,"turns":3},{"damage":11,"enemies":"3 Cultists","floor":22,"turns":4},{"damage":7,"enemies":"downfall:FleeingMerchant","floor":23,"turns":3},{"damage":5,"enemies":"Centurion and Healer","floor":24,"turns":6},{"damage":4,"enemies":"Centurion and Healer","floor":25,"turns":5},{"damage":0,"enemies":"Snake Plant","floor":29,"turns":3},{"damage":12,"enemies":"Cultist and Chosen","floor":30,"turns":6},{"damage":0,"enemies":"Chosen and Byrds","floor":31,"turns":3},{"damage":3,"enemies":"Snake Plant","floor":32,"turns":2},{"damage":17,"enemies":"conspire:HollyBat","floor":33,"turns":7},{"damage":0,"enemies":"Shelled Parasite and Fungi","floor":34,"turns":3},{"damage":0,"enemies":"downfall:Silent","floor":35,"turns":6},{"damage":5,"enemies":"3 Shapes","floor":38,"turns":3},{"damage":9,"enemies":"3 Darklings","floor":41,"turns":4},{"damage":13,"enemies":"Jaw Worm Horde","floor":42,"turns":4},{"damage":21,"enemies":"Spire Growth","floor":48,"turns":3},{"damage":0,"enemies":"4 Shapes","floor":51,"turns":5},{"damage":22,"enemies":"downfall:Defect","floor":52,"turns":6},{"damage":56,"enemies":"downfall:CharBossMerchant","floor":55,"turns":8},{"damage":1,"enemies":"downfall:NeowBoss","floor":58,"turns":12}],"seed_played":"-3087290761837878384","potions_obtained":[{"floor":2,"key":"Swift Potion"},{"floor":4,"key":"Strength Potion"},{"floor":9,"key":"Adrenaline Potion"},{"floor":12,"key":"Regen Potion"},{"floor":15,"key":"potionbrewer:AcidPotion"},{"floor":22,"key":"Energy Potion"},{"floor":25,"key":"Strength Potion"},{"floor":29,"key":"Elixir"},{"floor":31,"key":"potionbrewer:ToxicPotion"},{"floor":33,"key":"LifebloodPotion"},{"floor":35,"key":"Weak Potion"},{"floor":38,"key":"potionbrewer:FreezingPotion"},{"floor":41,"key":"Dexterity Potion"}],"is_trial":false,"path_per_floor":["R","M","M","M","$","$","T","E","M","E","?","M","M","M","M","B",null,"R","$","?","M","M","$","MIM","M","?","PTL","PTL","M","M","M","M","M","M","B",null,"R","M","?","R","M","M","T","$","T","R","?","M","$","?","M","B",null,null,"E","$","R","B",null],"character_chosen":"THE_SPIRIT","items_purchased":["hexamod:Incineration+1","hexamod:JarOfFuel","Potion Belt","Mango","Chemical X","hexamod:RainOfEmbers+1","potionbrewer:ToyAutogyro","hubris:EmptyBottle","sneckomod:BlankCard","potionbrewer:BoundlessPotion","Oddly Smooth Stone","PrismaticShard","hexamod:EmpoweredFlame+1","Toolbox"],"campfire_rested":2,"item_purchase_floors":[5,5,19,23,23,23,23,44,44,44,44,44,56,56],"current_hp_per_floor":[70,70,70,70,70,70,70,60,60,60,53,45,45,45,45,45,70,80,80,80,80,69,76,71,67,67,67,67,67,55,55,52,35,35,50,94,94,89,81,84,75,62,62,62,62,94,97,76,76,76,76,54,54,97,41,41,82,81],"gold":4,"neow_bonus":"UPGRADE_CARD","is_daily":false,"chose_seed":false,"campfire_upgraded":3,"win_rate":0.0,"timestamp":1607974982,"path_taken":["R","M","M","M","$","$","T","E","M","E","?","M","?","M","M","BOSS","R","$","?","M","M","$","MIM","M","?","PTL","PTL","M","?","?","M","M","M","BOSS","R","M","?","R","M","M","T","$","?","R","?","M","$","?","M","BOSS","E","$","R","BOSS"],"items_purchased_type":["Card","Relic","Relic","Relic","Relic","Card","Relic","Relic","Relic","Potion","Relic","Relic","Card","Relic"],"build_version":"2020-12-13","purchased_purges":2,"victory":true,"max_hp_per_floor":[70,70,70,70,70,70,70,70,70,70,70,70,70,70,70,70,70,80,80,80,80,80,94,94,94,94,94,94,94,94,94,94,94,94,94,94,94,94,94,94,94,94,94,94,94,94,97,97,97,97,97,97,97,97,97,97,97,97],"card_choices":[{"not_picked":["hexamod:RecurringNightmare+1","hexamod:GhostShield+1"],"picked":"hexamod:ThermalTransfer+1","floor":2},{"not_picked":["hexamod:Hexaguard+1","hexamod:PhantomCloak+1"],"picked":"hexamod:HeatShield+1","floor":3},{"not_picked":["hexamod:SpectersWail+1","hexamod:AdvancingGuard+1"],"picked":"hexamod:SuperheatedStrike+1","floor":4},{"not_picked":["hexamod:NecessarySacrifice+1","hexamod:SuperheatedStrike+1"],"picked":"hexamod:Firestarter+1","floor":5},{"not_picked":["hexamod:SwordOfDarkness+1","hexamod:GhostShield+1"],"picked":"hexamod:VolcanoVisage+1","floor":6},{"not_picked":["hexamod:DynamicBlow+1","hexamod:SuperheatedStrike+1"],"picked":"hexamod:PhantomFireball+1","floor":8},{"not_picked":["hexamod:NightmareStrike+1","hexamod:GhostLash+1"],"picked":"hexamod:BurningTouch+1","floor":9},{"not_picked":["hexamod:GhostLash+1","hexamod:EtherealExpedition+1","hexamod:SuperheatedStrike+1"],"picked":"SKIP","floor":10},{"not_picked":["hexamod:NightmareGuise+1","hexamod:HauntingEcho+1"],"picked":"hexamod:Hexaguard+1","floor":11},{"not_picked":["hexamod:PhantomCloak+1","hexamod:NightmareStrike+1","hexamod:FastForward+1"],"picked":"SKIP","floor":12},{"not_picked":["hexamod:InspiringFlames+1","hexamod:NightmareStrike+1"],"picked":"hexamod:HeatCrush+1","floor":13},{"not_picked":["hexamod:SwordOfDarkness+1","hexamod:BurningTouch+1","hexamod:UnlimitedPower+1"],"picked":"SKIP","floor":14},{"not_picked":["hexamod:BurningTouch+1","hexamod:HauntingEcho+1","hexamod:NightmareGuise+1"],"picked":"SKIP","floor":15},{"not_picked":["hexamod:InspiringFlames+1","hexamod:ShieldOfDarkness+1","hexamod:FirstSeal"],"picked":"SKIP","floor":19},{"not_picked":["hexamod:AdvancingGuard+1","hexamod:Hexaguard+1"],"picked":"hexamod:Firestarter+1","floor":21},{"not_picked":["hexamod:HauntingEcho+1","hexamod:ThermalTransfer+1","hexamod:SwordOfDarkness+1"],"picked":"SKIP","floor":22},{"not_picked":["hexamod:BacktrackSmack+1","hexamod:Rewind+1"],"picked":"hexamod:HeatMetal+1","floor":23},{"not_picked":["hexamod:DynamicBlow+1","hexamod:RetreatToShadows+1"],"picked":"hexamod:SpectersWail+1","floor":24},{"not_picked":["hexamod:Haunt+1","hexamod:CatchUp+1"],"picked":"hexamod:GhostflameBarrier+1","floor":25},{"not_picked":["hexamod:BacktrackSmack+1","hexamod:SpectersWail+1"],"picked":"hexamod:Toasty+1","floor":29},{"not_picked":["hexamod:SpectralAdrenaline+1","hexamod:AdvancingGuard+1","hexamod:PhantomCloak+1"],"picked":"SKIP","floor":30},{"not_picked":["hexamod:InspiringFlames+1","hexamod:ShieldOfDarkness+1","hexamod:FastForward+1"],"picked":"SKIP","floor":31},{"not_picked":["hexamod:BacktrackSmack+1","hexamod:SpectersWail+1"],"picked":"hexamod:ChargedBarrage+1","floor":32},{"not_picked":["hexamod:InspiringFlames+1","hexamod:TurnItUp+1","hexamod:ShieldOfDarkness+1"],"picked":"SKIP","floor":33},{"not_picked":["hexamod:GhostShield+1","hexamod:GhostOfSpirePast+1"],"picked":"hexamod:FlamesFromBeyond+1","floor":34},{"not_picked":["hexamod:TimeOfNeed+1","hexamod:UnleashSpirits+1"],"picked":"hexamod:WildfireWeapon+1","floor":35},{"not_picked":["hexamod:GhostOfSpirePresent+1","hexamod:SwordOfDarkness+1"],"picked":"hexamod:ThermalTransfer+1","floor":38},{"not_picked":["hexamod:ThermalTransfer+1","hexamod:HeatShield+1","hexamod:GhostOfSpirePresent+1"],"picked":"SKIP","floor":41},{"not_picked":["hexamod:Incineration+1","hexamod:AdvancingGuard+1"],"picked":"hexamod:SoulSteal+1","floor":42},{"not_picked":["Sucker Punch+1","hermit:Magnum+1","Scare+1"],"picked":"SKIP","floor":48},{"not_picked":["Guardian:TemporalStrike+1","stsjorbsmod:LocateObject+1","sneckomod:UnknownClassDEFAULT_GRAY_COLOR+1"],"picked":"SKIP","floor":51},{"not_picked":["hierophant:Racketeering+1","Steam+1","DeepEcoloBomb+1"],"picked":"SKIP","floor":55}],"player_experience":761394,"relics_obtained":[{"floor":8,"key":"halation:SwordOfLegend"},{"floor":8,"key":"hexamod:BolsterEngine"},{"floor":10,"key":"Lizard Tail"},{"floor":10,"key":"Golden Egg"},{"floor":11,"key":"downfall:GremlinSack"},{"floor":24,"key":"HornCleat"},{"floor":24,"key":"Quantum Egg"},{"floor":43,"key":"potionbrewer:Torch"},{"floor":45,"key":"DemoMod:WeirdEgg"},{"floor":55,"key":"Frozen Eye"},{"floor":55,"key":"Du-Vu Doll"},{"floor":55,"key":"Art of War"}],"event_choices":[{"damage_healed":0,"gold_gain":0,"player_choice":"Leave","damage_taken":0,"max_hp_gain":0,"max_hp_loss":0,"event_name":"conspire:Investor","floor":20,"gold_loss":0},{"damage_healed":0,"gold_gain":0,"player_choice":"Forge","damage_taken":0,"max_hp_gain":0,"max_hp_loss":0,"event_name":"Accursed Blacksmith","floor":26,"gold_loss":0,"cards_upgraded":["hexamod:Defend"]}],"is_beta":false,"boss_relics":[{"not_picked":["Black Star","hubris:TerracottaHorce"],"picked":"SlaversCollar"},{"not_picked":["Sozu","hubris:VirtuousBlindfold"],"picked":"conspire:SpecialSausage"}],"items_purged_floors":[19,19],"is_endless":false,"potions_floor_spawned":[2,4,9,12,13,15,22,25,29,31,33,35,38,41,51],"ascension_level":0}}