{"host":"ks12kfi5c4d9hdxy","time":1607980668,"event":{"mods":["BaseMod","Conspire","GifTheSpireLib","Koishi","LagranYue(拉格朗・月)","Marisa（F雨　魔理沙）","Minty Spire (QoL Compilation)","Reimu（博丽灵梦）","Remilia（蕾米莉亚）","Replay The Spire","RumiaBox-露米娅的神秘盒子","StSLib","SuperFastMode","The Administrix","The Servant 0.9.4","Youmu（魂魄妖梦）","Yuyuko","【功能Mod】混沌之环修复补丁","【功能Mod】聪明的最终Boss","篝火指南"],"gold_per_floor":[118,171,10,24,35,67,78,153,222,222,222],"floor_reached":10,"playtime":211,"items_purged":[],"score":129,"play_id":"4a3ab4d2-9938-46cc-9cc5-a80bd88830d9","local_time":"20201215051748","is_ascension_mode":true,"campfire_choices":[],"circlet_count":0,"master_deck":["AscendersBane","Strike_MRS","Strike_MRS","Strike_MRS","Strike_MRS","Defend_MRS","Defend_MRS","Defend_MRS","Defend_MRS","MasterSpark","UpSweep","MachineGunSpark","MachineGunSpark","EnergyFlow","Pain","PropBag"],"relics":["MiniHakkero","LagranYue:RandomDrawCardRelic","NeowsBlessing","ReplayTheSpireMod:Lightbulb","Strange Spoon","Bag of Marbles","LagranYue:MagicReflectiveArmorRelic","MagicDraw2","Blue Candle"],"acts_visited":["Exordium"],"potions_floor_usage":[6,10],"damage_taken":[{"damage":0,"enemies":"Cultist","floor":1,"turns":1},{"damage":0,"enemies":"Jaw Worm","floor":4,"turns":1},{"damage":0,"enemies":"Small Slimes","floor":5,"turns":1},{"damage":20,"enemies":"3 Sentries","floor":6,"turns":8},{"damage":10,"enemies":"3 Louse","floor":7,"turns":4},{"damage":33,"enemies":"Lagavulin","floor":10,"turns":6}],"seed_played":"3576397132362877000","potions_obtained":[{"floor":5,"key":"SteroidPotion"},{"floor":6,"key":"Dexterity Potion"},{"floor":7,"key":"ZuzhouPotion:ReiMu"}],"is_trial":false,"path_per_floor":["M","T","$","M","M","E","M","?","T","E"],"character_chosen":"MARISA","items_purchased":["Strange Spoon"],"campfire_rested":0,"item_purchase_floors":[3],"current_hp_per_floor":[63,63,63,63,63,43,33,33,33,0,0],"gold":222,"neow_bonus":"THREE_ENEMY_KILL","is_daily":false,"chose_seed":false,"campfire_upgraded":0,"win_rate":0.0,"timestamp":1607980668,"path_taken":["M","?","$","?","M","E","M","?","T","E"],"items_purchased_type":["Relic"],"build_version":"2020-12-13","purchased_purges":0,"victory":false,"max_hp_per_floor":[70,70,70,70,70,70,70,70,70,70,70],"card_choices":[{"not_picked":["SporeBomb","AlicesGift"],"picked":"MachineGunSpark","floor":1},{"not_picked":["IllusionStar","AlicesGift","AsteroidBelt"],"picked":"SKIP","floor":4},{"not_picked":["MagicChant","GravityBeat"],"picked":"MachineGunSpark","floor":5},{"not_picked":["DoubleSpark","WitchOfGreed"],"picked":"EnergyFlow","floor":6},{"not_picked":["ChargingUp","GrandCross","DeepEcoloBomb"],"picked":"SKIP","floor":7},{"not_picked":["NonDirectionalLaser","DragonMeteor"],"picked":"PropBag","floor":8}],"player_experience":492070,"relics_obtained":[{"floor":2,"key":"ReplayTheSpireMod:Lightbulb"},{"floor":6,"key":"Bag of Marbles"},{"floor":8,"key":"LagranYue:MagicReflectiveArmorRelic"},{"floor":9,"key":"MagicDraw2"}],"event_choices":[],"is_beta":false,"boss_relics":[],"items_purged_floors":[],"is_endless":false,"potions_floor_spawned":[5,6,7],"killed_by":"Lagavulin","ascension_level":18}}