{"host":"eydwxg59205c3vtl","time":1607988626,"event":{"mods":["2.2 Compatiblity","BaseMod","Colored Map","Colored Powertips","Minty Spire (QoL Compilation)","StSLib"],"gold_per_floor":[111,111,123,398,412,442,453,484,484,504,504,504,515,543,543,543,543],"floor_reached":16,"playtime":478,"items_purged":[],"score":195,"play_id":"3ee9059e-1842-4fd6-992f-d381a9d732e4","local_time":"20201214183026","is_ascension_mode":true,"campfire_choices":[{"floor":12,"key":"REST"},{"floor":15,"key":"REST"}],"circlet_count":0,"master_deck":["AscendersBane","Strike_G","Strike_G","Strike_G","Strike_G","Strike_G","Defend_G","Defend_G","Defend_G","Defend_G","Defend_G","Survivor","Neutralize","Quick Slash","Bouncing Flask","Regret","Dagger Spray","Well Laid Plans","Dodge and Roll","Envenom","Dagger Spray","Dash"],"relics":["Ring of the Snake","NeowsBlessing","Mercury Hourglass","Prayer Wheel","Ornamental Fan","Darkstone Periapt","White Beast Statue"],"acts_visited":["Exordium"],"potions_floor_usage":[6,14,14],"damage_taken":[{"damage":0,"enemies":"2 Louse","floor":1,"turns":1},{"damage":0,"enemies":"Cultist","floor":3,"turns":1},{"damage":0,"enemies":"Small Slimes","floor":5,"turns":1},{"damage":21,"enemies":"Lagavulin","floor":6,"turns":5},{"damage":12,"enemies":"Blue Slaver","floor":7,"turns":3},{"damage":19,"enemies":"Gremlin Nob","floor":8,"turns":4},{"damage":5,"enemies":"Exordium Thugs","floor":10,"turns":4},{"damage":5,"enemies":"Looter","floor":13,"turns":3},{"damage":6,"enemies":"3 Sentries","floor":14,"turns":2},{"damage":41,"enemies":"Hexaghost","floor":16,"turns":9}],"seed_played":"-7201061301218501295","potions_obtained":[{"floor":3,"key":"Energy Potion"},{"floor":8,"key":"EssenceOfSteel"},{"floor":10,"key":"DuplicationPotion"},{"floor":13,"key":"AttackPotion"}],"is_trial":false,"path_per_floor":["M","?","M","?","M","E","M","E","T","M","?","R","M","E","R","B"],"character_chosen":"THE_SILENT","items_purchased":[],"campfire_rested":2,"item_purchase_floors":[],"current_hp_per_floor":[63,63,63,63,63,42,30,11,11,6,6,27,22,16,37,0,0],"gold":543,"neow_bonus":"THREE_ENEMY_KILL","is_daily":false,"chose_seed":false,"campfire_upgraded":0,"win_rate":0.0,"timestamp":1607988626,"path_taken":["M","?","?","?","?","E","M","E","T","M","?","R","M","E","R","BOSS"],"items_purchased_type":[],"build_version":"2020-12-13","purchased_purges":0,"victory":false,"max_hp_per_floor":[70,70,70,70,70,70,70,70,70,70,70,70,70,70,70,70,70],"card_choices":[{"not_picked":["Dodge and Roll","Cloak And Dagger"],"picked":"Quick Slash","floor":1},{"not_picked":["Finisher","Bane"],"picked":"Bouncing Flask","floor":3},{"not_picked":["PiercingWail","Infinite Blades"],"picked":"Dagger Spray","floor":5},{"not_picked":["Quick Slash","Acrobatics"],"picked":"Well Laid Plans","floor":6},{"not_picked":["Calculated Gamble","Acrobatics"],"picked":"Dodge and Roll","floor":7},{"not_picked":["Setup","Outmaneuver","Distraction"],"picked":"SKIP","floor":7},{"not_picked":["Backflip","Dagger Throw"],"picked":"Envenom","floor":8},{"not_picked":["PiercingWail","Flying Knee","Distraction"],"picked":"SKIP","floor":10},{"not_picked":["Blade Dance","Flying Knee","Accuracy"],"picked":"SKIP","floor":10},{"not_picked":["Dagger Throw","Deadly Poison"],"picked":"Dagger Spray","floor":13},{"not_picked":["Blade Dance","Riddle With Holes","Flying Knee"],"picked":"SKIP","floor":13},{"not_picked":["Deadly Poison","Acrobatics"],"picked":"Dash","floor":14}],"player_experience":483900,"relics_obtained":[{"floor":2,"key":"Mercury Hourglass"},{"floor":6,"key":"Prayer Wheel"},{"floor":8,"key":"Ornamental Fan"},{"floor":9,"key":"Darkstone Periapt"},{"floor":14,"key":"White Beast Statue"}],"event_choices":[{"damage_healed":0,"gold_gain":0,"player_choice":"Relic","damage_taken":0,"max_hp_gain":0,"max_hp_loss":0,"event_name":"Wheel of Change","floor":2,"gold_loss":0},{"damage_healed":0,"gold_gain":275,"player_choice":"Desecrate","damage_taken":0,"max_hp_gain":0,"max_hp_loss":0,"event_name":"Golden Shrine","floor":4,"gold_loss":0,"cards_obtained":["Regret"]},{"damage_healed":0,"gold_gain":0,"player_choice":"Ignored","damage_taken":0,"max_hp_gain":0,"max_hp_loss":0,"event_name":"Shining Light","floor":11,"gold_loss":0}],"is_beta":false,"boss_relics":[],"items_purged_floors":[],"is_endless":false,"potions_floor_spawned":[3,8,10,13],"killed_by":"Hexaghost","ascension_level":12}}