{"host":"rbk1qdcjpzmlze2h","time":1607983073,"event":{"mods":["2.2 Compatiblity","Act Like it!","Ascension Reborn","Aspiration","BaseMod","Beaked The Cultist","Better Match","Better Note","Better Sensory Stone","Better Third Choice","Better-Laid Plans","Card Forge","Colored Powertips","Conspire","Curses Come First","Dio Mod","Displayed Cursed Tome","Filter the Spire","Friendly Minions","Gensokyo","GifTheSpireLib","Gold Saver","Halation","Hallownest","Hermit","Highlight Path","Infinite Spire","Minty Spire (QoL Compilation)","Quick Restart","Random Character Mod","Rare Cards Sparkle","Replay The Spire","Ryuuou龙王","Shade Mod","Shop Mod","Spicy Shops","StSLib","The Bug Knight","The Jungle","TheArtist","TheBandit","Thieving Mod","Transform Curses","Waifu the Spire","WarShipGirlsR/战舰少女R mod"],"gold_per_floor":[111,111,130,141,18,18,34,34,57,57,72,86,103,33,33,38,38,55,55,69,89,100,100,100,100,100,100,100,79,79,79,79],"floor_reached":31,"playtime":2496,"items_purged":[],"score":262,"play_id":"7e7d6860-97c3-4f9a-b056-3a545856ad81","local_time":"20201214165753","is_ascension_mode":true,"campfire_choices":[{"data":"ReplayTheSpireMod:Private Reserves","floor":6,"key":"SMITH"},{"data":"Consume","floor":8,"key":"SMITH"},{"data":"Sadistic Nature","floor":10,"key":"SMITH"},{"data":"Crystallizer","floor":15,"key":"SMITH"},{"data":"Self Repair","floor":23,"key":"SMITH"},{"data":"Redo","floor":25,"key":"SMITH"},{"data":"Creative AI","floor":30,"key":"SMITH"}],"circlet_count":0,"master_deck":["Strike_B+1","Strike_B+1","Strike_B+1","Strike_B+1","Defend_B+1","Defend_B+1","Defend_B+1","Defend_B+1","Zap+1","Dualcast+1","Ball Lightning","Go for the Eyes+1","Consume+1","Mayhem+1","Thinking Ahead+1","Sadistic Nature+1","ReplayTheSpireMod:Private Reserves+1","Coolheaded+1","Gash+1","Redo+1","Self Repair+1","conspire:Rain","Crystallizer+1","Thunder Strike","Creative AI+1","Scrape+1","dioMod:SecretPlan+1","Stack+1","conspire:SharedLibrary","ReplayTheSpireMod:System Scan+1","Chill"],"relics":["Cracked Core","Hammer of Thor","Seething Fire","Anvil of the Gods","HollowMod:QueensCombRelic","Membership Card","Unceasing Top","Happy Flower","MerchantsRug","Ancient Tea Set","Replay:Fungal Core","Tiny Chest","Shovel","Replay:Bottled Flurry","Replay:Wax Seal","HollowMod:StagPassRelic","Toolbox"],"acts_visited":["Exordium","TheCity"],"potions_floor_usage":[18,21,21],"damage_taken":[{"damage":2,"enemies":"Small Slimes","floor":1,"turns":2},{"damage":0,"enemies":"conspire:RoseBush","floor":3,"turns":2},{"damage":0,"enemies":"Cultist","floor":4,"turns":2},{"damage":0,"enemies":"Lots of Slimes","floor":7,"turns":3},{"damage":0,"enemies":"Large Slime","floor":11,"turns":3},{"damage":4,"enemies":"Gremlin Gang","floor":12,"turns":3},{"damage":14,"enemies":"3 Louse","floor":13,"turns":3},{"damage":0,"enemies":"Lagavulin","floor":14,"turns":4},{"damage":22,"enemies":"Hexaghost","floor":16,"turns":6},{"damage":6,"enemies":"Shell Parasite","floor":18,"turns":5},{"damage":2,"enemies":"Chosen","floor":20,"turns":4},{"damage":17,"enemies":"3 Cultists","floor":21,"turns":6},{"damage":39,"enemies":"Snake Plant","floor":22,"turns":5},{"damage":21,"enemies":"Nightmare","floor":31,"turns":5}],"seed_played":"-7745235347088023333","potions_obtained":[{"floor":7,"key":"SpeedPotion"},{"floor":12,"key":"Weak Potion"},{"floor":16,"key":"Adrenaline Potion"},{"floor":20,"key":"Swift Potion"},{"floor":21,"key":"FocusPotion"}],"is_trial":false,"path_per_floor":["M","?","M","M","$","R","M","R","T","R","M","M","M","E","R","B",null,"M","?","M","M","M","R","?","R","T","PTL","PTL","$","R","NM"],"character_chosen":"DEFECT","items_purchased":["ReplayTheSpireMod:ShopPack","Happy Flower","ReplayTheSpireMod:Private Reserves","Coolheaded+1","MerchantsRug","Gash","Guide Book","Replay:Wax Seal","HollowMod:StagPassRelic","Chill","Toolbox"],"campfire_rested":0,"item_purchase_floors":[5,5,5,5,5,5,5,29,29,29,29],"current_hp_per_floor":[48,48,50,50,50,50,50,50,50,50,50,50,43,50,50,35,50,50,50,48,40,12,12,12,12,12,12,12,12,12,0,0],"gold":79,"neow_bonus":"ONE_RARE_RELIC","is_daily":false,"chose_seed":false,"campfire_upgraded":7,"win_rate":0.0,"timestamp":1607983073,"path_taken":["M","?","M","?","?","R","M","R","T","R","M","M","?","E","R","BOSS","M","?","?","M","M","R","?","R","T","PTL","PTL","?","R","NM"],"items_purchased_type":["Relic","Relic","Card","Card","Relic","Card","Relic","Relic","Relic","Card","Relic"],"build_version":"2020-12-13","purchased_purges":0,"victory":false,"max_hp_per_floor":[50,50,50,50,50,50,50,50,50,50,50,50,50,50,50,50,50,50,50,50,50,50,50,50,50,50,50,50,50,50,50,50],"card_choices":[{"not_picked":["Compile Driver","BasicCrystalCard"],"picked":"Ball Lightning","floor":1},{"not_picked":["Cold Snap","Lockon"],"picked":"Go for the Eyes","floor":3},{"not_picked":["Rip and Tear","Rebound"],"picked":"Consume","floor":4},{"not_picked":["Metamorphosis","Secret Weapon"],"picked":"Mayhem","floor":5},{"not_picked":["Swift Strike","Madness"],"picked":"Thinking Ahead","floor":5},{"not_picked":["Enlightenment","Replay:Sssssssssshield"],"picked":"Sadistic Nature","floor":5},{"not_picked":["Panic Button","Leap"],"picked":"Redo","floor":7},{"not_picked":["Leap","Rip and Tear"],"picked":"Self Repair","floor":11},{"not_picked":["Rebound","Barrage"],"picked":"conspire:Rain","floor":12},{"not_picked":["Sweeping Beam","Hologram"],"picked":"Crystallizer","floor":13},{"not_picked":["Time Bomb","BasicCrystalCard"],"picked":"Thunder Strike","floor":14},{"not_picked":["ReplayTheSpireMod:Omega Cannon","Amplify"],"picked":"Creative AI","floor":16},{"not_picked":["Rebound","Barrage+1"],"picked":"Scrape+1","floor":18},{"not_picked":["Rebound","Steam Power"],"picked":"Stack+1","floor":20},{"not_picked":["Turbo","Redo"],"picked":"conspire:SharedLibrary","floor":21},{"not_picked":["Steam Power","Barrage"],"picked":"ReplayTheSpireMod:System Scan+1","floor":22}],"player_experience":167163,"relics_obtained":[{"floor":2,"key":"Unceasing Top"},{"floor":9,"key":"Ancient Tea Set"},{"floor":14,"key":"Whetstone"},{"floor":26,"key":"Shovel"},{"floor":26,"key":"Replay:Bottled Flurry"}],"event_choices":[{"damage_healed":0,"gold_gain":0,"player_choice":"Relic","damage_taken":0,"max_hp_gain":0,"max_hp_loss":0,"event_name":"Wheel of Change","floor":2,"gold_loss":0},{"cards_removed":["Creative AI"],"damage_healed":0,"gold_gain":0,"player_choice":"Take \u0026 Give","damage_taken":0,"max_hp_gain":0,"max_hp_loss":0,"event_name":"betterNote:BetterNote","floor":19,"gold_loss":0,"cards_obtained":["dioMod:SecretPlan"]},{"damage_healed":0,"gold_gain":0,"player_choice":"Gave Potion","damage_taken":0,"relics_obtained":["Tiny Chest"],"max_hp_gain":0,"max_hp_loss":0,"event_name":"WeMeetAgain","floor":24,"gold_loss":0}],"is_beta":false,"boss_relics":[{"not_picked":["aspiration:SilentSkillbook","aspiration:PoetsPen"],"picked":"Replay:Fungal Core"}],"items_purged_floors":[],"is_endless":false,"potions_floor_spawned":[7,12,16,20,21],"killed_by":"Nightmare","ascension_level":0}}