{"host":"2461dio7vetlq1z3","time":1607964291,"event":{"mods":["AchievementEnabler","Aspiration","BaseMod","Hermit","Lobotomy","Marisa????????","Minty Spire (QoL Compilation)","Relic Stats","Spicy Shops","StSLib","Waifu the Spire"],"gold_per_floor":[115,115,131,179,179,179,194,224,269,279,279,279,304,59,59,163,163],"floor_reached":16,"playtime":781,"items_purged":["Strike_MRS","Strike_MRS"],"score":232,"play_id":"23f62860-a52f-4a86-b9f5-4e9b6a67de6d","local_time":"20201214174451","is_ascension_mode":true,"campfire_choices":[{"data":"UnstableBomb","floor":6,"key":"SMITH"},{"data":"OortCloud","floor":11,"key":"SMITH"},{"floor":15,"key":"REST"}],"circlet_count":0,"master_deck":["Strike_MRS","Defend_MRS","Defend_MRS","Defend_MRS","Defend_MRS","MasterSpark","UpSweep","RefractionSpark","UnstableBomb+1","MeteoricShower","MachineGunSpark","OortCloud+1","NonDirectionalLaser"],"relics":["MiniHakkero","Art of War","Letter Opener","Tiny Chest","CeramicFish"],"acts_visited":["Exordium"],"potions_floor_usage":[5,16],"damage_taken":[{"damage":7,"enemies":"Small Slimes","floor":1,"turns":3},{"damage":1,"enemies":"Cultist","floor":3,"turns":3},{"damage":0,"enemies":"Jaw Worm","floor":5,"turns":1},{"damage":4,"enemies":"Red Slaver","floor":7,"turns":3},{"damage":25,"enemies":"3 Sentries","floor":8,"turns":6},{"damage":8,"enemies":"Blue Slaver","floor":10,"turns":3},{"damage":14,"enemies":"Gremlin Nob","floor":13,"turns":4},{"damage":11,"enemies":"Hexaghost","floor":16,"turns":9}],"seed_played":"6436508617428537089","potions_obtained":[{"floor":0,"key":"Ancient Potion"},{"floor":0,"key":"SmokeBomb"},{"floor":0,"key":"SmokeBomb"},{"floor":1,"key":"SpeedPotion"},{"floor":8,"key":"Explosive Potion"},{"floor":10,"key":"Fire Potion"},{"floor":13,"key":"Strength Potion"}],"is_trial":false,"path_per_floor":["M","?","M","T","M","R","M","E","T","M","R","?","E","$","R","B"],"character_chosen":"MARISA","items_purchased":["NonDirectionalLaser"],"campfire_rested":1,"item_purchase_floors":[14],"current_hp_per_floor":[61,61,60,60,60,60,56,31,31,23,23,23,9,9,31,20,20],"gold":163,"neow_bonus":"THREE_SMALL_POTIONS","is_daily":false,"chose_seed":false,"campfire_upgraded":2,"win_rate":0.0,"timestamp":1607964291,"path_taken":["M","?","?","?","M","R","M","E","T","M","R","?","E","$","R","BOSS"],"items_purchased_type":["Card"],"build_version":"2020-12-13","purchased_purges":2,"victory":false,"max_hp_per_floor":[75,75,75,75,75,75,75,75,75,75,75,75,75,75,75,75,75],"relic_stats":{"counters":[8,32],"CeramicFish":9,"Tiny Chest":0,"Art of War":[2],"Letter Opener":[0],"obtain_stats":[{"CeramicFish":13,"Tiny Chest":9,"Art of War":4,"MiniHakkero":0,"Letter Opener":8},{"CeramicFish":7,"Tiny Chest":5,"Art of War":2,"MiniHakkero":0,"Letter Opener":5},{"CeramicFish":23,"Tiny Chest":16,"Art of War":6,"MiniHakkero":0,"Letter Opener":16}]},"card_choices":[{"not_picked":["OrrerysSun","6A"],"picked":"RefractionSpark","floor":1},{"not_picked":["OrrerysSun","EnergyFlow"],"picked":"UnstableBomb","floor":3},{"not_picked":["GravityBeat","AlicesGift"],"picked":"MeteoricShower","floor":7},{"not_picked":["LuminesStrike","UnstableBomb"],"picked":"MachineGunSpark","floor":8},{"not_picked":["GalacticHalo","ShootTheMoon"],"picked":"OortCloud","floor":10},{"not_picked":["IllusionStar","MagicAbsorber","ShootingEcho"],"picked":"SKIP","floor":13}],"player_experience":771593,"relics_obtained":[{"floor":4,"key":"Art of War"},{"floor":8,"key":"Letter Opener"},{"floor":9,"key":"Tiny Chest"},{"floor":13,"key":"CeramicFish"}],"event_choices":[{"cards_removed":["Strike_MRS"],"damage_healed":0,"gold_gain":0,"player_choice":"Offered Basic","damage_taken":0,"max_hp_gain":0,"max_hp_loss":0,"event_name":"Bonfire Elementals","floor":2,"gold_loss":0},{"damage_healed":0,"gold_gain":0,"player_choice":"Ignored","damage_taken":0,"max_hp_gain":0,"max_hp_loss":0,"event_name":"Liars Game","floor":12,"gold_loss":0}],"is_beta":false,"boss_relics":[],"items_purged_floors":[14,14],"is_endless":false,"potions_floor_spawned":[1,5,8,10,13],"killed_by":"Hexaghost","ascension_level":9}}