{"host":"tx8t6uckd1u9z97d","time":1607965612,"event":{"mods":["Act Like it!","BaseMod","Better Note","BetterRewards","CapriCore","Colored Powertips","Gensokyo","Hermit","Hero for Fun","Hubris","Koishi","Luminous","Marisa（霧雨　魔理沙）","Minty Spire (QoL Compilation)","Prisma Mod","Quick Restart","Replay The Spire","StSLib","The Gatherer","The Servant 0.9.4","Waifu the Spire","【?方二次?作】八云紫mod"],"gold_per_floor":[116,135,152,152,35,35,65,65,65,65,97,97,97,114,114,213,213,231,242,252,252,152,152,152],"floor_reached":23,"playtime":1219,"items_purged":["Strike_B","Strike_B"],"score":219,"play_id":"5a4d69ae-6aab-4811-9229-4f68dcc9a0f0","local_time":"20201215010652","is_ascension_mode":true,"campfire_choices":[{"data":"Zap","floor":6,"key":"SMITH"},{"data":"Crystallizer","floor":8,"key":"SMITH"},{"data":"Fusion","floor":10,"key":"SMITH"},{"data":"Redo","floor":12,"key":"SMITH"},{"data":"Machine Learning","floor":15,"key":"SMITH"}],"circlet_count":0,"master_deck":["Defend_B","Defend_B","Defend_B","Defend_B","Zap+1","Dualcast","Panic Button","Capacitor","Conserve Battery","hubris:PowerSurge","Fusion+1","Redo+1","Conserve Battery","Crystallizer+1","hubris:DuctTapeCard","Redo","Machine Learning+1","Chaos","hubris:SpecializedCircuitry","AbeCurse","Doom and Gloom","hubris:PowerSurge","Chaos"],"relics":["Cracked Core","Oddly Smooth Stone","hubris:Icosahedron","Replay:Wax Seal","hubris:DuctTape","Orichalcum","Abe\u0027s Treasure"],"acts_visited":["Exordium","TheCity"],"potions_floor_usage":[7,16],"damage_taken":[{"damage":0,"enemies":"Jaw Worm","floor":1,"turns":3},{"damage":1,"enemies":"2 Louse","floor":2,"turns":3},{"damage":2,"enemies":"Cultist","floor":3,"turns":4},{"damage":26,"enemies":"Gremlin Nob","floor":7,"turns":5},{"damage":13,"enemies":"3 Sentries","floor":11,"turns":8},{"damage":6,"enemies":"3 Louse","floor":14,"turns":4},{"damage":19,"enemies":"The Guardian","floor":16,"turns":12},{"damage":12,"enemies":"Chosen","floor":18,"turns":4},{"damage":35,"enemies":"2 Thieves","floor":19,"turns":4},{"damage":57,"enemies":"Shelled Parasite and Fungi","floor":20,"turns":7},{"damage":28,"enemies":"Slavers","floor":23,"turns":1}],"seed_played":"8629944099218695612","potions_obtained":[{"floor":2,"key":"Doom Potion"},{"floor":3,"key":"AttackPotion"},{"floor":11,"key":"EssenceOfDarkness"},{"floor":18,"key":"Dexterity Potion"},{"floor":20,"key":"PowerPotion"}],"is_trial":false,"path_per_floor":["M","M","M","?","$","R","E","R","T","R","E","R","?","M","R","B",null,"M","M","M","?","$","E"],"character_chosen":"DEFECT","items_purchased":["FairyPotion","Genetic Algorithm","Panic Button","Capacitor","Bandage Up","Conserve Battery","hubris:PowerSurge","Oddly Smooth Stone","Replay:Wax Seal","Crystallizer"],"campfire_rested":0,"item_purchase_floors":[0,0,0,0,0,0,0,0,5,5],"current_hp_per_floor":[75,74,72,72,72,72,50,50,50,50,41,41,41,39,39,24,75,67,36,19,19,19,0,0],"gold":152,"neow_bonus":"","is_daily":false,"chose_seed":false,"campfire_upgraded":5,"win_rate":0.0,"timestamp":1607965612,"path_taken":["M","M","M","?","$","R","E","R","T","R","E","R","?","?","R","BOSS","M","M","M","?","$","E"],"items_purchased_type":["Potion","Card","Card","Card","Card","Card","Card","Relic","Relic","Card"],"build_version":"2020-12-13","purchased_purges":2,"victory":false,"max_hp_per_floor":[75,75,75,75,75,75,75,75,75,75,75,75,75,75,75,75,75,75,75,75,75,75,75,75],"card_choices":[{"not_picked":["ReplayTheSpireMod:System Scan","Streamline"],"picked":"Fusion","floor":1},{"not_picked":["Doom and Gloom","Compile Driver"],"picked":"Redo","floor":2},{"not_picked":["FTL","Turbo"],"picked":"Conserve Battery","floor":3},{"not_picked":["FTL","ReplayTheSpireMod:Repulse"],"picked":"Redo","floor":7},{"not_picked":["Rebound","Barrage","Blizzard"],"picked":"SKIP","floor":11},{"not_picked":["Steam","Melter"],"picked":"Chaos","floor":14},{"not_picked":["Fission","Amplify"],"picked":"hubris:SpecializedCircuitry","floor":16},{"not_picked":["Compile Driver","Turbo"],"picked":"Doom and Gloom","floor":18},{"not_picked":["Ball Lightning+1","Blizzard"],"picked":"hubris:PowerSurge","floor":19},{"not_picked":["Hologram","Barrage"],"picked":"Chaos","floor":20}],"player_experience":195908,"relics_obtained":[{"floor":7,"key":"hubris:DuctTape"},{"floor":11,"key":"Orichalcum"}],"event_choices":[{"damage_healed":0,"gold_gain":0,"cards_transformed":["Strike_B"],"player_choice":"Transformed","damage_taken":0,"max_hp_gain":0,"max_hp_loss":0,"event_name":"Transmorgrifier","floor":13,"gold_loss":0,"cards_obtained":["Machine Learning"]},{"cards_removed":["Strike_B"],"damage_healed":0,"gold_gain":0,"player_choice":"Elegance","damage_taken":0,"max_hp_gain":0,"max_hp_loss":0,"event_name":"Back to Basics","floor":21,"gold_loss":0}],"is_beta":false,"boss_relics":[{"not_picked":["Runic Dome","Replay:Grab Bag"],"picked":"Abe\u0027s Treasure"}],"items_purged_floors":[0,22],"is_endless":false,"potions_floor_spawned":[2,3,11,18,20],"killed_by":"Slavers","ascension_level":2}}