{"host":"kos1s9q8ffr8fqos","time":1607923849,"event":{"mods":["2.2 Compatiblity","AchievementEnabler","AlwaysNeverKeys","Astrologer","BaseMod","Bestiary","Better Altar","Better Match","Better Note","Better Sensory Stone","Better Skull","Better Third Choice","Better Vampires","Colored Map","Colored Powertips","Curses Come First","Hermit","Infinite Spire","Jorbs\u0027s Wanderer Trilogy","Minty Spire (QoL Compilation)","Quick Restart","Random Character Button","Relic Stats","Shop Mod","StSLib","The Blue Laboratory","The Disciple","The Hierophant","The Runesmith"],"gold_per_floor":[119,119,119,88,108,108,58,83,107,119,131,143,168,196,208,292,304,335,347,374,403,415,427,453,498,536,548,201,201,220,235,235,313,313,329,1328,1328,1345,1345,1345,1361,1361,1387,556,569,569,584,601,601,601],"floor_reached":51,"playtime":2970,"items_purged":["Defend_P","Writhe"],"score":1195,"play_id":"f3cd208c-6bf3-4eeb-8c2e-6da7eb3b4c9f","local_time":"20201213233049","is_ascension_mode":true,"campfire_choices":[{"floor":6,"key":"REST"},{"floor":10,"key":"REST"},{"data":"ForeignInfluence","floor":12,"key":"SMITH"},{"data":"Eruption","floor":15,"key":"SMITH"},{"data":"Devotion","floor":23,"key":"SMITH"},{"floor":27,"key":"REST"},{"data":"Perseverance","floor":29,"key":"SMITH"},{"floor":32,"key":"REST"},{"floor":40,"key":"REST"},{"floor":46,"key":"REST"},{"floor":49,"key":"REST"}],"circlet_count":0,"master_deck":["Moderato","AscendersBane","Eruption+1","Vigilance+1","CrushJoints","ClearTheMind+1","CutThroughFate","ForeignInfluence+1","DeusExMachina+1","Consecrate+1","Devotion+1","DeusExMachina+1","BowlingBash+1","LessonLearned+1","Halt+1","Perseverance+1","Prostrate","MentalFortress","Worship","CutThroughFate","Finesse","WheelKick","Sanctity+1","Vault","CurseOfTheBell","SashWhip","Bandage Up+1","Mayhem","infinitespire:Collect","ThirdEye","MasterReality","Perseverance+1","CutThroughFate"],"relics":["PureWater","betterThird:SlimedRelic","Runesmith:AutoHammer","MealTicket","infinitespire:Beetle Shell","MerchantsRug","TeardropLocket","infinitespire:Lychee Nut","Bottled Lightning","Fusion Hammer","Blood Vial","FossilizedHelix","Frozen Eye","Akabeko"],"acts_visited":["Exordium","TheCity","TheBeyond"],"potions_floor_usage":[22,25,33,33,38,41,45,50,50],"damage_taken":[{"damage":13,"enemies":"Jaw Worm","floor":1,"turns":7},{"damage":0,"enemies":"Small Slimes","floor":5,"turns":3},{"damage":45,"enemies":"Gremlin Nob","floor":8,"turns":5},{"damage":0,"enemies":"Cultist","floor":13,"turns":2},{"damage":0,"enemies":"3 Louse","floor":14,"turns":2},{"damage":4,"enemies":"Slime Boss","floor":16,"turns":6},{"damage":0,"enemies":"Spheric Guardian","floor":18,"turns":1},{"damage":0,"enemies":"3 Byrds","floor":20,"turns":4},{"damage":10,"enemies":"Snecko","floor":21,"turns":5},{"damage":0,"enemies":"Snake Plant","floor":22,"turns":1},{"damage":7,"enemies":"Centurion and Healer","floor":24,"turns":5},{"damage":27,"enemies":"Book of Stabbing","floor":25,"turns":6},{"damage":31,"enemies":"Shelled Parasite and Fungi","floor":30,"turns":5},{"damage":10,"enemies":"Cultist and Chosen","floor":31,"turns":8},{"damage":0,"enemies":"Collector","floor":33,"turns":6},{"damage":18,"enemies":"3 Shapes","floor":35,"turns":9},{"damage":7,"enemies":"Orb Walker","floor":38,"turns":5},{"damage":23,"enemies":"4 Shapes","floor":41,"turns":4},{"damage":14,"enemies":"Jaw Worm Horde","floor":45,"turns":4},{"damage":0,"enemies":"3 Darklings","floor":47,"turns":4},{"damage":0,"enemies":"Sphere and 2 Shapes","floor":48,"turns":4},{"damage":24,"enemies":"Awakened One","floor":50,"turns":9}],"seed_played":"5163035305902232299","potions_obtained":[{"floor":8,"key":"blueLaboratory:BottleOfRum"},{"floor":13,"key":"blueLaboratory:AlphaPotion"},{"floor":21,"key":"SmokeBomb"},{"floor":30,"key":"BottledMiracle"},{"floor":31,"key":"blueLaboratory:RecallPotion"},{"floor":33,"key":"Weak Potion"},{"floor":35,"key":"BlessingOfTheForge"},{"floor":38,"key":"Dexterity Potion"},{"floor":48,"key":"AttackPotion"}],"is_trial":false,"path_per_floor":["M","?","?","?","M","R","?","E","T","R","$","R","M","M","R","B",null,"M","?","M","M","M","R","M","E","T","R","$","R","M","M","R","B",null,"M","?","?","M","AVR","R","M","?","T","$","M","R","M","M","R","B",null],"character_chosen":"WATCHER","items_purchased":["Worship","MerchantsRug","CutThroughFate","Finesse","CultistPotion","FossilizedHelix","PowerPotion","MasterReality","Frozen Eye","Akabeko","AttackPotion"],"campfire_rested":7,"item_purchase_floors":[28,28,28,28,28,44,44,44,44,44,44],"current_hp_per_floor":[34,34,58,47,47,68,68,23,23,44,44,44,44,44,44,40,64,64,64,64,54,54,54,47,20,20,41,56,56,25,15,36,36,50,37,37,37,40,40,54,32,46,46,54,40,54,54,54,54,34],"gold":601,"neow_bonus":"REMOVE_TWO","is_daily":false,"chose_seed":false,"campfire_upgraded":4,"win_rate":0.0,"timestamp":1607923849,"path_taken":["M","?","?","?","?","R","?","E","T","R","?","R","M","M","R","BOSS","M","?","M","?","M","R","M","E","T","R","?","R","M","M","R","BOSS","M","?","?","M","AVR","R","M","?","T","$","?","R","M","M","R","BOSS"],"items_purchased_type":["Card","Relic","Card","Card","Potion","Relic","Potion","Card","Relic","Relic","Potion"],"build_version":"2020-12-13","purchased_purges":2,"victory":true,"max_hp_per_floor":[72,72,72,72,72,72,72,72,72,72,72,72,72,72,72,72,72,72,72,72,72,72,72,72,72,72,72,72,72,72,72,72,72,54,54,54,54,54,54,54,54,54,54,54,54,54,54,54,54,54],"relic_stats":{"Blood Vial":0,"counters":[22,105],"MealTicket":23,"obtain_stats":[{"MerchantsRug":28,"Astrolabe":17,"infinitespire:Beetle Shell":26,"Omamori":34,"TeardropLocket":34,"MawBank":9,"Akabeko":44,"Calling Bell":34,"Blood Vial":43,"Frozen Eye":44,"infinitespire:Lychee Nut":34,"betterThird:SlimedRelic":4,"MealTicket":25,"Fusion Hammer":39,"Runesmith:AutoHammer":8,"Bottled Lightning":39,"PureWater":0,"FossilizedHelix":44},{"MerchantsRug":12,"Astrolabe":6,"infinitespire:Beetle Shell":12,"Omamori":15,"TeardropLocket":15,"MawBank":3,"Akabeko":18,"Calling Bell":15,"Blood Vial":18,"Frozen Eye":18,"infinitespire:Lychee Nut":15,"betterThird:SlimedRelic":1,"MealTicket":12,"Fusion Hammer":17,"Runesmith:AutoHammer":3,"Bottled Lightning":17,"PureWater":0,"FossilizedHelix":18},{"MerchantsRug":47,"Astrolabe":25,"infinitespire:Beetle Shell":47,"Omamori":66,"TeardropLocket":66,"MawBank":15,"Akabeko":84,"Calling Bell":66,"Blood Vial":84,"Frozen Eye":84,"infinitespire:Lychee Nut":66,"betterThird:SlimedRelic":7,"MealTicket":47,"Fusion Hammer":80,"Runesmith:AutoHammer":15,"Bottled Lightning":80,"PureWater":0,"FossilizedHelix":84}]},"card_choices":[{"not_picked":["JustLucky","Protect"],"picked":"CrushJoints","floor":1},{"not_picked":["JustLucky","FlurryOfBlows"],"picked":"CutThroughFate","floor":5},{"not_picked":["FollowUp","EmptyBody"],"picked":"ForeignInfluence","floor":8},{"not_picked":["Halt","WindmillStrike"],"picked":"DeusExMachina","floor":13},{"not_picked":["FollowUp","Halt"],"picked":"Consecrate","floor":14},{"not_picked":["Brilliance","Blasphemy"],"picked":"Devotion","floor":16},{"not_picked":["EmptyFist","ReachHeaven","ClearTheMind"],"picked":"SKIP","floor":18},{"not_picked":["Consecrate+1","EmptyBody"],"picked":"Halt","floor":20},{"not_picked":["Protect","Nirvana+1"],"picked":"Perseverance","floor":21},{"not_picked":["Protect","CrushJoints"],"picked":"Prostrate","floor":24},{"not_picked":["Consecrate","BowlingBash"],"picked":"MentalFortress","floor":25},{"not_picked":["DeusExMachina","BowlingBash"],"picked":"WheelKick","floor":30},{"not_picked":["Study","CutThroughFate+1"],"picked":"Sanctity","floor":31},{"not_picked":["Judgement","SpiritShield"],"picked":"Vault","floor":33},{"not_picked":["FollowUp","Crescendo"],"picked":"SashWhip","floor":35},{"not_picked":["Dramatic Entrance","Metamorphosis"],"picked":"Bandage Up","floor":37},{"not_picked":["PanicButton","Enlightenment"],"picked":"Mayhem","floor":37},{"not_picked":["Indignation","EmptyFist","FlyingSleeves+1"],"picked":"SKIP","floor":38},{"not_picked":["Evaluate","WreathOfFlame+1"],"picked":"ThirdEye","floor":41},{"not_picked":["EmptyBody","ThirdEye"],"picked":"Perseverance+1","floor":45},{"not_picked":["Evaluate","Perseverance+1","Worship"],"picked":"SKIP","floor":47},{"not_picked":["Weave","Halt+1"],"picked":"CutThroughFate","floor":48}],"player_experience":1233553,"relics_obtained":[{"floor":8,"key":"Runesmith:AutoHammer"},{"floor":9,"key":"MawBank"},{"floor":25,"key":"MealTicket"},{"floor":26,"key":"infinitespire:Beetle Shell"},{"floor":34,"key":"Omamori"},{"floor":34,"key":"TeardropLocket"},{"floor":34,"key":"infinitespire:Lychee Nut"},{"floor":43,"key":"Blood Vial"}],"event_choices":[{"damage_healed":0,"gold_gain":0,"cards_transformed":["Strike_P"],"player_choice":"Change","damage_taken":0,"max_hp_gain":0,"max_hp_loss":0,"event_name":"Living Wall","floor":2,"gold_loss":0,"cards_obtained":["ClearTheMind"]},{"damage_healed":24,"gold_gain":0,"player_choice":"Banana","damage_taken":0,"max_hp_gain":0,"max_hp_loss":0,"event_name":"Big Fish","floor":3,"gold_loss":0},{"damage_healed":0,"gold_gain":0,"player_choice":"Slimed","damage_taken":11,"max_hp_gain":0,"max_hp_loss":0,"event_name":"betterThird:BetterGoop","floor":4,"gold_loss":31},{"cards_removed":["Strike_P"],"damage_healed":0,"gold_gain":0,"player_choice":"Card Removal","damage_taken":0,"max_hp_gain":0,"max_hp_loss":0,"event_name":"The Cleric","floor":7,"gold_loss":50},{"damage_healed":0,"gold_gain":0,"player_choice":"Bought 0 Potions","damage_taken":0,"max_hp_gain":0,"max_hp_loss":0,"event_name":"The Woman in Blue","floor":19,"gold_loss":0},{"damage_healed":0,"gold_gain":999,"player_choice":"Gold","damage_taken":0,"max_hp_gain":0,"max_hp_loss":0,"event_name":"MindBloom","floor":36,"gold_loss":0,"cards_obtained":["Normality","Normality"]},{"damage_healed":0,"gold_gain":3,"player_choice":"1","damage_taken":0,"max_hp_gain":0,"max_hp_loss":0,"event_name":"betterStone:BetterStone","floor":37,"gold_loss":0},{"damage_healed":14,"gold_gain":0,"player_choice":"Writhe","damage_taken":0,"max_hp_gain":0,"max_hp_loss":0,"event_name":"Winding Halls","floor":42,"gold_loss":0,"cards_obtained":["Writhe"]}],"is_beta":false,"boss_relics":[{"not_picked":["Sozu","Velvet Choker"],"picked":"Astrolabe"},{"not_picked":["VioletLotus","Snecko Eye"],"picked":"Calling Bell"}],"items_purged_floors":[39,44],"is_endless":false,"potions_floor_spawned":[8,13,14,21,30,31,33,35,38,48],"ascension_level":13}}