{"host":"Á¤±Û¸µ","time":1607962837,"event":{"mods":["AchievementEnabler","BaseMod","Colored Map","DeckTracker","Highlight Path","Keyboard Shortcuts","Minty Spire (QoL Compilation)","Permanent Neow","Quick Restart","Rare Cards Sparkle","StSLib","SuperFastMode","everything is the same but u backflip on backflip"],"gold_per_floor":[119,136,150,75,92,92,92,92,138,63,94,108,8,24,24,100,100,100,100,100,118,168,168,182,199,224,224,234,86,6,32,32,109,109,120,131,6,6,6,39,39,65,65,65,0,30,30,30,30,30,30,30,30,57,57],"floor_reached":56,"playtime":2011,"items_purged":["Defend_P","Strike_P","Defend_P"],"score":2271,"play_id":"d0f7129c-2277-49cd-b7b1-0c6066ec389e","local_time":"20201215012037","is_ascension_mode":true,"campfire_choices":[{"data":"Eruption","floor":6.0,"key":"SMITH"},{"data":"Vigilance","floor":8.0,"key":"SMITH"},{"data":"Adaptation","floor":15.0,"key":"SMITH"},{"data":"RitualDagger","floor":23.0,"key":"SMITH"},{"data":"Adaptation","floor":27.0,"key":"SMITH"},{"data":"Ghostly","floor":32,"key":"SMITH"},{"data":"Scrawl","floor":41,"key":"SMITH"},{"floor":49,"key":"RECALL"},{"data":"Purity","floor":52,"key":"SMITH"}],"circlet_count":0,"master_deck":["AscendersBane","Strike_P","Defend_P","Eruption+1","Vigilance+1","Consecrate","Halt","Adaptation+1","Ghostly+1","Ghostly","Ghostly","RitualDagger+1","Adaptation+1","FearNoEvil","Scrawl+1","Purity+1","Panacea","Panache"],"relics":["Runic Pyramid","MealTicket","Sozu","Anchor","TheAbacus","Ancient Tea Set","Shuriken","Damaru","Singing Bowl","Kunai","Red Mask","Art of War","Letter Opener"],"acts_visited":["Exordium","TheCity","TheBeyond","TheEnding"],"potions_floor_usage":[],"damage_taken":[{"damage":0.0,"enemies":"2 Louse","floor":1.0,"turns":2.0},{"damage":7.0,"enemies":"Small Slimes","floor":2.0,"turns":3.0},{"damage":2.0,"enemies":"Jaw Worm","floor":3.0,"turns":3.0},{"damage":2.0,"enemies":"Blue Slaver","floor":5.0,"turns":2.0},{"damage":16.0,"enemies":"Gremlin Nob","floor":11.0,"turns":3.0},{"damage":4.0,"enemies":"3 Louse","floor":12.0,"turns":3.0},{"damage":0.0,"enemies":"Lots of Slimes","floor":14.0,"turns":1.0},{"damage":0.0,"enemies":"Slime Boss","floor":16.0,"turns":6.0},{"damage":0.0,"enemies":"2 Thieves","floor":18.0,"turns":1.0},{"damage":1.0,"enemies":"Chosen","floor":21.0,"turns":4.0},{"damage":3.0,"enemies":"Snake Plant","floor":24.0,"turns":4.0},{"damage":0.0,"enemies":"Sentry and Sphere","floor":25.0,"turns":4.0},{"damage":0.0,"enemies":"Chosen and Byrds","floor":28.0,"turns":4.0},{"damage":9,"enemies":"Slavers","floor":31,"turns":7},{"damage":0,"enemies":"Automaton","floor":33,"turns":6},{"damage":0,"enemies":"3 Shapes","floor":35,"turns":2},{"damage":0,"enemies":"Orb Walker","floor":36,"turns":3},{"damage":1,"enemies":"Nemesis","floor":40,"turns":5},{"damage":0,"enemies":"Giant Head","floor":42,"turns":3},{"damage":17,"enemies":"Nemesis","floor":46,"turns":7},{"damage":6,"enemies":"Time Eater","floor":50,"turns":6},{"damage":0,"enemies":"Shield and Spear","floor":54,"turns":2},{"damage":3,"enemies":"The Heart","floor":55,"turns":6}],"seed_played":"295932906395480234","potions_obtained":[{"floor":2.0,"key":"Regen Potion"},{"floor":3.0,"key":"GamblersBrew"},{"floor":11.0,"key":"BlessingOfTheForge"},{"floor":16.0,"key":"SmokeBomb"}],"is_trial":false,"path_per_floor":["M","M","M","$","M","R","?","R","T","?","E","M","$","M","R","B",null,"M","?","?","M","?","R","M","M","T","R","M","$","$","E","R","B",null,"M","M","$","?","?","E","R","E","T","T","?","E","$","?","R","B",null,"R","$","E","B",null],"character_chosen":"WATCHER","items_purchased":["TheAbacus","FearNoEvil"],"campfire_rested":0,"item_purchase_floors":[29,30],"current_hp_per_floor":[61,54,52,52,50,50,43,43,43,43,27,23,38,38,38,38,61,61,34,28,27,27,27,24,24,24,24,24,34,34,25,25,25,32,32,32,34,34,24,23,23,23,23,23,23,8,23,23,23,17,31,31,36,38,35],"gold":57,"neow_bonus":"BOSS_RELIC","is_daily":false,"chose_seed":false,"campfire_upgraded":8,"win_rate":0.0,"timestamp":1607962837,"path_taken":["M","M","M","$","M","R","?","R","T","?","E","M","$","M","R","BOSS","M","?","?","M","?","R","?","M","T","R","M","?","$","E","R","BOSS","M","?","$","?","?","E","R","E","T","?","?","E","$","?","R","BOSS","R","$","E","BOSS"],"items_purchased_type":["Relic","Card"],"build_version":"2020-12-07","purchased_purges":3,"victory":true,"max_hp_per_floor":[68,68,68,68,68,68,68,68,68,68,68,68,68,68,68,68,68,68,34,34,34,34,34,34,34,34,34,34,34,34,34,34,34,34,34,34,34,34,34,34,34,34,34,34,34,36,36,36,36,36,36,36,36,38,38],"card_choices":[{"not_picked":["Protect","ThirdEye"],"picked":"Consecrate","floor":1.0},{"not_picked":["EmptyBody","Evaluate"],"picked":"Halt","floor":2.0},{"not_picked":["SashWhip","CutThroughFate","Pray"],"picked":"SKIP","floor":3.0},{"not_picked":["SashWhip","Conclude","CutThroughFate"],"picked":"SKIP","floor":5.0},{"not_picked":["SandsOfTime","EmptyFist","CrushJoints"],"picked":"SKIP","floor":11.0},{"not_picked":["Devotion","Consecrate","EmptyBody"],"picked":"SKIP","floor":12.0},{"not_picked":["EmptyBody","JustLucky"],"picked":"Adaptation","floor":14.0},{"not_picked":["BowlingBash","Indignation"],"picked":"Adaptation","floor":21.0},{"not_picked":["Halt+1","EmptyBody","Evaluate+1"],"picked":"SKIP","floor":24.0},{"not_picked":["FlyingSleeves","ThirdEye","CrushJoints"],"picked":"SKIP","floor":25.0},{"not_picked":["SpiritShield","Halt","Evaluate+1"],"picked":"SKIP","floor":28.0},{"not_picked":["JustLucky","Crescendo","InnerPeace"],"picked":"SKIP","floor":31},{"not_picked":["Establishment","Devotion"],"picked":"Scrawl","floor":33},{"not_picked":["FollowUp","CutThroughFate","FlurryOfBlows"],"picked":"SKIP","floor":35},{"not_picked":["SashWhip","Weave","Swivel"],"picked":"SKIP","floor":36},{"not_picked":["Bandage Up","Discovery"],"picked":"Purity","floor":39},{"not_picked":["Trip","Good Instincts"],"picked":"Panacea","floor":39},{"not_picked":["Trip","Blind"],"picked":"Panache","floor":39},{"not_picked":["CutThroughFate+1","Wallop","Swivel"],"picked":"SKIP","floor":40},{"not_picked":["SandsOfTime+1","ThirdEye","Study"],"picked":"SKIP","floor":42},{"not_picked":["Protect","LessonLearned","BowlingBash+1"],"picked":"Singing Bowl","floor":46},{"not_picked":["FlurryOfBlows","EmptyFist","Evaluate+1"],"picked":"Singing Bowl","floor":54}],"player_experience":462800,"relics_obtained":[{"floor":11.0,"key":"MealTicket"},{"floor":26.0,"key":"Anchor"},{"floor":31,"key":"Ancient Tea Set"},{"floor":40,"key":"Shuriken"},{"floor":42,"key":"Damaru"},{"floor":43,"key":"Singing Bowl"},{"floor":44,"key":"Kunai"},{"floor":46,"key":"Art of War"},{"floor":54,"key":"Letter Opener"}],"event_choices":[{"cards_removed":["Strike_P"],"damage_healed":0.0,"max_hp_gain":0.0,"max_hp_loss":0.0,"gold_gain":0.0,"event_name":"Golden Wing","player_choice":"Card Removal","floor":7.0,"gold_loss":0.0,"damage_taken":7.0},{"cards_removed":["Defend_P"],"damage_healed":0.0,"max_hp_gain":0.0,"max_hp_loss":0.0,"gold_gain":0.0,"event_name":"The Cleric","player_choice":"Card Removal","floor":10.0,"gold_loss":75.0,"damage_taken":0.0},{"damage_healed":0.0,"max_hp_gain":0.0,"max_hp_loss":34.0,"gold_gain":0.0,"event_name":"Ghosts","player_choice":"Became a Ghost","floor":19.0,"gold_loss":0.0,"damage_taken":0.0,"cards_obtained":["Ghostly","Ghostly","Ghostly"]},{"damage_healed":0.0,"max_hp_gain":0.0,"max_hp_loss":0.0,"gold_gain":0.0,"event_name":"Nest","player_choice":"Joined the Cult","floor":20.0,"gold_loss":0.0,"damage_taken":6.0,"cards_obtained":["RitualDagger"]},{"damage_healed":0.0,"max_hp_gain":0.0,"max_hp_loss":0.0,"gold_gain":100.0,"event_name":"The Joust","player_choice":"Bet on Murderer","floor":22.0,"gold_loss":50.0,"damage_taken":0.0},{"cards_removed":["Strike_P"],"damage_healed":0,"gold_gain":0,"player_choice":"Removed Attack","damage_taken":0,"max_hp_gain":0,"max_hp_loss":0,"event_name":"Falling","floor":38,"gold_loss":0},{"damage_healed":0,"gold_gain":0,"player_choice":"Memory 3","damage_taken":10,"max_hp_gain":0,"max_hp_loss":0,"event_name":"SensoryStone","floor":39,"gold_loss":0},{"damage_healed":0,"gold_gain":0,"player_choice":"Paid","damage_taken":0,"relics_obtained":["Red Mask"],"max_hp_gain":0,"max_hp_loss":0,"event_name":"Tomb of Lord Red Mask","floor":45,"gold_loss":65},{"damage_healed":0,"gold_gain":0,"player_choice":"Got Potions","damage_taken":0,"max_hp_gain":0,"max_hp_loss":0,"event_name":"Lab","floor":48,"gold_loss":0}],"is_beta":true,"boss_relics":[{"not_picked":["Snecko Eye","Velvet Choker"],"picked":"Sozu"},{"not_picked":["SacredBark","Runic Dome","Calling Bell"]}],"items_purged_floors":[4,13,37],"is_endless":false,"potions_floor_spawned":[2,3,11,16,24,33,35,46],"ascension_level":15}}