{"host":"raai0vtvcfkt8csp","time":1607904711,"event":{"mods":["2.2 Compatiblity","AchievementEnabler","BaseMod","Block Reminder","Booster Modes","DeckTracker","Defective Defect","GifTheSpireLib","Infinite Spire","Minty Spire (QoL Compilation)","Quick Restart","Random Character Button","Rare Cards Sparkle","StSLib","Unceasing Turn Reminder"],"gold_per_floor":[111,122,43,43,61,95,110,122,146,157,189,185,208,219,219,325,325,350,395,324,346,375,375,409,409,409,445,445,455,494,517,517,621,621,643,643,652,679,701,701,701],"floor_reached":40,"playtime":3479,"items_purged":[],"score":512,"play_id":"d5738269-2aa7-43de-b7be-ee4d88ee5273","local_time":"20201214011151","is_ascension_mode":true,"campfire_choices":[{"floor":15,"key":"REST"},{"data":"Devotion","floor":23,"key":"SMITH"},{"floor":25,"key":"RECALL"},{"data":"Study","floor":28,"key":"SMITH"},{"floor":32,"key":"REST"}],"circlet_count":0,"master_deck":["Defend_P","Defend_P","Defend_P","Eruption","Vigilance","Weave","EmptyBody","Protect","PathToVictory","Consecrate","SandsOfTime","Perseverance","Establishment","Meditate","PathToVictory","Devotion+1","ForeignInfluence","Bite","Bite","Bite","Bite","Bite","Study+1","DeceiveReality+1","DeceiveReality","WindmillStrike+1","LikeWater+1","CutThroughFate","FollowUp+1","Devotion","LikeWater+1","Mayhem","PathToVictory+1","LikeWater"],"relics":["PureWater","StoneCalendar","Strawberry","CeramicFish","Sozu","Bag of Preparation","Kunai","Girya","Philosopher\u0027s Stone"],"acts_visited":["Exordium","TheCity","TheBeyond"],"potions_floor_usage":[6,11,12,13,14,18],"damage_taken":[{"damage":0,"enemies":"2 Louse","floor":1,"turns":3},{"damage":0,"enemies":"Small Slimes","floor":2,"turns":3},{"damage":1,"enemies":"Jaw Worm","floor":5,"turns":4},{"damage":45,"enemies":"Gremlin Nob","floor":6,"turns":5},{"damage":8,"enemies":"Exordium Wildlife","floor":7,"turns":3},{"damage":3,"enemies":"Red Slaver","floor":8,"turns":5},{"damage":0,"enemies":"Looter","floor":10,"turns":5},{"damage":17,"enemies":"3 Sentries","floor":11,"turns":6},{"damage":0,"enemies":"Exordium Thugs","floor":12,"turns":4},{"damage":0,"enemies":"Red Slaver","floor":13,"turns":2},{"damage":0,"enemies":"3 Louse","floor":14,"turns":1},{"damage":13,"enemies":"Hexaghost","floor":16,"turns":8},{"damage":13,"enemies":"3 Byrds","floor":18,"turns":7},{"damage":0,"enemies":"Chosen","floor":21,"turns":5},{"damage":19,"enemies":"Snake Plant","floor":22,"turns":4},{"damage":5,"enemies":"Gremlin Leader","floor":24,"turns":8},{"damage":20,"enemies":"Book of Stabbing","floor":27,"turns":5},{"damage":4,"enemies":"Sentry and Sphere","floor":29,"turns":6},{"damage":11,"enemies":"Slavers","floor":30,"turns":7},{"damage":11,"enemies":"3 Cultists","floor":31,"turns":5},{"damage":28,"enemies":"Collector","floor":33,"turns":8},{"damage":15,"enemies":"Orb Walker","floor":35,"turns":5},{"damage":6,"enemies":"3 Darklings","floor":38,"turns":7},{"damage":35,"enemies":"Writhing Mass","floor":39,"turns":7},{"damage":22,"enemies":"Nemesis","floor":40,"turns":2}],"seed_played":"-6621895804046337703","potions_obtained":[{"floor":2,"key":"SkillPotion"},{"floor":8,"key":"ColorlessPotion"},{"floor":11,"key":"DistilledChaos"},{"floor":12,"key":"DistilledChaos"},{"floor":13,"key":"Strength Potion"},{"floor":14,"key":"DuplicationPotion"}],"is_trial":false,"path_per_floor":["M","M","$","?","M","E","M","M","T","M","E","M","M","M","R","B",null,"M","?","$","M","M","R","E","R","T","E","R","M","E","M","R","B",null,"M","?","?","M","M","E"],"character_chosen":"WATCHER","items_purchased":["PathToVictory","Consecrate","Study"],"campfire_rested":2,"item_purchase_floors":[3,3,20],"current_hp_per_floor":[72,72,72,77,76,31,23,20,27,27,10,10,10,10,35,22,84,71,58,58,58,41,41,50,50,50,34,34,34,31,28,45,25,58,45,45,45,49,22,0,0],"gold":701,"neow_bonus":"THREE_CARDS","is_daily":false,"chose_seed":false,"campfire_upgraded":2,"win_rate":0.0,"timestamp":1607904711,"path_taken":["M","M","$","?","M","E","M","M","T","M","E","M","M","M","R","BOSS","M","?","$","M","M","R","E","R","T","E","R","M","E","M","R","BOSS","M","?","?","M","M","E"],"items_purchased_type":["Card","Card","Card"],"build_version":"2020-11-30","purchased_purges":0,"victory":false,"max_hp_per_floor":[72,72,72,77,77,77,77,77,84,84,84,84,84,84,84,84,84,84,58,58,58,58,58,58,58,58,58,58,58,58,58,58,58,58,58,58,58,58,58,58,58],"card_choices":[{"not_picked":["WaveOfTheHand","FearNoEvil"],"picked":"Weave","floor":0},{"not_picked":["JustLucky","SashWhip"],"picked":"EmptyBody","floor":1},{"not_picked":["SignatureMove","ThirdEye"],"picked":"Protect","floor":2},{"not_picked":["Collect","SashWhip"],"picked":"SandsOfTime","floor":5},{"not_picked":["CutThroughFate","Tantrum"],"picked":"Perseverance","floor":6},{"not_picked":["Crescendo","Swivel"],"picked":"Establishment","floor":7},{"not_picked":["FearNoEvil","Consecrate","FlyingSleeves"],"picked":"SKIP","floor":8},{"not_picked":["BowlingBash","EmptyBody","Establishment"],"picked":"SKIP","floor":10},{"not_picked":["FlurryOfBlows","Swivel","Worship"],"picked":"SKIP","floor":11},{"not_picked":["Prostrate","EmptyBody"],"picked":"Meditate","floor":12},{"not_picked":["WaveOfTheHand","SandsOfTime"],"picked":"PathToVictory","floor":13},{"not_picked":["Consecrate","BowlingBash","FlurryOfBlows"],"picked":"SKIP","floor":14},{"not_picked":["LessonLearned","Wish"],"picked":"Devotion","floor":16},{"not_picked":["FlyingSleeves+1","EmptyFist"],"picked":"ForeignInfluence","floor":18},{"not_picked":["Protect","WreathOfFlame"],"picked":"DeceiveReality+1","floor":21},{"not_picked":["FlyingSleeves","Conclude"],"picked":"DeceiveReality","floor":22},{"not_picked":["LessonLearned","Prostrate"],"picked":"WindmillStrike+1","floor":24},{"not_picked":["Nirvana","TalkToTheHand"],"picked":"LikeWater+1","floor":27},{"not_picked":["Tantrum","SashWhip","Meditate"],"picked":"SKIP","floor":29},{"not_picked":["Perseverance","Swivel"],"picked":"CutThroughFate","floor":30},{"not_picked":["EmptyFist","CrushJoints"],"picked":"FollowUp+1","floor":31},{"not_picked":["Scrawl","Blasphemy"],"picked":"Devotion","floor":33},{"not_picked":["Consecrate","JustLucky+1"],"picked":"LikeWater+1","floor":35},{"not_picked":["Bandage Up","Deep Breath"],"picked":"Mayhem","floor":37},{"not_picked":["Conclude+1","Consecrate"],"picked":"PathToVictory+1","floor":38},{"not_picked":["EmptyMind+1","Prostrate"],"picked":"LikeWater","floor":39}],"player_experience":399751,"relics_obtained":[{"floor":6,"key":"StoneCalendar"},{"floor":9,"key":"Strawberry"},{"floor":11,"key":"CeramicFish"},{"floor":24,"key":"Bag of Preparation"},{"floor":27,"key":"Kunai"},{"floor":30,"key":"Girya"}],"event_choices":[{"damage_healed":0,"gold_gain":0,"player_choice":"Donut","damage_taken":0,"max_hp_gain":5,"max_hp_loss":0,"event_name":"Big Fish","floor":4,"gold_loss":0},{"damage_healed":0,"gold_gain":0,"player_choice":"Became a vampire","damage_taken":0,"max_hp_gain":0,"max_hp_loss":26,"event_name":"Vampires","floor":19,"gold_loss":0,"cards_obtained":["Bite","Bite","Bite","Bite","Bite"]},{"cards_removed":["Defend_P"],"damage_healed":0,"gold_gain":0,"player_choice":"Removed Skill","damage_taken":0,"max_hp_gain":0,"max_hp_loss":0,"event_name":"Falling","floor":36,"gold_loss":0},{"damage_healed":0,"gold_gain":0,"player_choice":"Memory 1","damage_taken":0,"max_hp_gain":0,"max_hp_loss":0,"event_name":"SensoryStone","floor":37,"gold_loss":0}],"is_beta":false,"boss_relics":[{"not_picked":["Empty Cage","Ectoplasm"],"picked":"Sozu"},{"not_picked":["Runic Dome","Velvet Choker"],"picked":"Philosopher\u0027s Stone"}],"items_purged_floors":[],"is_endless":false,"potions_floor_spawned":[2,8,11,12,13,14,22,24,33,35,39],"killed_by":"Nemesis","ascension_level":1}}