{"host":"wghdsg8ym2wc7ov9","time":1607958802,"event":{"mods":["AchievementEnabler","BaseMod","Better Altar","Better Note","Colored Map","Highlight Path","Minty Spire (QoL Compilation)","Random Character Button","Relic Stats","Shop Mod","StSLib"],"gold_per_floor":[115,115,131,131,144,144,177,191,218,231,246,31,31,31],"floor_reached":13,"playtime":847,"items_purged":[],"score":87,"play_id":"685935b0-8687-43a2-b2a8-7b4c028a5e44","local_time":"20201214071322","is_ascension_mode":false,"campfire_choices":[{"data":"Eruption","floor":6.0,"key":"SMITH"}],"circlet_count":0,"master_deck":["Strike_P","Strike_P","Strike_P","Defend_P","Defend_P","Defend_P","Defend_P","Eruption+1","Vigilance","WindmillStrike","Halt","Vengeance","ClearTheMind","FearNoEvil","Perseverance","Indignation","Halt","Transmutation","Prostrate"],"relics":["PureWater","Bronze Scales"],"acts_visited":["Exordium"],"potions_floor_usage":[],"damage_taken":[{"damage":0.0,"enemies":"Small Slimes","floor":1.0,"turns":3.0},{"damage":8.0,"enemies":"2 Louse","floor":3.0,"turns":2.0},{"damage":0.0,"enemies":"Cultist","floor":5.0,"turns":3.0},{"damage":15.0,"enemies":"Lagavulin","floor":7.0,"turns":5.0},{"damage":10.0,"enemies":"2 Fungi Beasts","floor":8.0,"turns":4.0},{"damage":5.0,"enemies":"3 Louse","floor":10.0,"turns":2.0},{"damage":3,"enemies":"Large Slime","floor":11,"turns":3},{"damage":46,"enemies":"Gremlin Nob","floor":13,"turns":3}],"seed_played":"2115709746250355731","potions_obtained":[{"floor":1.0,"key":"LiquidBronze"},{"floor":3.0,"key":"Energy Potion"},{"floor":10.0,"key":"Explosive Potion"}],"is_trial":false,"path_per_floor":["M","?","M","?","M","R","E","M","T","M","M","$","E"],"character_chosen":"WATCHER","items_purchased":["Transmutation","Prostrate"],"campfire_rested":0,"item_purchase_floors":[12,12],"current_hp_per_floor":[79,79,71,71,71,71,56,46,46,41,38,38,0,0],"gold":31,"neow_bonus":"TEN_PERCENT_HP_BONUS","is_daily":false,"chose_seed":false,"campfire_upgraded":1,"win_rate":0.0,"timestamp":1607958802,"path_taken":["M","?","M","?","M","R","E","M","T","?","M","$","E"],"items_purchased_type":["Card","Card"],"build_version":"2020-12-13","purchased_purges":0,"victory":false,"max_hp_per_floor":[79,79,79,79,79,79,79,79,79,79,79,79,79,79],"relic_stats":{"counters":[8,25],"Bronze Scales":[21],"obtain_stats":[{"Bronze Scales":7,"PureWater":0},{"Bronze Scales":4,"PureWater":0},{"Bronze Scales":13,"PureWater":0}]},"card_choices":[{"not_picked":["SignatureMove","Study"],"picked":"WindmillStrike","floor":1.0},{"not_picked":["ClearTheMind","Wireheading"],"picked":"Halt","floor":3.0},{"not_picked":["Swivel","EmptyFist"],"picked":"ClearTheMind","floor":5.0},{"not_picked":["Adaptation","Vengeance"],"picked":"FearNoEvil","floor":7.0},{"not_picked":["ThirdEye","SignatureMove"],"picked":"Perseverance","floor":8.0},{"not_picked":["Crescendo","WreathOfFlame"],"picked":"Indignation","floor":10.0},{"not_picked":["CutThroughFate","Protect"],"picked":"Halt","floor":11}],"player_experience":396338,"relics_obtained":[{"floor":7.0,"key":"Bronze Scales"}],"event_choices":[{"damage_healed":0.0,"max_hp_gain":0.0,"max_hp_loss":0.0,"gold_gain":0.0,"event_name":"Golden Wing","player_choice":"Ignored","floor":2.0,"gold_loss":0.0,"damage_taken":0.0},{"damage_healed":0.0,"max_hp_gain":0.0,"max_hp_loss":0.0,"gold_gain":0.0,"cards_transformed":["Strike_P"],"event_name":"Transmorgrifier","player_choice":"Transformed","floor":4.0,"gold_loss":0.0,"damage_taken":0.0,"cards_obtained":["Vengeance"]}],"is_beta":false,"boss_relics":[],"items_purged_floors":[],"is_endless":false,"potions_floor_spawned":[1,3,10,11],"killed_by":"Gremlin Nob","ascension_level":0}}