{"host":"ix7p32bjxfunmfrv","time":1607977656,"event":{"mods":["AchievementEnabler","BaseMod","DeckTracker","Minty Spire (QoL Compilation)","Permanent Neow","Quick Restart"],"gold_per_floor":[116,128,128,128,153,180,180,197,220,220,250,269,280,294,294,391,391,401,401,401,401,420,152,152,112,112,129,129,32,46,46,46,46,46],"floor_reached":33,"playtime":1248,"items_purged":["Bite","Bite"],"score":280,"play_id":"a57a9b9b-9622-4bb6-b170-2ecc0472cd49","local_time":"20201215052736","is_ascension_mode":false,"campfire_choices":[{"data":"Body Slam","floor":7.0,"key":"SMITH"},{"data":"Bash","floor":10.0,"key":"SMITH"},{"data":"Rampage","floor":15.0,"key":"SMITH"},{"data":"Brutality","floor":24,"key":"SMITH"},{"floor":28,"key":"RECALL"},{"floor":32,"key":"REST"}],"circlet_count":0,"master_deck":["Defend_R+1","Defend_R","Defend_R","Defend_R","Bash+1","Sever Soul+1","Evolve","Body Slam+1","Feed","Rampage+1","Double Tap","Bite","Bite","Bite","Brutality+1","True Grit","Headbutt","True Grit"],"relics":["Burning Blood","Strawberry","Centennial Puzzle","Meat on the Bone","Smiling Mask","Boot","Black Star","Nloth\u0027s Gift","PreservedInsect","Gremlin Horn"],"acts_visited":["Exordium","TheCity"],"potions_floor_usage":[18,31,31],"damage_taken":[{"damage":0.0,"enemies":"Small Slimes","floor":1.0,"turns":1.0},{"damage":0.0,"enemies":"Jaw Worm","floor":2.0,"turns":1.0},{"damage":0.0,"enemies":"3 Sentries","floor":6.0,"turns":1.0},{"damage":0.0,"enemies":"Cultist","floor":8.0,"turns":3.0},{"damage":5.0,"enemies":"Gremlin Nob","floor":11.0,"turns":3.0},{"damage":5.0,"enemies":"Looter","floor":12.0,"turns":2.0},{"damage":6.0,"enemies":"Exordium Wildlife","floor":13.0,"turns":4.0},{"damage":3.0,"enemies":"Lots of Slimes","floor":14.0,"turns":4.0},{"damage":57.0,"enemies":"The Guardian","floor":16.0,"turns":12.0},{"damage":34,"enemies":"Shell Parasite","floor":18,"turns":7},{"damage":14,"enemies":"Chosen","floor":22,"turns":5},{"damage":20,"enemies":"Snake Plant","floor":27,"turns":4},{"damage":41,"enemies":"Snecko","floor":30,"turns":6},{"damage":12,"enemies":"Colosseum Slavers","floor":31,"turns":4},{"damage":65,"enemies":"Champ","floor":33,"turns":6}],"seed_played":"-5261237431661383944","potions_obtained":[{"floor":6.0,"key":"SkillPotion"},{"floor":11.0,"key":"SkillPotion"},{"floor":12.0,"key":"ColorlessPotion"},{"floor":13.0,"key":"BlessingOfTheForge"},{"floor":25,"key":"SneckoOil"},{"floor":25,"key":"Ancient Potion"},{"floor":25,"key":"SteroidPotion"},{"floor":27,"key":"PowerPotion"},{"floor":30,"key":"HeartOfIron"}],"is_trial":false,"path_per_floor":["M","M","?","?","T","E","R","M","T","R","E","M","M","M","R","B",null,"M","?","?","?","M","$","R","?","T","M","R","$","M","?","R","B"],"character_chosen":"IRONCLAD","items_purchased":["True Grit","Headbutt","PreservedInsect","True Grit"],"campfire_rested":1,"item_purchase_floors":[23,23,23,29],"current_hp_per_floor":[80,80,62,45,45,51,51,57,57,57,58,62,62,68,68,29,93,65,65,65,65,63,63,63,63,63,51,51,51,31,39,59,0,0],"gold":46,"neow_bonus":"THREE_ENEMY_KILL","is_daily":false,"chose_seed":false,"campfire_upgraded":4,"win_rate":0.0,"timestamp":1607977656,"path_taken":["M","M","?","?","?","E","R","M","T","R","E","M","M","?","R","BOSS","M","?","?","?","?","$","R","?","T","?","R","?","M","?","R","BOSS"],"items_purchased_type":["Card","Card","Relic","Card"],"build_version":"2020-12-13","purchased_purges":2,"victory":false,"max_hp_per_floor":[80,80,87,87,87,87,87,87,87,87,87,90,90,93,93,93,93,93,65,65,65,65,65,65,65,65,65,65,65,68,68,68,68,68],"card_choices":[{"not_picked":["Armaments","Seeing Red"],"picked":"Sever Soul","floor":1.0},{"not_picked":["Disarm","Warcry"],"picked":"Evolve","floor":2.0},{"not_picked":["Twin Strike","Intimidate"],"picked":"Body Slam","floor":6.0},{"not_picked":["Heavy Blade","Clash","Iron Wave"],"picked":"SKIP","floor":8.0},{"not_picked":["Bloodletting","Shockwave"],"picked":"Feed","floor":11.0},{"not_picked":["Clothesline","Twin Strike","Iron Wave"],"picked":"SKIP","floor":12.0},{"not_picked":["Armaments","Wild Strike"],"picked":"Rampage","floor":13.0},{"not_picked":["Cleave","Twin Strike","Infernal Blade"],"picked":"SKIP","floor":14.0},{"not_picked":["Demon Form","Exhume"],"picked":"Double Tap","floor":16.0},{"not_picked":["Clash","Rupture","Body Slam"],"picked":"SKIP","floor":18},{"not_picked":["Havoc","Anger"],"picked":"Brutality","floor":22},{"not_picked":["Pommel Strike","Warcry","Brutality"],"picked":"SKIP","floor":27},{"not_picked":["Twin Strike+1","Headbutt","Cleave"],"picked":"SKIP","floor":30}],"player_experience":142277,"relics_obtained":[{"floor":5.0,"key":"Centennial Puzzle"},{"floor":6.0,"key":"Meat on the Bone"},{"floor":9.0,"key":"Smiling Mask"},{"floor":11.0,"key":"Boot"},{"floor":26,"key":"Gremlin Horn"}],"event_choices":[{"damage_healed":0.0,"max_hp_gain":0.0,"max_hp_loss":0.0,"gold_gain":0.0,"event_name":"Scrap Ooze","player_choice":"Success","floor":3.0,"gold_loss":0.0,"damage_taken":25.0,"relics_obtained":["Strawberry"]},{"damage_healed":0.0,"max_hp_gain":0.0,"max_hp_loss":0.0,"gold_gain":0.0,"event_name":"Shining Light","player_choice":"Entered Light","floor":4.0,"gold_loss":0.0,"damage_taken":17.0,"cards_upgraded":["Sever Soul","Defend_R"]},{"damage_healed":0,"gold_gain":0,"player_choice":"Became a vampire","damage_taken":0,"max_hp_gain":0,"max_hp_loss":28,"event_name":"Vampires","floor":19,"gold_loss":0,"cards_obtained":["Bite","Bite","Bite","Bite","Bite"]},{"damage_healed":0,"gold_gain":0,"player_choice":"Ignored","damage_taken":0,"max_hp_gain":0,"max_hp_loss":0,"event_name":"The Mausoleum","floor":20,"gold_loss":0},{"damage_healed":0,"gold_gain":0,"player_choice":"Traded Relic","damage_taken":0,"relics_obtained":["Nloth\u0027s Gift"],"max_hp_gain":0,"max_hp_loss":0,"event_name":"N\u0027loth","floor":21,"relics_lost":["NeowsBlessing"],"gold_loss":0},{"damage_healed":0,"gold_gain":0,"player_choice":"Bought 3 Potions","damage_taken":0,"max_hp_gain":0,"max_hp_loss":0,"event_name":"The Woman in Blue","floor":25,"gold_loss":0},{"damage_healed":0,"gold_gain":0,"player_choice":"Fight","damage_taken":0,"max_hp_gain":0,"max_hp_loss":0,"event_name":"Colosseum","floor":31,"gold_loss":0},{"damage_healed":0,"gold_gain":0,"player_choice":"Fled From Nobs","damage_taken":0,"max_hp_gain":0,"max_hp_loss":0,"event_name":"Colosseum","floor":31,"gold_loss":0}],"is_beta":false,"boss_relics":[{"not_picked":["Ectoplasm","Astrolabe"],"picked":"Black Star"}],"items_purged_floors":[23,29],"is_endless":false,"potions_floor_spawned":[6,11,12,13,27,30],"killed_by":"Champ","ascension_level":0}}