{"host":"w97dq1whmpm6b2tc","time":1607983532,"event":{"mods":["BaseMod","Challenge The Spire","Downfall","Minty Spire (QoL Compilation)","Replay The Spire","StSLib"],"gold_per_floor":[99,126,156,186,196,215,241,241,258,258,258,268,280,28,46,150,150,75,90,125,142,27,61,125,62,103,115,146,172,334,357,382,498,510,522,550,594,618,630,669,708,750,762,804,826,856,1016,1016,1027,1027],"floor_reached":51,"playtime":3636,"items_purged":["hexamod:Strike","hexamod:Strike","Slimebound:Icky"],"score":905,"play_id":"6113d330-020f-43fb-bd39-6b8b3519cc9d","local_time":"20201215000532","is_ascension_mode":true,"campfire_choices":[{"floor":1,"key":"DIG"},{"data":"1","floor":8,"key":"LIFT"},{"floor":10,"key":"RECALL"},{"data":"2","floor":18,"key":"LIFT"},{"data":"3","floor":25,"key":"LIFT"},{"data":"hexamod:Incineration","floor":27,"key":"SMITH"},{"data":"Injury","floor":35,"key":"PURGE"},{"data":"hexamod:RainOfEmbers","floor":43,"key":"SMITH"}],"circlet_count":0,"master_deck":["hexamod:Defend+1","hexamod:Defend","hexamod:Defend","hexamod:Float","hexamod:HauntingEcho+1","hexamod:FastForward+1","hexamod:FirstSeal","hexamod:HauntingEcho","hexamod:FirstSeal","hexamod:RainOfEmbers+1","hexamod:Incineration+1","hexamod:StepThrough","hexamod:Incineration+1","hexamod:EmpoweredFlame","hexamod:RainOfEmbers+1","hexamod:GhostOfSpireFuture","hexamod:HexaLevel","hexamod:FastForward+1","hexamod:GhostOfSpireFuture","hexamod:GhostOfSpireFuture"],"relics":["hexamod:SpiritBrand","Lantern","Bronze Scales","Replay:Rubber Ducky","Girya","Guardian:PocketSentry","Snecko Heart","downfall:HeartBlessingRed","Happy Flower","MawBank","downfall:HeartBlessingBlue","Gremlin Food","Kintsugi","Replay:Ringing Soul","War Paint","Strawberry","Mercury Hourglass","Quantum Egg"],"acts_visited":["Exordium","TheCity","TheBeyond"],"potions_floor_usage":[20,20,37,42,42,47],"damage_taken":[{"damage":27,"enemies":"Lagavulin","floor":2,"turns":7},{"damage":4,"enemies":"Replay:BlueRogue","floor":4,"turns":4},{"damage":0,"enemies":"2 Louse","floor":5,"turns":2},{"damage":0,"enemies":"Jaw Worm","floor":6,"turns":3},{"damage":0,"enemies":"Cultist","floor":9,"turns":3},{"damage":0,"enemies":"3 Louse","floor":12,"turns":2},{"damage":0,"enemies":"Red Slaver","floor":13,"turns":2},{"damage":0,"enemies":"downfall:FleeingMerchant","floor":14,"turns":4},{"damage":7,"enemies":"3 Louse","floor":15,"turns":2},{"damage":48,"enemies":"downfall:Defect","floor":16,"turns":6},{"damage":0,"enemies":"Chosen","floor":19,"turns":3},{"damage":11,"enemies":"Slavers","floor":20,"turns":3},{"damage":0,"enemies":"Spheric Guardian","floor":21,"turns":3},{"damage":0,"enemies":"downfall:FleeingMerchant","floor":22,"turns":4},{"damage":2,"enemies":"Book of Stabbing","floor":23,"turns":3},{"damage":0,"enemies":"Replay:Snechameleon","floor":26,"turns":3},{"damage":3,"enemies":"Shelled Parasite and Fungi","floor":28,"turns":3},{"damage":0,"enemies":"3 Cultists","floor":29,"turns":3},{"damage":0,"enemies":"Sentry and Sphere","floor":31,"turns":3},{"damage":0,"enemies":"Cultist and Chosen","floor":32,"turns":4},{"damage":6,"enemies":"downfall:Silent","floor":33,"turns":6},{"damage":9,"enemies":"3 Shapes","floor":36,"turns":2},{"damage":22,"enemies":"Giant Head","floor":37,"turns":7},{"damage":0,"enemies":"Orb Walker","floor":38,"turns":2},{"damage":3,"enemies":"R_Hoarder","floor":40,"turns":6},{"damage":24,"enemies":"Nemesis","floor":42,"turns":3},{"damage":16,"enemies":"R_Hoarder","floor":44,"turns":5},{"damage":0,"enemies":"Transient","floor":45,"turns":5},{"damage":0,"enemies":"3 Darklings","floor":46,"turns":4},{"damage":15,"enemies":"downfall:FleeingMerchant","floor":47,"turns":2},{"damage":9,"enemies":"Spire Growth","floor":49,"turns":3},{"damage":14,"enemies":"downfall:Ironclad","floor":50,"turns":7}],"seed_played":"1753618962370609801","potions_obtained":[{"floor":9,"key":"champ:CounterPotion"},{"floor":12,"key":"DistilledChaos"},{"floor":13,"key":"Reflective Coating"},{"floor":15,"key":"SkillPotion"},{"floor":20,"key":"champ:CounterPotion"},{"floor":26,"key":"Explosive Potion"},{"floor":28,"key":"PowerPotion"},{"floor":33,"key":"SteroidPotion"},{"floor":37,"key":"hexamod:DoubleChargePotion"},{"floor":44,"key":"BlessingOfTheForge"},{"floor":49,"key":"BlessingOfTheForge"}],"is_trial":false,"path_per_floor":["R","E","?","E","M","M","T","R","M","R","?","M","M","$","M","B",null,"R","M","E","M","$","E","T","R","E","R","M","M","?","M","M","B",null,"R","M","E","M","?","E","T","E","R","E","M","M","?","?","M","B",null],"character_chosen":"THE_SPIRIT","items_purchased":["Flash of Steel","hexamod:Incineration","hexamod:GhostOfSpireFuture"],"campfire_rested":0,"item_purchase_floors":[14,14,47],"current_hp_per_floor":[70,43,43,39,39,39,39,39,46,46,39,46,60,67,60,12,70,70,70,66,70,70,70,70,80,80,80,80,80,80,80,80,80,80,80,71,63,70,70,74,81,71,71,62,79,90,92,92,90,90],"gold":1027,"neow_bonus":"RANDOM_COMMON_RELIC","is_daily":false,"chose_seed":false,"campfire_upgraded":2,"win_rate":0.0,"timestamp":1607983532,"path_taken":["R","E","?","E","M","M","T","R","M","R","?","M","M","$","M","BOSS","R","M","E","M","$","E","T","R","E","R","M","M","?","M","M","BOSS","R","?","E","M","?","E","T","E","R","E","M","?","?","?","M","BOSS"],"items_purchased_type":["Card","Card","Card"],"build_version":"2020-12-13","purchased_purges":3,"victory":true,"max_hp_per_floor":[70,70,70,70,70,70,70,70,70,70,70,70,70,70,70,70,70,70,70,70,70,70,70,70,80,80,80,80,80,80,80,80,80,80,80,80,80,80,80,80,87,87,87,87,90,90,93,93,93,93],"card_choices":[{"not_picked":["hexamod:AdvancingGuard","hexamod:SuperheatedStrike"],"picked":"hexamod:HauntingEcho","floor":2},{"not_picked":["hexamod:BacktrackSmack","hexamod:NightmareGuise"],"picked":"hexamod:FastForward","floor":4},{"not_picked":["hexamod:GhostShield","hexamod:NightmareGuise","hexamod:HeatMetal"],"picked":"SKIP","floor":5},{"not_picked":["hexamod:EtherealExpedition","hexamod:SuperheatedStrike"],"picked":"hexamod:FirstSeal","floor":6},{"not_picked":["hexamod:GhostLash","hexamod:AdvancingGuard"],"picked":"hexamod:HauntingEcho","floor":9},{"not_picked":["hexamod:Hexaguard","hexamod:GhostLash"],"picked":"hexamod:RainOfEmbers","floor":12},{"not_picked":["hexamod:ThermalTransfer","hexamod:InspiringFlames"],"picked":"hexamod:Incineration","floor":13},{"not_picked":["hexamod:NightmareGuise","hexamod:InspiringFlames"],"picked":"hexamod:StepThrough","floor":14},{"not_picked":["hexamod:HeatShield","hexamod:SkipABeat"],"picked":"hexamod:EmpoweredFlame","floor":15},{"not_picked":["hexamod:Firestarter","hexamod:BurningTouch"],"picked":"hexamod:RainOfEmbers","floor":19},{"not_picked":["hexamod:AdvancingGuard","hexamod:ShieldOfDarkness","hexamod:UnleashSpirits"],"picked":"SKIP","floor":20},{"not_picked":["hexamod:GhostOfSpirePresent","hexamod:SwordOfDarkness"],"picked":"hexamod:GhostOfSpireFuture","floor":21},{"not_picked":["hexamod:ShieldOfDarkness+1","hexamod:SpectersWail"],"picked":"hexamod:HexaLevel","floor":22},{"not_picked":["hexamod:ThirdSeal","hexamod:ThermalTransfer","hexamod:HeatCrush+1"],"picked":"SKIP","floor":23},{"not_picked":["hexamod:PhantomFireball","hexamod:GhostflameInferno","hexamod:HeatMetal"],"picked":"SKIP","floor":26},{"not_picked":["hexamod:PowerFromBeyond","hexamod:ThermalTransfer","hexamod:SwordOfDarkness"],"picked":"SKIP","floor":28},{"not_picked":["hexamod:ChargedBarrage","hexamod:Haunt+1","hexamod:Hexaguard"],"picked":"SKIP","floor":29},{"not_picked":["hexamod:GhostShield+1","hexamod:ShieldOfDarkness","hexamod:AdvancingGuard"],"picked":"SKIP","floor":31},{"not_picked":["hexamod:PowerFromBeyond","hexamod:Hexaguard","hexamod:Rewind"],"picked":"SKIP","floor":32},{"not_picked":["hexamod:NightmareStrike","hexamod:RecurringNightmare+1","hexamod:NightmareGuise"],"picked":"SKIP","floor":36},{"not_picked":["hexamod:InspiringFlames+1","hexamod:SuperheatedStrike","hexamod:SpectersWail"],"picked":"SKIP","floor":37},{"not_picked":["hexamod:ThermalTransfer+1","hexamod:NightmareGuise+1","hexamod:RetreatToShadows"],"picked":"SKIP","floor":38},{"not_picked":["hexamod:Rewind+1","hexamod:TurnItUp","hexamod:SpectersWail"],"picked":"SKIP","floor":40},{"not_picked":["hexamod:BacktrackSmack+1","hexamod:FourthSeal","hexamod:SpectralSpark+1"],"picked":"SKIP","floor":42},{"not_picked":["hexamod:HeatMetal","hexamod:InspiringFlames+1","hexamod:PhantomCloak+1"],"picked":"SKIP","floor":44},{"not_picked":["hexamod:NightmareGuise","hexamod:RainOfEmbers+1"],"picked":"hexamod:FastForward+1","floor":45},{"not_picked":["hexamod:GhostLash+1","hexamod:RainOfEmbers","hexamod:RadiantFlame"],"picked":"SKIP","floor":46},{"not_picked":["hexamod:Hexaguard","hexamod:GhostShield","hexamod:AdvancingGuard"],"picked":"SKIP","floor":47},{"not_picked":["hexamod:PhantomCloak","hexamod:PhantomFireball","hexamod:Firestarter"],"picked":"SKIP","floor":49}],"player_experience":3653159,"relics_obtained":[{"floor":1,"key":"Bronze Scales"},{"floor":2,"key":"Replay:Rubber Ducky"},{"floor":4,"key":"Girya"},{"floor":7,"key":"Guardian:PocketSentry"},{"floor":20,"key":"Happy Flower"},{"floor":23,"key":"MawBank"},{"floor":26,"key":"Gremlin Food"},{"floor":37,"key":"Replay:Ringing Soul"},{"floor":40,"key":"War Paint"},{"floor":41,"key":"Strawberry"},{"floor":42,"key":"Mercury Hourglass"},{"floor":44,"key":"Quantum Egg"}],"event_choices":[{"damage_healed":0,"gold_gain":0,"player_choice":"Forge","damage_taken":0,"max_hp_gain":0,"max_hp_loss":0,"event_name":"Accursed Blacksmith","floor":39,"gold_loss":0,"cards_upgraded":["hexamod:Incineration"]},{"damage_healed":0,"gold_gain":0,"player_choice":"Upgraded","damage_taken":0,"max_hp_gain":0,"max_hp_loss":0,"event_name":"Upgrade Shrine","floor":48,"gold_loss":0,"cards_upgraded":["hexamod:RainOfEmbers"]}],"is_beta":false,"boss_relics":[{"not_picked":["Honey Jar","Fusion Hammer"],"picked":"Snecko Heart"},{"not_picked":["ReplayTheSpireMod:DimensionalGlitch","Runic Pyramid"],"picked":"Kintsugi"}],"items_purged_floors":[14,22,47],"is_endless":false,"potions_floor_spawned":[9,12,13,15,20,26,28,31,33,36,37,44,49],"ascension_level":1}}