{"host":"e5vsl4ezcfxwu44d","time":1607964070,"event":{"mods":["BaseMod","Better Note","Colored Powertips","Downfall","Highlight Path","Minty Spire (QoL Compilation)","Spikes Relics","StSLib","Unceasing Turn Reminder"],"gold_per_floor":[99,114,114,146,246,246,246,171,188,222,62,62,79,99,109,109,109],"floor_reached":16,"playtime":2086,"items_purged":["Regret"],"score":110,"play_id":"41290db0-0002-4401-8225-5c48e5a59ee8","local_time":"20201214114110","is_ascension_mode":false,"campfire_choices":[{"data":"hexamod:Sear","floor":1,"key":"SMITH"},{"floor":3,"key":"RECALL"},{"floor":8,"key":"REST"}],"circlet_count":0,"master_deck":["hexamod:Strike","hexamod:Strike","hexamod:Strike","hexamod:Strike","hexamod:Defend","hexamod:Defend+1","hexamod:Sear+1","hexamod:Float+1","hexamod:Incineration+1","hexamod:ThermalTransfer+1","hexamod:StepThrough","hexamod:CatchUp","hexamod:NightmareGuise","hexamod:GhostflameInferno","hexamod:ParanormalForm","hexamod:GhostOfSpirePresent","hexamod:EtherealExpedition","hexamod:RadiantFlame","hexamod:SkipABeat"],"relics":["hexamod:SpiritBrand","SuspiciousGoo","Rawhide","downfall:HeartBlessingRed","Question Card"],"acts_visited":["Exordium"],"potions_floor_usage":[11,16,16],"damage_taken":[{"damage":1,"enemies":"Jaw Worm","floor":2,"turns":3},{"damage":4,"enemies":"Gremlin Nob","floor":4,"turns":3},{"damage":37,"enemies":"downfall:Heads","floor":5,"turns":7},{"damage":0,"enemies":"Small Slimes","floor":9,"turns":2},{"damage":20,"enemies":"Lagavulin","floor":10,"turns":4},{"damage":4,"enemies":"downfall:FleeingMerchant","floor":11,"turns":4},{"damage":0,"enemies":"Cultist","floor":13,"turns":3},{"damage":8,"enemies":"Exordium Thugs","floor":14,"turns":5},{"damage":3,"enemies":"2 Fungi Beasts","floor":15,"turns":5},{"damage":23,"enemies":"downfall:Silent","floor":16,"turns":2}],"seed_played":"-1946347030907107977","potions_obtained":[{"floor":9,"key":"Energy Potion"},{"floor":13,"key":"Ancient Potion"},{"floor":14,"key":"PowerPotion"}],"is_trial":false,"path_per_floor":["R","M","R","E","?","?","T","R","M","E","$","T","M","M","M","B"],"character_chosen":"THE_SPIRIT","items_purchased":["hexamod:GhostOfSpirePresent"],"campfire_rested":1,"item_purchase_floors":[11],"current_hp_per_floor":[77,76,76,72,35,35,35,58,58,38,34,34,34,26,23,0,0],"gold":109,"neow_bonus":"TEN_PERCENT_HP_BONUS","is_daily":false,"chose_seed":false,"campfire_upgraded":1,"win_rate":0.0,"timestamp":1607964070,"path_taken":["R","M","R","E","?","?","T","R","M","E","$","?","M","?","M","BOSS"],"items_purchased_type":["Card"],"build_version":"2020-12-13","purchased_purges":1,"victory":false,"max_hp_per_floor":[77,77,77,77,77,77,77,77,77,77,77,77,77,77,77,77,77],"card_choices":[{"not_picked":["hexamod:NightmareGuise","hexamod:Firestarter"],"picked":"hexamod:Incineration","floor":2},{"not_picked":["hexamod:SpectersWail","hexamod:NecessarySacrifice"],"picked":"hexamod:ThermalTransfer","floor":4},{"not_picked":["hexamod:PhantomCloak","hexamod:HauntingEcho"],"picked":"hexamod:CatchUp","floor":5},{"not_picked":["hexamod:FastForward","hexamod:Again"],"picked":"hexamod:NightmareGuise","floor":9},{"not_picked":["hexamod:GhostShield","hexamod:SoulSteal"],"picked":"hexamod:GhostflameInferno","floor":10},{"not_picked":["hexamod:Haunt","hexamod:GhostShield","hexamod:Hexaguard"],"picked":"hexamod:ParanormalForm","floor":11},{"not_picked":["hexamod:Incineration","hexamod:GhostShield","hexamod:Hexaguard"],"picked":"hexamod:EtherealExpedition","floor":13},{"not_picked":["hexamod:BacktrackSmack","hexamod:ThermalTransfer","hexamod:SpectersWail"],"picked":"hexamod:RadiantFlame","floor":14},{"not_picked":["hexamod:NightmareStrike","hexamod:SwordOfDarkness","hexamod:GhostShield"],"picked":"hexamod:SkipABeat","floor":15}],"player_experience":172228,"relics_obtained":[{"floor":4,"key":"SuspiciousGoo"},{"floor":7,"key":"Rawhide"},{"floor":10,"key":"Question Card"}],"event_choices":[],"is_beta":false,"boss_relics":[],"items_purged_floors":[11],"is_endless":false,"potions_floor_spawned":[9,13,14],"killed_by":"downfall:Silent","ascension_level":0}}