{"host":"id1lehtnb7dzklac","time":1607952081,"event":{"mods":["AchievementEnabler","BaseMod","Block Reminder","Colored Map","Highlight Path","Minty Spire (QoL Compilation)","Permanent Neow","Random Character Button","StSLib","The Construct","slay the spire mod where everything is the same but ironclad has a cowboy hat"],"gold_per_floor":[116,130,3,58,58,58,91,91,91,91,91],"floor_reached":10,"playtime":346,"items_purged":["construct:Defend_Gold"],"score":67,"play_id":"2170127e-d18c-48bc-beca-4b8459eec40e","local_time":"20201214212121","is_ascension_mode":true,"campfire_choices":[{"data":"construct:Accumulate","floor":6,"key":"SMITH"},{"data":"construct:Reinforce","floor":8,"key":"SMITH"}],"circlet_count":0,"master_deck":["construct:Strike_Gold","construct:Strike_Gold","construct:Strike_Gold","construct:Strike_Gold","construct:Defend_Gold+1","construct:Defend_Gold+1","construct:Defend_Gold","construct:Defend_Gold","construct:AttackMode","construct:DefenseMode","construct:Accumulate+1","construct:MetalShell","construct:Versatility","construct:Autoturret","construct:Reinforce+1"],"relics":["construct:ClockworkPhoenix","Bag of Preparation"],"acts_visited":["Exordium"],"potions_floor_usage":[2],"damage_taken":[{"damage":0,"enemies":"2 Louse","floor":1,"turns":2},{"damage":6,"enemies":"Jaw Worm","floor":2,"turns":4},{"damage":32,"enemies":"Gremlin Nob","floor":7,"turns":6},{"damage":9,"enemies":"3 Sentries","floor":10,"turns":4}],"seed_played":"-8544205692335679847","potions_obtained":[{"floor":1,"key":"SkillPotion"}],"is_trial":false,"path_per_floor":["M","M","$","?","?","R","E","R","T","E"],"character_chosen":"THE_CONSTRUCT_MOD","items_purchased":["construct:Autoturret"],"campfire_rested":0,"item_purchase_floors":[3],"current_hp_per_floor":[85,82,82,82,64,64,32,32,32,23,23],"gold":91,"neow_bonus":"TRANSFORM_CARD","is_daily":false,"chose_seed":false,"campfire_upgraded":2,"win_rate":0.0,"timestamp":1607952081,"path_taken":["M","M","$","?","?","R","E","R","T","E"],"items_purchased_type":["Card"],"build_version":"2020-12-13","purchased_purges":1,"victory":false,"max_hp_per_floor":[85,88,88,88,88,88,88,88,88,88,88],"card_choices":[{"not_picked":["construct:QuickAttack","construct:Accumulate"],"picked":"construct:MetalShell","floor":1},{"not_picked":["construct:SaveState","construct:Accumulate"],"picked":"construct:Versatility","floor":2},{"not_picked":["construct:ScrapCannon","construct:Backup"],"picked":"construct:Reinforce","floor":7}],"player_experience":229258,"relics_obtained":[{"floor":7,"key":"Bag of Preparation"}],"event_choices":[{"damage_healed":0,"gold_gain":55,"player_choice":"Gained Gold","damage_taken":0,"max_hp_gain":0,"max_hp_loss":0,"event_name":"Golden Wing","floor":4,"gold_loss":0},{"damage_healed":0,"gold_gain":0,"player_choice":"Entered Light","damage_taken":18,"max_hp_gain":0,"max_hp_loss":0,"event_name":"Shining Light","floor":5,"gold_loss":0,"cards_upgraded":["construct:Defend_Gold","construct:Defend_Gold"]}],"is_beta":false,"boss_relics":[],"items_purged_floors":[3],"is_endless":false,"potions_floor_spawned":[1],"killed_by":"3 Sentries","ascension_level":1}}