{"host":"whyfdmrq1ty0e9zp","time":1607931390,"event":{"mods":["Act Like it!","BaseMod","Colored Map","Colored Powertips","Conspire","Gensokyo","LagranYue(拉格朗・月)","Marisa（F雨　魔理沙）","Minty Spire (QoL Compilation)","MostiFishMod","Prisma Mod","Quick Restart","Relic Stats","Remilia（蕾米莉亚）","Replay The Spire","StSLib","TestMod","vexMod","【遗物卡牌】REMEMod"],"gold_per_floor":[111,66,83,83,93,118,8,37,60,60,101,101,110,136,136,241,259,281,281,297,347,372,429,299,332,385,415,293,318,96,122,122,225,225,254,107,107,107,139,139,139],"floor_reached":40,"playtime":1429,"items_purged":["Strike_R","Strike_R","Strike_R"],"score":921,"play_id":"9d4823a9-beb9-4c5c-961d-ccfd9c39d781","local_time":"20201214153630","is_ascension_mode":true,"campfire_choices":[{"data":"Armaments","floor":10.0,"key":"SMITH"},{"data":"testmod-FightingIntention","floor":12.0,"key":"SMITH"},{"data":"Dark Embrace","floor":15.0,"key":"SMITH"},{"data":"True Grit","floor":32.0,"key":"SMITH"}],"circlet_count":0,"master_deck":["AscendersBane","Defend_R","Defend_R","Defend_R","Defend_R","Bash","testmod-FightingIntention+1","Armaments+1","Evolve","Wild Strike","Second Wind+1","ReplayTheSpireMod:Stacked","Power Through","Feel No Pain","REME_TheLastStrike+1","Dark Embrace+1","MostiFishMod:FlyOverUtopia","MostiFishMod:FrostNova","MostiFishMod:WinterMarkForm","True Grit+1","Wild Strike+1","Dark Embrace","Offering","Juggernaut","Brutality","Dark Embrace","Rupture","REME_FearOfPain"],"relics":["Burning Blood","testmod-TestBox","DaveBox","REME_ComplimentaryCards","testmod-NegativeEmotionEnhancer","ChiXiaoBlade","LagranYue:RandomDrawCardRelic","NeowsBlessing","Question Card","Vajra","ReplayFunnel","CeramicFish","vexMod:ConsolationPrize","ImportantClient","FrostBlade","REME_PuzzleBoxRelic","Oddly Smooth Stone","Whetstone","conspire:Flyswatter","SynthV","LagranYue:ContractPerformanceRelic"],"acts_visited":["Exordium","TheCity","TheBeyond"],"potions_floor_usage":[39],"damage_taken":[{"damage":0.0,"enemies":"Cultist","floor":1.0,"turns":1.0},{"damage":4.0,"enemies":"2 Louse","floor":3.0,"turns":2.0},{"damage":0.0,"enemies":"Jaw Worm","floor":5.0,"turns":1.0},{"damage":38.0,"enemies":"Gremlin Nob","floor":6.0,"turns":4.0},{"damage":5.0,"enemies":"3 Sentries","floor":8.0,"turns":7.0},{"damage":20.0,"enemies":"Lagavulin","floor":11.0,"turns":7.0},{"damage":7.0,"enemies":"Lots of Slimes","floor":14.0,"turns":4.0},{"damage":21.0,"enemies":"The Guardian","floor":16.0,"turns":9.0},{"damage":0.0,"enemies":"Shell Parasite","floor":18.0,"turns":2.0},{"damage":4.0,"enemies":"Spheric Guardian","floor":20.0,"turns":3.0},{"damage":6.0,"enemies":"Shelled Parasite and Fungi","floor":22.0,"turns":3.0},{"damage":20.0,"enemies":"Slavers","floor":23.0,"turns":3.0},{"damage":4.0,"enemies":"conspire:Head Lice","floor":25.0,"turns":4.0},{"damage":4.0,"enemies":"REME_1_Revenger","floor":27.0,"turns":4.0},{"damage":6.0,"enemies":"Centurion and Healer","floor":29.0,"turns":4.0},{"damage":6.0,"enemies":"conspire:HollyBat","floor":31.0,"turns":4.0},{"damage":17.0,"enemies":"conspire:MysteriousRune","floor":33.0,"turns":3.0},{"damage":1.0,"enemies":"Orb Walker","floor":35.0,"turns":3.0},{"damage":10,"enemies":"3 Shapes","floor":39,"turns":1},{"damage":0,"enemies":"Reptomancer","floor":40,"turns":1}],"seed_played":"-2827316504317616227","potions_obtained":[{"floor":3.0,"key":"Swift Potion"},{"floor":5.0,"key":"Explosive Potion"},{"floor":11.0,"key":"FearPotion"},{"floor":19.0,"key":"BlessingOfTheForge"},{"floor":19.0,"key":"Toxic Potion"},{"floor":33.0,"key":"testmod-TestPotion"},{"floor":39,"key":"testmod-SpacePotion"}],"is_trial":false,"path_per_floor":["M","$","M","?","M","E","$","E","T","R","E","R","?","M","R","B",null,"M","?","M","?","M","E","$","E","T","E","$","M","$","M","R","B",null,"M","$","?","?","M","E"],"character_chosen":"IRONCLAD","items_purchased":["Armaments","ReplayTheSpireMod:Stacked","Dark Embrace","SynthV","Offering","Juggernaut","Rupture"],"campfire_rested":0,"item_purchase_floors":[2,7,24,28,30,30,36],"current_hp_per_floor":[76,76,77,77,78,48,48,53,53,53,41,41,41,46,46,33,71,79,79,83,83,86,76,76,87,87,89,89,90,90,93,93,84,92,95,95,95,95,95,95,95],"gold":139,"neow_bonus":"THREE_ENEMY_KILL","is_daily":false,"chose_seed":false,"campfire_upgraded":4,"win_rate":0.0,"timestamp":1607931390,"path_taken":["M","$","M","?","M","E","$","E","T","R","E","R","?","?","R","BOSS","M","?","?","?","?","E","?","E","T","E","$","M","$","M","R","BOSS","M","$","?","?","M","E"],"items_purchased_type":["Card","Card","Card","Relic","Card","Card","Card"],"build_version":"2020-12-13","purchased_purges":3,"victory":false,"max_hp_per_floor":[76,76,77,77,78,79,79,80,80,80,81,81,81,82,82,83,83,84,84,85,85,86,87,87,88,88,89,89,90,90,93,93,94,94,95,95,95,95,96,96,96],"relic_stats":{"counters":[20,70],"CeramicFish":144,"Whetstone":["REME_TheLastStrike","Wild Strike"],"Question Card":18,"obtain_stats":[{"ReplayFunnel":8,"testmod-TestBox":0,"DaveBox":0,"LagranYue:RandomDrawCardRelic":0,"NeowsBlessing":0,"SynthV":28,"CeramicFish":9,"vexMod:ConsolationPrize":11,"Vajra":6,"Oddly Smooth Stone":25,"testmod-NegativeEmotionEnhancer":0,"Whetstone":26,"Question Card":1,"Burning Blood":0,"FrostBlade":17,"LagranYue:ContractPerformanceRelic":34,"ChiXiaoBlade":0,"REME_PuzzleBoxRelic":23,"REME_ComplimentaryCards":0,"ImportantClient":16,"conspire:Flyswatter":27},{"ReplayFunnel":5,"testmod-TestBox":0,"DaveBox":0,"LagranYue:RandomDrawCardRelic":0,"NeowsBlessing":0,"SynthV":14,"CeramicFish":5,"vexMod:ConsolationPrize":6,"Vajra":4,"Oddly Smooth Stone":13,"testmod-NegativeEmotionEnhancer":0,"Whetstone":13,"Question Card":1,"Burning Blood":0,"FrostBlade":8,"LagranYue:ContractPerformanceRelic":17,"ChiXiaoBlade":0,"REME_PuzzleBoxRelic":12,"REME_ComplimentaryCards":0,"ImportantClient":8,"conspire:Flyswatter":14},{"ReplayFunnel":15,"testmod-TestBox":0,"DaveBox":0,"LagranYue:RandomDrawCardRelic":0,"NeowsBlessing":0,"SynthV":54,"CeramicFish":15,"vexMod:ConsolationPrize":22,"Vajra":8,"Oddly Smooth Stone":50,"testmod-NegativeEmotionEnhancer":0,"Whetstone":50,"Question Card":1,"Burning Blood":0,"FrostBlade":35,"LagranYue:ContractPerformanceRelic":65,"ChiXiaoBlade":0,"REME_PuzzleBoxRelic":46,"REME_ComplimentaryCards":0,"ImportantClient":35,"conspire:Flyswatter":54}],"Burning Blood":96},"card_choices":[{"not_picked":["Body Slam","Pommel Strike","Clash"],"picked":"SKIP","floor":1.0},{"not_picked":["Fiend Fire","Wild Strike","ReplayTheSpireMod:Limb From Limb"],"picked":"Evolve","floor":3.0},{"not_picked":["Heavy Blade","Clothesline","REME_Cut"],"picked":"Wild Strike","floor":5.0},{"not_picked":["Pommel Strike","Heavy Blade","MostiFishMod:WingOfPhoenix"],"picked":"Second Wind","floor":6.0},{"not_picked":["Ghostly Armor","Inflame","MostiFishMod:#F4004"],"picked":"Power Through","floor":8.0},{"not_picked":["Havoc","Clothesline","Hemokinesis"],"picked":"Feel No Pain","floor":11.0},{"not_picked":["Flex","Sever Soul","Dual Wield"],"picked":"Dark Embrace","floor":14.0},{"not_picked":["MostiFishMod:FireWorks","MostiFishMod:ChineseTea","MostiFishMod:TemporaryOutbreak"],"picked":"MostiFishMod:FlyOverUtopia","floor":16.0},{"not_picked":["Abandon+1","ReplayTheSpireMod:Corrosion Curse+1","Armaments"],"picked":"True Grit","floor":18.0},{"not_picked":["ReplayTheSpireMod:Muscle Training+1","Run Through","Combust","Havoc+1"],"picked":"SKIP","floor":20.0},{"not_picked":["Havoc","Shrug It Off","Replay:Undeath\u0027s Touch"],"picked":"REME_FearOfPain","floor":22.0},{"not_picked":["REME_Scribble","Flame Barrier","Massacre"],"picked":"Wild Strike","floor":23.0},{"not_picked":["Twin Strike","Entrench","Anger+1","Rampage"],"picked":"SKIP","floor":25.0},{"not_picked":["Massacre+1","Wild Strike","ReplayTheSpireMod:Stacked","Clothesline"],"picked":"SKIP","floor":27.0},{"not_picked":["Heavy Blade","Iron Wave+1","Run Through","Cleave+1"],"picked":"SKIP","floor":29.0},{"not_picked":["Battle Trance","ReplayTheSpireMod:Strike From Hell","Flex","conspire:ExplosiveBarrier"],"picked":"SKIP","floor":31.0},{"not_picked":["MostiFishMod:UltimateDefense","Limit Break","Eclipse"],"picked":"Brutality","floor":33.0},{"not_picked":["Clothesline","Shrug It Off","ReplayTheSpireMod:LeadingStrike"],"picked":"Dark Embrace","floor":35.0},{"not_picked":["Wild Strike","Clothesline","Metallicize"],"picked":"REME_FearOfPain","floor":39}],"player_experience":412056,"relics_obtained":[{"floor":1.0,"key":"Question Card"},{"floor":6.0,"key":"Vajra"},{"floor":8.0,"key":"ReplayFunnel"},{"floor":9.0,"key":"CeramicFish"},{"floor":11.0,"key":"vexMod:ConsolationPrize"},{"floor":16.0,"key":"ImportantClient"},{"floor":23.0,"key":"REME_PuzzleBoxRelic"},{"floor":25.0,"key":"Oddly Smooth Stone"},{"floor":26.0,"key":"Whetstone"},{"floor":27.0,"key":"conspire:Flyswatter"}],"event_choices":[{"cards_removed":["Strike_R"],"damage_healed":0.0,"max_hp_gain":0.0,"max_hp_loss":0.0,"gold_gain":0.0,"event_name":"Living Wall","player_choice":"Forget","floor":4.0,"gold_loss":0.0,"damage_taken":0.0},{"damage_healed":0.0,"max_hp_gain":0.0,"max_hp_loss":0.0,"gold_gain":0.0,"cards_transformed":["Strike_R"],"event_name":"Transmorgrifier","player_choice":"Transformed","floor":13.0,"gold_loss":0.0,"damage_taken":0.0,"cards_obtained":["REME_TheLastStrike"]},{"damage_healed":0.0,"max_hp_gain":0.0,"max_hp_loss":0.0,"gold_gain":0.0,"event_name":"Lab","player_choice":"Got Potions","floor":19.0,"gold_loss":0.0,"damage_taken":0.0},{"damage_healed":0.0,"max_hp_gain":0.0,"max_hp_loss":0.0,"gold_gain":100.0,"event_name":"The Joust","player_choice":"Bet on Murderer","floor":21.0,"gold_loss":50.0,"damage_taken":0.0},{"damage_healed":0,"gold_gain":0,"player_choice":"Upgraded","damage_taken":0,"max_hp_gain":0,"max_hp_loss":0,"event_name":"Upgrade Shrine","floor":38,"gold_loss":0,"cards_upgraded":["Second Wind"]}],"is_beta":false,"boss_relics":[{"not_picked":["Abe\u0027s Treasure","HaiYi:Twilight"],"picked":"FrostBlade"},{"not_picked":["Runic Cube","Sozu"],"picked":"LagranYue:ContractPerformanceRelic"}],"items_purged_floors":[7,24,36],"is_endless":false,"potions_floor_spawned":[3,5,11,25,27,31,33,35,39],"killed_by":"Reptomancer","ascension_level":15}}