{"host":"lww1aq5xm6g9guev","time":1607965632,"event":{"mods":["Act Like it!","BaseMod","Minty Spire (QoL Compilation)","Rare Cards Sparkle","StSLib","The Jungle","[¦aºë­º?ª¦¶ð]The Maniac"],"gold_per_floor":[109,34,51,51,62,62,124,124,204,20,52,52,52,76,76,183,192,227,248,257,282,291,291,291],"floor_reached":23,"playtime":767,"items_purged":["maniac:Strike","maniac:Strike"],"score":239,"play_id":"4db41b14-3c5e-4aa7-92d5-5b3dddbb75f0","local_time":"20201215010712","is_ascension_mode":false,"campfire_choices":[{"data":"maniac:AllOutAttack","floor":6,"key":"SMITH"},{"data":"maniac:UndyingDesire","floor":8,"key":"SMITH"},{"data":"maniac:Collecting","floor":12,"key":"SMITH"},{"floor":15,"key":"REST"}],"circlet_count":0,"master_deck":["maniac:Strike","maniac:Strike","maniac:Strike","maniac:Defend","maniac:Defend","maniac:Defend","maniac:BurnBlood","maniac:AbyssShackle","maniac:SpectralKnives","Defend_R","maniac:AllOutAttack+1","maniac:UndyingDesire+1","maniac:BladesInCloak","maniac:HammerStrike","maniac:Collecting+1","maniac:UntravelledPath","maniac:StormOfTime","CurseOfTheBell","maniac:ShelteringEdge","maniac:Recollect+1","maniac:MeleeStrike","Writhe","maniac:UndyingDesire+1","Shame"],"relics":["maniac:DamagedAnvil","maniac:BrokenHorn","NeowsBlessing","Regal Pillow","Blue Candle","White Beast Statue","CeramicFish","Calling Bell","Bag of Marbles","maniac:VisionEye","Prayer Wheel","Shovel","theJungle:PaperFaux"],"acts_visited":["Exordium","Exordium"],"potions_floor_usage":[5,21,21,23],"damage_taken":[{"damage":0,"enemies":"Jaw Worm","floor":1,"turns":1},{"damage":0,"enemies":"Cultist","floor":3,"turns":1},{"damage":0,"enemies":"2 Louse","floor":5,"turns":1},{"damage":39,"enemies":"3 Sentries","floor":7,"turns":8},{"damage":22,"enemies":"3 Sentries","floor":11,"turns":4},{"damage":0,"enemies":"Looter","floor":14,"turns":2},{"damage":6,"enemies":"Slime Boss","floor":16,"turns":5},{"damage":12,"enemies":"theJungle:MUSHROOMGANG","floor":18,"turns":3},{"damage":14,"enemies":"theJungle:GiantWrat","floor":19,"turns":3},{"damage":7,"enemies":"theJungle:2_Snecko_Cultists","floor":21,"turns":4},{"damage":53,"enemies":"theJungle:Cassacara","floor":23,"turns":5}],"seed_played":"-1129945082160269314","potions_obtained":[{"floor":5,"key":"Fruit Juice"},{"floor":11,"key":"CultistPotion"},{"floor":14,"key":"Block Potion"},{"floor":16,"key":"Strength Potion"},{"floor":18,"key":"LiquidMemories"},{"floor":21,"key":"AttackPotion"}],"is_trial":false,"path_per_floor":["M","$","M","?","M","R","?","R","T","$","E","R","?","M","R","B",null,"M","M","?","M","?","E"],"character_chosen":"THE_MANIAC","items_purchased":["maniac:BladesInCloak","maniac:HammerStrike"],"campfire_rested":1,"item_purchase_floors":[10,10],"current_hp_per_floor":[80,80,80,80,85,85,46,46,46,46,24,24,24,24,64,58,85,73,59,59,52,52,0,0],"gold":291,"neow_bonus":"THREE_ENEMY_KILL","is_daily":false,"chose_seed":false,"campfire_upgraded":3,"win_rate":0.0,"timestamp":1607965632,"path_taken":["M","$","M","?","?","R","?","R","T","$","E","R","?","M","R","BOSS","M","?","?","M","?","E"],"items_purchased_type":["Card","Card"],"build_version":"2020-12-13","purchased_purges":2,"victory":false,"max_hp_per_floor":[80,80,80,80,85,85,85,85,85,85,85,85,85,85,85,85,85,85,85,85,85,85,85,85],"card_choices":[{"not_picked":["maniac:UntravelledPath","maniac:MeleeStrike"],"picked":"maniac:SpectralKnives","floor":1},{"not_picked":["maniac:Intimidate","maniac:Quickdraw","maniac:FindAShortcut"],"picked":"SKIP","floor":3},{"not_picked":["maniac:SpectralKnives","maniac:DashForward"],"picked":"maniac:AllOutAttack","floor":5},{"not_picked":["maniac:ObscuredAttack","maniac:BladeShoot"],"picked":"maniac:UndyingDesire","floor":7},{"not_picked":["maniac:ObscuredAttack","maniac:ManipulatedFaith"],"picked":"maniac:Collecting","floor":11},{"not_picked":["maniac:Recollect","maniac:BladeShoot"],"picked":"maniac:UntravelledPath","floor":14},{"not_picked":["maniac:Simulacrum","maniac:HammerDown"],"picked":"maniac:StormOfTime","floor":16},{"not_picked":["maniac:UndyingDesire","maniac:ExpectedMoves"],"picked":"maniac:ShelteringEdge","floor":18},{"not_picked":["maniac:ShelteringEdge","maniac:Confront"],"picked":"maniac:Recollect+1","floor":18},{"not_picked":["maniac:Simulacrum","maniac:SpectralKnives"],"picked":"maniac:MeleeStrike","floor":19},{"not_picked":["maniac:TorturousScreams","maniac:Infuriate","maniac:FindAShortcut"],"picked":"SKIP","floor":19},{"not_picked":["maniac:Recollect+1","maniac:Intimidate"],"picked":"maniac:UndyingDesire+1","floor":21},{"not_picked":["maniac:UntravelledPath+1","maniac:WardAndDefend","maniac:FindAShortcut"],"picked":"SKIP","floor":21}],"player_experience":96882,"relics_obtained":[{"floor":9,"key":"Blue Candle"},{"floor":11,"key":"White Beast Statue"},{"floor":17,"key":"Bag of Marbles"},{"floor":17,"key":"maniac:VisionEye"},{"floor":17,"key":"Prayer Wheel"}],"event_choices":[{"cards_removed":["maniac:Defend"],"damage_healed":0,"gold_gain":0,"player_choice":"Took Card","damage_taken":0,"max_hp_gain":0,"max_hp_loss":0,"event_name":"NoteForYourself","floor":4,"gold_loss":0,"cards_obtained":["Defend_R"]},{"damage_healed":0,"gold_gain":0,"player_choice":"Searched \u00272\u0027 times","damage_taken":0,"relics_obtained":["Regal Pillow"],"max_hp_gain":0,"max_hp_loss":0,"event_name":"Dead Adventurer","floor":7,"gold_loss":0},{"damage_healed":0,"gold_gain":0,"player_choice":"Gave Potion","damage_taken":0,"relics_obtained":["CeramicFish"],"max_hp_gain":0,"max_hp_loss":0,"event_name":"WeMeetAgain","floor":13,"gold_loss":0}],"is_beta":false,"boss_relics":[{"not_picked":["Runic Dome","Pandora\u0027s Box"],"picked":"Calling Bell"}],"items_purged_floors":[2,10],"is_endless":false,"potions_floor_spawned":[5,11,14,16,18,19,21],"killed_by":"theJungle:Cassacara","ascension_level":0}}