{"host":"j4g6ia6asvpyu2b0","time":1607908336,"event":{"mods":["BaseMod","Colored Map","Minty Spire (QoL Compilation)","Permanent Neow","Quick Restart","Relic Stats","StSLib","Unceasing Turn Reminder"],"gold_per_floor":[367,442,460,163,163,163,189,218,298,333,333,356,356,376,376,481,481,504,533,542,287,313,313,347,376,376,147,256,299,325,365,377,493,505,545,339,339,339],"floor_reached":37,"playtime":1292,"items_purged":["Regret","Pain","Strike_G","Strike_G"],"score":510,"play_id":"6a69c31f-c222-4619-b941-4df2bdd0d00b","local_time":"20201213181216","is_ascension_mode":true,"campfire_choices":[{"data":"Bouncing Flask","floor":6,"key":"SMITH"},{"floor":11,"key":"REST"},{"data":"Neutralize","floor":13,"key":"SMITH"},{"data":"Dagger Spray","floor":15,"key":"SMITH"},{"data":"Bouncing Flask","floor":23,"key":"SMITH"},{"data":"Apotheosis","floor":32,"key":"SMITH"}],"circlet_count":0,"master_deck":["Strike_G","Strike_G","Strike_G","Defend_G+1","Defend_G","Defend_G","Defend_G","Defend_G","Survivor","Neutralize+1","Bouncing Flask+1","Dagger Spray+1","Infinite Blades","Quick Slash","Die Die Die+1","Dagger Throw+1","Sucker Punch+1","Corpse Explosion+1","Dagger Spray+1","Well Laid Plans","Bouncing Flask+1","Predator+1","Catalyst+1","Apotheosis+1","Noxious Fumes","Dagger Throw+1","Catalyst","A Thousand Cuts","Poisoned Stab+1","Burst","Sucker Punch+1"],"relics":["Ring of the Snake","Membership Card","Happy Flower","WarpedTongs","CeramicFish","Ninja Scroll","Molten Egg 2","Black Star","War Paint","Meat on the Bone","Kunai","Blood Vial","Bottled Tornado","Sling","Du-Vu Doll","Bottled Flame","Vajra","Centennial Puzzle","Anchor","MawBank","Philosopher\u0027s Stone","Incense Burner"],"acts_visited":["Exordium","TheCity","TheBeyond"],"potions_floor_usage":[],"damage_taken":[{"damage":4,"enemies":"Jaw Worm","floor":1,"turns":4},{"damage":0,"enemies":"2 Louse","floor":3,"turns":2},{"damage":16,"enemies":"3 Sentries","floor":7,"turns":7},{"damage":0,"enemies":"Cultist","floor":8,"turns":2},{"damage":18,"enemies":"Lagavulin","floor":10,"turns":5},{"damage":1,"enemies":"3 Louse","floor":12,"turns":1},{"damage":0,"enemies":"Gremlin Gang","floor":14,"turns":2},{"damage":21,"enemies":"Slime Boss","floor":16,"turns":9},{"damage":3,"enemies":"3 Byrds","floor":18,"turns":3},{"damage":2,"enemies":"Spheric Guardian","floor":19,"turns":3},{"damage":19,"enemies":"Centurion and Healer","floor":22,"turns":4},{"damage":39,"enemies":"Book of Stabbing","floor":24,"turns":6},{"damage":9,"enemies":"Snake Plant","floor":25,"turns":3},{"damage":25,"enemies":"Colosseum Slavers","floor":28,"turns":2},{"damage":0,"enemies":"Colosseum Nobs","floor":28,"turns":2},{"damage":9,"enemies":"Gremlin Leader","floor":29,"turns":4},{"damage":2,"enemies":"Snecko","floor":30,"turns":3},{"damage":7,"enemies":"Slavers","floor":31,"turns":2},{"damage":38,"enemies":"Champ","floor":33,"turns":5},{"damage":1,"enemies":"3 Shapes","floor":35,"turns":3},{"damage":0,"enemies":"3 Darklings","floor":37,"turns":2}],"seed_played":"-8237675537987634766","potions_obtained":[{"floor":3,"key":"Strength Potion"},{"floor":7,"key":"Ancient Potion"},{"floor":12,"key":"LiquidMemories"}],"is_trial":false,"path_per_floor":["M","?","M","$","?","R","E","M","T","E","R","M","R","M","R","B",null,"M","M","?","$","M","R","E","M","T","$","?","E","M","E","R","B",null,"M","$","M"],"character_chosen":"THE_SILENT","items_purchased":["Membership Card","Happy Flower","Infinite Blades","War Paint","Meat on the Bone","Apotheosis","Noxious Fumes","Sling","Incense Burner"],"campfire_rested":1,"item_purchase_floors":[4,4,4,21,21,27,27,27,36],"current_hp_per_floor":[66,55,55,55,55,55,39,39,39,21,42,41,41,41,41,20,70,67,65,65,65,46,46,19,24,24,24,27,32,44,39,39,15,70,69,69,70,70],"gold":339,"neow_bonus":"TWO_FIFTY_GOLD","is_daily":false,"chose_seed":false,"campfire_upgraded":5,"win_rate":0.0,"timestamp":1607908336,"path_taken":["M","?","M","$","?","R","E","?","T","E","R","M","R","M","R","BOSS","M","M","?","$","M","R","E","?","T","$","?","E","M","E","R","BOSS","M","$","M"],"items_purchased_type":["Relic","Relic","Card","Relic","Relic","Card","Card","Relic","Relic"],"build_version":"2020-11-30","purchased_purges":4,"victory":false,"max_hp_per_floor":[70,70,70,70,70,70,70,70,70,70,70,70,70,70,70,70,70,70,70,70,70,70,70,70,70,70,70,70,70,70,70,70,70,70,70,70,70,70],"relic_stats":{"Happy Flower":[22],"counters":[21,74],"CeramicFish":171,"War Paint":["Corpse Explosion","Defend_G"],"MawBank":60,"WarpedTongs":[63],"Blood Vial":15,"Centennial Puzzle":[12],"Black Star":3,"Kunai":[14],"obtain_stats":[{"Happy Flower":4,"CeramicFish":7,"Vajra":29,"Incense Burner":36,"War Paint":21,"Bottled Tornado":26,"Sling":27,"MawBank":31,"WarpedTongs":5,"Blood Vial":24,"Du-Vu Doll":28,"Bottled Flame":28,"Centennial Puzzle":29,"Anchor":31,"Ninja Scroll":9,"Molten Egg 2":10,"Philosopher\u0027s Stone":34,"Black Star":17,"Membership Card":4,"Kunai":24,"Ring of the Snake":0,"Meat on the Bone":21},{"Happy Flower":2,"CeramicFish":3,"Vajra":16,"Incense Burner":20,"War Paint":10,"Bottled Tornado":13,"Sling":13,"MawBank":18,"WarpedTongs":2,"Blood Vial":12,"Du-Vu Doll":15,"Bottled Flame":15,"Centennial Puzzle":16,"Anchor":18,"Ninja Scroll":4,"Molten Egg 2":5,"Philosopher\u0027s Stone":19,"Black Star":8,"Membership Card":2,"Kunai":12,"Ring of the Snake":0,"Meat on the Bone":10},{"Happy Flower":6,"CeramicFish":13,"Vajra":59,"Incense Burner":72,"War Paint":38,"Bottled Tornado":51,"Sling":51,"MawBank":64,"WarpedTongs":6,"Blood Vial":48,"Du-Vu Doll":55,"Bottled Flame":55,"Centennial Puzzle":59,"Anchor":64,"Ninja Scroll":15,"Molten Egg 2":20,"Philosopher\u0027s Stone":69,"Black Star":32,"Membership Card":6,"Kunai":48,"Ring of the Snake":0,"Meat on the Bone":38}],"Ring of the Snake":[42],"Meat on the Bone":84},"card_choices":[{"not_picked":["Leg Sweep","Accuracy"],"picked":"Bouncing Flask","floor":1},{"not_picked":["Eviscerate","Skewer"],"picked":"Dagger Spray","floor":3},{"not_picked":["Flechettes","Choke","Riddle With Holes"],"picked":"SKIP","floor":7},{"not_picked":["Outmaneuver","PiercingWail"],"picked":"Quick Slash","floor":8},{"not_picked":["Deflect","Accuracy"],"picked":"Die Die Die+1","floor":10},{"not_picked":["Crippling Poison","All Out Attack+1"],"picked":"Dagger Throw+1","floor":12},{"not_picked":["Deadly Poison","Dodge and Roll"],"picked":"Sucker Punch+1","floor":14},{"not_picked":["Doppelganger","Glass Knife+1"],"picked":"Corpse Explosion","floor":16},{"not_picked":["Bane+1","Cloak And Dagger"],"picked":"Dagger Spray+1","floor":18},{"not_picked":["Prepared","Footwork"],"picked":"Caltrops+1","floor":19},{"not_picked":["Dagger Spray+1","Slice+1"],"picked":"Bouncing Flask","floor":22},{"not_picked":["Sucker Punch+1","Backstab+1"],"picked":"Predator+1","floor":24},{"not_picked":["Cloak And Dagger","Reflex"],"picked":"Catalyst+1","floor":25},{"not_picked":["Outmaneuver","Deflect"],"picked":"Dagger Throw+1","floor":28},{"not_picked":["PiercingWail","Outmaneuver"],"picked":"Catalyst","floor":29},{"not_picked":["Noxious Fumes+1","Calculated Gamble"],"picked":"A Thousand Cuts","floor":30},{"not_picked":["Expertise","Skewer+1"],"picked":"Poisoned Stab+1","floor":31},{"not_picked":["Storm of Steel","Tools of the Trade"],"picked":"Burst","floor":33},{"not_picked":["Acrobatics+1","Underhanded Strike+1"],"picked":"Sucker Punch+1","floor":35}],"player_experience":630718,"relics_obtained":[{"floor":7,"key":"CeramicFish"},{"floor":9,"key":"Ninja Scroll"},{"floor":10,"key":"Molten Egg 2"},{"floor":24,"key":"Kunai"},{"floor":24,"key":"Blood Vial"},{"floor":26,"key":"Bottled Tornado"},{"floor":28,"key":"Du-Vu Doll"},{"floor":28,"key":"Bottled Flame"},{"floor":29,"key":"Vajra"},{"floor":29,"key":"Centennial Puzzle"},{"floor":31,"key":"Anchor"},{"floor":31,"key":"MawBank"}],"event_choices":[{"damage_healed":0,"gold_gain":75,"player_choice":"Gather Gold","damage_taken":11,"max_hp_gain":0,"max_hp_loss":0,"event_name":"World of Goop","floor":2,"gold_loss":0},{"damage_healed":0,"gold_gain":0,"player_choice":"Rummage","damage_taken":0,"relics_obtained":["WarpedTongs"],"max_hp_gain":0,"max_hp_loss":0,"event_name":"Accursed Blacksmith","floor":5,"gold_loss":0,"cards_obtained":["Pain"]},{"cards_removed":["Caltrops"],"damage_healed":0,"gold_gain":0,"player_choice":"Took Card","damage_taken":0,"max_hp_gain":0,"max_hp_loss":0,"event_name":"NoteForYourself","floor":20,"gold_loss":0,"cards_obtained":["Well Laid Plans"]},{"damage_healed":0,"gold_gain":0,"player_choice":"Fight","damage_taken":0,"max_hp_gain":0,"max_hp_loss":0,"event_name":"Colosseum","floor":28,"gold_loss":0},{"damage_healed":0,"gold_gain":0,"player_choice":"Fought Nobs","damage_taken":0,"max_hp_gain":0,"max_hp_loss":0,"event_name":"Colosseum","floor":28,"gold_loss":0}],"is_beta":false,"boss_relics":[{"not_picked":["Ectoplasm","Astrolabe"],"picked":"Black Star"},{"not_picked":["Pandora\u0027s Box","Empty Cage"],"picked":"Philosopher\u0027s Stone"}],"items_purged_floors":[4,21,27,36],"is_endless":false,"potions_floor_spawned":[3,7,12,14,18,28,29,30],"killed_by":"3 Darklings","ascension_level":1}}