{"host":"x6tlfgqpy55vgxdn","time":1607964520,"event":{"mods":["AchievementEnabler","BaseMod","DeckTracker","Minty Spire (QoL Compilation)","Permanent Neow","StSLib","SuperFastMode"],"gold_per_floor":[118,118,43,54,78,78,112,112,112,112,112,146,0,35,35,113,113,130,330,80,80,99,126,139,39,65,65,79,79,96,137,137,215,215,234,249,259,107,107,136,136,163,163,177,205,222,264,273,273,273],"floor_reached":51,"playtime":2668,"items_purged":["Defend_P","Defend_P"],"score":1796,"play_id":"f7aabaca-4774-4fe2-9b17-410d154795b5","local_time":"20201215014840","is_ascension_mode":true,"campfire_choices":[{"data":"Eruption","floor":6.0,"key":"SMITH"},{"data":"Tantrum","floor":8.0,"key":"SMITH"},{"data":"FlyingSleeves","floor":11.0,"key":"SMITH"},{"data":"InnerPeace","floor":15.0,"key":"SMITH"},{"data":"Blasphemy","floor":27.0,"key":"SMITH"},{"data":"Adaptation","floor":29.0,"key":"SMITH"},{"data":"Adaptation","floor":32.0,"key":"SMITH"},{"data":"JustLucky","floor":41.0,"key":"SMITH"},{"data":"Fasting2","floor":49,"key":"SMITH"}],"circlet_count":0,"master_deck":["AscendersBane","Strike_P","Strike_P","Defend_P+1","Eruption+1","Vigilance+1","Establishment","FlyingSleeves+1","InnerPeace+1","Tantrum+1","FearNoEvil","Establishment","Blasphemy+1","FlurryOfBlows+1","Adaptation+1","JustLucky+1","Adaptation+1","Fasting2+1","Magnetism"],"relics":["PureWater","War Paint","Blood Vial","Regal Pillow","Meat on the Bone","Bottled Lightning","Bag of Preparation","Yang","Black Star","Gremlin Horn","Kunai","Strawberry","Dream Catcher","CeramicFish","MealTicket","Coffee Dripper","OrangePellets","Orichalcum","Incense Burner","Eternal Feather","CloakClasp","StoneCalendar","Art of War","Smiling Mask","Toy Ornithopter","Akabeko"],"acts_visited":["Exordium","TheCity","TheBeyond"],"potions_floor_usage":[50,50],"damage_taken":[{"damage":0.0,"enemies":"Cultist","floor":1.0,"turns":2.0},{"damage":0.0,"enemies":"Small Slimes","floor":4.0,"turns":3.0},{"damage":3.0,"enemies":"Lagavulin","floor":7.0,"turns":6.0},{"damage":12.0,"enemies":"3 Sentries","floor":12.0,"turns":4.0},{"damage":0.0,"enemies":"Gremlin Nob","floor":14.0,"turns":2.0},{"damage":19.0,"enemies":"The Guardian","floor":16.0,"turns":8.0},{"damage":5.0,"enemies":"Chosen","floor":18.0,"turns":3.0},{"damage":14.0,"enemies":"Shell Parasite","floor":22.0,"turns":2.0},{"damage":0.0,"enemies":"Slavers","floor":23.0,"turns":3.0},{"damage":0.0,"enemies":"Snecko","floor":24.0,"turns":3.0},{"damage":0.0,"enemies":"Centurion and Healer","floor":28.0,"turns":2.0},{"damage":0.0,"enemies":"Sentry and Sphere","floor":30.0,"turns":2.0},{"damage":10.0,"enemies":"Book of Stabbing","floor":31.0,"turns":3.0},{"damage":0.0,"enemies":"Collector","floor":33.0,"turns":2.0},{"damage":0.0,"enemies":"3 Darklings","floor":35.0,"turns":2.0},{"damage":26.0,"enemies":"3 Shapes","floor":36.0,"turns":3.0},{"damage":0.0,"enemies":"Jaw Worm Horde","floor":37.0,"turns":1.0},{"damage":0.0,"enemies":"Reptomancer","floor":40.0,"turns":3.0},{"damage":0.0,"enemies":"Giant Head","floor":42.0,"turns":3.0},{"damage":0.0,"enemies":"Sphere and 2 Shapes","floor":44.0,"turns":3.0},{"damage":10.0,"enemies":"Nemesis","floor":45.0,"turns":6.0},{"damage":2.0,"enemies":"Spire Growth","floor":46.0,"turns":3.0},{"damage":0.0,"enemies":"Reptomancer","floor":47.0,"turns":3.0},{"damage":26,"enemies":"Time Eater","floor":50,"turns":10}],"seed_played":"6569538739649450748","potions_obtained":[{"floor":14.0,"key":"StancePotion"},{"floor":16.0,"key":"Strength Potion"},{"floor":24.0,"key":"ColorlessPotion"},{"floor":30.0,"key":"Fire Potion"},{"floor":35.0,"key":"PowerPotion"},{"floor":42.0,"key":"SpeedPotion"}],"is_trial":false,"path_per_floor":["M","T","$","M","T","R","E","R","T","?","R","E","$","E","R","B",null,"M","?","$","?","M","E","M","$","T","R","M","R","M","E","R","B",null,"M","M","M","$","?","E","R","E","T","M","E","M","E","?","R","B",null],"character_chosen":"WATCHER","items_purchased":["Bag of Preparation","Gremlin Horn","OrangePellets"],"campfire_rested":0,"item_purchase_floors":[13,20,38],"current_hp_per_floor":[61,61,61,61,61,61,59,59,59,52,52,42,42,44,44,39,56,53,53,53,53,41,50,52,52,52,52,54,54,56,48,48,50,64,66,42,44,59,59,61,61,63,63,65,56,56,58,58,66,45],"gold":273,"neow_bonus":"TRANSFORM_TWO_CARDS","is_daily":false,"chose_seed":false,"campfire_upgraded":9,"win_rate":0.0,"timestamp":1607964520,"path_taken":["M","?","?","?","?","R","E","R","T","?","R","E","$","E","R","BOSS","M","?","?","?","?","E","M","?","T","R","M","R","M","E","R","BOSS","M","M","M","$","?","E","R","E","T","M","E","M","E","?","R","BOSS"],"items_purchased_type":["Relic","Relic","Relic"],"build_version":"2020-12-13","purchased_purges":2,"victory":true,"max_hp_per_floor":[62,62,62,62,62,62,62,62,62,62,62,62,62,62,62,62,62,62,62,62,62,62,69,69,69,69,69,69,69,69,69,69,69,69,69,69,69,69,66,66,66,66,66,66,66,66,66,66,66,66],"card_choices":[{"not_picked":["Consecrate","Halt"],"picked":"InnerPeace","floor":1.0},{"not_picked":["JustLucky","Prostrate"],"picked":"Tantrum","floor":4.0},{"not_picked":["Crescendo","BowlingBash","WreathOfFlame"],"picked":"SKIP","floor":7.0},{"not_picked":["SashWhip","EmptyBody"],"picked":"FearNoEvil","floor":12.0},{"not_picked":["EmptyBody","FlurryOfBlows"],"picked":"Establishment","floor":14.0},{"not_picked":["MasterReality","Alpha"],"picked":"Blasphemy","floor":16.0},{"not_picked":["BowlingBash","ThirdEye"],"picked":"FlurryOfBlows+1","floor":18.0},{"not_picked":["FlurryOfBlows","ClearTheMind","Evaluate"],"picked":"SKIP","floor":22.0},{"not_picked":["EmptyBody","Crescendo","ThirdEye"],"picked":"SKIP","floor":23.0},{"not_picked":["SandsOfTime","ThirdEye","EmptyBody"],"picked":"SKIP","floor":24.0},{"not_picked":["Protect","FollowUp","BowlingBash"],"picked":"SKIP","floor":28.0},{"not_picked":["Pray","SignatureMove"],"picked":"JustLucky","floor":30.0},{"not_picked":["CrushJoints","Pray"],"picked":"Adaptation","floor":31.0},{"not_picked":["CutThroughFate","SashWhip","BattleHymn+1"],"picked":"SKIP","floor":35.0},{"not_picked":["Vengeance","Sanctity","Consecrate"],"picked":"SKIP","floor":36.0},{"not_picked":["Study","Protect","FlurryOfBlows+1"],"picked":"SKIP","floor":37.0},{"not_picked":["SignatureMove+1","Conclude","Crescendo"],"picked":"SKIP","floor":40.0},{"not_picked":["WheelKick","WindmillStrike","LessonLearned"],"picked":"SKIP","floor":42.0},{"not_picked":["EmptyFist","PathToVictory","Nirvana"],"picked":"SKIP","floor":44.0},{"not_picked":["ForeignInfluence","LikeWater","Protect+1"],"picked":"SKIP","floor":45.0},{"not_picked":["Wireheading+1","ClearTheMind","PathToVictory+1"],"picked":"SKIP","floor":46.0},{"not_picked":["CutThroughFate","FollowUp"],"picked":"Fasting2","floor":47.0},{"not_picked":["Panache","Impatience"],"picked":"Magnetism","floor":48}],"player_experience":159934,"relics_obtained":[{"floor":2.0,"key":"War Paint"},{"floor":5.0,"key":"Blood Vial"},{"floor":7.0,"key":"Regal Pillow"},{"floor":9.0,"key":"Meat on the Bone"},{"floor":12.0,"key":"Bottled Lightning"},{"floor":14.0,"key":"Yang"},{"floor":23.0,"key":"Kunai"},{"floor":23.0,"key":"Strawberry"},{"floor":26.0,"key":"Dream Catcher"},{"floor":31.0,"key":"CeramicFish"},{"floor":31.0,"key":"MealTicket"},{"floor":40.0,"key":"Orichalcum"},{"floor":40.0,"key":"Incense Burner"},{"floor":42.0,"key":"Eternal Feather"},{"floor":42.0,"key":"CloakClasp"},{"floor":43.0,"key":"StoneCalendar"},{"floor":45.0,"key":"Art of War"},{"floor":45.0,"key":"Smiling Mask"},{"floor":47.0,"key":"Toy Ornithopter"},{"floor":47.0,"key":"Akabeko"}],"event_choices":[{"cards_removed":["Strike_P"],"damage_healed":0.0,"max_hp_gain":0.0,"max_hp_loss":0.0,"gold_gain":0.0,"event_name":"Golden Wing","player_choice":"Card Removal","floor":10.0,"gold_loss":0.0,"damage_taken":7.0},{"damage_healed":0.0,"max_hp_gain":0.0,"max_hp_loss":0.0,"gold_gain":200.0,"event_name":"Wheel of Change","player_choice":"Gold","floor":19.0,"gold_loss":0.0,"damage_taken":0.0},{"damage_healed":0.0,"max_hp_gain":0.0,"max_hp_loss":0.0,"gold_gain":0.0,"event_name":"The Library","player_choice":"Read","floor":21.0,"gold_loss":0.0,"damage_taken":0.0,"cards_obtained":["Adaptation"]},{"damage_healed":0.0,"max_hp_gain":0.0,"max_hp_loss":3.0,"gold_gain":0.0,"event_name":"Winding Halls","player_choice":"Max HP","floor":39.0,"gold_loss":0.0,"damage_taken":0.0},{"damage_healed":0,"gold_gain":0,"player_choice":"Memory 1","damage_taken":0,"max_hp_gain":0,"max_hp_loss":0,"event_name":"SensoryStone","floor":48,"gold_loss":0}],"is_beta":false,"boss_relics":[{"not_picked":["HolyWater","Calling Bell"],"picked":"Black Star"},{"not_picked":["Runic Dome","SacredBark"],"picked":"Coffee Dripper"}],"items_purged_floors":[3,25],"is_endless":false,"potions_floor_spawned":[14,16,24,30,31,35,42,44,46,47],"ascension_level":15}}