{"host":"jm9833yuloeli2yd","time":1607906438,"event":{"mods":["AchievementEnabler","BaseMod","Better Altar","Better Match","Better Note","Better Sensory Stone","Better Skull","Better Vampires","Colored Map","Colored Powertips","DeckTracker","Minty Spire (QoL Compilation)","Permanent Neow","Quick Restart","Replay The Spire","StSLib","SuperFastMode"],"gold_per_floor":[116,131,146,166,241,241,268,268,268,268,283,313,329,344,344,344,344],"floor_reached":16,"playtime":536,"items_purged":[],"score":228,"play_id":"8ec6af38-b1fc-475b-9712-643a9abd1849","local_time":"20201213194038","is_ascension_mode":true,"campfire_choices":[{"data":"Finisher","floor":6,"key":"SMITH"},{"floor":10,"key":"REST"}],"circlet_count":0,"master_deck":["AscendersBane","Strike_G","Strike_G","Strike_G","Strike_G","Strike_G","Defend_G","Defend_G","Defend_G","Defend_G","Defend_G","Survivor","Neutralize","Slice","Finisher+1","Blade Dance","Flying Knee","Dagger Throw","All Out Attack+1","Glass Knife","Slice","Bouncing Flask","Blur"],"relics":["Ring of the Snake","Centennial Puzzle","Meat on the Bone","Chameleon Ring","Mango"],"acts_visited":["Exordium"],"potions_floor_usage":[4,13,16,16],"damage_taken":[{"damage":7,"enemies":"Jaw Worm","floor":1,"turns":5},{"damage":0,"enemies":"Small Slimes","floor":2,"turns":3},{"damage":0,"enemies":"Cultist","floor":3,"turns":2},{"damage":6,"enemies":"Lots of Slimes","floor":4,"turns":4},{"damage":27,"enemies":"3 Sentries","floor":7,"turns":7},{"damage":1,"enemies":"2 Fungi Beasts","floor":11,"turns":2},{"damage":9,"enemies":"Gremlin Nob","floor":12,"turns":3},{"damage":1,"enemies":"3 Louse","floor":13,"turns":2},{"damage":3,"enemies":"Large Slime","floor":14,"turns":4},{"damage":75,"enemies":"Hexaghost","floor":16,"turns":14}],"seed_played":"-5360075458789950920","potions_obtained":[{"floor":2,"key":"Poison Potion"},{"floor":11,"key":"Explosive Potion"},{"floor":12,"key":"Explosive Potion"},{"floor":13,"key":"Elixir"}],"is_trial":false,"path_per_floor":["M","M","M","M","?","R","E","?","T","R","M","E","M","M","R_BF","B"],"character_chosen":"THE_SILENT","items_purchased":[],"campfire_rested":1,"item_purchase_floors":[],"current_hp_per_floor":[52,52,52,46,35,35,8,8,8,27,38,55,54,51,75,0,0],"gold":344,"neow_bonus":"THREE_CARDS","is_daily":false,"chose_seed":false,"campfire_upgraded":1,"win_rate":0.0,"timestamp":1607906438,"path_taken":["M","M","M","M","?","R","E","?","T","R","?","E","M","?","R_BF","BOSS"],"items_purchased_type":[],"build_version":"2020-12-13","purchased_purges":0,"victory":false,"max_hp_per_floor":[66,66,66,66,66,66,66,66,66,66,66,80,80,80,80,80,80],"card_choices":[{"not_picked":["Outmaneuver","Distraction"],"picked":"Slice","floor":0},{"not_picked":["Acrobatics","Draining Mist"],"picked":"Finisher","floor":1},{"not_picked":["Distraction","Underhanded Strike"],"picked":"Blade Dance","floor":2},{"not_picked":["Well Laid Plans","Crippling Poison"],"picked":"Flying Knee","floor":3},{"not_picked":["Replay:Poison Smokescreen","Quick Slash"],"picked":"Dagger Throw","floor":4},{"not_picked":["Flechettes","ReplayTheSpireMod:The Works"],"picked":"All Out Attack","floor":7},{"not_picked":["Backflip","Dodge and Roll"],"picked":"Glass Knife","floor":11},{"not_picked":["Hidden Blade","PiercingWail"],"picked":"Slice","floor":12},{"not_picked":["Outmaneuver","ReplayTheSpireMod:Shiv Toss"],"picked":"Bouncing Flask","floor":13},{"not_picked":["Poisoned Stab","ReplayTheSpireMod:Exploit Weakness"],"picked":"Blur","floor":14}],"player_experience":1053934,"relics_obtained":[{"floor":7,"key":"Centennial Puzzle"},{"floor":8,"key":"Meat on the Bone"},{"floor":9,"key":"Chameleon Ring"},{"floor":12,"key":"Mango"}],"event_choices":[{"damage_healed":0,"gold_gain":75,"player_choice":"Gather Gold","damage_taken":11,"max_hp_gain":0,"max_hp_loss":0,"event_name":"World of Goop","floor":5,"gold_loss":0},{"damage_healed":0,"gold_gain":0,"player_choice":"Relic","damage_taken":0,"max_hp_gain":0,"max_hp_loss":0,"event_name":"Wheel of Change","floor":8,"gold_loss":0}],"is_beta":false,"boss_relics":[],"items_purged_floors":[],"is_endless":false,"potions_floor_spawned":[2,11,12,13,14],"killed_by":"Hexaghost","ascension_level":20}}