{"host":"tx8t6uckd1u9z97d","time":1607968112,"event":{"mods":["Act Like it!","BaseMod","Better Note","BetterRewards","CapriCore","Colored Powertips","Gensokyo","Hermit","Hero for Fun","Hubris","Koishi","Luminous","Marisa（霧雨　魔理沙）","Minty Spire (QoL Compilation)","Prisma Mod","Quick Restart","Replay The Spire","StSLib","The Gatherer","The Servant 0.9.4","Waifu the Spire","【?方二次?作】八云紫mod"],"gold_per_floor":[119,172,194,223,7,35,64,64,64,115,290,165,165,210,210,330,330,353,353,443,145,171,171,196,230,255,255,255,255,296,321,321,339,339],"floor_reached":33,"playtime":1383,"items_purged":["Strike_G","Strike_G","Doubt","Strike_G","Strike_G","Strike_G"],"score":478,"play_id":"298e5ec1-a0e2-4fdf-baaa-9e954149e96a","local_time":"20201215014832","is_ascension_mode":true,"campfire_choices":[{"data":"Sadistic Nature","floor":8,"key":"SMITH"},{"data":"Replay:Poison Smokescreen","floor":15,"key":"SMITH"},{"data":"ReplayTheSpireMod:Necrosis","floor":23,"key":"SMITH"},{"floor":27,"key":"REST"},{"floor":29,"key":"REST"},{"data":"Catalyst","floor":32,"key":"SMITH"}],"circlet_count":0,"master_deck":["Defend_G","Defend_G","Defend_G","Defend_G","Defend_G","Survivor","Neutralize","Sadistic Nature+1","Poisoned Stab","Backstab","PiercingWail","Slice","Bane","Deadly Poison","Calculated Gamble","Footwork","Flechettes","Toxin Wave","Replay:Poison Smokescreen+1","Deadly Poison","ReplayTheSpireMod:Necrosis+1","PiercingWail+1","ReplayTheSpireMod:Necrosis","Replay:Poison Smokescreen","Bouncing Flask","Catalyst+1"],"relics":["Ring of the Snake","Anchor","Replay:Bandana","Orrery","hubris:CrystalStatue","Blood Vial","hubris:Towel","Replay:WaspNest","hubris:VirtuousBlindfold","Bag of Preparation","Garlic","Snake Skull","Omamori","Oddly Smooth Stone"],"acts_visited":["Exordium","TheCity"],"potions_floor_usage":[10,14,16,16,16,22,25,25,33],"damage_taken":[{"damage":0,"enemies":"Cultist","floor":1,"turns":3},{"damage":0,"enemies":"Small Slimes","floor":3,"turns":3},{"damage":0,"enemies":"Jaw Worm","floor":4,"turns":3},{"damage":0,"enemies":"2 Fungi Beasts","floor":6,"turns":2},{"damage":5,"enemies":"Exordium Thugs","floor":7,"turns":4},{"damage":5,"enemies":"Gremlin Nob","floor":10,"turns":3},{"damage":0,"enemies":"3 Sentries","floor":14,"turns":5},{"damage":22,"enemies":"The Guardian","floor":16,"turns":6},{"damage":0,"enemies":"Chosen","floor":18,"turns":3},{"damage":11,"enemies":"Spheric Guardian","floor":22,"turns":3},{"damage":3,"enemies":"3 Cultists","floor":24,"turns":4},{"damage":3,"enemies":"Slavers","floor":25,"turns":5},{"damage":0,"enemies":"Gremlin Leader","floor":30,"turns":4},{"damage":7,"enemies":"Centurion and Healer","floor":31,"turns":3},{"damage":66,"enemies":"Automaton","floor":33,"turns":6}],"seed_played":"-272260525424683392","potions_obtained":[{"floor":6,"key":"Block Potion"},{"floor":10,"key":"Adrenaline Potion"},{"floor":14,"key":"Block Potion"},{"floor":16,"key":"Adrenaline Potion"},{"floor":31,"key":"FearPotion"}],"is_trial":false,"path_per_floor":["M","T","M","M","$","M","M","R","T","E","?","$","?","E","R","B",null,"M","?","?","$","M","R","M","E","T","R","$","R","E","M","R","B"],"character_chosen":"THE_SILENT","items_purchased":["Sadistic Nature","Poisoned Stab","Backstab","PiercingWail","Anchor","EntropicBrew","Orrery","Toxin Wave","Bag of Preparation","Omamori"],"campfire_rested":2,"item_purchase_floors":[0,0,0,0,0,0,5,5,21,28],"current_hp_per_floor":[63,63,63,63,63,63,58,58,58,53,53,53,53,55,55,35,61,63,63,51,51,42,42,41,40,40,61,39,60,62,57,57,0,0],"gold":339,"neow_bonus":"","is_daily":false,"chose_seed":false,"campfire_upgraded":4,"win_rate":0.0,"timestamp":1607968112,"path_taken":["M","?","M","M","$","M","?","R","T","E","?","$","?","E","R","BOSS","M","?","?","$","?","R","M","E","T","R","?","R","E","M","R","BOSS"],"items_purchased_type":["Card","Card","Card","Card","Relic","Potion","Relic","Card","Relic","Relic"],"build_version":"2020-12-13","purchased_purges":6,"victory":false,"max_hp_per_floor":[70,70,70,70,70,70,70,70,70,70,70,70,70,70,70,70,70,70,70,70,70,70,70,70,70,70,70,70,70,70,70,70,70,70],"card_choices":[{"not_picked":["Expertise","Cloak And Dagger"],"picked":"Slice","floor":1},{"not_picked":["Dagger Throw","Dagger Spray"],"picked":"Bane","floor":3},{"not_picked":["Masterful Stab","hubris:SlightOfHand","Eviscerate"],"picked":"SKIP","floor":4},{"not_picked":["PiercingWail","A Thousand Cuts"],"picked":"Deadly Poison","floor":5},{"not_picked":["Cloak And Dagger","Choke"],"picked":"Calculated Gamble","floor":5},{"not_picked":["Tactician","Sucker Punch"],"picked":"Footwork","floor":5},{"not_picked":["Prepared","Dodge and Roll"],"picked":"Flechettes","floor":5},{"not_picked":["Skewer","Riddle With Holes"],"picked":"Replay:Poison Smokescreen","floor":6},{"not_picked":["Dagger Spray","Quick Slash"],"picked":"Deadly Poison","floor":7},{"not_picked":["hubris:SlightOfHand","ReplayTheSpireMod:Tripwire","Hidden Blade"],"picked":"SKIP","floor":10},{"not_picked":["Storm of Steel","Acrobatics","Quick Slash"],"picked":"SKIP","floor":14},{"not_picked":["Phantasmal Killer","Bullet Time"],"picked":"ReplayTheSpireMod:Necrosis","floor":16},{"not_picked":["ReplayTheSpireMod:Shiv Toss+1","Tactician","Flying Knee"],"picked":"SKIP","floor":18},{"not_picked":["Sucker Punch+1","Outmaneuver+1"],"picked":"PiercingWail+1","floor":22},{"not_picked":["Distraction","Dodge and Roll+1"],"picked":"ReplayTheSpireMod:Necrosis","floor":24},{"not_picked":["Hidden Blade","Deadly Poison"],"picked":"Replay:Poison Smokescreen","floor":25},{"not_picked":["Flying Knee+1","Footwork"],"picked":"Bouncing Flask","floor":30},{"not_picked":["Deadly Poison","Outmaneuver"],"picked":"Catalyst","floor":31}],"player_experience":197133,"relics_obtained":[{"floor":2,"key":"Replay:Bandana"},{"floor":9,"key":"hubris:CrystalStatue"},{"floor":10,"key":"Blood Vial"},{"floor":14,"key":"Replay:WaspNest"},{"floor":25,"key":"Garlic"},{"floor":26,"key":"Snake Skull"},{"floor":30,"key":"Oddly Smooth Stone"}],"event_choices":[{"damage_healed":0,"gold_gain":175,"player_choice":"AGREE","damage_taken":0,"max_hp_gain":0,"max_hp_loss":0,"event_name":"Liars Game","floor":11,"gold_loss":0,"cards_obtained":["Doubt"]},{"damage_healed":0,"gold_gain":90,"player_choice":"GOLD ","damage_taken":12,"max_hp_gain":0,"max_hp_loss":0,"event_name":"Knowing Skull","floor":20,"potions_obtained":[],"gold_loss":0,"cards_obtained":[]}],"is_beta":false,"boss_relics":[{"not_picked":["ChewingGum","hubris:RunicObelisk"],"picked":"hubris:VirtuousBlindfold"}],"items_purged_floors":[0,0,12,21,28,28],"is_endless":false,"potions_floor_spawned":[6,10,14,16,18,31],"killed_by":"Automaton","ascension_level":6}}