{"host":"m4fnx6uo9ridxuy8","time":1607946805,"event":{"mods":["BaseMod","KOR Keyword Fix","Minty Spire (QoL Compilation)","StSLib"],"gold_per_floor":[99999,100012,98863,98883,98883,98883,98903,98930,98953,98149,98149,98161,98161,98191,98191,98294,98294,98307,98307,97315,97302,96601,96601,96613,96648,96719,96719,96719,96719,96731,96741,96741,96843,96843,96863,96242,96252,96263,95094,95121,95121,95156,95183,95183,95203,95237,95251,95268,95268,95268,95268,95268,94189,94220,94220],"floor_reached":56,"playtime":2916,"items_purged":["Strike_R","Strike_R","Strike_R","Strike_R","Defend_R","Defend_R","Defend_R"],"score":1439,"play_id":"df4a1bea-c5fa-40a1-9c17-0078d46f6eb1","local_time":"20201214205325","is_ascension_mode":true,"campfire_choices":[{"data":"True Grit","floor":6,"key":"SMITH"},{"floor":13,"key":"DIG"},{"floor":15,"key":"DIG"},{"floor":23,"key":"DIG"},{"floor":29,"key":"DIG"},{"floor":32,"key":"REST"},{"floor":44,"key":"REST"},{"floor":49,"key":"RECALL"},{"floor":52,"key":"DIG"}],"circlet_count":0,"master_deck":["Defend_R","Bash","Body Slam","Dropkick","Discovery","Thinking Ahead","Fire Breathing","True Grit+1","Feed","Thunderclap","Juggernaut","Warcry","Impatience","Flex","Disarm","Shrug It Off","Offering+1","Thinking Ahead","Madness","Warcry","Pommel Strike","Feel No Pain","Headbutt","Warcry+1","Impervious","Armaments","Dark Embrace","Deep Breath","Double Tap","Battle Trance","Reaper","Dual Wield","Violence","Metallicize"],"relics":["Burning Blood","Lee\u0027s Waffle","White Beast Statue","Mango","NlothsMask","Vajra","Shovel","Strawberry","Orichalcum","Darkstone Periapt","Torii","SlaversCollar","Toolbox","Blood Vial","Bottled Lightning","ClockworkSouvenir","Toy Ornithopter","Pear","Dream Catcher","Pantograph","InkBottle","Mark of Pain","OrangePellets","Ancient Tea Set","Centennial Puzzle","Brimstone","CaptainsWheel","HornCleat","Boot","Letter Opener","Lantern","Incense Burner","Kunai","Chemical X","Ginger","Bag of Preparation","Red Skull"],"acts_visited":["Exordium","TheCity","TheBeyond","TheEnding"],"potions_floor_usage":[8,14,16,18,24,24,24,24,55,55,55,55,55,55],"damage_taken":[{"damage":9,"enemies":"Jaw Worm","floor":1,"turns":5},{"damage":15,"enemies":"Cultist","floor":2,"turns":5},{"damage":0,"enemies":"2 Louse","floor":4,"turns":3},{"damage":8,"enemies":"Red Slaver","floor":7,"turns":5},{"damage":17,"enemies":"3 Sentries","floor":8,"turns":5},{"damage":0,"enemies":"2 Fungi Beasts","floor":12,"turns":2},{"damage":10,"enemies":"Lagavulin","floor":14,"turns":5},{"damage":25,"enemies":"Slime Boss","floor":16,"turns":9},{"damage":20,"enemies":"3 Byrds","floor":18,"turns":7},{"damage":18,"enemies":"2 Thieves","floor":21,"turns":5},{"damage":25,"enemies":"Shelled Parasite and Fungi","floor":24,"turns":3},{"damage":14,"enemies":"Gremlin Leader","floor":25,"turns":8},{"damage":31,"enemies":"Snecko","floor":30,"turns":6},{"damage":27,"enemies":"Centurion and Healer","floor":31,"turns":7},{"damage":51,"enemies":"Automaton","floor":33,"turns":10},{"damage":7,"enemies":"Orb Walker","floor":35,"turns":4},{"damage":32,"enemies":"3 Darklings","floor":37,"turns":3},{"damage":7,"enemies":"Jaw Worm Horde","floor":38,"turns":3},{"damage":28,"enemies":"Nemesis","floor":40,"turns":3},{"damage":7,"enemies":"Reptomancer","floor":42,"turns":6},{"damage":10,"enemies":"Sphere and 2 Shapes","floor":45,"turns":2},{"damage":30,"enemies":"Nemesis","floor":46,"turns":5},{"damage":6,"enemies":"Spire Growth","floor":47,"turns":3},{"damage":13,"enemies":"Maw","floor":48,"turns":5},{"damage":22,"enemies":"Donu and Deca","floor":50,"turns":4},{"damage":19,"enemies":"Shield and Spear","floor":54,"turns":4},{"damage":93,"enemies":"The Heart","floor":55,"turns":6}],"seed_played":"6096722036497230626","potions_obtained":[{"floor":0,"key":"SkillPotion"},{"floor":0,"key":"DistilledChaos"},{"floor":0,"key":"EntropicBrew"},{"floor":8,"key":"Explosive Potion"},{"floor":14,"key":"SkillPotion"},{"floor":16,"key":"Strength Potion"},{"floor":18,"key":"EssenceOfSteel"},{"floor":25,"key":"Weak Potion"},{"floor":45,"key":"EntropicBrew"}],"is_trial":false,"path_per_floor":["M","M","$","M","?","R","M","E","T","$","?","M","R","E","R","B",null,"M","?","$","M","$","R","M","E","T","?","?","R","M","M","R","B",null,"M","$","M","M","$","E","?","E","T","R","M","E","M","M","R","B",null,"R","$","E","B",null],"character_chosen":"IRONCLAD","items_purchased":["Lee\u0027s Waffle","White Beast Statue","Mango","Discovery","Thinking Ahead","Fire Breathing","True Grit","Shovel","Strawberry","Juggernaut","Warcry","Impatience","Toolbox","Blood Vial","Thinking Ahead","Madness","Warcry","Bottled Lightning","ClockworkSouvenir","Toy Ornithopter","Pear","OrangePellets","Ancient Tea Set","Centennial Puzzle","Brimstone","CaptainsWheel","HornCleat","Dark Embrace","Deep Breath","Double Tap","Chemical X","Ginger","Bag of Preparation","Violence","Metallicize"],"campfire_rested":2,"item_purchase_floors":[3,3,3,3,3,3,3,10,10,10,10,10,20,20,20,20,20,20,22,22,22,36,36,36,39,39,39,39,39,39,53,53,53,53,53],"current_hp_per_floor":[77,68,101,101,101,101,102,94,94,101,101,107,107,106,106,87,117,106,100,100,90,100,100,103,97,97,97,97,97,77,61,101,83,136,135,135,110,115,115,98,98,99,99,141,142,128,130,125,125,140,150,150,150,140,94],"gold":94220,"neow_bonus":"THREE_SMALL_POTIONS","is_daily":false,"chose_seed":false,"campfire_upgraded":1,"win_rate":0.0,"timestamp":1607946805,"path_taken":["M","M","$","M","?","R","?","E","T","$","?","?","R","E","R","BOSS","M","?","$","M","$","R","M","E","T","?","?","R","M","?","R","BOSS","M","$","M","M","$","E","?","E","T","R","M","E","M","M","R","BOSS","R","$","E","BOSS"],"items_purchased_type":["Relic","Relic","Relic","Card","Card","Card","Card","Relic","Relic","Card","Card","Card","Relic","Relic","Card","Card","Card","Relic","Relic","Relic","Relic","Relic","Relic","Relic","Relic","Relic","Relic","Card","Card","Card","Relic","Relic","Relic","Card","Card"],"build_version":"2020-12-13","purchased_purges":7,"victory":true,"max_hp_per_floor":[80,80,101,101,101,101,104,107,107,114,114,114,114,117,117,117,117,120,120,120,120,130,130,130,130,130,130,130,130,133,136,136,136,136,136,136,136,140,140,143,143,143,143,143,146,146,146,146,146,150,150,150,150,153,153],"card_choices":[{"not_picked":["Anger","Flex"],"picked":"Body Slam","floor":1},{"not_picked":["Rupture","Twin Strike"],"picked":"Dropkick","floor":2},{"not_picked":["Heavy Blade","Hemokinesis"],"picked":"Feed","floor":4},{"not_picked":["Clash","Twin Strike","Sword Boomerang"],"picked":"SKIP","floor":7},{"not_picked":["Power Through","True Grit"],"picked":"Thunderclap","floor":8},{"not_picked":["Impervious","Sword Boomerang"],"picked":"Disarm","floor":12},{"not_picked":["Iron Wave","Rampage"],"picked":"Shrug It Off","floor":14},{"not_picked":["Corruption","Double Tap"],"picked":"Offering","floor":16},{"not_picked":["Carnage","Rupture","Rage"],"picked":"SKIP","floor":18},{"not_picked":["Iron Wave","Twin Strike+1"],"picked":"Pommel Strike","floor":21},{"not_picked":["Bloodletting","Carnage","True Grit+1"],"picked":"SKIP","floor":24},{"not_picked":["Fire Breathing","Blood for Blood+1","Flex+1"],"picked":"SKIP","floor":25},{"not_picked":["Sword Boomerang","Pommel Strike"],"picked":"Feel No Pain","floor":30},{"not_picked":["Pummel","Heavy Blade"],"picked":"Headbutt","floor":31},{"not_picked":["Flame Barrier+1","Double Tap"],"picked":"Warcry+1","floor":32},{"not_picked":["Berserk","Fiend Fire"],"picked":"Impervious","floor":33},{"not_picked":["Heavy Blade","Twin Strike","Anger+1"],"picked":"SKIP","floor":35},{"not_picked":["Blood for Blood","Perfected Strike+1"],"picked":"Armaments","floor":37},{"not_picked":["Bludgeon","Warcry","Shrug It Off"],"picked":"SKIP","floor":38},{"not_picked":["Cleave","Flex+1","Sword Boomerang"],"picked":"SKIP","floor":40},{"not_picked":["Pommel Strike","Dropkick+1"],"picked":"Battle Trance","floor":42},{"not_picked":["Pommel Strike+1","Thunderclap"],"picked":"Reaper","floor":45},{"not_picked":["Headbutt","True Grit+1","Disarm+1"],"picked":"SKIP","floor":46},{"not_picked":["Pommel Strike","Headbutt"],"picked":"Dual Wield","floor":47},{"not_picked":["Flex+1","Pummel","Clash"],"picked":"SKIP","floor":48},{"not_picked":["Sword Boomerang+1","Infernal Blade+1","Battle Trance"],"picked":"SKIP","floor":54}],"player_experience":12065,"relics_obtained":[{"floor":8,"key":"Vajra"},{"floor":13,"key":"Orichalcum"},{"floor":14,"key":"Darkstone Periapt"},{"floor":15,"key":"Torii"},{"floor":23,"key":"Dream Catcher"},{"floor":25,"key":"Pantograph"},{"floor":29,"key":"InkBottle"},{"floor":40,"key":"Boot"},{"floor":42,"key":"Letter Opener"},{"floor":43,"key":"Lantern"},{"floor":46,"key":"Incense Burner"},{"floor":52,"key":"Kunai"},{"floor":54,"key":"Red Skull"}],"event_choices":[{"damage_healed":0,"gold_gain":0,"player_choice":"Trade","damage_taken":0,"relics_obtained":["NlothsMask"],"max_hp_gain":0,"max_hp_loss":0,"event_name":"FaceTrader","floor":5,"gold_loss":0},{"damage_healed":0,"gold_gain":0,"cards_transformed":["Strike_R"],"player_choice":"Transformed","damage_taken":0,"max_hp_gain":0,"max_hp_loss":0,"event_name":"Transmorgrifier","floor":11,"gold_loss":0,"cards_obtained":["Flex"]},{"damage_healed":0,"gold_gain":0,"player_choice":"Joined the Cult","damage_taken":6,"max_hp_gain":0,"max_hp_loss":0,"event_name":"Nest","floor":19,"gold_loss":0,"cards_obtained":["RitualDagger"]},{"damage_healed":0,"gold_gain":0,"player_choice":"Ignored","damage_taken":0,"max_hp_gain":0,"max_hp_loss":0,"event_name":"Vampires","floor":27,"gold_loss":0},{"damage_healed":0,"gold_gain":0,"player_choice":"Forge","damage_taken":0,"max_hp_gain":0,"max_hp_loss":0,"event_name":"Accursed Blacksmith","floor":28,"gold_loss":0,"cards_upgraded":["Offering"]},{"cards_removed":["RitualDagger"],"damage_healed":0,"gold_gain":0,"player_choice":"Removed Attack","damage_taken":0,"max_hp_gain":0,"max_hp_loss":0,"event_name":"Falling","floor":41,"gold_loss":0}],"is_beta":false,"boss_relics":[{"not_picked":["Runic Pyramid","Coffee Dripper"],"picked":"SlaversCollar"},{"not_picked":["Runic Dome","Empty Cage"],"picked":"Mark of Pain"}],"items_purged_floors":[3,10,20,22,36,39,53],"is_endless":false,"potions_floor_spawned":[4,7,8,12,14,16,18,21,24,25,30,31,33,35,37,38,40,42,45,46,47,48,54],"ascension_level":2}}