{"host":"5uvzo7moqy5vd63g","time":1607905114,"event":{"mods":["Aspiration","BaseMod","Conspire","Dio Mod","Downfall","Hermit","Hubris","Jedi Mod","Jorbs\u0027s Wanderer Trilogy","Mimic Mod","Minty Spire (QoL Compilation)","Replay The Spire","StSLib","The Animator","Wandering Minibosses"],"gold_per_floor":[99,141,153,165,102,144,156,188,216,261,373,412,274,304,332,442,454,316,365,377,418,45,76,102,113,113,113],"floor_reached":26,"playtime":3229,"items_purged":[],"score":474,"play_id":"84244d1d-3400-464a-9883-cdc90be3d09c","local_time":"20201213191834","is_ascension_mode":true,"campfire_choices":[{"floor":1,"key":"RECALL"},{"data":"animator:RoyMustang","floor":5,"key":"SMITH"},{"data":"animator:MaesHughes","floor":18,"key":"SMITH"},{"data":"animator:ElricAlphonse","floor":20,"key":"SMITH"}],"circlet_count":0,"master_deck":["animator:Strike_FullmetalAlchemist","animator:Defend_FullmetalAlchemist","animator:Defend","animator:Defend","animator:Defend","animator:ElricEdward+1","animator:ElricAlphonse+1","animator:RoyMustang+1","animator:Aisha","animator:RoyMustang","animator:WinryRockbell","animator:Arpeggio","animator:Entoma+5","animator:Viivi","animator:MaesHughes+1","animator:AcuraAkari","animator:Envy","animator:Scar","animator:Sloth","animator:Aisha","animator:Arpeggio","animator:Layla"],"relics":["animator:LivingPicture","animator:TheMissingPiece","animator:PurgingStone","downfall:HeartsMalice","MawBank","downfall:HeartBlessingRed","ReplayTheSpireMod:Shallot","Bag of Marbles","ChewingGum","downfall:HeartBlessingBlue","downfall:HeartBlessingGreen","Pondfish Scales","Shovel","Paper Crane","Centennial Puzzle"],"acts_visited":["Exordium","TheCity"],"potions_floor_usage":[11,11,16,23,26],"damage_taken":[{"damage":0,"enemies":"Gremlin Nob","floor":2,"turns":1},{"damage":0,"enemies":"Jaw Worm","floor":4,"turns":1},{"damage":0,"enemies":"3 Sentries","floor":6,"turns":1},{"damage":2,"enemies":"Cultist","floor":8,"turns":4},{"damage":0,"enemies":"Small Slimes","floor":9,"turns":2},{"damage":42,"enemies":"Lagavulin","floor":10,"turns":6},{"damage":10,"enemies":"downfall:Heads","floor":11,"turns":4},{"damage":3,"enemies":"2 Fungi Beasts","floor":12,"turns":2},{"damage":8,"enemies":"Exordium Thugs","floor":14,"turns":3},{"damage":1,"enemies":"Lots of Slimes","floor":15,"turns":2},{"damage":58,"enemies":"downfall:Defect","floor":16,"turns":6},{"damage":6,"enemies":"Chosen","floor":19,"turns":5},{"damage":64,"enemies":"Gremlin Leader","floor":21,"turns":5},{"damage":0,"enemies":"downfall:FleeingMerchant","floor":22,"turns":7},{"damage":0,"enemies":"Slavers","floor":23,"turns":5},{"damage":0,"enemies":"Shell Parasite","floor":25,"turns":4},{"damage":10,"enemies":"Replay:Snechameleon","floor":26,"turns":1}],"seed_played":"8489169252222177204","potions_obtained":[{"floor":2,"key":"SkillPotion"},{"floor":10,"key":"LiquidBronze"},{"floor":14,"key":"ColorlessPotion"},{"floor":16,"key":"Block Potion"},{"floor":23,"key":"Reflective Coating"},{"floor":25,"key":"PowerPotion"}],"is_trial":false,"path_per_floor":["R","E","?","M","R","E","T","M","M","E","?","M","?","M","M","B",null,"R","M","R","E","$","E","T","M","E"],"character_chosen":"THE_ANIMATOR","items_purchased":["Shovel","animator:Arpeggio"],"campfire_rested":0,"item_purchase_floors":[22,22],"current_hp_per_floor":[66,66,66,66,66,66,66,64,65,23,13,10,77,69,70,13,63,73,67,67,7,7,9,9,9,0,0],"gold":113,"neow_bonus":"THREE_ENEMY_KILL","is_daily":false,"chose_seed":false,"campfire_upgraded":3,"win_rate":0.0,"timestamp":1607905114,"path_taken":["R","E","?","?","R","E","T","M","M","E","?","M","?","M","M","BOSS","R","M","R","E","$","E","T","M","E"],"items_purchased_type":["Relic","Card"],"build_version":"2020-11-30","purchased_purges":0,"victory":false,"max_hp_per_floor":[66,66,66,66,66,66,66,66,67,67,67,67,77,77,79,80,80,90,90,90,94,94,96,96,96,96,96],"card_choices":[{"not_picked":["animator:KrulTepes","animator:Vanir"],"picked":"animator:RoyMustang","floor":2},{"not_picked":["animator:Entoma","animator:TsurugaMeisai","animator:SilverFang"],"picked":"SKIP","floor":4},{"not_picked":["animator:ElricEdward","animator:Konayuki"],"picked":"animator:Aisha","floor":6},{"not_picked":["animator:Sloth","animator:ElricEdward"],"picked":"animator:RoyMustang","floor":8},{"not_picked":["animator:Darkness","animator:Shichika"],"picked":"animator:WinryRockbell","floor":9},{"not_picked":["animator:Konayuki","animator:ElricAlphonse"],"picked":"animator:Arpeggio","floor":10},{"not_picked":["animator:TukaLunaMarceau","animator:Hans"],"picked":"animator:Viivi","floor":11},{"not_picked":["animator:ElricAlphonse","animator:ElricEdward"],"picked":"animator:MaesHughes","floor":12},{"not_picked":["animator:HiiragiShinya","animator:Yoichi"],"picked":"animator:AcuraAkari","floor":14},{"not_picked":["animator:Arpeggio","animator:Tatsumaki"],"picked":"animator:Entoma","floor":15},{"not_picked":["animator:Saitama","animator:Boros"],"picked":"animator:Envy","floor":16},{"not_picked":["animator:Guy","animator:ElricEdward"],"picked":"animator:Scar","floor":19},{"not_picked":["animator:ElricAlphonse","animator:ElricEdward"],"picked":"animator:Sloth","floor":21},{"not_picked":["animator:Evileye","animator:Laby+1"],"picked":"animator:Aisha","floor":22},{"not_picked":["animator:Guy","animator:Albedo"],"picked":"animator:Entoma","floor":23},{"not_picked":["animator:Gillette+1","animator:Yoichi"],"picked":"animator:Layla","floor":25}],"player_experience":1281283,"relics_obtained":[{"floor":2,"key":"MawBank"},{"floor":6,"key":"ReplayTheSpireMod:Shallot"},{"floor":10,"key":"Bag of Marbles"},{"floor":21,"key":"Pondfish Scales"},{"floor":23,"key":"Paper Crane"},{"floor":24,"key":"Centennial Puzzle"}],"event_choices":[{"cards_removed":["animator:Strike"],"damage_healed":0,"gold_gain":0,"player_choice":"Purged","damage_taken":0,"max_hp_gain":0,"max_hp_loss":0,"event_name":"Purifier","floor":3,"gold_loss":0}],"is_beta":false,"boss_relics":[{"not_picked":["hubris:Stopwatch","conspire:SlowCooker"],"picked":"ChewingGum"}],"items_purged_floors":[],"is_endless":false,"potions_floor_spawned":[2,10,14,16,23,25],"killed_by":"Replay:Snechameleon","ascension_level":5}}