{"host":"iirf6tm60n5v4e3j","time":1607936361,"event":{"mods":["BaseMod","Koishi","KomeijiMod","Minty Spire (QoL Compilation)","StSLib","The Alterego","TheSwordswoman"],"gold_per_floor":[115,15,34,84,95,95,106,140,140,157,179,189,189,205,205,280,280,294,0,0,15,15,15,15,15],"floor_reached":24,"playtime":2002,"items_purged":["Koishi:BasicStrike"],"score":347,"play_id":"5b58d9ef-4c4d-4491-8278-4855e5c29d51","local_time":"20201214005921","is_ascension_mode":true,"campfire_choices":[{"data":"Koishi:GhostParty","floor":6.0,"key":"SMITH"},{"data":"Koishi:Untouchable","floor":13.0,"key":"SMITH"},{"data":"Koishi:StingingMind","floor":15.0,"key":"SMITH"},{"data":"Koishi:Untouchable","floor":23,"key":"SMITH"}],"circlet_count":0,"master_deck":["AscendersBane","Koishi:BasicStrike","Koishi:BasicStrike","Koishi:BasicStrike","Koishi:BasicDefend+1","Koishi:BasicDefend","Koishi:BasicDefend","Koishi:BasicDefend","Koishi:Provoke+1","Koishi:HauntingSlash","Koishi:GeneticsOfTheUnconscious","Koishi:StingingMind+1","Koishi:GhostParty+1","Koishi:Whimsy","Koishi:Untouchable+1","Koishi:ImGoingToCallYouNow","Koishi:StingingMind","Koishi:SilentAndRestless","Koishi:TraumaticStroke","Koishi:SpiritedAway","Koishi:EmbryosDream","Koishi:Untouchable+1"],"relics":["Koishi:ImaginaryFriend","NeowsBlessing","War Paint","Bottled Lightning","Odd Mushroom","Velvet Choker","Bird Faced Urn"],"acts_visited":["Exordium","TheCity"],"potions_floor_usage":[24,24],"damage_taken":[{"damage":0.0,"enemies":"2 Louse","floor":1.0,"turns":1.0},{"damage":0.0,"enemies":"Cultist","floor":3.0,"turns":1.0},{"damage":0.0,"enemies":"Jaw Worm","floor":5.0,"turns":1.0},{"damage":28.0,"enemies":"Large Slime","floor":7.0,"turns":18.0},{"damage":13.0,"enemies":"Gremlin Nob","floor":8.0,"turns":14.0},{"damage":0.0,"enemies":"3 Louse","floor":10.0,"turns":6.0},{"damage":0.0,"enemies":"The Mushroom Lair","floor":11.0,"turns":12.0},{"damage":0.0,"enemies":"Blue Slaver","floor":12.0,"turns":8.0},{"damage":7.0,"enemies":"Gremlin Gang","floor":14.0,"turns":12.0},{"damage":44.0,"enemies":"Slime Boss","floor":16.0,"turns":24.0},{"damage":3.0,"enemies":"Shell Parasite","floor":18.0,"turns":11.0},{"damage":6,"enemies":"Chosen","floor":21,"turns":5},{"damage":78,"enemies":"Gremlin Leader","floor":24,"turns":15}],"seed_played":"-7580024832804874136","potions_obtained":[{"floor":3.0,"key":"SkillPotion"},{"floor":10.0,"key":"CalmPotion"},{"floor":12.0,"key":"ExcitationPotion"},{"floor":16.0,"key":"Block Potion"},{"floor":18.0,"key":"Explosive Potion"},{"floor":19,"key":"Swift Potion"}],"is_trial":false,"path_per_floor":["M","$","M","?","M","R","M","E","T","M","?","M","R","M","R","B",null,"M","?","?","M","$","R","E"],"character_chosen":"KOISHI","items_purchased":["Koishi:StingingMind"],"campfire_rested":0,"item_purchase_floors":[2],"current_hp_per_floor":[51,51,51,51,51,51,42,57,57,57,57,57,57,57,57,32,51,57,57,57,57,57,57,0,0],"gold":15,"neow_bonus":"THREE_ENEMY_KILL","is_daily":false,"chose_seed":false,"campfire_upgraded":4,"win_rate":0.0,"timestamp":1607936361,"path_taken":["M","$","M","?","?","R","M","E","T","M","?","M","R","M","R","BOSS","M","?","?","M","$","R","E"],"items_purchased_type":["Card"],"build_version":"2020-12-13","purchased_purges":1,"victory":false,"max_hp_per_floor":[57,57,57,57,57,57,57,57,57,57,57,57,57,57,57,57,57,57,57,57,57,57,57,57,57],"card_choices":[{"not_picked":["Koishi:EmbryosDream","Koishi:Jaunt"],"picked":"Koishi:GeneticsOfTheUnconscious","floor":1.0},{"not_picked":["Koishi:DreadfulBlow","Koishi:RorschachInDanmaku"],"picked":"Koishi:GhostParty","floor":3.0},{"not_picked":["Koishi:MindNumbingTerror","Koishi:EmbryosDream","Koishi:UnconsciousUprising"],"picked":"SKIP","floor":5.0},{"not_picked":["Koishi:HeartAttack","Koishi:BloodcurdlingScream"],"picked":"Koishi:Whimsy","floor":7.0},{"not_picked":["Koishi:StingingMind","Koishi:BloodcurdlingScream"],"picked":"Koishi:Untouchable","floor":8.0},{"not_picked":["Koishi:BloodcurdlingScream","Koishi:EmbersOfLove","Koishi:Possession"],"picked":"SKIP","floor":10.0},{"not_picked":["Koishi:CatchAndRose","Koishi:SubterraneanRose"],"picked":"Koishi:ImGoingToCallYouNow","floor":11.0},{"not_picked":["Koishi:SubconsciousSweep","Koishi:PhantomBarrier"],"picked":"Koishi:StingingMind","floor":12.0},{"not_picked":["Koishi:UnconsciousUprising","Koishi:HeartAttack","Koishi:JumpScare"],"picked":"SKIP","floor":14.0},{"not_picked":["Koishi:ConfinedInnocent","Koishi:RollingInRichesHeart"],"picked":"Koishi:SilentAndRestless","floor":16.0},{"not_picked":["Koishi:Prune","Koishi:ParalyzingFear"],"picked":"Koishi:TraumaticStroke","floor":18.0},{"not_picked":["Koishi:UnconsciousUrges","Koishi:StrangeCloudFist"],"picked":"Koishi:SpiritedAway","floor":19},{"not_picked":["Koishi:UnansweredLove","Koishi:PhantomStrike"],"picked":"Koishi:EmbryosDream","floor":19},{"not_picked":["Koishi:PhantomStrike","Koishi:UnansweredLove"],"picked":"Koishi:Untouchable","floor":21}],"player_experience":293471,"relics_obtained":[{"floor":8.0,"key":"War Paint"},{"floor":9.0,"key":"Bottled Lightning"},{"floor":11.0,"key":"Odd Mushroom"},{"floor":19,"key":"Bird Faced Urn"}],"event_choices":[{"damage_healed":0.0,"max_hp_gain":0.0,"max_hp_loss":0.0,"gold_gain":50.0,"event_name":"Golden Shrine","player_choice":"Pray","floor":4.0,"gold_loss":0.0,"damage_taken":0.0},{"damage_healed":0.0,"max_hp_gain":0.0,"max_hp_loss":0.0,"gold_gain":0.0,"event_name":"Mushrooms","player_choice":"Fought Mushrooms","floor":11.0,"gold_loss":0.0,"damage_taken":0.0},{"damage_healed":0,"gold_gain":0,"player_choice":"Ignored","damage_taken":0,"max_hp_gain":0,"max_hp_loss":0,"event_name":"Vampires","floor":20,"gold_loss":0}],"is_beta":false,"boss_relics":[{"not_picked":["Black Star","Runic Dome"],"picked":"Velvet Choker"}],"items_purged_floors":[2],"is_endless":false,"potions_floor_spawned":[3,10,12,16,18],"killed_by":"Gremlin Leader","ascension_level":15}}