{"host":"p6y17sixyu8q9v1f","time":1607979941,"event":{"mods":["BaseMod","Colored Map","Minty Spire (QoL Compilation)"],"gold_per_floor":[109,127,74,74,74,74,136,136,160,160,16,16,34,46,46,143,143,156,23,23,23,41,41,67,67,67,67,67,102,102,120,120,120,120],"floor_reached":33,"playtime":1788,"items_purged":["Strike_B","Strike_B"],"score":323,"play_id":"8ac1133a-7ec9-4bc2-9f4d-414063aa913a","local_time":"20201214150541","is_ascension_mode":true,"campfire_choices":[{"data":"Zap","floor":6,"key":"SMITH"},{"data":"Dualcast","floor":8,"key":"SMITH"},{"data":"Scrape","floor":12,"key":"SMITH"},{"floor":15,"key":"REST"},{"data":"Streamline","floor":23,"key":"SMITH"},{"data":"Reprogram","floor":25,"key":"SMITH"},{"data":"Reboot","floor":28,"key":"SMITH"},{"floor":30,"key":"REST"},{"floor":32,"key":"REST"}],"circlet_count":0,"master_deck":["Strike_B+1","Defend_B","Defend_B+1","Defend_B+1","Zap+1","Dualcast+1","Gash","Beam Cell","Sweeping Beam","Rebound+1","Scrape+1","Streamline+1","Reboot+1","Reprogram+1","Go for the Eyes","Rebound","Go for the Eyes"],"relics":["Cracked Core","Pen Nib","PreservedInsect","Lantern","Philosopher\u0027s Stone","MutagenicStrength","Pocketwatch","Question Card","Juzu Bracelet","War Paint"],"acts_visited":["Exordium","TheCity"],"potions_floor_usage":[14,31],"damage_taken":[{"damage":7,"enemies":"Small Slimes","floor":1,"turns":3},{"damage":0,"enemies":"2 Louse","floor":2,"turns":2},{"damage":28,"enemies":"Gremlin Nob","floor":7,"turns":4},{"damage":2,"enemies":"Jaw Worm","floor":13,"turns":2},{"damage":7,"enemies":"2 Fungi Beasts","floor":14,"turns":3},{"damage":23,"enemies":"Hexaghost","floor":16,"turns":7},{"damage":15,"enemies":"Shell Parasite","floor":18,"turns":3},{"damage":0,"enemies":"Spheric Guardian","floor":22,"turns":1},{"damage":17,"enemies":"Gremlin Leader","floor":24,"turns":4},{"damage":40,"enemies":"Slavers","floor":29,"turns":4},{"damage":11,"enemies":"Chosen and Byrds","floor":31,"turns":6},{"damage":64,"enemies":"Automaton","floor":33,"turns":6}],"seed_played":"287612432415305283","potions_obtained":[{"floor":13,"key":"Weak Potion"},{"floor":14,"key":"PotionOfCapacity"},{"floor":29,"key":"SpeedPotion"}],"is_trial":false,"path_per_floor":["M","M","$","?","?","R","?","R","T","?","$","R","M","M","R","B",null,"M","$","?","?","M","R","E","R","T","?","R","E","R","M","R","B"],"character_chosen":"DEFECT","items_purchased":["Sweeping Beam","Scrape","Reprogram"],"campfire_rested":3,"item_purchase_floors":[3,11,19],"current_hp_per_floor":[68,68,68,61,66,66,38,38,38,22,22,22,20,13,37,14,80,65,65,65,65,65,65,48,48,48,48,48,8,32,21,45,0,0],"gold":120,"neow_bonus":"RANDOM_COMMON_RELIC","is_daily":false,"chose_seed":false,"campfire_upgraded":6,"win_rate":0.0,"timestamp":1607979941,"path_taken":["M","M","$","?","?","R","?","R","T","?","$","R","?","M","R","BOSS","M","$","?","?","?","R","E","R","T","?","R","E","R","M","R","BOSS"],"items_purchased_type":["Card","Card","Card"],"build_version":"2020-12-13","purchased_purges":2,"victory":false,"max_hp_per_floor":[75,75,75,75,80,80,80,80,80,80,80,80,80,80,80,80,80,80,80,80,80,80,80,80,80,80,80,80,80,80,80,80,80,80],"card_choices":[{"not_picked":["Barrage","Skim"],"picked":"Gash","floor":1},{"not_picked":["Loop","Coolheaded"],"picked":"Beam Cell","floor":2},{"not_picked":["Cold Snap","Turbo"],"picked":"Rebound","floor":7},{"not_picked":["Turbo","Hologram","Ball Lightning"],"picked":"SKIP","floor":13},{"not_picked":["Barrage","Ball Lightning"],"picked":"Streamline","floor":14},{"not_picked":["Fission","Meteor Strike"],"picked":"Reboot","floor":16},{"not_picked":["Leap","Streamline","Sweeping Beam"],"picked":"SKIP","floor":18},{"not_picked":["Stack","Sweeping Beam"],"picked":"Rebound","floor":22},{"not_picked":["Capacitor","Hologram+1"],"picked":"Go for the Eyes","floor":24},{"not_picked":["Rebound","FTL","Skim","Redo"],"picked":"SKIP","floor":29},{"not_picked":["Multi-Cast","Ball Lightning","Steam","Hologram"],"picked":"SKIP","floor":31}],"player_experience":757336,"relics_obtained":[{"floor":7,"key":"PreservedInsect"},{"floor":9,"key":"Lantern"},{"floor":24,"key":"Pocketwatch"},{"floor":26,"key":"Question Card"},{"floor":29,"key":"War Paint"}],"event_choices":[{"cards_removed":["Strike_B"],"damage_healed":0,"gold_gain":0,"player_choice":"Card Removal","damage_taken":7,"max_hp_gain":0,"max_hp_loss":0,"event_name":"Golden Wing","floor":4,"gold_loss":0},{"damage_healed":0,"gold_gain":0,"player_choice":"Donut","damage_taken":0,"max_hp_gain":5,"max_hp_loss":0,"event_name":"Big Fish","floor":5,"gold_loss":0},{"damage_healed":0,"gold_gain":0,"player_choice":"Searched \u00271\u0027 times","damage_taken":0,"max_hp_gain":0,"max_hp_loss":0,"event_name":"Dead Adventurer","floor":7,"gold_loss":0},{"damage_healed":0,"gold_gain":0,"player_choice":"Entered Light","damage_taken":16,"max_hp_gain":0,"max_hp_loss":0,"event_name":"Shining Light","floor":10,"gold_loss":0,"cards_upgraded":["Strike_B","Rebound"]},{"damage_healed":0,"gold_gain":0,"player_choice":"Inject Mutagens","damage_taken":0,"relics_obtained":["MutagenicStrength"],"max_hp_gain":0,"max_hp_loss":0,"event_name":"Drug Dealer","floor":20,"gold_loss":0},{"damage_healed":0,"gold_gain":0,"cards_transformed":["Defend_B"],"player_choice":"Transformed","damage_taken":0,"max_hp_gain":0,"max_hp_loss":0,"event_name":"Transmorgrifier","floor":21,"gold_loss":0,"cards_obtained":["Go for the Eyes"]},{"damage_healed":0,"gold_gain":0,"player_choice":"Gave Potion","damage_taken":0,"relics_obtained":["Juzu Bracelet"],"max_hp_gain":0,"max_hp_loss":0,"event_name":"WeMeetAgain","floor":27,"gold_loss":0}],"is_beta":false,"boss_relics":[{"not_picked":["Velvet Choker","Ectoplasm"],"picked":"Philosopher\u0027s Stone"}],"items_purged_floors":[11,19],"is_endless":false,"potions_floor_spawned":[13,14,29],"killed_by":"Automaton","ascension_level":4}}