{"host":"jm9833yuloeli2yd","time":1607984647,"event":{"mods":["AchievementEnabler","BaseMod","Better Altar","Better Match","Better Note","Better Sensory Stone","Better Skull","Better Vampires","Colored Map","Colored Powertips","DeckTracker","Minty Spire (QoL Compilation)","Permanent Neow","Quick Restart","Replay The Spire","StSLib","SuperFastMode"],"gold_per_floor":[110,110,125,140,47,47,76,76,127,162,174,201,211,3,3,81,81,93,112,125,119,119,148,198,198,198],"floor_reached":25,"playtime":821,"items_purged":["Overencumbered"],"score":582,"play_id":"1fa9dc5a-e323-4f2c-9a6f-f8386d39a7f0","local_time":"20201214172407","is_ascension_mode":true,"campfire_choices":[{"data":"Reboot","floor":6.0,"key":"SMITH"},{"floor":8.0,"key":"REST"},{"floor":15,"key":"REST"}],"circlet_count":0,"master_deck":["AscendersBane","Strike_B","Strike_B","Strike_B","Strike_B","Defend_B","Defend_B","Defend_B+1","Defend_B","Zap","Dualcast","Reboot+1","ReplayGash+1","Ball Lightning","Cold Snap","Steam","Steam","Cold Snap","ReplayTheSpireMod:Calculation Training","Hologram","Conserve Battery","Biased Cognition","Hologram","Gash","Amplify","Streamline+1","Chill","Doom and Gloom","FIFO Queue","Self Repair","Glacier"],"relics":["Cracked Core","Toy Ornithopter","Potion Belt","Replay:Antivirus Software","Divine Protection","Bag of Preparation","Snecko Eye","ReplayTheSpireMod:CursedCoin","Incense Burner"],"acts_visited":["Exordium","TheCity"],"potions_floor_usage":[23,23,23,25],"damage_taken":[{"damage":1.0,"enemies":"Small Slimes","floor":1.0,"turns":3.0},{"damage":0.0,"enemies":"Cultist","floor":3.0,"turns":3.0},{"damage":7.0,"enemies":"Jaw Worm","floor":4.0,"turns":3.0},{"damage":7.0,"enemies":"3 Sentries","floor":7.0,"turns":6.0},{"damage":35.0,"enemies":"Gremlin Nob","floor":10.0,"turns":5.0},{"damage":4.0,"enemies":"Large Slime","floor":11.0,"turns":6.0},{"damage":9,"enemies":"3 Sentries","floor":12,"turns":7},{"damage":0,"enemies":"Looter","floor":13,"turns":3},{"damage":0,"enemies":"The Guardian","floor":16,"turns":8},{"damage":5,"enemies":"Chosen","floor":18,"turns":9},{"damage":0,"enemies":"3 Byrds","floor":19,"turns":3},{"damage":1,"enemies":"Centurion and Healer","floor":20,"turns":10},{"damage":39,"enemies":"Slavers","floor":23,"turns":5},{"damage":34,"enemies":"Book of Stabbing","floor":25,"turns":7}],"seed_played":"8621408892497261021","potions_obtained":[{"floor":1.0,"key":"Explosive Potion"},{"floor":3.0,"key":"Block Potion"},{"floor":13,"key":"Explosive Potion"},{"floor":16,"key":"Energy Potion"},{"floor":18,"key":"Fire Potion"},{"floor":19,"key":"AttackPotion"}],"is_trial":false,"path_per_floor":["M","?","M","M","$","R","E","R","T","E","M","E","M","$","R","B",null,"M","M","M","$","?","E","?","E"],"character_chosen":"DEFECT","items_purchased":["Steam","Cold Snap","Gash","Bag of Preparation","FIFO Queue","ReplayTheSpireMod:CursedCoin"],"campfire_rested":2,"item_purchase_floors":[5,5,14,14,21,21],"current_hp_per_floor":[63,38,38,31,31,31,24,45,45,15,11,2,2,2,23,23,59,54,54,53,53,53,29,29,0,0],"gold":198,"neow_bonus":"ONE_RANDOM_RARE_CARD","is_daily":false,"chose_seed":false,"campfire_upgraded":1,"win_rate":0.0,"timestamp":1607984647,"path_taken":["M","?","M","M","$","R","E","R","T","E","M","E","M","?","R","BOSS","M","M","?","$","?","E","?","E"],"items_purchased_type":["Card","Card","Card","Relic","Card","Relic"],"build_version":"2020-12-13","purchased_purges":1,"victory":false,"max_hp_per_floor":[71,71,71,71,71,71,71,71,71,71,71,71,71,71,71,71,71,71,71,71,71,71,71,71,71,71],"card_choices":[{"not_picked":["Go for the Eyes","Cold Snap"],"picked":"ReplayGash","floor":1.0},{"not_picked":["Coolheaded","Beam Cell"],"picked":"Ball Lightning","floor":3.0},{"not_picked":["Barrage","Blizzard"],"picked":"Cold Snap","floor":4.0},{"not_picked":["Reprogram","Steam"],"picked":"ReplayTheSpireMod:Calculation Training","floor":7.0},{"not_picked":["Rebound","Leap"],"picked":"Hologram","floor":10.0},{"not_picked":["Steam","Ball Lightning"],"picked":"Conserve Battery","floor":11.0},{"not_picked":["Glacier","BasicCrystalCard"],"picked":"Biased Cognition","floor":12},{"not_picked":["Compile Driver","Beam Cell"],"picked":"Hologram","floor":13},{"not_picked":["Meteor Strike","Creative AI"],"picked":"Amplify","floor":16},{"not_picked":["Auto Shields+1","BasicCrystalCard"],"picked":"Streamline+1","floor":18},{"not_picked":["Darkness","BasicCrystalCard"],"picked":"Chill","floor":19},{"not_picked":["Hello World","Sweeping Beam"],"picked":"Doom and Gloom","floor":20},{"not_picked":["Sweeping Beam","Turbo+1"],"picked":"Glacier","floor":23}],"player_experience":1057534,"relics_obtained":[{"floor":7.0,"key":"Toy Ornithopter"},{"floor":9.0,"key":"Potion Belt"},{"floor":10.0,"key":"Replay:Antivirus Software"},{"floor":12,"key":"Divine Protection"},{"floor":23,"key":"Incense Burner"}],"event_choices":[{"damage_healed":0.0,"max_hp_gain":0.0,"max_hp_loss":0.0,"gold_gain":0.0,"event_name":"betterSkull:BetterSkull","player_choice":"UP UP ","floor":2.0,"gold_loss":0.0,"damage_taken":29.0,"cards_upgraded":["ReplayGash","Defend_B"],"relics_obtained":[]},{"damage_healed":0,"gold_gain":0,"player_choice":"Read","damage_taken":0,"max_hp_gain":0,"max_hp_loss":0,"event_name":"The Library","floor":22,"gold_loss":0,"cards_obtained":["Self Repair"]},{"damage_healed":0,"gold_gain":50,"player_choice":"Stole From Cult","damage_taken":0,"max_hp_gain":0,"max_hp_loss":0,"event_name":"Nest","floor":24,"gold_loss":0}],"is_beta":false,"boss_relics":[{"not_picked":["ChewingGum","Cursed Key"],"picked":"Snecko Eye"}],"items_purged_floors":[21],"is_endless":false,"potions_floor_spawned":[1,3,13,16,18,19],"killed_by":"Book of Stabbing","ascension_level":20}}