{"host":"97bfbul5vt0mksxl","time":1607954858,"event":{"mods":["BaseMod","Colored Powertips","Highlight Path","Infinite Spire","Minty Spire (QoL Compilation)","Replay The Spire","Shop Mod","StSLib","SuperFastMode"],"gold_per_floor":[117,132,146,146,146,187,205,15,15,15,15],"floor_reached":10,"playtime":500,"items_purged":[],"score":68,"play_id":"d6750c43-df38-45da-8542-4a73a2b8291d","local_time":"20201214110738","is_ascension_mode":false,"campfire_choices":[],"circlet_count":0,"master_deck":["Strike_P","Strike_P","Strike_P","Strike_P","Defend_P","Defend_P","Defend_P","Defend_P","Eruption","Vigilance","Clumsy","Ragnarok","Prostrate","EmptyFist","Collect","Writhe","ReplayTheSpireMod:Restless Dread","infinitespire:Starlight","JustLucky","TalkToTheHand"],"relics":["PureWater","Golden Idol","Ornamental Fan","Replay:Mystery Machine","infinitespire:Joker Card"],"acts_visited":["Exordium"],"potions_floor_usage":[7],"damage_taken":[{"damage":0,"enemies":"Small Slimes","floor":1,"turns":4},{"damage":4,"enemies":"2 Louse","floor":2,"turns":3},{"damage":1,"enemies":"Jaw Worm","floor":3,"turns":3},{"damage":49,"enemies":"3 Sentries","floor":6,"turns":9},{"damage":0,"enemies":"Large Slime","floor":7,"turns":3},{"damage":23,"enemies":"Gremlin Nob","floor":10,"turns":3}],"seed_played":"-4868611175584932255","potions_obtained":[{"floor":3,"key":"SteroidPotion"},{"floor":7,"key":"Elixir"}],"is_trial":false,"path_per_floor":["M","M","M","?","?","E","M","$","T","E"],"character_chosen":"WATCHER","items_purchased":["Replay:Mystery Machine","TalkToTheHand"],"campfire_rested":0,"item_purchase_floors":[8,8],"current_hp_per_floor":[72,68,67,49,49,10,20,20,20,0,0],"gold":15,"neow_bonus":"THREE_RARE_CARDS","is_daily":false,"chose_seed":false,"campfire_upgraded":0,"win_rate":0.0,"timestamp":1607954858,"path_taken":["M","M","M","?","?","E","M","?","T","E"],"items_purchased_type":["Relic","Card"],"build_version":"2020-12-13","purchased_purges":0,"victory":false,"max_hp_per_floor":[72,72,72,72,72,72,72,72,72,72,72],"card_choices":[{"not_picked":["Scrawl","Replay:AllIn"],"picked":"Ragnarok","floor":0},{"not_picked":["CutThroughFate","Sanctity"],"picked":"Prostrate","floor":1},{"not_picked":["Replay:AtTheReady","Replay:Anticipation"],"picked":"EmptyFist","floor":2},{"not_picked":["CarveReality","Replay:AtTheReady"],"picked":"Collect","floor":3},{"not_picked":["infinitespire:DeathsTouch","infinitespire:SevenWalls"],"picked":"infinitespire:Starlight","floor":5},{"not_picked":["SashWhip","FlyingSleeves"],"picked":"JustLucky","floor":6},{"not_picked":["Replay:AllIn","Wallop","Evaluate"],"picked":"SKIP","floor":7}],"player_experience":143177,"relics_obtained":[{"floor":6,"key":"Ornamental Fan"},{"floor":9,"key":"infinitespire:Joker Card"}],"event_choices":[{"damage_healed":0,"gold_gain":0,"player_choice":"Take Damage","damage_taken":18,"relics_obtained":["Golden Idol"],"max_hp_gain":0,"max_hp_loss":0,"event_name":"Golden Idol","floor":4,"gold_loss":0}],"is_beta":false,"boss_relics":[],"items_purged_floors":[],"is_endless":false,"potions_floor_spawned":[3,7],"killed_by":"Gremlin Nob","ascension_level":0}}