{"host":"wukocnei7dgudpva","time":1607937335,"event":{"mods":["AchievementEnabler","BaseMod","Colored Map","Minty Spire (QoL Compilation)","StSLib","SuperFastMode"],"gold_per_floor":[116,86,99,49,49,49,74,99,99,50,50,27,27,27,27,148,148,169,185,200,215,47,47,67,67,91,110,110,135,153,196,196,196,196],"floor_reached":33,"playtime":1778,"items_purged":["Strike_B"],"score":257,"play_id":"18b835b6-210d-4a0d-a563-725ff36dc2a2","local_time":"20201214181535","is_ascension_mode":false,"campfire_choices":[{"data":"Redo","floor":6.0,"key":"SMITH"},{"data":"Redo","floor":11.0,"key":"SMITH"},{"data":"Dualcast","floor":13.0,"key":"SMITH"},{"floor":15.0,"key":"RECALL"},{"floor":23,"key":"REST"},{"floor":25,"key":"REST"},{"floor":28,"key":"REST"},{"floor":32,"key":"REST"}],"circlet_count":0,"master_deck":["Strike_B","Strike_B","Defend_B","Defend_B","Defend_B","Defend_B","Zap","Dualcast+1","Redo+1","Conserve Battery","Redo+1","Hologram","Reboot","Doom and Gloom","Double Energy+1","Ball Lightning","Double Energy","Capacitor","Redo","Leap","Conserve Battery+1","Hologram","Cold Snap+1"],"relics":["Cracked Core","Golden Idol","HornCleat","SacredBark","Lantern","Strawberry"],"acts_visited":["Exordium","TheCity"],"potions_floor_usage":[20,29,31,33],"damage_taken":[{"damage":1.0,"enemies":"Cultist","floor":1.0,"turns":3.0},{"damage":1.0,"enemies":"Jaw Worm","floor":3.0,"turns":5.0},{"damage":0.0,"enemies":"2 Louse","floor":8.0,"turns":2.0},{"damage":70.0,"enemies":"Hexaghost","floor":16.0,"turns":13.0},{"damage":17.0,"enemies":"Chosen","floor":18.0,"turns":6.0},{"damage":0.0,"enemies":"Spheric Guardian","floor":19.0,"turns":3.0},{"damage":25,"enemies":"Snake Plant","floor":20,"turns":4},{"damage":16,"enemies":"Centurion and Healer","floor":21,"turns":7},{"damage":3,"enemies":"Snecko","floor":24,"turns":4},{"damage":29,"enemies":"Cultist and Chosen","floor":27,"turns":8},{"damage":2,"enemies":"Centurion and Healer","floor":29,"turns":4},{"damage":3,"enemies":"Snecko","floor":30,"turns":5},{"damage":52,"enemies":"Book of Stabbing","floor":31,"turns":4},{"damage":50,"enemies":"Automaton","floor":33,"turns":6}],"seed_played":"-3957075968941099501","potions_obtained":[{"floor":2.0,"key":"PowerPotion"},{"floor":2.0,"key":"DuplicationPotion"},{"floor":3.0,"key":"Weak Potion"},{"floor":8.0,"key":"EssenceOfDarkness"},{"floor":16.0,"key":"LiquidBronze"},{"floor":18.0,"key":"LiquidMemories"},{"floor":20,"key":"CultistPotion"},{"floor":27,"key":"Explosive Potion"},{"floor":31,"key":"LiquidMemories"}],"is_trial":false,"path_per_floor":["M","?","M","?","?","R","T","M","T","$","R","$","R","?","R","B",null,"M","M","M","M","$","R","M","R","T","M","R","M","M","E","R","B"],"character_chosen":"DEFECT","items_purchased":["Redo","Hologram","Capacitor","Redo"],"campfire_rested":4,"item_purchase_floors":[10,12,22,22],"current_hp_per_floor":[81,81,80,80,60,60,60,60,60,60,60,60,60,82,82,12,82,65,65,40,24,24,48,45,69,69,40,64,62,59,14,40,0,0],"gold":196,"neow_bonus":"TEN_PERCENT_HP_BONUS","is_daily":false,"chose_seed":false,"campfire_upgraded":3,"win_rate":0.0,"timestamp":1607937335,"path_taken":["M","?","?","?","?","R","?","M","T","$","R","$","R","?","R","BOSS","M","M","M","?","$","R","M","R","T","M","R","M","M","E","R","BOSS"],"items_purchased_type":["Card","Card","Card","Card"],"build_version":"2020-12-13","purchased_purges":1,"victory":false,"max_hp_per_floor":[82,82,82,82,82,82,82,82,82,82,82,82,82,82,82,82,82,82,82,82,82,82,82,82,82,82,82,82,82,82,89,89,89,89],"card_choices":[{"not_picked":["Sweeping Beam","Loop"],"picked":"Redo","floor":1.0},{"not_picked":["Steam","Storm"],"picked":"Conserve Battery","floor":3.0},{"not_picked":["Skim","Stack","Steam"],"picked":"SKIP","floor":8.0},{"not_picked":["Echo Form","Thunder Strike"],"picked":"Reboot","floor":16.0},{"not_picked":["Steam+1","Auto Shields"],"picked":"Doom and Gloom","floor":18.0},{"not_picked":["Lockon+1","Sweeping Beam"],"picked":"Double Energy+1","floor":19.0},{"not_picked":["Cold Snap","Force Field"],"picked":"Ball Lightning","floor":20},{"not_picked":["Thunder Strike","Hello World"],"picked":"Double Energy","floor":21},{"not_picked":["Barrage","Streamline"],"picked":"Leap","floor":24},{"not_picked":["Heatsinks+1","Steam"],"picked":"Conserve Battery+1","floor":27},{"not_picked":["Sweeping Beam","Streamline"],"picked":"Hologram","floor":29},{"not_picked":["Buffer","Conserve Battery+1"],"picked":"Cold Snap+1","floor":30},{"not_picked":["Heatsinks","Conserve Battery","Aggregate"],"picked":"SKIP","floor":31}],"player_experience":217255,"relics_obtained":[{"floor":9.0,"key":"HornCleat"},{"floor":26,"key":"Lantern"},{"floor":31,"key":"Strawberry"}],"event_choices":[{"damage_healed":0.0,"max_hp_gain":0.0,"max_hp_loss":0.0,"gold_gain":0.0,"event_name":"The Woman in Blue","player_choice":"Bought 2 Potions","floor":2.0,"gold_loss":0.0,"damage_taken":0.0},{"cards_removed":["Strike_B"],"damage_healed":0.0,"max_hp_gain":0.0,"max_hp_loss":0.0,"gold_gain":0.0,"event_name":"The Cleric","player_choice":"Card Removal","floor":4.0,"gold_loss":50.0,"damage_taken":0.0},{"damage_healed":0.0,"max_hp_gain":0.0,"max_hp_loss":0.0,"gold_gain":0.0,"event_name":"Golden Idol","player_choice":"Take Damage","floor":5.0,"gold_loss":0.0,"damage_taken":20.0,"relics_obtained":["Golden Idol"]},{"damage_healed":22.0,"max_hp_gain":0.0,"max_hp_loss":0.0,"gold_gain":0.0,"event_name":"Wheel of Change","player_choice":"Full Heal","floor":14.0,"gold_loss":0.0,"damage_taken":0.0}],"is_beta":false,"boss_relics":[{"not_picked":["Cursed Key","Sozu"],"picked":"SacredBark"}],"items_purged_floors":[22],"is_endless":false,"potions_floor_spawned":[3,8,16,18,20,27,31],"killed_by":"Automaton","ascension_level":0}}