{"host":"9pqy5lt7vda52ebm","time":1607927707,"event":{"mods":["100% Spire Juice","BaseMod","Minty Spire (QoL Compilation)","Optimize The Spire","Quick Restart","StSLib"],"gold_per_floor":[116,116,128,139,19,54,54,67,67,94,105,37,37,37,37,135,135,148,164,89,100,117,117,144,144,144,155,187,205,105,123,123,218,218,236,111,122,122,122,147,163,191,240,313,313,324,324,335,335,335],"floor_reached":51,"playtime":10869,"items_purged":["Moonworks:Defend","Moonworks:Strike","Moonworks:Defend"],"score":959,"play_id":"dda2101e-4a0f-472c-8c14-f6656723e230","local_time":"20201214013507","is_ascension_mode":false,"campfire_choices":[{"data":"Moonworks:LongDistanceShot","floor":13,"key":"SMITH"},{"data":"Moonworks:WindyEnchantment","floor":15,"key":"SMITH"},{"floor":23,"key":"RECALL"},{"floor":25,"key":"REST"},{"floor":32,"key":"REST"},{"floor":45,"key":"REST"},{"floor":49,"key":"REST"}],"circlet_count":0,"master_deck":["Moonworks:Strike","Moonworks:Defend","Moonworks:Defend","Moonworks:Ambush","Moonworks:LongDistanceShot+1","Moonworks:ImmovableObject","Moonworks:WindyEnchantment+1","Moonworks:WindyEnchantment","Moonworks:NicePresent","Moonworks:ScrambledEve","Moonworks:AnotherUltimateWeapon","Moonworks:BackdoorTrade+1","Moonworks:CrystalBarrier","Moonworks:ExtendedPhotonRifle+1","Purity","Parasite"],"relics":["Moonworks:BrokenBomb","Moonworks:Homemark","Toy Ornithopter","Kunai","Bird Faced Urn","Fusion Hammer","Regal Pillow","PreservedInsect","Incense Burner","Sozu","Ornamental Fan","Vajra","Bronze Scales","Pear"],"acts_visited":["Exordium","TheCity","TheBeyond"],"potions_floor_usage":[],"damage_taken":[{"damage":0,"enemies":"2 Louse","floor":1,"turns":3},{"damage":0,"enemies":"Cultist","floor":3,"turns":3},{"damage":0,"enemies":"Small Slimes","floor":4,"turns":4},{"damage":0,"enemies":"3 Sentries","floor":6,"turns":9},{"damage":0,"enemies":"Red Slaver","floor":8,"turns":4},{"damage":9,"enemies":"Gremlin Nob","floor":10,"turns":5},{"damage":0,"enemies":"Gremlin Gang","floor":11,"turns":4},{"damage":0,"enemies":"The Guardian","floor":16,"turns":5},{"damage":4,"enemies":"Chosen","floor":18,"turns":5},{"damage":0,"enemies":"Spheric Guardian","floor":19,"turns":4},{"damage":0,"enemies":"Snake Plant","floor":21,"turns":4},{"damage":0,"enemies":"Shelled Parasite and Fungi","floor":22,"turns":4},{"damage":3,"enemies":"Book of Stabbing","floor":24,"turns":4},{"damage":0,"enemies":"Chosen and Byrds","floor":27,"turns":4},{"damage":0,"enemies":"Gremlin Leader","floor":28,"turns":4},{"damage":0,"enemies":"Snake Plant","floor":29,"turns":4},{"damage":0,"enemies":"3 Cultists","floor":31,"turns":5},{"damage":0,"enemies":"Automaton","floor":33,"turns":5},{"damage":18,"enemies":"3 Shapes","floor":35,"turns":4},{"damage":0,"enemies":"Orb Walker","floor":37,"turns":4},{"damage":0,"enemies":"Giant Head","floor":40,"turns":3},{"damage":0,"enemies":"Sphere and 2 Shapes","floor":41,"turns":6},{"damage":39,"enemies":"Nemesis","floor":42,"turns":3},{"damage":0,"enemies":"Spire Growth","floor":46,"turns":2},{"damage":0,"enemies":"Writhing Mass","floor":48,"turns":3},{"damage":1,"enemies":"Time Eater","floor":50,"turns":4}],"seed_played":"-5159680291471668023","potions_obtained":[{"floor":3,"key":"SteroidPotion"},{"floor":4,"key":"DistilledChaos"},{"floor":8,"key":"ColorlessPotion"},{"floor":11,"key":"Block Potion"},{"floor":21,"key":"Swift Potion"}],"is_trial":false,"path_per_floor":["M","?","M","M","$","E","?","M","T","E","M","$","R","?","R","B",null,"M","M","$","M","M","R","E","R","T","M","E","M","$","M","R","B",null,"M","$","M","?","?","E","M","E","T","T","R","M","?","M","R","B",null],"character_chosen":"THE_STARBREAKER","items_purchased":["Moonworks:ScrambledEve"],"campfire_rested":4,"item_purchase_floors":[12],"current_hp_per_floor":[66,59,59,59,59,59,59,59,59,50,50,50,50,50,50,50,66,62,64,64,66,66,66,63,66,66,66,66,66,66,66,66,66,66,52,52,56,56,56,60,64,27,27,37,74,76,66,70,76,76],"gold":335,"neow_bonus":"TEN_PERCENT_HP_BONUS","is_daily":false,"chose_seed":false,"campfire_upgraded":2,"win_rate":0.0,"timestamp":1607927707,"path_taken":["M","?","M","M","$","E","?","M","T","E","?","$","R","?","R","BOSS","M","M","$","M","?","R","E","R","T","M","E","M","?","M","R","BOSS","M","$","?","?","?","E","?","E","T","?","R","M","?","M","R","BOSS"],"items_purchased_type":["Card"],"build_version":"2020-12-13","purchased_purges":3,"victory":true,"max_hp_per_floor":[66,66,66,66,66,66,66,66,66,66,66,66,66,66,66,66,66,66,66,66,66,66,66,66,66,66,66,66,66,66,66,66,66,66,66,66,66,66,66,66,66,66,66,76,76,76,76,76,76,76],"card_choices":[{"not_picked":["Moonworks:ImOnFire","Moonworks:CloudOfSeagulls"],"picked":"Moonworks:ImmovableObject","floor":1},{"not_picked":["Moonworks:SakisCookie","Moonworks:UnpaidWork"],"picked":"Moonworks:WindyEnchantment","floor":3},{"not_picked":["Moonworks:WindyEnchantment","Moonworks:SinkOrSwim","Moonworks:DeployBits"],"picked":"SKIP","floor":4},{"not_picked":["Moonworks:CloudOfSeagulls","Moonworks:ImOnFire"],"picked":"Moonworks:WindyEnchantment","floor":6},{"not_picked":["Moonworks:ImOnFire","Moonworks:UnpaidWork","Moonworks:DeployBits"],"picked":"SKIP","floor":8},{"not_picked":["Moonworks:ImOnFire","Moonworks:UnpaidWork","Moonworks:DeployBits"],"picked":"SKIP","floor":8},{"not_picked":["Moonworks:DeployBits","Moonworks:Heat300Percent","Moonworks:CloudOfSeagulls"],"picked":"SKIP","floor":10},{"not_picked":["Moonworks:CompletionReward","Moonworks:ReproductionOfRecords"],"picked":"Moonworks:NicePresent","floor":11},{"not_picked":["Moonworks:OutOfAmmo","Moonworks:FinalBattle"],"picked":"Moonworks:AnotherUltimateWeapon","floor":16},{"not_picked":["Moonworks:ImOnFire+1","Moonworks:BigMagnum","Moonworks:DeployBits+1"],"picked":"SKIP","floor":18},{"not_picked":["Moonworks:NicePresent","Moonworks:DevilHand+1","Moonworks:RagingMadness+1"],"picked":"SKIP","floor":19},{"not_picked":["Moonworks:ImOnFire","Moonworks:NicePresent","Moonworks:BigMagnum"],"picked":"SKIP","floor":21},{"not_picked":["Moonworks:NicePresent","Moonworks:BigMagnum"],"picked":"Moonworks:BackdoorTrade","floor":22},{"not_picked":["Moonworks:CloudOfSeagulls+1","Moonworks:FinalSurgery+1"],"picked":"Moonworks:CrystalBarrier","floor":24},{"not_picked":["Moonworks:NicePresent+1","Moonworks:JonathanRush","Moonworks:CloudOfSeagulls"],"picked":"SKIP","floor":27},{"not_picked":["Moonworks:WindyEnchantment","Moonworks:ImOnFire","Moonworks:SakisCookie"],"picked":"SKIP","floor":28},{"not_picked":["Moonworks:SakisCookie","Moonworks:DeployBits","Moonworks:WindyEnchantment"],"picked":"SKIP","floor":29},{"not_picked":["Moonworks:DeployBits","Moonworks:FullSpeedAlicianrone+1"],"picked":"Moonworks:ExtendedPhotonRifle+1","floor":31},{"not_picked":["Moonworks:BigMagnum","Moonworks:AwakeningOfTalent","Moonworks:CloudOfSeagulls+1"],"picked":"SKIP","floor":35},{"not_picked":["Moonworks:BigMagnum+1","Moonworks:SakisCookie+1","Moonworks:ImOnFire+1"],"picked":"SKIP","floor":37},{"not_picked":["Moonworks:CloudOfSeagulls","Moonworks:ImOnFire","Moonworks:FinalSurgery+1"],"picked":"SKIP","floor":40},{"not_picked":["Moonworks:CloudOfSeagulls","Moonworks:BigMagnum+1","Moonworks:LulusLuckyEgg"],"picked":"SKIP","floor":41},{"not_picked":["Moonworks:Blazing","Moonworks:TacticalRetreat+1","Moonworks:ExtendedPhotonRifle+1"],"picked":"SKIP","floor":42},{"not_picked":["Moonworks:CompletionReward+1","Moonworks:JonathanRush+1","Moonworks:DeployBits"],"picked":"SKIP","floor":46},{"not_picked":["The Bomb","Violence"],"picked":"Purity","floor":47},{"not_picked":["Moonworks:BeyondHell+1","Moonworks:RedAndBlue","Moonworks:LulusLuckyEgg"],"picked":"SKIP","floor":48}],"player_experience":311977,"relics_obtained":[{"floor":6,"key":"Toy Ornithopter"},{"floor":9,"key":"Kunai"},{"floor":10,"key":"Bird Faced Urn"},{"floor":24,"key":"Regal Pillow"},{"floor":26,"key":"PreservedInsect"},{"floor":28,"key":"Incense Burner"},{"floor":40,"key":"Ornamental Fan"},{"floor":42,"key":"Vajra"},{"floor":43,"key":"Bronze Scales"},{"floor":44,"key":"Pear"}],"event_choices":[{"cards_removed":["Moonworks:Strike"],"damage_healed":0,"gold_gain":0,"player_choice":"Card Removal","damage_taken":7,"max_hp_gain":0,"max_hp_loss":0,"event_name":"Golden Wing","floor":2,"gold_loss":0},{"damage_healed":0,"gold_gain":0,"player_choice":"Ignored","damage_taken":0,"max_hp_gain":0,"max_hp_loss":0,"event_name":"NoteForYourself","floor":7,"gold_loss":0},{"cards_removed":["Moonworks:Strike"],"damage_healed":0,"gold_gain":0,"player_choice":"Offered Basic","damage_taken":0,"max_hp_gain":0,"max_hp_loss":0,"event_name":"Bonfire Elementals","floor":14,"gold_loss":0},{"damage_healed":0,"gold_gain":0,"player_choice":"Ignored","damage_taken":0,"max_hp_gain":0,"max_hp_loss":0,"event_name":"Tomb of Lord Red Mask","floor":38,"gold_loss":0},{"damage_healed":0,"gold_gain":0,"player_choice":"Forge","damage_taken":0,"max_hp_gain":0,"max_hp_loss":0,"event_name":"Accursed Blacksmith","floor":39,"gold_loss":0,"cards_upgraded":["Moonworks:BackdoorTrade"]},{"damage_healed":0,"gold_gain":0,"player_choice":"Memory 3","damage_taken":10,"max_hp_gain":0,"max_hp_loss":0,"event_name":"SensoryStone","floor":47,"gold_loss":0}],"is_beta":false,"boss_relics":[{"not_picked":["Cursed Key","SacredBark"],"picked":"Fusion Hammer"},{"not_picked":["Coffee Dripper","Tiny House"],"picked":"Sozu"}],"items_purged_floors":[20,30,36],"is_endless":false,"potions_floor_spawned":[3,4,8,11,21,28,31,33,41,46],"ascension_level":0}}