{"host":"bp6b47iftb3mluh0","time":1607960803,"event":{"mods":["Act Like it!","Alarm Clock","Aspiration","BaseMod","Better Third Choice","Better Vampires","Challenge The Spire","Colored Powertips","Conspire","Dota2Spire","Downfall","Friendly Minions","Gensokyo","Hallownest","Hermit","Kiyohime（清姬）","Lobotomy","LobotomyExtend","Marisa（F雨　魔理沙）","Marked Mod","Minty Spire (QoL Compilation)","Quick Restart","Red Circlet Mod","Replay The Spire","Ryuuou龙王","Shop Mod","StSLib","The Bug Knight","The Poker Player","Uncapped","Waifu the Spire","Youmu（魂魄妖梦）","[地精首领爬塔]The Maniac","vexMod","【东方二次创作】八云紫mod","【遗物卡牌】REMEMod"],"gold_per_floor":[99,109,109,144,171,182,207,218,257,257,270,270,290,290,305,401,401,401,430,430,430,380,380,380,380,415,340,353,263,334,256,266,368,368,293,306,323,334,351,82,82,82,82,82,99,113,3,3,66,283,283],"floor_reached":52,"playtime":3205,"items_purged":["Dazed","Defend_R"],"score":865,"play_id":"f1d1b401-0b26-47ed-83c3-c354f182aa2c","local_time":"20201214234643","is_ascension_mode":false,"campfire_choices":[{"floor":1.0,"key":"DIG"},{"data":"HollowMod:SlysStrikes","floor":3.0,"key":"SMITH"},{"data":"REME_Scribble","floor":10.0,"key":"SMITH"},{"floor":18.0,"key":"DIG"},{"data":"ReplayTheSpireMod:Limb From Limb","floor":23.0,"key":"SMITH"},{"data":"Bash","floor":25.0,"key":"SMITH"},{"floor":27.0,"key":"RECALL"},{"data":"Limit Break","floor":42,"key":"SMITH"},{"data":"Strike_R","floor":44,"key":"SMITH"}],"circlet_count":0,"master_deck":["Strike_R","Strike_R","Strike_R","Strike_R+1","Defend_R","Defend_R+1","Bash+1","HollowMod:SlysStrikes+1","REME_Scribble+1","SpiderBud","ReplayTheSpireMod:Limb From Limb+1","ShyLook","MeatLantern","Wellcheers","FieryBird","conspire:HitWhereItHurts+1","Headbutt+1","OSAHOGD","BlackSwan","BlueStar","Reaper","REME_ACTH+1","Limit Break+1","Metallicize+1","Life Link+1","Thunderclap+1","Heavy Blade","Pride"],"relics":["Burning Blood","REME_ComplimentaryCards","CogitoBucket","Paper Frog","LetterFromLob","Replay:Accelerometer","Replay:Mystery Machine","Dota2Spire:UrnOfShadows","Gremlin Horn","TreeSap","Mark of Pain","Chameleon Ring","Anchor","HollowMod:LifeEnderRelic","Pantograph","downfall:HeartBlessingGreen","AspirationHeart","Bottled Flame","Dota2Spire:Vanguard","Orichalcum","downfall:HeartBlessingRed","MerchantsRug","Mirror","aspiration:HummingbirdHeart","REME_ArchaeologicalTools"],"acts_visited":["Hallownest:Greenpath","Gensokyo:Gensokyoer","Hallownest:KingdomsEdge"],"potions_floor_usage":[50,50],"damage_taken":[{"damage":7.0,"enemies":"Hallownest:2_Tiktiks_and_1_Crawlid","floor":2.0,"turns":5.0},{"damage":13.0,"enemies":"Hallownest:eliteVengeflyKing","floor":4.0,"turns":10.0},{"damage":6.0,"enemies":"Hallownest:2_Baldur","floor":6.0,"turns":5.0},{"damage":10.0,"enemies":"2_ Uuma","floor":8.0,"turns":6.0},{"damage":28.0,"enemies":"conspire:MimicChest","floor":9.0,"turns":8.0},{"damage":35.0,"enemies":"Hallownest:Wandering_and_Horned","floor":11.0,"turns":5.0},{"damage":3.0,"enemies":"Hallownest:1_Baldur_1_Crawlid_1_Warrior","floor":13.0,"turns":4.0},{"damage":4.0,"enemies":"Hallownest:2_Tiktiks_1_Baldur_1_Crawlid","floor":15.0,"turns":4.0},{"damage":9.0,"enemies":"downfall:Watcher","floor":16.0,"turns":6.0},{"damage":33.0,"enemies":"Gensokyo:Reisen","floor":19.0,"turns":8.0},{"damage":3.0,"enemies":"Gensokyo:Reisen","floor":20.0,"turns":9.0},{"damage":72.0,"enemies":"Gensokyo:Tenshi","floor":26.0,"turns":5.0},{"damage":92.0,"enemies":"Gensokyo:3_Dogs","floor":28.0,"turns":19.0},{"damage":7.0,"enemies":"downfall:FleeingMerchant","floor":29.0,"turns":4.0},{"damage":10.0,"enemies":"downfall:FleeingMerchant","floor":31.0,"turns":3.0},{"damage":0.0,"enemies":"Gensokyo:Chomper","floor":32.0,"turns":2.0},{"damage":47.0,"enemies":"downfall:Ironclad","floor":33.0,"turns":6.0},{"damage":52.0,"enemies":"Hallownest:Shield_Heavy","floor":36.0,"turns":11.0},{"damage":8,"enemies":"Hallownest:2_Littles","floor":37,"turns":4},{"damage":3,"enemies":"Hallownest:Xero_Hu_Marmu","floor":38,"turns":6},{"damage":3,"enemies":"Hallownest:2_Great","floor":39,"turns":4},{"damage":15,"enemies":"Hallownest:monsterPrimalAspid","floor":45,"turns":4},{"damage":4,"enemies":"Hallownest:2_Wandering_and_1_Horned","floor":46,"turns":6},{"damage":3,"enemies":"Hallownest:2_Great","floor":49,"turns":3},{"damage":31,"enemies":"downfall:Silent","floor":50,"turns":5}],"seed_played":"4333832318779037626","potions_obtained":[{"floor":6.0,"key":"BloodPotion"},{"floor":9.0,"key":"SkillPotion"},{"floor":15.0,"key":"champ:CounterPotion"},{"floor":16.0,"key":"HeartOfIron"},{"floor":19.0,"key":"Block Potion"},{"floor":32.0,"key":"LiquidBronze"},{"floor":38,"key":"GamblersBrew"},{"floor":39,"key":"Languid Potion"},{"floor":45,"key":"HeartOfIron"},{"floor":46,"key":"SneckoOil"}],"is_trial":false,"path_per_floor":["R","M","R","E","T","M","T","M","?","R","M","?","M","?","M","B",null,"R","E","?","?","?","R","T","R","E","R","M","$","T","$","M","B",null,"R","M","M","M","M","$","T","R","M","R","M","M","?","?","M","B",null,null],"character_chosen":"IRONCLAD","items_purchased":["Dota2Spire:Vanguard","Orichalcum","MerchantsRug","Mirror","Thunderclap+1"],"campfire_rested":0,"item_purchase_floors":[31,31,40,40,40],"current_hp_per_floor":[80,79,79,74,74,76,76,74,71,71,45,54,57,57,65,80,97,97,73,63,63,70,70,70,70,46,46,136,68,68,64,68,30,101,101,104,53,56,29,29,29,29,29,29,26,37,37,37,23,19,19],"gold":283,"neow_bonus":"","is_daily":false,"chose_seed":false,"campfire_upgraded":6,"win_rate":0.0,"timestamp":1607960803,"path_taken":["R","M","R","E","?","M","T","M","?","R","M","?","M","?","M","BOSS","R","E","?","?","?","R","T","R","E","R","?","$","?","?","M","BOSS","R","M","M","M","M","$","T","R","M","R","M","M","?","?","M","BOSS"],"items_purchased_type":["Relic","Relic","Relic","Relic","Card"],"build_version":"2020-12-13","purchased_purges":2,"victory":true,"max_hp_per_floor":[80,80,80,82,82,84,84,86,88,88,91,91,91,91,94,97,97,97,100,113,113,120,120,120,120,123,123,136,68,68,68,68,71,101,101,104,53,56,29,29,29,29,37,37,40,43,43,43,23,26,26],"card_choices":[{"not_picked":["Power Through","Twin Strike"],"picked":"REME_Scribble","floor":2.0},{"not_picked":["SnowQueen","LaLuna"],"picked":"SpiderBud","floor":4.0},{"not_picked":["Warcry","Pummel"],"picked":"ReplayTheSpireMod:Limb From Limb","floor":4.0},{"not_picked":["Twin Strike","Perfected Strike","Combust"],"picked":"SKIP","floor":6.0},{"not_picked":["BigBadWolf","OldLady","WallGazer"],"picked":"Singing Bowl","floor":8.0},{"not_picked":["FairyFestival","Alriune"],"picked":"ShyLook","floor":8.0},{"not_picked":["Carnage","Anger","Wild Strike"],"picked":"SKIP","floor":8.0},{"not_picked":["PunishingBird","Bloodbath"],"picked":"MeatLantern","floor":11.0},{"not_picked":["Dual Wield","ReplayTheSpireMod:Corrosion Curse"],"picked":"Cleave","floor":11.0},{"not_picked":["WhiteNight","BigBadWolf"],"picked":"Wellcheers","floor":13.0},{"not_picked":["ReplayReversal","ReplayTheSpireMod:Strike From Hell","Defy Death"],"picked":"SKIP","floor":13.0},{"not_picked":["Warcry","Clothesline","REME_Scribble"],"picked":"SKIP","floor":15.0},{"not_picked":["QueenOfHatred","VoidDream","PunishingBird"],"picked":"Singing Bowl","floor":16.0},{"not_picked":["Murderer","FairyFestival"],"picked":"FieryBird","floor":16.0},{"not_picked":["Berserk","Eclipse"],"picked":"conspire:HitWhereItHurts","floor":16.0},{"not_picked":["Iron Wave","Replay:Undeath\u0027s Touch"],"picked":"Headbutt+1","floor":19.0},{"not_picked":["CherryBlossoms","CENSORED"],"picked":"OSAHOGD","floor":26.0},{"not_picked":["Iron Wave+1","Heavy Blade","Defy Death"],"picked":"SKIP","floor":26.0},{"not_picked":["Intimidate+1","Juggernaut","Heavy Blade"],"picked":"SKIP","floor":28.0},{"not_picked":["Porccubus","Bloodbath"],"picked":"BlackSwan","floor":29.0},{"not_picked":["Evolve","Heavy Blade","ReplayTheSpireMod:Strike From Hell"],"picked":"SKIP","floor":29.0},{"not_picked":["Headbutt","Clash","Iron Wave+1"],"picked":"SKIP","floor":31.0},{"not_picked":["GreedKing","BodiesMountain"],"picked":"BlueStar","floor":32.0},{"not_picked":["Clash","Feel No Pain"],"picked":"Reaper","floor":32.0},{"not_picked":["Eclipse","Demon Form"],"picked":"REME_ACTH","floor":33.0},{"not_picked":["Flex+1","Havoc"],"picked":"Limit Break","floor":36},{"not_picked":["True Grit","Wild Strike","Clash+1"],"picked":"SKIP","floor":37},{"not_picked":["Sentinel+1","Havoc"],"picked":"Metallicize+1","floor":38},{"not_picked":["Headbutt","True Grit+1"],"picked":"Life Link+1","floor":39},{"not_picked":["Disarm","Havoc","Flame Barrier"],"picked":"SKIP","floor":45},{"not_picked":["True Grit+1","ReplayTheSpireMod:LeadingStrike"],"picked":"Heavy Blade","floor":46},{"not_picked":["Warcry","Power Through+1","Wild Strike"],"picked":"SKIP","floor":49}],"player_experience":176853,"relics_obtained":[{"floor":1.0,"key":"Paper Frog"},{"floor":2.0,"key":"LetterFromLob"},{"floor":4.0,"key":"Replay:Accelerometer"},{"floor":5.0,"key":"Replay:Mystery Machine"},{"floor":7.0,"key":"Dota2Spire:UrnOfShadows"},{"floor":9.0,"key":"Gremlin Horn"},{"floor":18.0,"key":"Chameleon Ring"},{"floor":19.0,"key":"Anchor"},{"floor":24.0,"key":"HollowMod:LifeEnderRelic"},{"floor":26.0,"key":"Pantograph"},{"floor":30.0,"key":"Bottled Flame"},{"floor":41,"key":"aspiration:HummingbirdHeart"}],"event_choices":[{"damage_healed":0.0,"max_hp_gain":0.0,"max_hp_loss":0.0,"gold_gain":0.0,"event_name":"conspire:Investor","player_choice":"Leave","floor":21.0,"gold_loss":0.0,"damage_taken":0.0}],"is_beta":false,"boss_relics":[{"not_picked":["vexMod:EndlessSickness","aspiration:SecretTechniqueScroll"],"picked":"Mark of Pain"},{"not_picked":["vexMod:MysteryBossChallenge","Replay:Ancient Bell"],"picked":"vexMod:BigBerry"}],"items_purged_floors":[29,31],"is_endless":false,"potions_floor_spawned":[6,9,15,16,19,20,32,38,39,45,46],"ascension_level":0}}