{"host":"Sumable","time":1607910085,"event":{"mods":["AchievementEnabler","BaseMod","Better Note","BetterRewards","Googly Eyes","Hermit","Minty Spire (QoL Compilation)","Quick Restart","Shop Mod","StSLib","The Cursed","everything is the same but u backflip on backflip","slay the spire mod where everything is the same but ironclad has a cowboy hat"],"gold_per_floor":[116,129,144,5,16,49,49,62,111,111,30,62,62,82,82,179,179,161,161,161,175,40,40,40],"floor_reached":23,"playtime":2520,"items_purged":[],"score":283,"play_id":"90c5a438-7008-445c-9aa5-14905b91a017","local_time":"20201213184125","is_ascension_mode":true,"campfire_choices":[{"data":"Darkness","floor":10,"key":"SMITH"},{"data":"Defragment","floor":13,"key":"SMITH"},{"data":"Loop","floor":15,"key":"SMITH"}],"circlet_count":0,"master_deck":["Strike_B","Strike_B","Strike_B","Strike_B","Defend_B","Defend_B","Defend_B","Defend_B","Zap","Dualcast","Glacier","Beam Cell","Go for the Eyes","Darkness+1","Defragment+1","Self Repair","Defragment","Turbo","Loop+1","Multi-Cast","Creative AI"],"relics":["Cracked Core","Gambling Chip","Letter Opener","Orichalcum","Sundial","Busted Crown","Darkstone Periapt","Strawberry"],"acts_visited":["Exordium","TheCity"],"potions_floor_usage":[6,8,12,12],"damage_taken":[{"damage":7,"enemies":"2 Louse","floor":1,"turns":2},{"damage":1,"enemies":"Cultist","floor":2,"turns":3},{"damage":0,"enemies":"Small Slimes","floor":3,"turns":2},{"damage":7,"enemies":"Blue Slaver","floor":5,"turns":4},{"damage":22,"enemies":"Gremlin Nob","floor":6,"turns":4},{"damage":2,"enemies":"Large Slime","floor":8,"turns":7},{"damage":11,"enemies":"3 Sentries","floor":12,"turns":7},{"damage":2,"enemies":"2 Fungi Beasts","floor":14,"turns":3},{"damage":21,"enemies":"Slime Boss","floor":16,"turns":6},{"damage":13,"enemies":"2 Thieves","floor":18,"turns":4},{"damage":43,"enemies":"3 Byrds","floor":21,"turns":6},{"damage":39,"enemies":"Gremlin Leader","floor":23,"turns":4}],"seed_played":"-7668071477090716138","potions_obtained":[{"floor":1,"key":"SteroidPotion"},{"floor":2,"key":"PowerPotion"},{"floor":6,"key":"Explosive Potion"},{"floor":8,"key":"Strength Potion"},{"floor":18,"key":"Fire Potion"}],"is_trial":false,"path_per_floor":["M","M","M","$","M","E","?","M","T","R","$","E","R","M","R","B",null,"M","T","?","M","$","E"],"character_chosen":"DEFECT","items_purchased":["Darkness","Defragment","Defragment","Creative AI"],"campfire_rested":0,"item_purchase_floors":[4,4,11,22],"current_hp_per_floor":[47,46,46,46,39,17,75,73,73,73,73,69,69,67,67,53,70,64,64,71,35,35,0,0],"gold":40,"neow_bonus":"ONE_RARE_RELIC","is_daily":false,"chose_seed":false,"campfire_upgraded":3,"win_rate":0.0,"timestamp":1607910085,"path_taken":["M","M","M","$","M","E","?","?","T","R","$","E","R","M","R","BOSS","M","?","?","?","$","E"],"items_purchased_type":["Card","Card","Card","Card"],"build_version":"2020-12-07","purchased_purges":0,"victory":false,"max_hp_per_floor":[75,75,75,75,75,75,75,75,75,75,75,75,75,75,75,75,75,75,75,82,82,82,82,82],"card_choices":[{"not_picked":["Lockon","Leap"],"picked":"Glacier","floor":1},{"not_picked":["Force Field","Gash"],"picked":"Beam Cell","floor":2},{"not_picked":["Compile Driver","Barrage"],"picked":"Go for the Eyes","floor":3},{"not_picked":["Rebound","Chaos","Compile Driver"],"picked":"SKIP","floor":5},{"not_picked":["Aggregate","Blizzard","Ball Lightning"],"picked":"SKIP","floor":6},{"not_picked":["Conserve Battery","Cold Snap"],"picked":"Self Repair","floor":8},{"not_picked":["Reboot","Biased Cognition"],"picked":"Turbo","floor":12},{"not_picked":["Rebound","Leap"],"picked":"Loop","floor":14},{"not_picked":["Core Surge","Meteor Strike"],"picked":"Multi-Cast","floor":16},{"not_picked":["Compile Driver"],"picked":"SKIP","floor":18},{"not_picked":["Conserve Battery"],"picked":"SKIP","floor":21}],"player_experience":955574,"relics_obtained":[{"floor":6,"key":"Letter Opener"},{"floor":9,"key":"Orichalcum"},{"floor":12,"key":"Sundial"},{"floor":19,"key":"Darkstone Periapt"}],"event_choices":[{"damage_healed":58,"gold_gain":0,"player_choice":"Full Heal","damage_taken":0,"max_hp_gain":0,"max_hp_loss":0,"event_name":"Wheel of Change","floor":7,"gold_loss":0},{"damage_healed":0,"gold_gain":0,"player_choice":"Gave Potion","damage_taken":0,"relics_obtained":["Strawberry"],"max_hp_gain":0,"max_hp_loss":0,"event_name":"WeMeetAgain","floor":20,"gold_loss":0}],"is_beta":true,"boss_relics":[{"not_picked":["Empty Cage","Pandora\u0027s Box"],"picked":"Busted Crown"}],"items_purged_floors":[],"is_endless":false,"potions_floor_spawned":[1,2,6,8,18],"killed_by":"Gremlin Leader","ascension_level":5}}