{"host":"xuxmsn6olavvgi6l","time":1607905816,"event":{"mods":["AchievementEnabler","Act Like it!","BaseMod","Better Third Choice","BetterRewards","Colored Map","Colored Powertips","Hermit","Highlight Path","Hubris","Infinite Spire","Marisa????????","Minty Spire (QoL Compilation)","Rare Cards Sparkle","Replay The Spire","Shop Mod","StSLib","The Administrix","The Animator","The Construct","The Cursed","The Disciple","The Necromancer","The Runesmith","The Servant 0.9.4"],"gold_per_floor":[114,128,128,147,147,147,147,147,147],"floor_reached":8,"playtime":263,"items_purged":[],"score":46,"play_id":"9f483bcb-3a61-4fa8-90cd-fd933ee8651c","local_time":"20201213183016","is_ascension_mode":false,"campfire_choices":[{"floor":6,"key":"REST"}],"circlet_count":0,"master_deck":["Strike_MRS","Strike_MRS","Strike_MRS","Strike_MRS","Defend_MRS","Defend_MRS","Defend_MRS","Defend_MRS","MasterSpark","UpSweep+1","WitchLeyline+1","FairyDestructionRay","ShootingEcho","ReplayTheSpireMod:Haul"],"relics":["MiniHakkero","BreadOfAWashokuLover","MerchantsRug","Singing Bowl","Turnip","Lantern"],"acts_visited":["Exordium"],"potions_floor_usage":[],"damage_taken":[{"damage":3,"enemies":"Small Slimes","floor":1,"turns":3},{"damage":11,"enemies":"Jaw Worm","floor":2,"turns":3},{"damage":0,"enemies":"2 Louse","floor":4,"turns":2},{"damage":14,"enemies":"Replay:BlueRogue","floor":8,"turns":2}],"seed_played":"5071807630984612865","potions_obtained":[],"is_trial":false,"path_per_floor":["M","M","?","M","?","R","?","E"],"character_chosen":"MARISA","items_purchased":["BreadOfAWashokuLover","MerchantsRug","Singing Bowl"],"campfire_rested":1,"item_purchase_floors":[0,0,0],"current_hp_per_floor":[37,26,23,23,8,30,11,0,0],"gold":147,"neow_bonus":"","is_daily":false,"chose_seed":false,"campfire_upgraded":0,"win_rate":0.0,"timestamp":1607905816,"path_taken":["M","M","?","M","?","R","?","E"],"items_purchased_type":["Relic","Relic","Relic"],"build_version":"2020-12-13","purchased_purges":0,"victory":false,"max_hp_per_floor":[75,75,75,75,75,75,75,75,75],"card_choices":[{"not_picked":["PulseMagic","EnergyFlow"],"picked":"WitchLeyline","floor":1},{"not_picked":["LuminesStrike","AsteroidBelt"],"picked":"FairyDestructionRay","floor":2},{"not_picked":["OpenUniverse","NonDirectionalLaser"],"picked":"ShootingEcho","floor":4},{"not_picked":["infinitespire:SealOfDarkness+","Replay:Fractal Strike"],"picked":"ReplayTheSpireMod:Haul","floor":7}],"player_experience":1313980,"relics_obtained":[],"event_choices":[{"damage_healed":0,"gold_gain":1,"player_choice":"Relic ","damage_taken":3,"max_hp_gain":0,"max_hp_loss":0,"event_name":"betterThird:BetterScrap","floor":3,"gold_loss":0,"cards_obtained":["Burning Pact"]},{"damage_healed":23,"gold_gain":0,"player_choice":"Upgrade","damage_taken":15,"max_hp_gain":0,"max_hp_loss":75,"event_name":"betterThird:BetterShining","floor":5,"gold_loss":0,"cards_upgraded":["UpSweep","WitchLeyline"]}],"is_beta":false,"boss_relics":[],"items_purged_floors":[],"is_endless":false,"potions_floor_spawned":[],"killed_by":"Replay:BlueRogue","ascension_level":0}}