{"host":"4lxzgdqpvzyot39g","time":1607987014,"event":{"mods":["Abigail Mod","Act Like it!","Aspiration","BaseMod","Beaked The Cultist","Better Altar","Better Match","Better Note","Better Sensory Stone","Better Skull","Better Third Choice","CCEM","Colored Map","Colored Powertips","Conspire","Displayed Cursed Tome","Dota2Spire","Energized Spire","Friendly Minions","Gensokyo","GifTheSpireLib","Halation","Hallownest","Hermit","Highlight Path","HololiveMod","Hubris","Infinite Spire","Jedi Mod","JesterMod","Mari Mod (Legacy)","Mari\u0027s V1 Patch","MarisaÅiñ∂âJÅ@ñÇóùçπÅj","Minty Spire (QoL Compilation)","Prisma Mod","Quarter Circle Forward PUNCH!","Relic Filter","Replay The Spire","Robot Space Explorer","SCP261 Mod","Small Relic Pack","Spicy Shops","Spikes Relics","StSLib","Stuff the Spire","The Alterego","The Blue Laboratory","The Bug Knight","The Cursed","The Fake Hero","The Servant 0.9.4","The Wild Card","Trackpad","Waifu the Spire","WarShipGirlsR/??è≠èóR mod","vexMod","Åy?ï®?îvÅzREMEMod"],"gold_per_floor":[115,115,115,18,18,44,56,75,102,114,125,157,157,175,175,271,271,281,292,292,21,21,56,71,47,47,47,47,21,21,54,54,155,155,170,170,0,0,17,17,43,61,61,221,221,231,61,79,79,180,180,180,30,61,61],"floor_reached":56,"playtime":6285,"items_purged":["rmod:strick","rmod:strick","rmod:strick","rmod:strick+1","rmod:defend","rmod:defend"],"score":1472,"play_id":"ff130dbd-7f6f-4d29-bb40-95e6d652f613","local_time":"20201214180334","is_ascension_mode":true,"campfire_choices":[{"data":"rmod:fuelsupply","floor":13,"key":"SMITH"},{"data":"rmod:chargemoney","floor":15,"key":"SMITH"},{"data":"rmod:expeditionaryescort","floor":30,"key":"SMITH"},{"data":"rmod:fuelsupply","floor":32,"key":"SMITH"},{"data":"rmod:seals","floor":40,"key":"SMITH"},{"floor":49,"key":"RECALL"},{"data":"rmod:aluminumsupply","floor":52,"key":"SMITH"}],"circlet_count":0,"master_deck":["rmod:defend+1","rmod:defend","rmod:basicallowance","rmod:maingunfire","Replay:Bag of Tricks+1","rmod:chargemoney+1","rmod:unsinkable","rmod:overbreakdown+1","rmod:firesupport+1","rmod:diaomin","rmod:fletcherpendant+1","rmod:fuelsupply+1","rmod:fuelsupply+1","rmod:expeditionaryescort+1","rmod:aluminumsupply+1","rmod:fuelsupply+1","rmod:fuelsupply+1","rmod:ammunitionsupply","rmod:goodsister","rmod:fletcherpendant+1","rmod:steelsupply","rmod:supportaircraftcarrier","rmod:seals+1","rmod:firesupport+1","rmod:overbreakdown","rmod:secretscript","rmod:circuitoustactics"],"relics":["rmod:firstchargereward","REME_ComplimentaryCards","NeowsBlessing","relicPack:DSword","Molten Egg 2","CCEMRelics:DerglesHeadphones","CherryCoatedStake","StuffTheSpire:ModemDavis","DollysMirror","jedi:firstaidkit","CCEMRelics:GrapeVine","CCEMRelics:Pendulum","Gensokyo:ConquerorOfFear","hubris:ToyBattleship","aspiration:RandomNobGenerator","Hallownest:StagBellRelic1","StuffTheSpire:OldFever","aspiration:StickyExplosives_weak","Hallownest:GodTamersBeastRelic","Dota2Spire:Butterfly"],"acts_visited":["Exordium","Gensokyo:Gensokyoer","Hallownest:KingdomsEdge","TheEnding"],"potions_floor_usage":[24,31,33,36,55],"damage_taken":[{"damage":0,"enemies":"Small Slimes","floor":1,"turns":1},{"damage":0,"enemies":"HollowMod:MossKnight","floor":6,"turns":1},{"damage":0,"enemies":"Jaw Worm","floor":7,"turns":1},{"damage":0,"enemies":"2 Louse","floor":8,"turns":3},{"damage":7,"enemies":"Lots of Slimes","floor":10,"turns":3},{"damage":0,"enemies":"2 Fungi Beasts","floor":11,"turns":3},{"damage":0,"enemies":"Lagavulin","floor":12,"turns":6},{"damage":5,"enemies":"Looter","floor":14,"turns":3},{"damage":9,"enemies":"Fading Forest","floor":16,"turns":13},{"damage":0,"enemies":"Gensokyo:Chomper","floor":18,"turns":3},{"damage":6,"enemies":"Gensokyo:AngelMirror","floor":19,"turns":3},{"damage":19,"enemies":"Gensokyo:Reisen","floor":23,"turns":6},{"damage":6,"enemies":"Gensokyo:Wraith","floor":24,"turns":8},{"damage":36,"enemies":"Gensokyo:Tenshi","floor":31,"turns":5},{"damage":7,"enemies":"Gensokyo:Eiki","floor":33,"turns":6},{"damage":3,"enemies":"Hallownest:3_Siblings","floor":35,"turns":5},{"damage":0,"enemies":"Hallownest:2_Littles","floor":36,"turns":1},{"damage":11,"enemies":"Hallownest:2_Great","floor":39,"turns":6},{"damage":0,"enemies":"Hallownest:StalkingDevout","floor":41,"turns":4},{"damage":0,"enemies":"Hallownest:Slobbering_and_Violent","floor":42,"turns":5},{"damage":0,"enemies":"Hallownest:Slobbering_and_Violent","floor":44,"turns":4},{"damage":0,"enemies":"Hallownest:Slobbering_and_Violent","floor":44,"turns":6},{"damage":0,"enemies":"Hallownest:Slobbering_and_Violent","floor":44,"turns":6},{"damage":0,"enemies":"Hallownest:Slobbering_and_Violent","floor":44,"turns":3},{"damage":0,"enemies":"Hallownest:Shield_Sturdy","floor":46,"turns":5},{"damage":9,"enemies":"Hallownest:Xero_Hu_Marmu","floor":48,"turns":4},{"damage":10,"enemies":"Hallownest:Radiance","floor":50,"turns":6},{"damage":0,"enemies":"Shield and Spear","floor":54,"turns":4},{"damage":20,"enemies":"The Heart","floor":55,"turns":6}],"seed_played":"1070751174093772918","potions_obtained":[{"floor":6,"key":"SCP261:DietGhostPotion"},{"floor":10,"key":"SmokeBomb"},{"floor":12,"key":"BlessingOfTheForge"},{"floor":24,"key":"blueLaboratory:BottledHope"},{"floor":31,"key":"PowerPotion"},{"floor":35,"key":"jedi:holywater"},{"floor":50,"key":"SneckoOil"}],"is_trial":false,"path_per_floor":["M","?","?","$","T","E","M","M","T","M","M","E","R","M","R","B",null,"M","M","AVR","$","?","E","M","$","T","T","?","$","R","E","R","B",null,"M","M","?","$","M","R","E","M","T","?","AVR","M","$","M","R","B",null,"R","$","E","B",null],"character_chosen":"PRAEFECT","items_purchased":["rmod:unsinkable","DollysMirror","rmod:ammunitionsupply","rmod:fletcherpendant+1","rmod:steelsupply","rmod:overbreakdown"],"campfire_rested":0,"item_purchase_floors":[4,21,21,25,29,47],"current_hp_per_floor":[75,40,25,25,25,25,25,25,25,18,18,18,30,25,37,47,75,75,69,69,69,42,30,27,27,27,27,27,27,39,6,18,14,75,75,75,75,75,67,75,75,75,75,75,75,75,75,71,71,69,75,75,75,75,58],"gold":61,"neow_bonus":"THREE_ENEMY_KILL","is_daily":false,"chose_seed":false,"campfire_upgraded":6,"win_rate":0.0,"timestamp":1607987014,"path_taken":["M","?","?","$","?","E","M","M","T","M","M","E","R","M","R","BOSS","M","M","AVR","?","?","E","?","$","T","?","?","?","R","E","R","BOSS","M","M","?","?","M","R","E","?","T","?","AVR","M","$","M","R","BOSS","R","$","E","BOSS"],"items_purchased_type":["Card","Relic","Card","Card","Card","Card"],"build_version":"2020-12-13","purchased_purges":6,"victory":true,"max_hp_per_floor":[75,75,75,75,75,75,75,75,75,75,75,75,75,75,75,75,75,75,75,75,75,75,75,75,75,75,75,75,75,75,75,75,75,75,75,75,75,75,75,75,75,75,75,75,75,75,75,75,75,75,75,75,75,75,75],"card_choices":[{"not_picked":["rmod:intelligenceanalysis","rmod:circuitoustactics"],"picked":"rmod:chargemoney","floor":1},{"not_picked":["rmod:slowdown","rmod:heivgo"],"picked":"rmod:overbreakdown","floor":6},{"not_picked":["rmod:fletcherpendant+1","rmod:bulid"],"picked":"rmod:firesupport+1","floor":7},{"not_picked":["rmod:advancebysurprise","rmod:fletcherpendant+1"],"picked":"rmod:diaomin","floor":8},{"not_picked":["rmod:bulid","rmod:highspeedshooting+1"],"picked":"rmod:fletcherpendant+1","floor":10},{"not_picked":["rmod:intelligenceanalysis+1","rmod:concentratefire+1"],"picked":"rmod:fuelsupply","floor":11},{"not_picked":["rmod:mineteam","rmod:luckystar+1"],"picked":"rmod:fuelsupply","floor":12},{"not_picked":["rmod:steelsupply","rmod:windflower","rmod:selfconfidence+1"],"picked":"SKIP","floor":14},{"not_picked":["rmod:lastglory+1","rmod:desperatesituation"],"picked":"rmod:expeditionaryescort","floor":16},{"not_picked":["rmod:fletcherpendant+1","rmod:guardianhero"],"picked":"rmod:aluminumsupply","floor":18},{"not_picked":["rmod:ammunitionsupply","rmod:firesupport+1"],"picked":"rmod:fuelsupply+1","floor":19},{"not_picked":["rmod:intelligenceanalysis+1","rmod:aggressivemary+1","rmod:diaomin"],"picked":"SKIP","floor":23},{"not_picked":["rmod:intelligenceanalysis+1","rmod:advancebysurprise"],"picked":"rmod:goodsister","floor":24},{"not_picked":["rmod:supportescort","rmod:highspeedshooting+1"],"picked":"rmod:supportaircraftcarrier","floor":31},{"not_picked":["rmod:highspeedmaneuver","rmod:fletcher+1"],"picked":"rmod:seals","floor":33},{"not_picked":["rmod:steelsupply+1","rmod:goodfighter+1"],"picked":"rmod:firesupport+1","floor":35},{"not_picked":["rmod:spoils","rmod:diamondstrike+1","rmod:victimresponsibility+1"],"picked":"SKIP","floor":39},{"not_picked":["rmod:guardianhero","rmod:goodsister+1","rmod:selfconfidence+1"],"picked":"SKIP","floor":41},{"not_picked":["rmod:luckystar+1","rmod:highspeedshooting+1","rmod:wasp"],"picked":"SKIP","floor":42},{"not_picked":["rmod:highspeedshooting+1","rmod:steelsupply","rmod:aggressivemary+1"],"picked":"SKIP","floor":46},{"not_picked":["rmod:luckystar+1","rmod:wasp","rmod:shuttlebombing"],"picked":"SKIP","floor":48},{"not_picked":["rmod:timeschanged+1","rmod:acesubmarine+1"],"picked":"rmod:secretscript","floor":50},{"not_picked":["rmod:sl+1","rmod:wife+1"],"picked":"rmod:circuitoustactics","floor":54}],"player_experience":985457,"relics_obtained":[{"floor":5,"key":"Molten Egg 2"},{"floor":6,"key":"CCEMRelics:DerglesHeadphones"},{"floor":12,"key":"CherryCoatedStake"},{"floor":23,"key":"jedi:firstaidkit"},{"floor":26,"key":"CCEMRelics:GrapeVine"},{"floor":27,"key":"CCEMRelics:Pendulum"},{"floor":31,"key":"Gensokyo:ConquerorOfFear"},{"floor":31,"key":"hubris:ToyBattleship"},{"floor":41,"key":"StuffTheSpire:OldFever"},{"floor":43,"key":"aspiration:StickyExplosives_weak"},{"floor":54,"key":"Dota2Spire:Butterfly"}],"event_choices":[{"damage_healed":40,"gold_gain":0,"player_choice":"Upgrade","damage_taken":15,"max_hp_gain":0,"max_hp_loss":75,"event_name":"betterThird:BetterShining","floor":3,"gold_loss":0,"cards_upgraded":["rmod:strick","Replay:Bag of Tricks"]},{"damage_healed":0,"gold_gain":0,"player_choice":"UP UP ","damage_taken":31,"relics_obtained":[],"max_hp_gain":0,"max_hp_loss":0,"event_name":"betterSkull:BetterSkull","floor":22,"gold_loss":0,"cards_upgraded":["rmod:defend","rmod:overbreakdown"]}],"is_beta":false,"boss_relics":[{"not_picked":["trackpad:Coffee","aspiration:SilentSkillbook"],"picked":"StuffTheSpire:ModemDavis"},{"not_picked":["vexMod:ImprovementManual","aspiration:BeakedSkillbook"],"picked":"aspiration:RandomNobGenerator"}],"items_purged_floors":[4,20,21,45,47,53],"is_endless":false,"potions_floor_spawned":[6,10,12,16,23,24,31,35,36,44,44,44,50],"ascension_level":3}}