{"host":"iy58fyt9wsbv4cf1","time":1607989303,"event":{"mods":["BaseMod","Better Altar","Better Match","Better Skull","Better Third Choice","BetterRewards","Conspire","Custom Start","Defuse TimeMaze Blight","Hubris","Minty Spire (QoL Compilation)","Permanent Neow","Quick Restart","Spicy Shops","StSLib"],"gold_per_floor":[111,41,56,56,56,56,6,6,59,59,78,112,112,122,122,226,226,244,13,13,32,32,67,67,84,131,131,131,147,173,186,186,186,186],"floor_reached":33,"playtime":771,"items_purged":[],"score":283,"play_id":"c09bda73-9571-424d-b390-436e8f8c242d","local_time":"20201214184143","is_ascension_mode":false,"campfire_choices":[{"data":"White Noise","floor":6.0,"key":"SMITH"},{"data":"Dualcast","floor":8.0,"key":"SMITH"},{"floor":15.0,"key":"REST"},{"floor":24,"key":"REST"},{"floor":27,"key":"REST"},{"floor":32,"key":"REST"}],"circlet_count":0,"master_deck":["Strike_B","Strike_B","Strike_B","Defend_B","Defend_B","Defend_B","Defend_B","Zap","Dualcast+1","White Noise+1","Capacitor","Storm+1","Ball Lightning","Defragment+1","Reboot","Ball Lightning","BootSequence","Storm","Barrage+1","Conserve Battery+1"],"relics":["Cracked Core","conspire:InfiniteJournal","hubris:Towel","Du-Vu Doll","hubris:TerracottaHorce","Membership Card","Bag of Preparation","hubris:SlimyHat","Lantern","hubris:PeanutButter"],"acts_visited":["Exordium","TheCity"],"potions_floor_usage":[23,13030,30,30,30,33],"damage_taken":[{"damage":1.0,"enemies":"Cultist","floor":1.0,"turns":4.0},{"damage":1.0,"enemies":"Jaw Worm","floor":3.0,"turns":2.0},{"damage":1.0,"enemies":"2 Louse","floor":11.0,"turns":2.0},{"damage":4.0,"enemies":"Gremlin Nob","floor":12.0,"turns":3.0},{"damage":21.0,"enemies":"Large Slime","floor":14.0,"turns":4.0},{"damage":11,"enemies":"Slime Boss","floor":16,"turns":6},{"damage":27,"enemies":"conspire:FuzzyDice","floor":18,"turns":4},{"damage":20,"enemies":"Shell Parasite","floor":21,"turns":4},{"damage":12,"enemies":"conspire:Head Lice","floor":23,"turns":6},{"damage":17,"enemies":"Centurion and Healer","floor":25,"turns":5},{"damage":0,"enemies":"Chosen and Byrds","floor":29,"turns":3},{"damage":13,"enemies":"Book of Stabbing","floor":30,"turns":3},{"damage":12,"enemies":"conspire:HollyBat","floor":31,"turns":6},{"damage":39,"enemies":"Automaton","floor":33,"turns":6}],"seed_played":"2429354753258359580","potions_obtained":[{"floor":1.0,"key":"BlessingOfTheForge"},{"floor":11.0,"key":"Fire Potion"},{"floor":21,"key":"Strength Potion"},{"floor":25,"key":"BlessingOfTheForge"},{"floor":29,"key":"Strength Potion"},{"floor":31,"key":"GamblersBrew"}],"is_trial":false,"path_per_floor":["M","$","M","?","?","R","?","R","T","?","M","E","?","M","R","B",null,"M","$","?","M","$","E","R","M","T","R","?","M","E","M","R","B"],"character_chosen":"DEFECT","items_purchased":["White Noise","Capacitor","Storm","conspire:InfiniteJournal","Defragment","Membership Card","Bag of Preparation"],"campfire_rested":4,"item_purchase_floors":[0,0,0,0,2,19,19],"current_hp_per_floor":[39,39,38,38,38,38,38,38,38,38,37,33,33,12,34,23,62,35,35,35,15,15,3,25,8,8,30,12,12,19,7,29,0,0],"gold":186,"neow_bonus":"","is_daily":false,"chose_seed":false,"campfire_upgraded":2,"win_rate":0.0,"timestamp":1607989303,"path_taken":["M","$","?","?","?","R","?","R","T","?","M","E","?","M","R","BOSS","M","$","?","M","$","E","R","M","T","R","?","M","E","M","R","BOSS"],"items_purchased_type":["Card","Card","Card","Relic","Card","Relic","Relic"],"build_version":"2020-12-13","purchased_purges":0,"victory":false,"max_hp_per_floor":[75,75,75,75,75,75,75,75,75,75,75,75,75,75,75,75,75,75,75,75,75,75,75,75,75,75,75,75,75,75,75,75,75,75],"card_choices":[{"not_picked":["Darkness","Leap"],"picked":"Ball Lightning","floor":1.0},{"not_picked":["Barrage","Turbo","Redo"],"picked":"SKIP","floor":3.0},{"not_picked":["Aggregate","Cold Snap","Barrage"],"picked":"SKIP","floor":11.0},{"not_picked":["Steam","Rip and Tear","Beam Cell"],"picked":"SKIP","floor":12.0},{"not_picked":["Go for the Eyes","Blizzard","Stack"],"picked":"SKIP","floor":14.0},{"not_picked":["Seek","hubris:SpecializedCircuitry"],"picked":"Reboot","floor":16},{"not_picked":["FTL","Steam"],"picked":"Ball Lightning","floor":18},{"not_picked":["Redo","Reprogram"],"picked":"BootSequence","floor":21},{"not_picked":["Lockon","Sweeping Beam","Turbo"],"picked":"SKIP","floor":23},{"not_picked":["Coolheaded","Rebound"],"picked":"Storm","floor":25},{"not_picked":["Force Field","Go for the Eyes"],"picked":"Barrage+1","floor":29},{"not_picked":["Hologram","Cold Snap+1"],"picked":"Conserve Battery+1","floor":30},{"not_picked":["Coolheaded","Rebound+1","Consume"],"picked":"SKIP","floor":31}],"player_experience":70779,"relics_obtained":[{"floor":12.0,"key":"Du-Vu Doll"},{"floor":23,"key":"hubris:SlimyHat"},{"floor":26,"key":"Lantern"},{"floor":30,"key":"hubris:PeanutButter"}],"event_choices":[{"damage_healed":0.0,"max_hp_gain":0.0,"max_hp_loss":0.0,"gold_gain":0.0,"event_name":"Living Wall","player_choice":"Grow","floor":5.0,"gold_loss":0.0,"damage_taken":0.0,"cards_upgraded":["Storm"]},{"cards_removed":["Strike_B"],"damage_healed":0.0,"max_hp_gain":0.0,"max_hp_loss":0.0,"gold_gain":0.0,"event_name":"The Cleric","player_choice":"Card Removal","floor":7.0,"gold_loss":50.0,"damage_taken":0.0},{"damage_healed":38.0,"max_hp_gain":0.0,"max_hp_loss":75.0,"gold_gain":0.0,"event_name":"betterThird:BetterShining","player_choice":"Leave","floor":10.0,"gold_loss":0.0,"damage_taken":0.0},{"damage_healed":0,"gold_gain":0,"player_choice":"Leave","damage_taken":0,"max_hp_gain":0,"max_hp_loss":0,"event_name":"conspire:Investor","floor":20,"gold_loss":0},{"damage_healed":0,"gold_gain":0,"player_choice":" Potion ","damage_taken":18,"relics_obtained":[],"max_hp_gain":30,"max_hp_loss":12,"event_name":"betterAltar:BetterAltar","floor":28,"potions_obtained":["betterAltar:AltarPotion"],"relics_lost":[],"gold_loss":0}],"is_beta":false,"boss_relics":[{"not_picked":["Snecko Eye","FrozenCore"],"picked":"hubris:TerracottaHorce"}],"items_purged_floors":[],"is_endless":false,"potions_floor_spawned":[1,11,21,25,29,31],"killed_by":"Automaton","ascension_level":0}}