{"host":"ujb8ojs2m8j2cdlp","time":1607935519,"event":{"mods":["AchievementEnabler","BaseMod","Bestiary","Colored Map","Colored Powertips","Minty Spire (QoL Compilation)","Relic Stats","ojb\u0027s Better Paths Mod","ojb\u0027s Info Mod"],"gold_per_floor":[111,261,277,69,85,111,111,134,209,235,18,18,28,58,58,132,132,152,152,152,152,11,39,39,39,62,73,73,73,102,102,102,179,179,197,207,207,221,36,66,66,66,66,5,23,52,52,66,66,66,66,66,66,66,100,100],"floor_reached":57,"playtime":13214,"items_purged":["Doubt","Strike_B"],"score":3124,"play_id":"3f0305f6-6272-416b-92a6-d31bc0965b50","local_time":"20201214004519","is_ascension_mode":true,"campfire_choices":[{"data":"Zap","floor":7.0,"key":"SMITH"},{"data":"Loop","floor":12.0,"key":"SMITH"},{"data":"Go for the Eyes","floor":15.0,"key":"SMITH"},{"data":"Ghostly","floor":25.0,"key":"SMITH"},{"data":"Ghostly","floor":28.0,"key":"SMITH"},{"data":"Ghostly","floor":32.0,"key":"SMITH"},{"data":"Biased Cognition","floor":47.0,"key":"SMITH"},{"floor":49.0,"key":"RECALL"},{"data":"Loop","floor":53.0,"key":"SMITH"}],"circlet_count":0,"master_deck":["AscendersBane","Strike_B","Strike_B","Strike_B","Defend_B","Defend_B","Defend_B","Defend_B","Zap+1","Dualcast","Compile Driver","All For One","Go for the Eyes+1","Steam","Cold Snap","Turbo","Streamline","Loop+1","Undo","Core Surge","Core Surge","Cold Snap","Core Surge","Reinforced Body+1","Ghostly+1","Ghostly+1","Ghostly+1","BootSequence","Aggregate","Capacitor","Echo Form","Fusion","Electrodynamics","Coolheaded","Loop+1","Biased Cognition+1","Capacitor"],"relics":["Cracked Core","NeowsBlessing","DataDisk","Odd Mushroom","The Courier","Bag of Marbles","Art of War","Runic Pyramid","Shovel","Bag of Preparation","Molten Egg 2","Nilry\u0027s Codex","Busted Crown","Mummified Hand","Oddly Smooth Stone","Omamori","Boot"],"acts_visited":["Exordium","TheCity","TheBeyond","TheEnding"],"potions_floor_usage":[56],"damage_taken":[{"damage":0.0,"enemies":"Jaw Worm","floor":1.0,"turns":1.0},{"damage":0.0,"enemies":"Small Slimes","floor":3.0,"turns":1.0},{"damage":0.0,"enemies":"2 Louse","floor":5.0,"turns":1.0},{"damage":17.0,"enemies":"Gremlin Nob","floor":6.0,"turns":4.0},{"damage":13.0,"enemies":"The Mushroom Lair","floor":8.0,"turns":4.0},{"damage":0.0,"enemies":"Lagavulin","floor":10.0,"turns":6.0},{"damage":0.0,"enemies":"2 Fungi Beasts","floor":13.0,"turns":2.0},{"damage":3.0,"enemies":"3 Sentries","floor":14.0,"turns":5.0},{"damage":25.0,"enemies":"The Guardian","floor":16.0,"turns":14.0},{"damage":14.0,"enemies":"3 Byrds","floor":18.0,"turns":4.0},{"damage":0.0,"enemies":"Gremlin Leader","floor":23.0,"turns":7.0},{"damage":0.0,"enemies":"Chosen","floor":27.0,"turns":4.0},{"damage":5.0,"enemies":"Book of Stabbing","floor":30.0,"turns":6.0},{"damage":0.0,"enemies":"Champ","floor":33.0,"turns":11.0},{"damage":3.0,"enemies":"Orb Walker","floor":35.0,"turns":3.0},{"damage":0.0,"enemies":"3 Shapes","floor":36.0,"turns":6.0},{"damage":3.0,"enemies":"3 Darklings","floor":38.0,"turns":6.0},{"damage":0.0,"enemies":"Giant Head","floor":40.0,"turns":13.0},{"damage":0.0,"enemies":"Sphere and 2 Shapes","floor":45.0,"turns":6.0},{"damage":0.0,"enemies":"Nemesis","floor":46.0,"turns":11.0},{"damage":0.0,"enemies":"Jaw Worm Horde","floor":48.0,"turns":6.0},{"damage":0.0,"enemies":"Time Eater","floor":50.0,"turns":24.0},{"damage":5.0,"enemies":"Awakened One","floor":51.0,"turns":34.0},{"damage":11.0,"enemies":"Shield and Spear","floor":55.0,"turns":9.0},{"damage":17,"enemies":"The Heart","floor":56,"turns":13}],"seed_played":"746332443185704924","potions_obtained":[{"floor":1.0,"key":"SpeedPotion"},{"floor":5.0,"key":"SteroidPotion"},{"floor":10.0,"key":"Dexterity Potion"},{"floor":23.0,"key":"SteroidPotion"},{"floor":48.0,"key":"SpeedPotion"}],"is_trial":false,"path_per_floor":["M","?","M","$","M","E","R","?","T","E","$","R","M","E","R","B",null,"M","?","?","?","$","E","$","R","T","M","R","?","E","?","R","B",null,"M","M","?","M","$","E","$","?","T","?","M","E","R","M","R","B","B",null,"R","$","E","B",null],"character_chosen":"DEFECT","items_purchased":["Go for the Eyes","Sweeping Beam","Steam","Undo","Core Surge","Aggregate","Capacitor","Fire Potion","Loop","Biased Cognition"],"campfire_rested":0,"item_purchase_floors":[4,4,4,11,11,22,22,22,39,39],"current_hp_per_floor":[64,64,64,64,64,47,47,34,34,34,34,34,34,31,31,6,55,41,35,35,35,35,35,35,35,35,35,35,35,30,9,9,9,29,26,26,26,23,23,23,23,23,23,23,23,23,23,23,23,23,18,31,31,31,20,3],"gold":100,"neow_bonus":"THREE_ENEMY_KILL","is_daily":false,"chose_seed":false,"campfire_upgraded":8,"win_rate":0.0,"timestamp":1607935519,"path_taken":["M","?","M","$","M","E","R","?","T","E","$","R","M","E","R","BOSS","BOSS","M","?","?","?","$","E","?","R","T","?","R","?","E","?","R","BOSS","M","M","?","?","$","E","?","?","T","?","?","E","R","M","R","BOSS","BOSS","R","$","E","BOSS"],"items_purchased_type":["Card","Card","Card","Card","Card","Card","Card","Potion","Card","Card"],"build_version":"2020-12-13","purchased_purges":2,"victory":true,"max_hp_per_floor":[71,71,71,71,71,71,71,71,71,71,71,71,71,71,71,71,71,71,35,35,35,35,35,35,35,35,35,35,35,35,35,35,35,35,35,35,35,35,35,35,35,35,35,35,35,35,35,35,35,35,35,35,35,35,35,35],"relic_stats":{"Shovel":0,"Busted Crown":16,"counters":[25,199],"Mummified Hand":[83],"Art of War":[60],"Bag of Preparation":[28],"Boot":[7],"obtain_stats":[{"NeowsBlessing":0,"Nilry\u0027s Codex":31,"Oddly Smooth Stone":44,"The Courier":9,"Bag of Preparation":26,"Omamori":46,"Odd Mushroom":8,"Boot":55,"DataDisk":6,"Shovel":23,"Busted Crown":34,"Mummified Hand":40,"Molten Egg 2":30,"Bag of Marbles":10,"Art of War":14,"Cracked Core":0,"Runic Pyramid":17},{"NeowsBlessing":0,"Nilry\u0027s Codex":13,"Oddly Smooth Stone":18,"The Courier":5,"Bag of Preparation":11,"Omamori":20,"Odd Mushroom":5,"Boot":24,"DataDisk":4,"Shovel":11,"Busted Crown":14,"Mummified Hand":18,"Molten Egg 2":13,"Bag of Marbles":6,"Art of War":8,"Cracked Core":0,"Runic Pyramid":9},{"NeowsBlessing":0,"Nilry\u0027s Codex":59,"Oddly Smooth Stone":98,"The Courier":11,"Bag of Preparation":49,"Omamori":114,"Odd Mushroom":11,"Boot":187,"DataDisk":7,"Shovel":49,"Busted Crown":70,"Mummified Hand":98,"Molten Egg 2":59,"Bag of Marbles":17,"Art of War":24,"Cracked Core":0,"Runic Pyramid":38}]},"card_choices":[{"not_picked":["Chaos","Coolheaded"],"picked":"Compile Driver","floor":1.0},{"not_picked":["Streamline","Chaos"],"picked":"All For One","floor":3.0},{"not_picked":["Heatsinks","Gash"],"picked":"Cold Snap","floor":5.0},{"not_picked":["Rip and Tear","Scrape"],"picked":"Turbo","floor":6.0},{"not_picked":["Rebound","Beam Cell"],"picked":"Streamline","floor":8.0},{"not_picked":["Go for the Eyes","Stack"],"picked":"Loop","floor":10.0},{"not_picked":["Go for the Eyes","Leap"],"picked":"Core Surge","floor":13.0},{"not_picked":["Melter","Compile Driver"],"picked":"Cold Snap","floor":14.0},{"not_picked":["Reboot","Fission"],"picked":"Core Surge","floor":16.0},{"not_picked":["Stack","Redo"],"picked":"Reinforced Body+1","floor":18.0},{"not_picked":["Redo+1","Compile Driver"],"picked":"Echo Form","floor":23.0},{"not_picked":["Auto Shields","Streamline"],"picked":"Fusion","floor":27.0},{"not_picked":["Stack","Steam+1","Lockon+1"],"picked":"SKIP","floor":30.0},{"not_picked":["Hyperbeam+1","Thunder Strike+1"],"picked":"Electrodynamics","floor":33.0},{"not_picked":[],"picked":"Coolheaded","floor":35.0},{"not_picked":["Redo"],"picked":"SKIP","floor":36.0},{"not_picked":["Sunder+1"],"picked":"SKIP","floor":38.0},{"not_picked":["Turbo"],"picked":"SKIP","floor":40.0},{"not_picked":["Turbo"],"picked":"SKIP","floor":40.0},{"not_picked":["Steam Power"],"picked":"SKIP","floor":45.0},{"not_picked":["Blizzard+1"],"picked":"SKIP","floor":46.0},{"not_picked":[],"picked":"Capacitor","floor":48.0},{"not_picked":["Fusion"],"picked":"SKIP","floor":55.0}],"player_experience":16318,"relics_obtained":[{"floor":6.0,"key":"DataDisk"},{"floor":8.0,"key":"Odd Mushroom"},{"floor":9.0,"key":"The Courier"},{"floor":10.0,"key":"Bag of Marbles"},{"floor":14.0,"key":"Art of War"},{"floor":23.0,"key":"Shovel"},{"floor":26.0,"key":"Bag of Preparation"},{"floor":30.0,"key":"Molten Egg 2"},{"floor":31.0,"key":"Nilry\u0027s Codex"},{"floor":40.0,"key":"Mummified Hand"},{"floor":46.0,"key":"Omamori"},{"floor":55.0,"key":"Boot"}],"event_choices":[{"damage_healed":0.0,"max_hp_gain":0.0,"max_hp_loss":0.0,"gold_gain":150.0,"event_name":"Liars Game","player_choice":"AGREE","floor":2.0,"gold_loss":0.0,"damage_taken":0.0,"cards_obtained":["Doubt"]},{"damage_healed":0.0,"max_hp_gain":0.0,"max_hp_loss":0.0,"gold_gain":0.0,"event_name":"Mushrooms","player_choice":"Fought Mushrooms","floor":8.0,"gold_loss":0.0,"damage_taken":0.0},{"damage_healed":0.0,"max_hp_gain":0.0,"max_hp_loss":36.0,"gold_gain":0.0,"event_name":"Ghosts","player_choice":"Became a Ghost","floor":19.0,"gold_loss":0.0,"damage_taken":0.0,"cards_obtained":["Ghostly","Ghostly","Ghostly"]},{"damage_healed":0.0,"max_hp_gain":0.0,"max_hp_loss":0.0,"gold_gain":0.0,"event_name":"The Library","player_choice":"Read","floor":20.0,"gold_loss":0.0,"damage_taken":0.0,"cards_obtained":["BootSequence"]},{"damage_healed":0.0,"max_hp_gain":0.0,"max_hp_loss":0.0,"gold_gain":0.0,"event_name":"Beggar","player_choice":"Ignored","floor":21.0,"gold_loss":0.0,"damage_taken":0.0},{"damage_healed":0.0,"max_hp_gain":0.0,"max_hp_loss":0.0,"gold_gain":0.0,"event_name":"The Mausoleum","player_choice":"Ignored","floor":29.0,"gold_loss":0.0,"damage_taken":0.0},{"damage_healed":0.0,"max_hp_gain":0.0,"max_hp_loss":0.0,"gold_gain":0.0,"event_name":"Cursed Tome","player_choice":"Obtained Book","floor":31.0,"gold_loss":0.0,"damage_taken":21.0},{"damage_healed":0.0,"max_hp_gain":0.0,"max_hp_loss":0.0,"gold_gain":0.0,"event_name":"Lab","player_choice":"Got Potions","floor":37.0,"gold_loss":0.0,"damage_taken":0.0},{"cards_removed":["Sweeping Beam"],"damage_healed":0.0,"max_hp_gain":0.0,"max_hp_loss":0.0,"gold_gain":0.0,"event_name":"Falling","player_choice":"Removed Attack","floor":42.0,"gold_loss":0.0,"damage_taken":0.0},{"damage_healed":0.0,"max_hp_gain":0.0,"max_hp_loss":0.0,"gold_gain":0.0,"event_name":"WeMeetAgain","player_choice":"Paid Gold","floor":44.0,"gold_loss":61.0,"damage_taken":0.0,"relics_obtained":["Oddly Smooth Stone"]}],"is_beta":false,"boss_relics":[{"not_picked":["Tiny House","SacredBark"],"picked":"Runic Pyramid"},{"not_picked":["Inserter","Sozu"],"picked":"Busted Crown"}],"items_purged_floors":[4,11],"is_endless":false,"potions_floor_spawned":[1,5,10,23,27,35,36,48],"ascension_level":20}}