{"host":"l2821e3dgmq4sghh","time":1607982116,"event":{"mods":["BaseMod","Colored Powertips","Minty Spire (QoL Compilation)","StSLib"],"gold_per_floor":[113,127,145,164,180,180,210,210,236,263,19,46,64,139,139,139,139],"floor_reached":16,"playtime":2253,"items_purged":[],"score":238,"play_id":"3c4ee433-ac62-4e5b-bf2e-6b5d0590c9e6","local_time":"20201214224156","is_ascension_mode":true,"campfire_choices":[{"floor":6.0,"key":"REST"},{"floor":8.0,"key":"REST"},{"floor":15.0,"key":"REST"}],"circlet_count":0,"master_deck":["AscendersBane","Strike_G","Strike_G","Strike_G","Strike_G","Strike_G","Defend_G","Defend_G","Defend_G","Defend_G","Defend_G","Survivor","Neutralize","Terror","Bouncing Flask","Poisoned Stab","Dagger Throw","Predator","Adrenaline","Infinite Blades","Footwork","Wraith Form v2","Deflect","Caltrops"],"relics":["Ring of the Snake","TungstenRod","Centennial Puzzle","Anchor","Dream Catcher","PreservedInsect","Orichalcum"],"acts_visited":["Exordium"],"potions_floor_usage":[],"damage_taken":[{"damage":7.0,"enemies":"Cultist","floor":1.0,"turns":6.0},{"damage":12.0,"enemies":"Jaw Worm","floor":2.0,"turns":5.0},{"damage":0.0,"enemies":"Small Slimes","floor":3.0,"turns":4.0},{"damage":0.0,"enemies":"Exordium Thugs","floor":4.0,"turns":3.0},{"damage":14.0,"enemies":"Large Slime","floor":5.0,"turns":6.0},{"damage":19.0,"enemies":"Gremlin Nob","floor":7.0,"turns":4.0},{"damage":6.0,"enemies":"3 Sentries","floor":10.0,"turns":9.0},{"damage":9.0,"enemies":"Gremlin Nob","floor":12.0,"turns":3.0},{"damage":1.0,"enemies":"Gremlin Gang","floor":13.0,"turns":5.0},{"damage":45,"enemies":"Slime Boss","floor":16,"turns":6}],"seed_played":"-7263610060835371214","potions_obtained":[{"floor":1.0,"key":"Explosive Potion"},{"floor":3.0,"key":"Energy Potion"},{"floor":4.0,"key":"Strength Potion"}],"is_trial":false,"path_per_floor":["M","M","M","M","M","R","E","R","T","E","$","E","M","?","R","B"],"character_chosen":"THE_SILENT","items_purchased":["PreservedInsect","Footwork"],"campfire_rested":3,"item_purchase_floors":[11,11],"current_hp_per_floor":[52,40,40,40,26,44,25,43,43,37,37,28,27,17,35,0,0],"gold":139,"neow_bonus":"ONE_RARE_RELIC","is_daily":false,"chose_seed":false,"campfire_upgraded":0,"win_rate":0.0,"timestamp":1607982116,"path_taken":["M","M","M","?","?","R","E","R","T","E","?","E","M","?","R","BOSS"],"items_purchased_type":["Relic","Card"],"build_version":"2020-12-13","purchased_purges":0,"victory":false,"max_hp_per_floor":[60,60,60,60,60,60,60,60,60,60,60,60,60,60,60,60,60],"card_choices":[{"not_picked":["Flechettes","Underhanded Strike"],"picked":"Terror","floor":1.0},{"not_picked":["Blade Dance","Cloak And Dagger"],"picked":"Bouncing Flask","floor":2.0},{"not_picked":["Underhanded Strike","Deflect"],"picked":"Poisoned Stab","floor":3.0},{"not_picked":["Quick Slash","Underhanded Strike"],"picked":"Dagger Throw","floor":4.0},{"not_picked":["Concentrate","Sucker Punch"],"picked":"Predator","floor":5.0},{"not_picked":["Quick Slash","PiercingWail"],"picked":"Adrenaline","floor":7.0},{"not_picked":["Cloak And Dagger","Underhanded Strike"],"picked":"Infinite Blades","floor":10.0},{"not_picked":["Leg Sweep","Blade Dance"],"picked":"Wraith Form v2","floor":12.0},{"not_picked":["Poisoned Stab","Outmaneuver"],"picked":"Deflect","floor":13.0},{"not_picked":["Deflect","Dagger Throw"],"picked":"Caltrops","floor":15.0}],"player_experience":5314964,"relics_obtained":[{"floor":7.0,"key":"Centennial Puzzle"},{"floor":9.0,"key":"Anchor"},{"floor":10.0,"key":"Dream Catcher"},{"floor":12.0,"key":"Orichalcum"}],"event_choices":[{"damage_healed":0.0,"max_hp_gain":0.0,"max_hp_loss":0.0,"gold_gain":75.0,"event_name":"World of Goop","player_choice":"Gather Gold","floor":14.0,"gold_loss":0.0,"damage_taken":11.0}],"is_beta":false,"boss_relics":[],"items_purged_floors":[],"is_endless":false,"potions_floor_spawned":[1,3,4],"killed_by":"Slime Boss","ascension_level":19}}