{"host":"zr590xw2unlz0wv7","time":1607966253,"event":{"mods":["BaseMod","Minty Spire (QoL Compilation)","READ ME - Guardian Mod","StSLib"],"gold_per_floor":[114,289,289,309,319,353,353,353,353,40,71,71,71,88,88,190,190,201,201,201,216,216,216],"floor_reached":22,"playtime":620,"items_purged":["Doubt"],"score":265,"play_id":"892b2012-21f4-4e91-ba8c-54a84f7f2414","local_time":"20201215011733","is_ascension_mode":true,"campfire_choices":[{"floor":7,"key":"REST"},{"data":"Whirlwind","floor":12,"key":"SMITH"},{"data":"Perfected Strike","floor":15,"key":"SMITH"}],"circlet_count":0,"master_deck":["Strike_R","Strike_R","Strike_R","Strike_R","Strike_R","Defend_R","Defend_R","Defend_R","Defend_R","Bash","Whirlwind+1","Perfected Strike+1","Thunderclap","Metallicize","Impervious","Pommel Strike","Juggernaut","RitualDagger","Twin Strike+1"],"relics":["Darkstone Periapt","Mango","Meat on the Bone","Paper Frog","Dead Branch","SlaversCollar","Nloth\u0027s Gift"],"acts_visited":["Exordium","TheCity"],"potions_floor_usage":[6,16],"damage_taken":[{"damage":7,"enemies":"2 Louse","floor":1,"turns":2},{"damage":14,"enemies":"Jaw Worm","floor":4,"turns":3},{"damage":0,"enemies":"Cultist","floor":5,"turns":2},{"damage":55,"enemies":"Lagavulin","floor":6,"turns":6},{"damage":44,"enemies":"Gremlin Nob","floor":11,"turns":5},{"damage":15,"enemies":"Gremlin Gang","floor":14,"turns":2},{"damage":48,"enemies":"Hexaghost","floor":16,"turns":10},{"damage":46,"enemies":"Spheric Guardian","floor":18,"turns":6},{"damage":28,"enemies":"2 Thieves","floor":21,"turns":3},{"damage":34,"enemies":"Centurion and Healer","floor":22,"turns":3}],"seed_played":"6297872120289517755","potions_obtained":[{"floor":4,"key":"Ancient Potion"},{"floor":11,"key":"DistilledChaos"},{"floor":14,"key":"Explosive Potion"},{"floor":16,"key":"SneckoOil"}],"is_trial":false,"path_per_floor":["M","?","?","M","M","E","R","?","T","$","E","R","?","M","R","B",null,"M","?","?","M","M"],"character_chosen":"IRONCLAD","items_purchased":["Paper Frog"],"campfire_rested":1,"item_purchase_floors":[10],"current_hp_per_floor":[79,79,79,71,77,28,52,72,72,72,46,46,46,49,49,19,80,52,46,46,30,0,0],"gold":216,"neow_bonus":"THREE_CARDS","is_daily":false,"chose_seed":false,"campfire_upgraded":2,"win_rate":0.0,"timestamp":1607966253,"path_taken":["M","?","?","?","?","E","R","?","T","$","E","R","?","?","R","BOSS","M","?","?","M","M"],"items_purchased_type":["Relic"],"build_version":"2020-12-13","purchased_purges":1,"victory":false,"max_hp_per_floor":[80,80,80,80,80,80,80,100,100,100,100,100,100,100,100,100,100,100,100,100,100,100,100],"card_choices":[{"not_picked":["Pommel Strike","Feel No Pain"],"picked":"Whirlwind","floor":0},{"not_picked":["True Grit","Wild Strike"],"picked":"Perfected Strike","floor":1},{"not_picked":["Sword Boomerang","Headbutt","Warcry"],"picked":"SKIP","floor":4},{"not_picked":["Sever Soul","Reckless Charge"],"picked":"Thunderclap","floor":5},{"not_picked":["Spot Weakness","Dual Wield"],"picked":"Metallicize","floor":6},{"not_picked":["Second Wind","Sentinel"],"picked":"Impervious","floor":11},{"not_picked":["Heavy Blade","Twin Strike"],"picked":"Pommel Strike","floor":14},{"not_picked":["Exhume","Feed"],"picked":"Juggernaut","floor":16},{"not_picked":["Dark Embrace+1","Cleave","Rampage+1"],"picked":"SKIP","floor":18},{"not_picked":["True Grit","Shockwave+1"],"picked":"Twin Strike+1","floor":21}],"player_experience":475070,"relics_obtained":[{"floor":6,"key":"Darkstone Periapt"},{"floor":9,"key":"Meat on the Bone"},{"floor":11,"key":"Dead Branch"}],"event_choices":[{"damage_healed":0,"gold_gain":175,"player_choice":"AGREE","damage_taken":0,"max_hp_gain":0,"max_hp_loss":0,"event_name":"Liars Game","floor":2,"gold_loss":0,"cards_obtained":["Doubt"]},{"damage_healed":0,"gold_gain":0,"player_choice":"0 cards matched","damage_taken":0,"max_hp_gain":0,"max_hp_loss":0,"event_name":"Match and Keep!","floor":3,"gold_loss":0,"cards_obtained":[]},{"damage_healed":0,"gold_gain":0,"player_choice":"Box","damage_taken":0,"relics_obtained":["Mango"],"max_hp_gain":0,"max_hp_loss":0,"event_name":"Big Fish","floor":8,"gold_loss":0,"cards_obtained":["Regret"]},{"cards_removed":["Regret"],"damage_healed":0,"gold_gain":0,"player_choice":"Purged","damage_taken":0,"max_hp_gain":0,"max_hp_loss":0,"event_name":"Purifier","floor":13,"gold_loss":0},{"damage_healed":0,"gold_gain":0,"player_choice":"Joined the Cult","damage_taken":6,"max_hp_gain":0,"max_hp_loss":0,"event_name":"Nest","floor":19,"gold_loss":0,"cards_obtained":["RitualDagger"]},{"damage_healed":0,"gold_gain":0,"player_choice":"Traded Relic","damage_taken":0,"relics_obtained":["Nloth\u0027s Gift"],"max_hp_gain":0,"max_hp_loss":0,"event_name":"N\u0027loth","floor":20,"relics_lost":["Burning Blood"],"gold_loss":0}],"is_beta":false,"boss_relics":[{"not_picked":["Runic Pyramid","Runic Dome"],"picked":"SlaversCollar"}],"items_purged_floors":[10],"is_endless":false,"potions_floor_spawned":[4,11,14,16],"killed_by":"Centurion and Healer","ascension_level":5}}