{"host":"ov7kp8bjf83ind03","time":1607985120,"event":{"mods":["AchievementEnabler","BaseMod","Better Note","Colored Map","Colored Powertips","Downfall","Minty Spire (QoL Compilation)","Permanent Neow","Rare Cards Sparkle","Relic Sorter","Relic Stats","StSLib","everything is the same but u backflip on backflip"],"gold_per_floor":[0,34,49,65,65,65,90,90,75,0,0,0,0,17,29,132,132,132,142,172,172,207,207,207,41,70,70,65,65,65,79,89,184,184,184,184,199,215,241,291,314,340,357,386,400,400,419,153,163,163],"floor_reached":51,"playtime":8958,"items_purged":["champ:Strike"],"score":891,"play_id":"9e33c875-5e9c-4579-a0d6-eb6966233a96","local_time":"20201214173200","is_ascension_mode":false,"campfire_choices":[{"data":"champ:SteelEdge","floor":1,"key":"SMITH"},{"data":"champ:Aggression","floor":5,"key":"SMITH"},{"floor":8,"key":"RECALL"},{"data":"champ:Encircle","floor":10,"key":"SMITH"},{"data":"champ:StanceDance","floor":18,"key":"SMITH"},{"data":"champ:Backstep","floor":23,"key":"SMITH"},{"data":"champ:StrikeOfGenius","floor":27,"key":"SMITH"},{"data":"champ:Execute","floor":35,"key":"SMITH"}],"circlet_count":0,"master_deck":["champ:Strike","champ:Strike","champ:Strike","champ:Defend","champ:Defend","champ:Defend","champ:Defend","champ:Execute+1","champ:Taunt","champ:SteelEdge+1","champ:Shatter","champ:Encircle+1","champ:Aggression+1","champ:FaceSlap","champ:BringItOn","champ:StanceDance+1","champ:StrikeOfGenius+1","champ:Backstep+1","champ:AdrenalArmor","champ:FanOfKnives","champ:BerserkersShout","champ:BerserkerStyle+1","champ:Encircle+1","champ:FocusedBerserking+1","champ:DeathBlow","champ:FightOn","Thinking Ahead"],"relics":["champ:ChampionCrown","Centennial Puzzle","Bronze Scales","Toy Ornithopter","downfall:HeartBlessingRed","champ:LiftRelic","Question Card","SlaversCollar","Juzu Bracelet","Anchor","Tiny Chest","TheAbacus","Darkstone Periapt","Mummified Hand","champ:ChampionCrownUpgraded","Mercury Hourglass","Shuriken","CaptainsWheel","HornCleat","Pen Nib"],"acts_visited":["Exordium","TheCity","TheBeyond"],"potions_floor_usage":[20,26,33,44],"damage_taken":[{"damage":30,"enemies":"3 Sentries","floor":2,"turns":12},{"damage":5,"enemies":"Cultist","floor":3,"turns":3},{"damage":11,"enemies":"2 Louse","floor":4,"turns":2},{"damage":31,"enemies":"downfall:FleeingMerchant","floor":9,"turns":4},{"damage":3,"enemies":"Jaw Worm","floor":14,"turns":2},{"damage":16,"enemies":"Exordium Thugs","floor":15,"turns":3},{"damage":38,"enemies":"downfall:Watcher","floor":16,"turns":4},{"damage":16,"enemies":"3 Byrds","floor":19,"turns":3},{"damage":47,"enemies":"Slavers","floor":20,"turns":5},{"damage":27,"enemies":"Book of Stabbing","floor":22,"turns":3},{"damage":18,"enemies":"downfall:FleeingMerchant","floor":25,"turns":4},{"damage":23,"enemies":"Slavers","floor":26,"turns":5},{"damage":17,"enemies":"downfall:FleeingMerchant","floor":28,"turns":2},{"damage":20,"enemies":"Chosen","floor":31,"turns":3},{"damage":29,"enemies":"Snecko","floor":32,"turns":4},{"damage":44,"enemies":"downfall:Defect","floor":33,"turns":4},{"damage":17,"enemies":"3 Shapes","floor":37,"turns":3},{"damage":41,"enemies":"3 Darklings","floor":38,"turns":3},{"damage":30,"enemies":"Reptomancer","floor":39,"turns":2},{"damage":53,"enemies":"Mind Bloom Boss Battle","floor":40,"turns":3},{"damage":43,"enemies":"Giant Head","floor":42,"turns":3},{"damage":70,"enemies":"Maw","floor":43,"turns":4},{"damage":64,"enemies":"Nemesis","floor":44,"turns":3},{"damage":20,"enemies":"Sphere and 2 Shapes","floor":45,"turns":3},{"damage":37,"enemies":"Writhing Mass","floor":47,"turns":2},{"damage":68,"enemies":"Transient","floor":49,"turns":5},{"damage":90,"enemies":"downfall:Silent","floor":50,"turns":5}],"seed_played":"485731668918795126","potions_obtained":[{"floor":4,"key":"champ:OpenerPotion"},{"floor":16,"key":"SneckoOil"},{"floor":21,"key":"BlessingOfTheForge"},{"floor":21,"key":"Explosive Potion"},{"floor":26,"key":"FearPotion"},{"floor":33,"key":"BlessingOfTheForge"},{"floor":38,"key":"DuplicationPotion"},{"floor":39,"key":"DistilledChaos"},{"floor":44,"key":"FearPotion"},{"floor":45,"key":"BlessingOfTheForge"}],"is_trial":false,"path_per_floor":["R","E","M","M","R","T","T","R","$","R","?","?","T","M","M","B",null,"R","M","E","?","E","R","T","$","E","R","$","?","?","M","M","B",null,"R","T","M","M","E","?","T","E","M","E","M","?","M","$","M","B",null],"character_chosen":"THE_CHAMP","items_purchased":["TheAbacus","champ:BerserkerStyle","Mummified Hand","Thinking Ahead"],"campfire_rested":0,"item_purchase_floors":[25,28,28,48],"current_hp_per_floor":[90,70,70,63,63,63,63,63,58,58,58,58,58,57,55,55,90,90,90,63,63,55,55,55,63,57,57,57,57,57,57,32,28,90,90,90,90,74,86,90,90,90,90,90,90,90,85,85,90,65],"gold":163,"neow_bonus":"THREE_RARE_CARDS","is_daily":false,"chose_seed":false,"campfire_upgraded":7,"win_rate":0.0,"timestamp":1607985120,"path_taken":["R","E","M","?","R","?","T","R","?","R","?","?","?","?","M","BOSS","R","M","E","?","E","R","T","$","E","R","?","?","?","M","M","BOSS","R","?","M","M","E","?","T","E","M","E","M","?","M","$","M","BOSS"],"items_purchased_type":["Relic","Card","Relic","Card"],"build_version":"2020-12-13","purchased_purges":1,"victory":true,"max_hp_per_floor":[90,90,90,90,90,90,90,90,90,90,90,90,90,90,90,90,90,90,90,90,90,90,90,90,90,90,90,90,90,90,90,90,90,90,90,90,90,90,90,90,90,90,90,90,90,90,90,90,90,90],"relic_stats":{"Darkstone Periapt":0,"counters":[27,99],"Pen Nib":[3],"Juzu Bracelet":2,"Question Card":22,"Mercury Hourglass":[114],"Centennial Puzzle":[78],"TheAbacus":[42],"Mummified Hand":[27],"Shuriken":[20],"Bronze Scales":[183],"Tiny Chest":1,"obtain_stats":[{"Darkstone Periapt":26,"downfall:HeartBlessingRed":10,"champ:ChampionCrown":0,"champ:ChampionCrownUpgraded":34,"Pen Nib":44,"Juzu Bracelet":20,"Question Card":13,"Mercury Hourglass":36,"SlaversCollar":17,"Centennial Puzzle":2,"Anchor":22,"CaptainsWheel":40,"TheAbacus":25,"HornCleat":42,"Mummified Hand":28,"Shuriken":39,"Bronze Scales":6,"champ:LiftRelic":11,"Tiny Chest":24,"Toy Ornithopter":7},{"Darkstone Periapt":12,"downfall:HeartBlessingRed":4,"champ:ChampionCrown":0,"champ:ChampionCrownUpgraded":16,"Pen Nib":23,"Juzu Bracelet":9,"Question Card":4,"Mercury Hourglass":16,"SlaversCollar":7,"Centennial Puzzle":1,"Anchor":10,"CaptainsWheel":20,"TheAbacus":11,"HornCleat":21,"Mummified Hand":13,"Shuriken":19,"Bronze Scales":3,"champ:LiftRelic":4,"Tiny Chest":10,"Toy Ornithopter":3},{"Darkstone Periapt":50,"downfall:HeartBlessingRed":21,"champ:ChampionCrown":0,"champ:ChampionCrownUpgraded":63,"Pen Nib":84,"Juzu Bracelet":38,"Question Card":21,"Mercury Hourglass":63,"SlaversCollar":30,"Centennial Puzzle":12,"Anchor":41,"CaptainsWheel":74,"TheAbacus":45,"HornCleat":77,"Mummified Hand":52,"Shuriken":71,"Bronze Scales":17,"champ:LiftRelic":21,"Tiny Chest":41,"Toy Ornithopter":17}],"Toy Ornithopter":15},"card_choices":[{"not_picked":["champ:LastStand","champ:CrownThrow"],"picked":"champ:SteelEdge","floor":0},{"not_picked":["champ:PreciseThrust","champ:ArenaPreparation"],"picked":"champ:Shatter","floor":2},{"not_picked":["champ:EndlessRage","champ:BladeFlurry"],"picked":"champ:Encircle","floor":3},{"not_picked":["champ:CrookedStrike","champ:DefensiveShout"],"picked":"champ:Aggression","floor":4},{"not_picked":["champ:ArenaPreparation","champ:Haymaker"],"picked":"champ:FaceSlap","floor":9},{"not_picked":["champ:TornadoPunch","champ:HeartStrike","champ:Encircle"],"picked":"champ:BringItOn","floor":14},{"not_picked":["champ:BringItOn","champ:RisingSlash","champ:GutPunch"],"picked":"champ:StanceDance","floor":15},{"not_picked":["champ:ShieldSlam","champ:LastStand","champ:IgnorePain"],"picked":"champ:StrikeOfGenius","floor":16},{"not_picked":["champ:Control+1","champ:DefensiveShout+1","champ:CrookedStrike"],"picked":"champ:Backstep","floor":19},{"not_picked":["champ:Control","champ:DefensiveShout","champ:EnragedBash"],"picked":"champ:AdrenalArmor","floor":20},{"not_picked":["champ:SteelEdge","champ:Backstep","champ:BerserkersShout","champ:DefensiveShout"],"picked":"SKIP","floor":22},{"not_picked":["champ:FaceSlap","champ:EnragedBash","champ:MurderStrike","champ:EnGarde"],"picked":"SKIP","floor":25},{"not_picked":["champ:DeathBlow","champ:CrookedStrike+1","champ:Haymaker+1"],"picked":"champ:FanOfKnives","floor":26},{"not_picked":["champ:CheapShot","champ:Circumvent","champ:CrookedStrike"],"picked":"champ:BerserkersShout","floor":28},{"not_picked":["champ:BladeFlurry","champ:BringItOn+1","champ:DefensiveShout"],"picked":"champ:Encircle+1","floor":31},{"not_picked":["champ:Backstep+1","champ:Balance","champ:ShieldThrow"],"picked":"champ:FocusedBerserking+1","floor":32},{"not_picked":["champ:BerserkersShout","champ:Haymaker","champ:ViciousMockery+1","champ:Backstep+1"],"picked":"SKIP","floor":37},{"not_picked":["champ:CrookedStrike","champ:Aggression+1","champ:IronFortress+1","champ:FocusedBerserking"],"picked":"SKIP","floor":38},{"not_picked":["champ:AdrenalArmor","champ:FocusedGladiator","champ:GutPunch+1","champ:DefensiveShout"],"picked":"SKIP","floor":39},{"not_picked":["champ:GladiatorsShout+1","champ:CalledShot","champ:Control"],"picked":"champ:DeathBlow","floor":42},{"not_picked":["champ:AdrenalArmor+1","champ:Devastate","champ:ArenaPreparation+1","champ:EnGarde"],"picked":"SKIP","floor":43},{"not_picked":["champ:DeathBlow+1","champ:Encircle+1","champ:DefensiveShout","champ:DefensiveStyle+1"],"picked":"SKIP","floor":44},{"not_picked":["champ:PerfectedStrike+1","champ:AdrenalArmor+1","champ:BerserkersShout"],"picked":"champ:FightOn","floor":45},{"not_picked":["champ:ViciousMockery","champ:Riposte+1","champ:FocusedGladiator","champ:BringItOn"],"picked":"SKIP","floor":47},{"not_picked":["champ:BringItOn","champ:PerfectedStrike+1","champ:RapidStrikes","champ:Backstep"],"picked":"SKIP","floor":49}],"player_experience":170295,"relics_obtained":[{"floor":2,"key":"Centennial Puzzle"},{"floor":6,"key":"Bronze Scales"},{"floor":7,"key":"Toy Ornithopter"},{"floor":13,"key":"Question Card"},{"floor":20,"key":"Juzu Bracelet"},{"floor":22,"key":"Anchor"},{"floor":24,"key":"Tiny Chest"},{"floor":26,"key":"Darkstone Periapt"},{"floor":36,"key":"Mercury Hourglass"},{"floor":39,"key":"Shuriken"},{"floor":40,"key":"CaptainsWheel"},{"floor":42,"key":"HornCleat"},{"floor":44,"key":"Pen Nib"}],"event_choices":[{"damage_healed":0,"gold_gain":0,"player_choice":"Got Potions","damage_taken":0,"max_hp_gain":0,"max_hp_loss":0,"event_name":"Lab","floor":21,"gold_loss":0},{"damage_healed":0,"gold_gain":0,"player_choice":"Upgraded","damage_taken":0,"max_hp_gain":0,"max_hp_loss":0,"event_name":"Upgrade Shrine","floor":29,"gold_loss":0,"cards_upgraded":["champ:BerserkerStyle"]}],"is_beta":false,"boss_relics":[{"not_picked":["SacredBark","Cursed Key"],"picked":"SlaversCollar"},{"not_picked":["Fusion Hammer","Pandora\u0027s Box"],"picked":"champ:ChampionCrownUpgraded"}],"items_purged_floors":[48],"is_endless":false,"potions_floor_spawned":[4,16,26,32,33,38,39,44,45,49],"ascension_level":0}}