{"host":"utqe55yv0jihe4d6","time":1607916317,"event":{"mods":["2.2 Compatiblity","AchievementEnabler","BaseMod","Block Reminder","Colored Map","Colored Powertips","Minty Spire (QoL Compilation)","Quick Restart","Rare Cards Sparkle","Relic Stats","SuperFastMode"],"gold_per_floor":[118,138,6,24,24,24,53,53,53,87,137,5,25,56,56,129,129,145,145,145,174,174,174,199,219,219,233,260,119,119,130,130,205,205,223,242,464,103,103,134,146,195,195,226,244,26,43,61,61,61,61],"floor_reached":50,"playtime":1733,"items_purged":["Regret","Strike_R","Strike_R+1"],"score":1266,"play_id":"6084e75d-f50c-49e1-bd36-aa0ebc0db13a","local_time":"20201213222517","is_ascension_mode":true,"campfire_choices":[{"data":"Bludgeon","floor":6.0,"key":"SMITH"},{"data":"Uppercut","floor":8.0,"key":"SMITH"},{"data":"Bash","floor":15.0,"key":"SMITH"},{"data":"Feel No Pain","floor":23.0,"key":"SMITH"},{"data":"Feel No Pain","floor":30.0,"key":"SMITH"},{"data":"Feel No Pain","floor":32.0,"key":"SMITH"},{"floor":49,"key":"RECALL"}],"circlet_count":0,"master_deck":["AscendersBane","Defend_R","Defend_R","Defend_R","Bash+1","Bludgeon+1","Cleave","Disarm","Battle Trance","Uppercut+1","Disarm","Corruption","Armaments","Immolate","Disarm","Feel No Pain+1","Necronomicurse","Carnage+1","Feel No Pain+1","Feel No Pain+1","Limit Break","Impervious+1","Double Tap+1","Hemokinesis+1","Dark Embrace","Feel No Pain","Spot Weakness","Enlightenment","Heavy Blade","Sentinel","Shrug It Off+1","Demon Form","Parasite","Warcry","Clothesline"],"relics":["Burning Blood","Blue Candle","The Courier","Anchor","Paper Frog","Snecko Eye","Red Mask","Necronomicon","PreservedInsect","Whetstone","Bottled Flame","Astrolabe","Bronze Scales","Letter Opener","Mango","Smiling Mask","Meat on the Bone"],"acts_visited":["Exordium","TheCity","TheBeyond"],"potions_floor_usage":[40,48],"damage_taken":[{"damage":16.0,"enemies":"2 Louse","floor":1.0,"turns":3.0},{"damage":3.0,"enemies":"Small Slimes","floor":2.0,"turns":3.0},{"damage":0.0,"enemies":"Cultist","floor":4.0,"turns":3.0},{"damage":18.0,"enemies":"Lagavulin","floor":7.0,"turns":5.0},{"damage":24.0,"enemies":"Gremlin Nob","floor":10.0,"turns":4.0},{"damage":0.0,"enemies":"Looter","floor":13.0,"turns":5.0},{"damage":3.0,"enemies":"Lagavulin","floor":14.0,"turns":5.0},{"damage":13.0,"enemies":"Hexaghost","floor":16.0,"turns":9.0},{"damage":0.0,"enemies":"Spheric Guardian","floor":18.0,"turns":1.0},{"damage":0.0,"enemies":"Masked Bandits","floor":21.0,"turns":2.0},{"damage":0.0,"enemies":"Book of Stabbing","floor":24.0,"turns":4.0},{"damage":3.0,"enemies":"2 Thieves","floor":25.0,"turns":2.0},{"damage":0.0,"enemies":"Centurion and Healer","floor":27.0,"turns":4.0},{"damage":14.0,"enemies":"Gremlin Leader","floor":28.0,"turns":4.0},{"damage":0.0,"enemies":"Shelled Parasite and Fungi","floor":31.0,"turns":4.0},{"damage":14.0,"enemies":"Champ","floor":33.0,"turns":9.0},{"damage":0,"enemies":"3 Shapes","floor":35,"turns":2},{"damage":17,"enemies":"3 Darklings","floor":36,"turns":4},{"damage":2,"enemies":"Reptomancer","floor":40,"turns":2},{"damage":0,"enemies":"Maw","floor":41,"turns":6},{"damage":44,"enemies":"2 Orb Walkers","floor":42,"turns":5},{"damage":0,"enemies":"Nemesis","floor":44,"turns":5},{"damage":16,"enemies":"Jaw Worm Horde","floor":45,"turns":4},{"damage":1,"enemies":"Writhing Mass","floor":47,"turns":6},{"damage":6,"enemies":"Maw","floor":48,"turns":7},{"damage":57,"enemies":"Awakened One","floor":50,"turns":6}],"seed_played":"-1116013499678130859","potions_obtained":[{"floor":4.0,"key":"AttackPotion"},{"floor":13.0,"key":"Explosive Potion"},{"floor":21.0,"key":"LiquidBronze"},{"floor":31.0,"key":"Weak Potion"},{"floor":36,"key":"AttackPotion"},{"floor":40,"key":"EssenceOfSteel"}],"is_trial":false,"path_per_floor":["M","M","$","M","?","R","E","R","T","E","?","$","M","E","R","B",null,"M","?","?","?","?","R","E","M","T","M","E","$","R","M","R","B",null,"M","M","?","$","?","E","M","?","T","E","M","$","M","M","R","B"],"character_chosen":"IRONCLAD","items_purchased":["AttackPotion","Corruption","Feel No Pain","Bronze Scales","Feel No Pain","Spot Weakness","Meat on the Bone"],"campfire_rested":0,"item_purchase_floors":[3,12,29,38,38,38,46],"current_hp_per_floor":[58,61,61,67,60,60,48,48,48,30,23,23,29,32,32,25,63,69,69,69,75,54,54,60,63,63,69,61,61,61,67,67,59,71,75,64,64,64,64,68,74,50,50,56,46,46,51,51,51,0,0],"gold":61,"neow_bonus":"THREE_RARE_CARDS","is_daily":false,"chose_seed":false,"campfire_upgraded":6,"win_rate":0.0,"timestamp":1607916317,"path_taken":["M","M","$","M","?","R","E","R","T","E","?","$","?","E","R","BOSS","M","?","?","?","?","R","E","?","T","M","E","$","R","M","R","BOSS","M","M","?","$","?","E","M","?","T","E","M","$","M","?","R","BOSS"],"items_purchased_type":["Potion","Card","Card","Relic","Card","Card","Relic"],"build_version":"2020-11-30","purchased_purges":3,"victory":false,"max_hp_per_floor":[75,75,75,75,75,75,75,75,75,75,75,75,75,75,75,75,75,75,75,75,75,75,75,75,75,75,75,75,75,75,75,75,75,75,75,75,75,75,75,75,75,89,89,89,89,89,89,89,89,89,89],"relic_stats":{"counters":[26,114],"Blue Candle":[9],"Astrolabe":["Impervious","Double Tap","Hemokinesis"],"PreservedInsect":159,"Whetstone":["Strike_R","Strike_R"],"Letter Opener":[28],"Smiling Mask":0,"Burning Blood":148,"Bronze Scales":[141],"Snecko Eye":[143,127,128,133],"Necronomicon":[31],"obtain_stats":[{"Blue Candle":7,"Astrolabe":34,"Mango":42,"The Courier":9,"PreservedInsect":24,"Whetstone":26,"Letter Opener":40,"Smiling Mask":44,"Burning Blood":0,"Anchor":10,"Bottled Flame":28,"Bronze Scales":38,"Snecko Eye":17,"Red Mask":21,"Necronomicon":22,"Paper Frog":14,"Meat on the Bone":46},{"Blue Candle":4,"Astrolabe":16,"Mango":21,"The Courier":4,"PreservedInsect":11,"Whetstone":12,"Letter Opener":19,"Smiling Mask":22,"Burning Blood":0,"Anchor":5,"Bottled Flame":14,"Bronze Scales":18,"Snecko Eye":8,"Red Mask":10,"Necronomicon":10,"Paper Frog":7,"Meat on the Bone":23},{"Blue Candle":14,"Astrolabe":67,"Mango":86,"The Courier":14,"PreservedInsect":44,"Whetstone":46,"Letter Opener":75,"Smiling Mask":91,"Burning Blood":0,"Anchor":18,"Bottled Flame":54,"Bronze Scales":73,"Snecko Eye":37,"Red Mask":40,"Necronomicon":40,"Paper Frog":28,"Meat on the Bone":95}],"Meat on the Bone":0},"card_choices":[{"not_picked":["Berserk","Impervious"],"picked":"Bludgeon","floor":0.0},{"not_picked":["Warcry","Shockwave"],"picked":"Cleave","floor":1.0},{"not_picked":["Perfected Strike","Feel No Pain"],"picked":"Disarm","floor":2.0},{"not_picked":["Ghostly Armor","Twin Strike"],"picked":"Battle Trance","floor":4.0},{"not_picked":["True Grit","Cleave"],"picked":"Uppercut","floor":7.0},{"not_picked":["Shrug It Off","Iron Wave"],"picked":"Disarm","floor":10.0},{"not_picked":["Havoc","Iron Wave"],"picked":"Armaments","floor":13.0},{"not_picked":["Twin Strike","Headbutt","Sword Boomerang"],"picked":"SKIP","floor":14.0},{"not_picked":["Demon Form","Barricade"],"picked":"Immolate","floor":16.0},{"not_picked":["Thunderclap","Wild Strike"],"picked":"Disarm","floor":18.0},{"not_picked":["Wild Strike","Shrug It Off"],"picked":"Carnage+1","floor":24.0},{"not_picked":["Armaments","Reckless Charge","Heavy Blade"],"picked":"SKIP","floor":25.0},{"not_picked":["Wild Strike","Dropkick","Berserk"],"picked":"SKIP","floor":27.0},{"not_picked":["Cleave","Infernal Blade","Uppercut"],"picked":"SKIP","floor":28.0},{"not_picked":["Flame Barrier+1","Entrench+1"],"picked":"Feel No Pain","floor":31.0},{"not_picked":["Double Tap","Corruption"],"picked":"Limit Break","floor":33.0},{"not_picked":["Spot Weakness","Warcry"],"picked":"Dark Embrace","floor":35},{"not_picked":["Perfected Strike+1","Battle Trance","Headbutt"],"picked":"SKIP","floor":36},{"not_picked":["Magnetism","Good Instincts"],"picked":"Enlightenment","floor":39},{"not_picked":["Perfected Strike","Sever Soul"],"picked":"Heavy Blade","floor":40},{"not_picked":["Intimidate","Reckless Charge"],"picked":"Sentinel","floor":41},{"not_picked":["Havoc","Iron Wave"],"picked":"Shrug It Off+1","floor":42},{"not_picked":["Rage","Rupture"],"picked":"Demon Form","floor":44},{"not_picked":["Pummel","Body Slam","Ghostly Armor"],"picked":"SKIP","floor":45},{"not_picked":["Carnage","Sword Boomerang"],"picked":"Warcry","floor":47},{"not_picked":["Reckless Charge","Havoc"],"picked":"Clothesline","floor":48}],"player_experience":2752472,"relics_obtained":[{"floor":7.0,"key":"Blue Candle"},{"floor":9.0,"key":"The Courier"},{"floor":10.0,"key":"Anchor"},{"floor":14.0,"key":"Paper Frog"},{"floor":21.0,"key":"Red Mask"},{"floor":22.0,"key":"Necronomicon"},{"floor":24.0,"key":"PreservedInsect"},{"floor":26.0,"key":"Whetstone"},{"floor":28.0,"key":"Bottled Flame"},{"floor":40,"key":"Letter Opener"},{"floor":42,"key":"Mango"},{"floor":44,"key":"Smiling Mask"}],"event_choices":[{"cards_removed":["Strike_R"],"damage_healed":0.0,"max_hp_gain":0.0,"max_hp_loss":0.0,"gold_gain":0.0,"event_name":"Golden Wing","player_choice":"Card Removal","floor":5.0,"gold_loss":0.0,"damage_taken":7.0},{"damage_healed":0.0,"max_hp_gain":0.0,"max_hp_loss":0.0,"gold_gain":50.0,"event_name":"FaceTrader","player_choice":"Touch","floor":11.0,"gold_loss":0.0,"damage_taken":7.0},{"damage_healed":0.0,"max_hp_gain":0.0,"max_hp_loss":0.0,"gold_gain":0.0,"event_name":"Vampires","player_choice":"Ignored","floor":19.0,"gold_loss":0.0,"damage_taken":0.0},{"damage_healed":0.0,"max_hp_gain":0.0,"max_hp_loss":0.0,"gold_gain":0.0,"event_name":"The Library","player_choice":"Read","floor":20.0,"gold_loss":0.0,"damage_taken":0.0,"cards_obtained":["Feel No Pain"]},{"damage_healed":0.0,"max_hp_gain":0.0,"max_hp_loss":0.0,"gold_gain":0.0,"event_name":"Masked Bandits","player_choice":"Fought Bandits","floor":21.0,"gold_loss":0.0,"damage_taken":0.0},{"damage_healed":0.0,"max_hp_gain":0.0,"max_hp_loss":0.0,"gold_gain":0.0,"event_name":"Cursed Tome","player_choice":"Obtained Book","floor":22.0,"gold_loss":0.0,"damage_taken":21.0},{"damage_healed":0,"gold_gain":222,"player_choice":"Wore Mask","damage_taken":0,"max_hp_gain":0,"max_hp_loss":0,"event_name":"Tomb of Lord Red Mask","floor":37,"gold_loss":0},{"damage_healed":0,"gold_gain":0,"player_choice":"Memory 1","damage_taken":0,"max_hp_gain":0,"max_hp_loss":0,"event_name":"SensoryStone","floor":39,"gold_loss":0},{"damage_healed":0,"gold_gain":0,"player_choice":"Fight","damage_taken":0,"max_hp_gain":0,"max_hp_loss":0,"event_name":"Mysterious Sphere","floor":42,"gold_loss":0}],"is_beta":false,"boss_relics":[{"not_picked":["Calling Bell","Cursed Key"],"picked":"Snecko Eye"},{"not_picked":["Runic Pyramid","Black Blood"],"picked":"Astrolabe"}],"items_purged_floors":[3,29,38],"is_endless":false,"potions_floor_spawned":[4,13,21,31,36,40,42,44],"killed_by":"Awakened One","ascension_level":20}}