{"host":"xt86it2r6tj4p7je","time":1607936845,"event":{"mods":["Act Like it!","AlwaysNeverKeys","Aspiration","BaseMod","Better Altar","Better Match","Better Note","Better Sensory Stone","Better Skull","Better Third Choice","Card Forge","Clockwork Mod","Conspire","Defuse TimeMaze Blight","Downfall","Elementarium","Energized Spire","Friendly Minions","GifTheSpireLib","Hubris","Key Reminder","Minty Spire (QoL Compilation)","StSLib","The Construct","The Cursed","The Hierophant","The Judge","The Witch","Uncapped","thorton"],"gold_per_floor":[24,24,55,55,55,67,91,91,109,138,148,163,263,263,276,379,379,229,249,249,261,280,130,154,182,167,167,167],"floor_reached":27,"playtime":1735,"items_purged":[],"score":316,"play_id":"4d106729-bbef-4e3f-9276-6d78519ff2c1","local_time":"20201214040725","is_ascension_mode":false,"campfire_choices":[{"data":"champ:Taunt","floor":1.0,"key":"SMITH"},{"data":"champ:PerfectedStrike","floor":5.0,"key":"SMITH"},{"data":"champ:PerfectForm","floor":18.0,"key":"SMITH"}],"circlet_count":0,"master_deck":["champ:Strike+1","champ:Strike+1","champ:Strike+1","champ:Strike+1","champ:Defend+1","champ:Defend+1","champ:Defend+1","champ:Defend+1","champ:Execute","champ:Taunt+1","champ:PerfectedStrike+1","Armaments+1","Armaments+1","champ:FocusedDefense","champ:BerserkersShout","champ:SteelEdge","champ:PerfectedStrike","champ:Duel","champ:Haymaker","champ:FanOfKnives","champ:PerfectForm+1","champ:TornadoPunch","champ:TornadoPunch+1","champ:EndlessRage","champ:BerserkerStyle","champ:PerfectedStrike"],"relics":["champ:ChampionCrown","Hammer of Thor","Seething Fire","Anvil of the Gods","downfall:HeartBlessingRed","Strawberry","conspire:InfiniteJournal","Toy Ornithopter","aspiration:Lifesprig","Champion Belt","aspiration:PoetsPen_weak","downfall:HeartBlessingBlue","downfall:HeartBlessingGreen","Potion Belt","construct:BoolHorns"],"acts_visited":["Exordium","TheCity"],"potions_floor_usage":[27],"damage_taken":[{"damage":3.0,"enemies":"Lagavulin","floor":3.0,"turns":8.0},{"damage":2.0,"enemies":"conspire:RoseBush","floor":6.0,"turns":2.0},{"damage":0.0,"enemies":"2 Louse","floor":9.0,"turns":2.0},{"damage":33.0,"enemies":"Gremlin Nob","floor":10.0,"turns":4.0},{"damage":0.0,"enemies":"Small Slimes","floor":11.0,"turns":2.0},{"damage":6.0,"enemies":"Exordium Wildlife","floor":12.0,"turns":2.0},{"damage":16.0,"enemies":"Exordium Wildlife","floor":13.0,"turns":4.0},{"damage":6.0,"enemies":"Large Slime","floor":15.0,"turns":4.0},{"damage":37.0,"enemies":"downfall:Silent","floor":16.0,"turns":13.0},{"damage":3.0,"enemies":"Chosen","floor":19.0,"turns":3.0},{"damage":6.0,"enemies":"conspire:FuzzyDice","floor":21.0,"turns":4.0},{"damage":10.0,"enemies":"Snake Plant","floor":22.0,"turns":4.0},{"damage":30.0,"enemies":"Gremlin Leader","floor":25.0,"turns":4.0},{"damage":3.0,"enemies":"downfall:FleeingMerchant","floor":26.0,"turns":4.0},{"damage":88,"enemies":"Slavers","floor":27,"turns":4}],"seed_played":"-1611863179743262411","potions_obtained":[{"floor":6.0,"key":"Swift Potion"},{"floor":10.0,"key":"Dexterity Potion"},{"floor":11.0,"key":"Fire Potion"},{"floor":12.0,"key":"BlessingOfTheForge"},{"floor":19.0,"key":"Guardian:BlockOnCardUsePotion"},{"floor":21.0,"key":"Swift Potion"}],"is_trial":false,"path_per_floor":["R","?","E","?","R","M","T","?","M","E","M","M","?","?","M","B",null,"R","M","?","M","M","?","T","E","$","E"],"character_chosen":"THE_CHAMP","items_purchased":[],"campfire_rested":0,"item_purchase_floors":[],"current_hp_per_floor":[99,88,88,93,93,91,91,91,91,64,64,69,74,85,85,51,111,121,121,121,115,110,131,131,104,105,22,22],"gold":167,"neow_bonus":"TEN_PERCENT_HP_BONUS","is_daily":false,"chose_seed":false,"campfire_upgraded":3,"win_rate":0.0,"timestamp":1607936845,"path_taken":["R","?","E","?","R","M","T","?","M","E","?","M","?","?","M","BOSS","R","M","?","?","M","?","T","E","$","E"],"items_purchased_type":[],"build_version":"2020-12-13","purchased_purges":0,"victory":false,"max_hp_per_floor":[99,106,106,111,111,111,111,111,111,111,111,111,111,111,111,111,111,121,121,121,121,121,131,131,131,131,131,131],"card_choices":[{"not_picked":["champ:DeathBlow","champ:BerserkersShout"],"picked":"champ:PerfectedStrike","floor":3.0},{"not_picked":["champ:RecklessLeap","champ:FalseCounter"],"picked":"champ:FocusedDefense","floor":6.0},{"not_picked":["champ:Encircle","champ:DefensiveShout"],"picked":"champ:BerserkersShout","floor":9.0},{"not_picked":["champ:TornadoPunch","champ:Riposte"],"picked":"champ:SteelEdge","floor":10.0},{"not_picked":["champ:Encircle","champ:EnGarde"],"picked":"champ:PerfectedStrike","floor":11.0},{"not_picked":["champ:GladiatorsShout","champ:CrookedStrike"],"picked":"champ:Duel","floor":12.0},{"not_picked":["champ:FlashCut","champ:Riposte"],"picked":"champ:Haymaker","floor":13.0},{"not_picked":["champ:SwordThrow","champ:BerserkersShout"],"picked":"champ:FanOfKnives","floor":15.0},{"not_picked":["champ:ShieldThrow","champ:DancingMaster"],"picked":"champ:PerfectForm","floor":16.0},{"not_picked":["champ:Haymaker+1","champ:DefensiveShout"],"picked":"champ:TornadoPunch","floor":19.0},{"not_picked":["champ:Encircle+1","champ:Haymaker"],"picked":"champ:TornadoPunch+1","floor":21.0},{"not_picked":["champ:FanOfKnives+1","champ:TornadoPunch"],"picked":"champ:EndlessRage","floor":22.0},{"not_picked":["champ:RecklessLeap","champ:FaceSlap"],"picked":"champ:BerserkerStyle","floor":25.0},{"not_picked":["champ:GladiatorsShout","champ:AdrenalArmor"],"picked":"champ:PerfectedStrike","floor":26.0}],"player_experience":233141,"relics_obtained":[{"floor":3.0,"key":"conspire:InfiniteJournal"},{"floor":7.0,"key":"Toy Ornithopter"},{"floor":10.0,"key":"aspiration:Lifesprig"},{"floor":13.0,"key":"Champion Belt"},{"floor":24.0,"key":"Potion Belt"},{"floor":25.0,"key":"construct:BoolHorns"}],"event_choices":[{"damage_healed":0.0,"max_hp_gain":0.0,"max_hp_loss":0.0,"gold_gain":0.0,"event_name":"betterThird:BetterScrap","player_choice":"Relic ","floor":2.0,"gold_loss":0.0,"damage_taken":18.0,"cards_obtained":["Rage"]},{"damage_healed":0.0,"max_hp_gain":5.0,"max_hp_loss":0.0,"gold_gain":0.0,"event_name":"Big Fish","player_choice":"Donut","floor":4.0,"gold_loss":0.0,"damage_taken":0.0},{"damage_healed":0.0,"max_hp_gain":0.0,"max_hp_loss":0.0,"gold_gain":0.0,"event_name":"conspire:LoneGhost","player_choice":"Disagree","floor":8.0,"gold_loss":0.0,"damage_taken":0.0},{"damage_healed":0.0,"max_hp_gain":0.0,"max_hp_loss":0.0,"gold_gain":0.0,"event_name":"betterNote:BetterNote","player_choice":"Ignored","floor":20.0,"gold_loss":0.0,"damage_taken":0.0,"cards_obtained":["Slimebound:LeechingTouch"]}],"is_beta":false,"boss_relics":[{"not_picked":["aspiration:SecretTechniqueScroll","Runic Pyramid"],"picked":"aspiration:PoetsPen_weak"}],"items_purged_floors":[],"is_endless":false,"potions_floor_spawned":[6,10,11,12,19,21],"killed_by":"Slavers","ascension_level":0}}