{"host":"1atm7w4n2ykhhduo","time":1607975849,"event":{"mods":["AchievementEnabler","BaseMod","Colored Map","Minty Spire (QoL Compilation)"],"gold_per_floor":[112,125,145,157,172,199,199,199,199,226,226,226,151,166,166,271,271,246,262,537,210,222,222,222,222],"floor_reached":24,"playtime":1144,"items_purged":["Strike_B","Regret"],"score":270,"play_id":"e9932e72-b09e-4bd5-98ef-1db2e4adb8c8","local_time":"20201214145729","is_ascension_mode":true,"campfire_choices":[{"floor":8.0,"key":"REST"},{"floor":15.0,"key":"REST"},{"floor":23,"key":"REST"}],"circlet_count":0,"master_deck":["Strike_B","Strike_B","Strike_B","Defend_B","Defend_B","Defend_B","Defend_B","Zap","Dualcast","Impatience","Conserve Battery","Streamline","Hologram","Darkness+1","Sweeping Beam","Redo","Sweeping Beam+1","Streamline+1","Echo Form","Reinforced Body","Loop+1","Defragment","BootSequence+1"],"relics":["FrozenCore","Molten Egg 2","Incense Burner","Kunai","Turnip","Strawberry"],"acts_visited":["Exordium","TheCity"],"potions_floor_usage":[22],"damage_taken":[{"damage":0.0,"enemies":"2 Louse","floor":1.0,"turns":2.0},{"damage":0.0,"enemies":"Small Slimes","floor":2.0,"turns":2.0},{"damage":1.0,"enemies":"Cultist","floor":3.0,"turns":3.0},{"damage":4.0,"enemies":"Large Slime","floor":4.0,"turns":5.0},{"damage":9.0,"enemies":"Looter","floor":5.0,"turns":3.0},{"damage":42.0,"enemies":"Gremlin Nob","floor":6.0,"turns":5.0},{"damage":21.0,"enemies":"3 Sentries","floor":10.0,"turns":8.0},{"damage":3.0,"enemies":"3 Louse","floor":14.0,"turns":2.0},{"damage":21.0,"enemies":"Hexaghost","floor":16.0,"turns":8.0},{"damage":30,"enemies":"2 Thieves","floor":18,"turns":5},{"damage":18,"enemies":"3 Byrds","floor":19,"turns":4},{"damage":0,"enemies":"3 Cultists","floor":22,"turns":4},{"damage":49,"enemies":"Slavers","floor":24,"turns":6}],"seed_played":"6108735947714268760","potions_obtained":[{"floor":1.0,"key":"Energy Potion"},{"floor":10.0,"key":"Strength Potion"},{"floor":16.0,"key":"PotionOfCapacity"},{"floor":19,"key":"Explosive Potion"},{"floor":22,"key":"Fire Potion"}],"is_trial":false,"path_per_floor":["M","M","M","M","M","E","?","R","T","E","?","?","$","M","R","B",null,"M","M","?","$","M","R","E"],"character_chosen":"DEFECT","items_purchased":["Strawberry","Defragment"],"campfire_rested":3,"item_purchase_floors":[21,21],"current_hp_per_floor":[68,68,67,63,54,12,12,34,34,13,13,6,6,3,25,4,57,27,9,9,16,16,40,0,0],"gold":222,"neow_bonus":"RANDOM_COLORLESS","is_daily":false,"chose_seed":false,"campfire_upgraded":0,"win_rate":0.0,"timestamp":1607975849,"path_taken":["M","M","M","M","M","E","?","R","T","E","?","?","$","M","R","BOSS","M","M","?","$","M","R","E"],"items_purchased_type":["Relic","Card"],"build_version":"2020-12-13","purchased_purges":2,"victory":false,"max_hp_per_floor":[75,75,75,75,75,75,75,75,75,75,75,75,75,75,75,75,75,75,75,75,82,82,82,82,82],"card_choices":[{"not_picked":["Forethought","Jack Of All Trades"],"picked":"Impatience","floor":0.0},{"not_picked":["Doom and Gloom","Compile Driver"],"picked":"Conserve Battery","floor":1.0},{"not_picked":["Cold Snap","Doom and Gloom"],"picked":"Streamline","floor":2.0},{"not_picked":["Undo","Coolheaded"],"picked":"Hologram","floor":3.0},{"not_picked":["Chill","Meteor Strike"],"picked":"Darkness","floor":4.0},{"not_picked":["Conserve Battery","Aggregate"],"picked":"Sweeping Beam","floor":5.0},{"not_picked":["Chill","Turbo"],"picked":"Redo","floor":6.0},{"not_picked":["Rip and Tear+1","Amplify"],"picked":"Sweeping Beam+1","floor":10.0},{"not_picked":["Go for the Eyes+1","Hello World"],"picked":"Streamline+1","floor":14.0},{"not_picked":["Electrodynamics","Thunder Strike+1"],"picked":"Echo Form","floor":16.0},{"not_picked":["Ball Lightning+1","Lockon+1"],"picked":"Reinforced Body","floor":18},{"not_picked":["Darkness","Stack+1"],"picked":"Loop+1","floor":19},{"not_picked":["Leap","Turbo"],"picked":"BootSequence+1","floor":22}],"player_experience":270899,"relics_obtained":[{"floor":6.0,"key":"Molten Egg 2"},{"floor":9.0,"key":"Incense Burner"},{"floor":10.0,"key":"Kunai"}],"event_choices":[{"damage_healed":0.0,"max_hp_gain":0.0,"max_hp_loss":0.0,"gold_gain":0.0,"event_name":"Shining Light","player_choice":"Ignored","floor":7.0,"gold_loss":0.0,"damage_taken":0.0},{"damage_healed":0.0,"max_hp_gain":0.0,"max_hp_loss":0.0,"gold_gain":0.0,"event_name":"Living Wall","player_choice":"Grow","floor":11.0,"gold_loss":0.0,"damage_taken":0.0,"cards_upgraded":["Darkness"]},{"damage_healed":0.0,"max_hp_gain":0.0,"max_hp_loss":0.0,"gold_gain":0.0,"event_name":"Scrap Ooze","player_choice":"Success","floor":12.0,"gold_loss":0.0,"damage_taken":7.0,"relics_obtained":["Turnip"]},{"damage_healed":0,"gold_gain":275,"player_choice":"Desecrate","damage_taken":0,"max_hp_gain":0,"max_hp_loss":0,"event_name":"Golden Shrine","floor":20,"gold_loss":0,"cards_obtained":["Regret"]}],"is_beta":false,"boss_relics":[{"not_picked":["Black Star","Sozu"],"picked":"FrozenCore"}],"items_purged_floors":[13,21],"is_endless":false,"potions_floor_spawned":[1,10,16,19,22],"killed_by":"Slavers","ascension_level":6}}