{"host":"f5n4tidiz2n5sooh","time":1607943622,"event":{"mods":["BaseMod","Colored Map","Minty Spire (QoL Compilation)","Relic Stats","StSLib"],"gold_per_floor":[115,27,39,54,68,68,86,116,116,116,128,159,159,173,173,244,244,264,264,278,65,65,65],"floor_reached":22,"playtime":739,"items_purged":["Strike_R"],"score":396,"play_id":"246a7c03-700e-422c-98e2-9a1577770d63","local_time":"20201214050022","is_ascension_mode":true,"campfire_choices":[{"data":"Bash","floor":6,"key":"SMITH"},{"data":"Clothesline","floor":10,"key":"SMITH"},{"data":"Uppercut","floor":13,"key":"SMITH"},{"data":"Cleave","floor":15,"key":"SMITH"}],"circlet_count":0,"master_deck":["AscendersBane","Strike_R","Strike_R","Strike_R","Defend_R","Defend_R","Defend_R","Defend_R","Bash+1","Feel No Pain","Cleave+1","Headbutt","Clothesline+1","Battle Trance","Uppercut+1","Barricade","Entrench","Second Wind"],"relics":["Runic Dome","Smiling Mask","Gremlin Horn","Matryoshka","Snecko Eye","Happy Flower"],"acts_visited":["Exordium","TheCity"],"potions_floor_usage":[8,12],"damage_taken":[{"damage":2,"enemies":"2 Louse","floor":1,"turns":3},{"damage":1,"enemies":"Cultist","floor":3,"turns":3},{"damage":0,"enemies":"Small Slimes","floor":4,"turns":2},{"damage":2,"enemies":"2 Fungi Beasts","floor":5,"turns":3},{"damage":6,"enemies":"Looter","floor":7,"turns":3},{"damage":15,"enemies":"Lagavulin","floor":8,"turns":3},{"damage":31,"enemies":"Exordium Thugs","floor":11,"turns":4},{"damage":10,"enemies":"3 Sentries","floor":12,"turns":8},{"damage":0,"enemies":"2 Fungi Beasts","floor":14,"turns":2},{"damage":18,"enemies":"Slime Boss","floor":16,"turns":7},{"damage":25,"enemies":"Spheric Guardian","floor":18,"turns":4},{"damage":8,"enemies":"3 Byrds","floor":20,"turns":5},{"damage":32,"enemies":"Centurion and Healer","floor":22,"turns":4}],"seed_played":"1327117247731712384","potions_obtained":[{"floor":3,"key":"FairyPotion"},{"floor":4,"key":"AttackPotion"},{"floor":11,"key":"Energy Potion"},{"floor":12,"key":"EssenceOfSteel"},{"floor":16,"key":"Dexterity Potion"}],"is_trial":false,"path_per_floor":["M","$","M","M","M","R","M","E","T","R","M","E","R","M","R","B",null,"M","?","M","$","M"],"character_chosen":"IRONCLAD","items_purchased":["Feel No Pain","Happy Flower"],"campfire_rested":0,"item_purchase_floors":[2,21],"current_hp_per_floor":[66,66,65,65,63,63,57,42,42,42,11,1,1,1,1,22,62,37,37,29,29,0,0],"gold":65,"neow_bonus":"BOSS_RELIC","is_daily":false,"chose_seed":false,"campfire_upgraded":4,"win_rate":0.0,"timestamp":1607943622,"path_taken":["M","$","M","M","M","R","M","E","T","R","M","E","R","M","R","BOSS","M","?","M","$","M"],"items_purchased_type":["Card","Relic"],"build_version":"2020-12-13","purchased_purges":1,"victory":false,"max_hp_per_floor":[75,75,75,75,75,75,75,75,75,75,75,75,75,75,75,75,75,75,75,75,75,75,75],"relic_stats":{"Gremlin Horn":[8,9],"Happy Flower":[1],"counters":[13,51],"Snecko Eye":[30,24,23,25],"Smiling Mask":25,"obtain_stats":[{"Runic Dome":0,"Matryoshka":12,"Gremlin Horn":9,"Happy Flower":21,"Snecko Eye":17,"Smiling Mask":8,"Burning Blood":0},{"Runic Dome":0,"Matryoshka":8,"Gremlin Horn":6,"Happy Flower":12,"Snecko Eye":10,"Smiling Mask":6,"Burning Blood":0},{"Runic Dome":0,"Matryoshka":29,"Gremlin Horn":17,"Happy Flower":47,"Snecko Eye":38,"Smiling Mask":17,"Burning Blood":0}]},"card_choices":[{"not_picked":["Perfected Strike","Havoc","Searing Blow"],"picked":"SKIP","floor":1},{"not_picked":["Flex","Wild Strike"],"picked":"Cleave","floor":3},{"not_picked":["Flex","Clash","Warcry"],"picked":"SKIP","floor":4},{"not_picked":["Sever Soul","Iron Wave"],"picked":"Headbutt","floor":5},{"not_picked":["Heavy Blade","Body Slam"],"picked":"Clothesline","floor":7},{"not_picked":["Bloodletting","Body Slam"],"picked":"Battle Trance","floor":8},{"not_picked":["Iron Wave","Wild Strike"],"picked":"Uppercut","floor":11},{"not_picked":["Havoc","Headbutt","Sword Boomerang"],"picked":"SKIP","floor":12},{"not_picked":["Rupture","Sword Boomerang","Headbutt"],"picked":"SKIP","floor":14},{"not_picked":["Impervious","Immolate"],"picked":"Barricade","floor":16},{"not_picked":["Rage+1","Anger"],"picked":"Entrench","floor":18},{"not_picked":["Warcry","Perfected Strike"],"picked":"Second Wind","floor":20}],"player_experience":1887716,"relics_obtained":[{"floor":8,"key":"Smiling Mask"},{"floor":9,"key":"Gremlin Horn"},{"floor":12,"key":"Matryoshka"}],"event_choices":[{"cards_removed":["Strike_R"],"damage_healed":0,"gold_gain":0,"player_choice":"Purged","damage_taken":0,"max_hp_gain":0,"max_hp_loss":0,"event_name":"Purifier","floor":19,"gold_loss":0}],"is_beta":false,"boss_relics":[{"not_picked":["Black Star","Astrolabe"],"picked":"Snecko Eye"}],"items_purged_floors":[21],"is_endless":false,"potions_floor_spawned":[3,4,11,12,16,20],"killed_by":"Centurion and Healer","ascension_level":20}}