{"host":"51dweoxrcspgw6ri","time":1607984826,"event":{"mods":["BaseMod","Colored Map","Colored Powertips","Minty Spire (QoL Compilation)","Rare Cards Sparkle","Relic Stats","StSLib","SuperFastMode","The Bug Knight"],"gold_per_floor":[114,38,113,113,128,157,176,176,176,190,206,233,258,433,433,530,530,545,92,105,55,70,70,88,88,88],"floor_reached":25,"playtime":1054,"items_purged":["Pain"],"score":238,"play_id":"05e54361-614a-46a9-911f-9d4bb9557c3e","local_time":"20201214232706","is_ascension_mode":false,"campfire_choices":[{"data":"HollowMod:SlysStrikes","floor":8,"key":"SMITH"},{"floor":15,"key":"REST"},{"floor":23,"key":"REST"}],"circlet_count":0,"master_deck":["HollowMod:NailStrikeStart","HollowMod:NailStrikeStart+1","HollowMod:NailStrikeStart","HollowMod:NailStrikeStart+1","HollowMod:QuickDashStart","HollowMod:QuickDashStart","HollowMod:QuickDashStart","HollowMod:QuickDashStart","HollowMod:FocusHealStart","HollowMod:PogoStrike","HollowMod:MothsMistake","HollowMod:HowlingWraiths","HollowMod:SlysStrikes+1","HollowMod:MantisMark","HollowMod:ChannelNail","HollowMod:SiblingsSouls","Doubt","HollowMod:Weaversong+1","HollowMod:SlysStrikes+1","Master of Strategy","HollowMod:CycloneSlash","HollowMod:MantisMark+1"],"relics":["HollowMod:VesselMask","NeowsBlessing","WarpedTongs","HollowMod:LifeEnderRelic","Frozen Egg 2","Lantern","Whetstone","SlaversCollar","DollysMirror"],"acts_visited":["Exordium","TheCity"],"potions_floor_usage":[7,13,16,20,22,24,24],"damage_taken":[{"damage":0,"enemies":"Cultist","floor":1,"turns":1},{"damage":1,"enemies":"Jaw Worm","floor":5,"turns":1},{"damage":1,"enemies":"Gremlin Nob","floor":6,"turns":1},{"damage":7,"enemies":"2 Louse","floor":7,"turns":3},{"damage":9,"enemies":"Large Slime","floor":10,"turns":5},{"damage":16,"enemies":"Lots of Slimes","floor":11,"turns":2},{"damage":25,"enemies":"Lagavulin","floor":13,"turns":6},{"damage":9,"enemies":"The Guardian","floor":16,"turns":10},{"damage":22,"enemies":"Shell Parasite","floor":18,"turns":6},{"damage":27,"enemies":"3 Byrds","floor":20,"turns":5},{"damage":24,"enemies":"Cultist and Chosen","floor":22,"turns":6},{"damage":13,"enemies":"Shelled Parasite and Fungi","floor":24,"turns":4},{"damage":44,"enemies":"Snecko","floor":25,"turns":5}],"seed_played":"-2669488035907869928","potions_obtained":[{"floor":1,"key":"Fruit Juice"},{"floor":5,"key":"Dexterity Potion"},{"floor":6,"key":"Energy Potion"},{"floor":11,"key":"EssenceOfSteel"},{"floor":20,"key":"Energy Potion"},{"floor":22,"key":"GamblersBrew"}],"is_trial":false,"path_per_floor":["M","$","?","?","M","E","M","R","T","M","M","T","E","?","R","B",null,"M","$","M","?","M","R","M","M"],"character_chosen":"THE_BUGKNIGHT","items_purchased":["HollowMod:MothsMistake","DollysMirror","Master of Strategy","Energy Potion"],"campfire_rested":2,"item_purchase_floors":[2,19,19,19],"current_hp_per_floor":[75,75,64,64,63,62,60,60,60,51,35,35,10,10,34,31,80,58,58,31,31,17,41,28,0,0],"gold":88,"neow_bonus":"THREE_ENEMY_KILL","is_daily":false,"chose_seed":false,"campfire_upgraded":1,"win_rate":0.0,"timestamp":1607984826,"path_taken":["M","$","?","?","M","E","M","R","T","?","M","?","E","?","R","BOSS","M","$","M","?","?","R","M","M"],"items_purchased_type":["Card","Relic","Card","Potion"],"build_version":"2020-12-13","purchased_purges":1,"victory":false,"max_hp_per_floor":[75,75,75,75,75,75,80,80,80,80,80,80,80,80,80,80,80,80,80,80,80,80,80,80,80,80],"relic_stats":{"counters":[13,55],"Whetstone":["HollowMod:NailStrikeStart","HollowMod:NailStrikeStart"],"obtain_stats":[{"SlaversCollar":17,"Lantern":12,"HollowMod:LifeEnderRelic":6,"NeowsBlessing":0,"DollysMirror":19,"HollowMod:VesselMask":0,"Whetstone":13,"Frozen Egg 2":9,"WarpedTongs":4},{"SlaversCollar":8,"Lantern":6,"HollowMod:LifeEnderRelic":3,"NeowsBlessing":0,"DollysMirror":9,"HollowMod:VesselMask":0,"Whetstone":7,"Frozen Egg 2":4,"WarpedTongs":1},{"SlaversCollar":29,"Lantern":13,"HollowMod:LifeEnderRelic":3,"NeowsBlessing":0,"DollysMirror":35,"HollowMod:VesselMask":0,"Whetstone":19,"Frozen Egg 2":6,"WarpedTongs":1}],"WarpedTongs":[53]},"card_choices":[{"not_picked":["HollowMod:NewGlowingWomb","HollowMod:WraithStrike","HollowMod:SoulSplash"],"picked":"SKIP","floor":1},{"not_picked":["HollowMod:FastStrike","HollowMod:InfectedCysts"],"picked":"HollowMod:HowlingWraiths","floor":5},{"not_picked":["HollowMod:GreatSlash","HollowMod:NewLittleFool"],"picked":"HollowMod:SlysStrikes","floor":6},{"not_picked":["HollowMod:HeavyBlow","HollowMod:GoodIntentions","HollowMod:LifebloodCocoon"],"picked":"SKIP","floor":7},{"not_picked":["HollowMod:Grubsong+1","HollowMod:BlackTendrils"],"picked":"HollowMod:MantisMark","floor":10},{"not_picked":["HollowMod:DescendingDark","HollowMod:WraithStrike"],"picked":"HollowMod:ChannelNail","floor":11},{"not_picked":["HollowMod:SiblingsShadow","HollowMod:VengefulVoid"],"picked":"HollowMod:SiblingsSouls","floor":13},{"not_picked":["HollowMod:VoidDash","HollowMod:AwokenDreamNail"],"picked":"HollowMod:Weaversong+1","floor":16},{"not_picked":["HollowMod:ChannelNail","HollowMod:SoulVessel+1","HollowMod:MawleksShell"],"picked":"SKIP","floor":18},{"not_picked":["HollowMod:TaintedHusks","HollowMod:SoulSplash+1"],"picked":"HollowMod:CycloneSlash","floor":20},{"not_picked":["HollowMod:WraithStrike","HollowMod:SiblingsSouls"],"picked":"HollowMod:MantisMark+1","floor":22},{"not_picked":["HollowMod:BaldurShell+1","HollowMod:RecoilStrike","HollowMod:SoulStrike"],"picked":"SKIP","floor":24}],"player_experience":523928,"relics_obtained":[{"floor":6,"key":"HollowMod:LifeEnderRelic"},{"floor":9,"key":"Frozen Egg 2"},{"floor":12,"key":"Lantern"},{"floor":13,"key":"Whetstone"}],"event_choices":[{"damage_healed":0,"gold_gain":75,"player_choice":"Gather Gold","damage_taken":11,"max_hp_gain":0,"max_hp_loss":0,"event_name":"World of Goop","floor":3,"gold_loss":0},{"damage_healed":0,"gold_gain":0,"player_choice":"Rummage","damage_taken":0,"relics_obtained":["WarpedTongs"],"max_hp_gain":0,"max_hp_loss":0,"event_name":"Accursed Blacksmith","floor":4,"gold_loss":0,"cards_obtained":["Pain"]},{"damage_healed":0,"gold_gain":175,"player_choice":"AGREE","damage_taken":0,"max_hp_gain":0,"max_hp_loss":0,"event_name":"Liars Game","floor":14,"gold_loss":0,"cards_obtained":["Doubt"]},{"damage_healed":0,"gold_gain":0,"player_choice":"Bet on Murderer","damage_taken":0,"max_hp_gain":0,"max_hp_loss":0,"event_name":"The Joust","floor":21,"gold_loss":50}],"is_beta":false,"boss_relics":[{"not_picked":["Busted Crown","HollowMod:KingsSoulRelic"],"picked":"SlaversCollar"}],"items_purged_floors":[19],"is_endless":false,"potions_floor_spawned":[1,5,6,11,20,22],"killed_by":"Snecko","ascension_level":0}}