{"host":"diimjn7l8zzl9nqr","time":1607926805,"event":{"mods":["BaseMod","DeckTracker","Keyboard Shortcuts","Minty Spire (QoL Compilation)","Permanent Neow","Quick Restart","StSLib","SuperFastMode"],"gold_per_floor":[116,135,148,148,168,168,181,107,107,107,127,127,137,169,169,264,264,264,264,264,189,189,189,189,189,189,189,39,39,39,39,39,39,39,39,39,0,0,0,0,0,0,0,0,0,0,0,0,0,0],"floor_reached":51,"playtime":1735,"items_purged":["Strike_R"],"score":881,"play_id":"40126f7f-fe68-47fe-8e5c-3d04e1790f21","local_time":"20201214152005","is_ascension_mode":true,"campfire_choices":[{"data":"Feed","floor":6,"key":"SMITH"},{"data":"Battle Trance","floor":10,"key":"SMITH"},{"data":"Pummel","floor":15,"key":"SMITH"},{"data":"RitualDagger","floor":23,"key":"SMITH"},{"data":"Demon Form","floor":32,"key":"SMITH"},{"data":"Spot Weakness","floor":47,"key":"SMITH"},{"data":"Carnage","floor":49,"key":"SMITH"}],"circlet_count":0,"master_deck":["Strike_R","Defend_R","Defend_R","Defend_R","Bash","Headbutt","Battle Trance+1","Flex","Feed+1","Carnage+1","Clothesline","Demon Form+1","Pummel+1","Inflame","Rupture","RitualDagger+1","Armaments+1","Ghostly","Ghostly","Ghostly","Ghostly","Ghostly","Heavy Blade+1","Headbutt+1","Thunderclap+1","Spot Weakness+1","Cleave","Heavy Blade+1","Ghostly Armor+1","Shrug It Off+1","Sword Boomerang+1","Uppercut+1"],"relics":["Burning Blood","WingedGreaves","Ice Cream","Ectoplasm","Incense Burner","MealTicket","Ornamental Fan","Centennial Puzzle","Empty Cage","Lizard Tail","Red Mask","Juzu Bracelet","InkBottle","Question Card","The Courier"],"acts_visited":["Exordium","TheCity","TheBeyond"],"potions_floor_usage":[16,46,50],"damage_taken":[{"damage":6,"enemies":"Jaw Worm","floor":1,"turns":3},{"damage":5,"enemies":"Cultist","floor":2,"turns":4},{"damage":0,"enemies":"2 Louse","floor":3,"turns":2},{"damage":14,"enemies":"Blue Slaver","floor":5,"turns":3},{"damage":8,"enemies":"Gremlin Gang","floor":7,"turns":4},{"damage":10,"enemies":"Looter","floor":11,"turns":2},{"damage":19,"enemies":"2 Fungi Beasts","floor":13,"turns":5},{"damage":20,"enemies":"Gremlin Nob","floor":14,"turns":4},{"damage":38,"enemies":"Hexaghost","floor":16,"turns":9},{"damage":21,"enemies":"3 Byrds","floor":18,"turns":7},{"damage":36,"enemies":"2 Thieves","floor":21,"turns":5},{"damage":6,"enemies":"Book of Stabbing","floor":24,"turns":6},{"damage":10,"enemies":"Snecko","floor":25,"turns":5},{"damage":7,"enemies":"Slavers","floor":27,"turns":7},{"damage":2,"enemies":"3 Cultists","floor":29,"turns":5},{"damage":3,"enemies":"Gremlin Leader","floor":30,"turns":8},{"damage":1,"enemies":"Centurion and Healer","floor":31,"turns":6},{"damage":5,"enemies":"Collector","floor":33,"turns":8},{"damage":2,"enemies":"3 Darklings","floor":35,"turns":6},{"damage":4,"enemies":"2 Orb Walkers","floor":36,"turns":5},{"damage":1,"enemies":"Giant Head","floor":40,"turns":9},{"damage":0,"enemies":"Orb Walker","floor":41,"turns":5},{"damage":1,"enemies":"Nemesis","floor":42,"turns":5},{"damage":1,"enemies":"Reptomancer","floor":46,"turns":6},{"damage":19,"enemies":"Time Eater","floor":50,"turns":8}],"seed_played":"-6450132496988473557","potions_obtained":[{"floor":2,"key":"PowerPotion"},{"floor":14,"key":"CultistPotion"},{"floor":16,"key":"Explosive Potion"},{"floor":18,"key":"Energy Potion"},{"floor":41,"key":"Regen Potion"},{"floor":46,"key":"Swift Potion"}],"is_trial":false,"path_per_floor":["M","M","M","?","M","R","M","$","T","R","M","?","M","E","R","B",null,"M","?","?","M","?","R","E","M","T","E","$","M","E","M","R","B",null,"M","?","?","$","?","E","M","E","T","T","$","E","R","?","R","B",null],"character_chosen":"IRONCLAD","items_purchased":["Carnage","Spot Weakness"],"campfire_rested":0,"item_purchase_floors":[8,28],"current_hp_per_floor":[80,80,80,73,65,65,67,67,67,67,63,63,54,40,40,12,92,81,62,56,30,30,30,30,26,26,29,44,52,55,60,60,60,60,64,68,68,68,65,65,65,65,65,65,65,69,69,69,69,56],"gold":0,"neow_bonus":"THREE_CARDS","is_daily":false,"chose_seed":false,"campfire_upgraded":7,"win_rate":0.0,"timestamp":1607926805,"path_taken":["M","M","M","?","M","R","M","$","T","R","M","?","M","E","R","BOSS","M","?","?","M","?","R","E","?","T","E","$","?","E","M","R","BOSS","M","?","?","?","?","E","M","E","T","?","$","E","R","?","R","BOSS"],"items_purchased_type":["Card","Card"],"build_version":"2020-12-13","purchased_purges":1,"victory":true,"max_hp_per_floor":[80,80,80,80,80,80,84,84,84,84,84,84,88,88,88,92,92,96,101,101,105,52,52,52,52,52,56,56,60,60,60,60,60,60,64,68,68,68,65,65,65,65,65,65,65,69,69,69,69,69],"card_choices":[{"not_picked":["Body Slam","Armaments"],"picked":"Headbutt","floor":0},{"not_picked":["Havoc","Sentinel","Clash"],"picked":"SKIP","floor":1},{"not_picked":["Headbutt","Twin Strike"],"picked":"Battle Trance","floor":2},{"not_picked":["Power Through","Havoc"],"picked":"Flex","floor":3},{"not_picked":["Havoc","Infernal Blade"],"picked":"Feed","floor":5},{"not_picked":["Seeing Red","Iron Wave","Anger"],"picked":"SKIP","floor":7},{"not_picked":["Dark Embrace","Heavy Blade"],"picked":"Clothesline","floor":11},{"not_picked":["Iron Wave","Havoc"],"picked":"Pummel","floor":13},{"not_picked":["Anger","Metallicize"],"picked":"Inflame","floor":14},{"not_picked":["Anger","Pommel Strike+1"],"picked":"Rupture","floor":18},{"not_picked":["Twin Strike","Flame Barrier+1"],"picked":"Armaments+1","floor":21},{"not_picked":["Perfected Strike+1","Thunderclap+1"],"picked":"Heavy Blade+1","floor":24},{"not_picked":["Iron Wave","Dropkick"],"picked":"Headbutt+1","floor":25},{"not_picked":["Dual Wield","Flex"],"picked":"Thunderclap+1","floor":27},{"not_picked":["Dual Wield","Bloodletting"],"picked":"Cleave","floor":29},{"not_picked":["Flex+1","Dropkick+1","Wild Strike+1"],"picked":"SKIP","floor":30},{"not_picked":["Metallicize","Bludgeon","Wild Strike"],"picked":"SKIP","floor":31},{"not_picked":["Havoc","Wild Strike"],"picked":"Heavy Blade+1","floor":35},{"not_picked":["Perfected Strike","Entrench+1"],"picked":"Ghostly Armor+1","floor":36},{"not_picked":["Thunderclap+1","Entrench+1"],"picked":"Shrug It Off+1","floor":40},{"not_picked":["Body Slam","Power Through+1"],"picked":"Sword Boomerang+1","floor":41},{"not_picked":["Headbutt+1","Cleave+1"],"picked":"Uppercut+1","floor":42},{"not_picked":["Inflame+1","Havoc","Seeing Red","Uppercut"],"picked":"SKIP","floor":46}],"player_experience":82757,"relics_obtained":[{"floor":9,"key":"WingedGreaves"},{"floor":14,"key":"Ice Cream"},{"floor":24,"key":"Incense Burner"},{"floor":26,"key":"MealTicket"},{"floor":27,"key":"Ornamental Fan"},{"floor":30,"key":"Centennial Puzzle"},{"floor":36,"key":"Lizard Tail"},{"floor":40,"key":"Juzu Bracelet"},{"floor":42,"key":"InkBottle"},{"floor":44,"key":"Question Card"},{"floor":46,"key":"The Courier"}],"event_choices":[{"cards_removed":["Strike_R"],"damage_healed":0,"gold_gain":0,"player_choice":"Card Removal","damage_taken":7,"max_hp_gain":0,"max_hp_loss":0,"event_name":"Golden Wing","floor":4,"gold_loss":0},{"damage_healed":0,"gold_gain":0,"player_choice":"1 cards matched","damage_taken":0,"max_hp_gain":0,"max_hp_loss":0,"event_name":"Match and Keep!","floor":12,"gold_loss":0,"cards_obtained":["Demon Form"]},{"damage_healed":0,"gold_gain":0,"player_choice":"Shed Blood","damage_taken":24,"max_hp_gain":5,"max_hp_loss":0,"event_name":"Forgotten Altar","floor":19,"gold_loss":0},{"damage_healed":0,"gold_gain":0,"player_choice":"Joined the Cult","damage_taken":6,"max_hp_gain":0,"max_hp_loss":0,"event_name":"Nest","floor":20,"gold_loss":0,"cards_obtained":["RitualDagger"]},{"damage_healed":0,"gold_gain":0,"player_choice":"Became a Ghost","damage_taken":0,"max_hp_gain":0,"max_hp_loss":53,"event_name":"Ghosts","floor":22,"gold_loss":0,"cards_obtained":["Ghostly","Ghostly","Ghostly","Ghostly","Ghostly"]},{"damage_healed":0,"gold_gain":0,"player_choice":"Fight","damage_taken":0,"max_hp_gain":0,"max_hp_loss":0,"event_name":"Mysterious Sphere","floor":36,"gold_loss":0},{"damage_healed":0,"gold_gain":0,"player_choice":"Paid","damage_taken":0,"relics_obtained":["Red Mask"],"max_hp_gain":0,"max_hp_loss":0,"event_name":"Tomb of Lord Red Mask","floor":37,"gold_loss":39},{"damage_healed":0,"gold_gain":0,"player_choice":"Max HP","damage_taken":0,"max_hp_gain":0,"max_hp_loss":3,"event_name":"Winding Halls","floor":39,"gold_loss":0},{"cards_removed":["Defend_R"],"damage_healed":0,"gold_gain":0,"player_choice":"Removed Skill","damage_taken":0,"max_hp_gain":0,"max_hp_loss":0,"event_name":"Falling","floor":48,"gold_loss":0}],"is_beta":false,"boss_relics":[{"not_picked":["Runic Pyramid","Cursed Key"],"picked":"Ectoplasm"},{"not_picked":["Fusion Hammer","Pandora\u0027s Box"],"picked":"Empty Cage"}],"items_purged_floors":[28],"is_endless":false,"potions_floor_spawned":[2,14,16,18,21,25,29,31,41,42,46],"ascension_level":1}}