{"host":"951sez6ulsv0fw1i","time":1607950797,"event":{"mods":["2.2 Compatiblity","Aspiration","BaseMod","Better Third Choice","BetterRewards","CCEM","CapriCore","Conspire","Downfall","Googly Eyes","Hermit","Infinite Spire","JesterMod","Luminous","Mari Mod (Legacy)","Mari\u0027s V1 Patch","Marisa????????","Minty Spire (QoL Compilation)","Potionbrewer","Reimu??????","Shade Mod","StSLib","The Bug Knight","The Cursed","The Forsaken","The Immortal","The Mystic","The Poker Player","The Runesmith","The Servant 0.9.4","TheBandit","TheSwordswoman"],"gold_per_floor":[111,121,131,131,306,339,339,374,400,44,9,9,28,45,45,140,140,121,131,131,186,186,186],"floor_reached":22,"playtime":903,"items_purged":["Doubt"],"score":194,"play_id":"93e4d602-dccf-404c-832a-a85598d25ae9","local_time":"20201214135957","is_ascension_mode":false,"campfire_choices":[{"data":"NB:ReiMu","floor":12,"key":"SMITH"},{"floor":15,"key":"RECALL"}],"circlet_count":0,"master_deck":["Strike_Lin:ReiMu","Strike_Lin:ReiMu","Strike_Lin:ReiMu","Strike_Lin:ReiMu","Defend_Lin:ReiMu","Defend_Lin:ReiMu","Defend_Lin:ReiMu","Defend_Lin:ReiMu","NB:ReiMu+1","Stagnation:ReiMu","TightArray:ReiMu","OrbThrow:ReiMu","SubAcupoint:ReiMu","Amulet:ReiMu","LovePray:ReiMu","FantasyMoon:ReiMu","SubAcupoint:ReiMu","AirStrike:ReiMu","YinYangSange:ReiMu","DependentForm:ReiMu","Conquer:ReiMu+1","SealNeedle:ReiMu"],"relics":["FlyPower:ReiMu","NeowsBlessing","Tiny Chest","Pantograph","Mastiff:ReiMu","TentaclePot:ReiMu","CrownOfHeavens:ReiMu","theForsaken:Lifeblossom"],"acts_visited":["Exordium","TheCity"],"potions_floor_usage":[8,22,22],"damage_taken":[{"damage":0,"enemies":"Cultist","floor":1,"turns":1},{"damage":0,"enemies":"Jaw Worm","floor":2,"turns":1},{"damage":0,"enemies":"2 Louse","floor":3,"turns":1},{"damage":23,"enemies":"Lagavulin","floor":6,"turns":8},{"damage":38,"enemies":"Gremlin Nob","floor":8,"turns":6},{"damage":1,"enemies":"Looter","floor":13,"turns":3},{"damage":0,"enemies":"Exordium Wildlife","floor":14,"turns":3},{"damage":24,"enemies":"Hexaghost","floor":16,"turns":11},{"damage":21,"enemies":"2 Thieves","floor":18,"turns":5},{"damage":7,"enemies":"Shell Parasite","floor":19,"turns":6},{"damage":53,"enemies":"3 Cultists","floor":22,"turns":5}],"seed_played":"-3542138958364731532","potions_obtained":[{"floor":2,"key":"SpeedPotion"},{"floor":6,"key":"DuplicationPotion"},{"floor":8,"key":"GamblersBrew"},{"floor":16,"key":"potionbrewer:QuicksilverPotion"},{"floor":19,"key":"SkillPotion"}],"is_trial":false,"path_per_floor":["M","M","M","T","?","E","?","E","T","$","?","R","M","M","R","B",null,"M","M","?","T","M"],"character_chosen":"REIMU","items_purchased":["TentaclePot:ReiMu","FantasyMoon:ReiMu","SubAcupoint:ReiMu"],"campfire_rested":0,"item_purchase_floors":[10,10,10],"current_hp_per_floor":[65,65,65,65,65,42,42,4,4,4,20,20,19,19,19,20,65,44,37,44,44,0,0],"gold":186,"neow_bonus":"THREE_ENEMY_KILL","is_daily":false,"chose_seed":false,"campfire_upgraded":1,"win_rate":0.0,"timestamp":1607950797,"path_taken":["M","M","?","?","?","E","?","E","T","$","?","R","M","M","R","BOSS","M","M","?","?","M"],"items_purchased_type":["Relic","Card","Card"],"build_version":"2020-12-13","purchased_purges":1,"victory":false,"max_hp_per_floor":[65,65,65,65,65,65,65,65,65,65,65,65,65,65,65,65,65,65,65,65,65,65,65],"card_choices":[{"not_picked":["Mountainwind:ReiMu","RainPray2:ReiMu"],"picked":"TightArray:ReiMu","floor":1},{"not_picked":["Meditation:ReiMu","KamiSacrifice:ReiMu"],"picked":"OrbThrow:ReiMu","floor":2},{"not_picked":["CareerPray:ReiMu","Enchanting:ReiMu"],"picked":"SubAcupoint:ReiMu","floor":3},{"not_picked":["SubAcupoint:ReiMu","BarrageOfMoneybags:ReiMu"],"picked":"Amulet:ReiMu","floor":6},{"not_picked":["UniversalSpiritual:ReiMu","SafetyPray:ReiMu"],"picked":"LovePray:ReiMu","floor":8},{"not_picked":["Conquer:ReiMu","SpiritualOutbreak2:ReiMu"],"picked":"AirStrike:ReiMu","floor":13},{"not_picked":["SealNeedle:ReiMu","AlertArray:ReiMu"],"picked":"YinYangSange:ReiMu","floor":14},{"not_picked":["BlastKick2:ReiMu","OctopathSalyBorderN:ReiMu"],"picked":"DependentForm:ReiMu","floor":16},{"not_picked":["OrbThrow:ReiMu+1","TakeOff:ReiMu"],"picked":"Conquer:ReiMu+1","floor":18},{"not_picked":["ForcedLanding:ReiMu","WonderfulDomain:ReiMu"],"picked":"SealNeedle:ReiMu","floor":19}],"player_experience":495063,"relics_obtained":[{"floor":6,"key":"Tiny Chest"},{"floor":8,"key":"Pantograph"},{"floor":9,"key":"Mastiff:ReiMu"},{"floor":21,"key":"theForsaken:Lifeblossom"}],"event_choices":[{"damage_healed":0,"gold_gain":175,"player_choice":"AGREE","damage_taken":131,"max_hp_gain":0,"max_hp_loss":0,"event_name":"betterThird:BetterSerpent","floor":5,"gold_loss":0},{"damage_healed":16,"gold_gain":0,"player_choice":"Healed","damage_taken":0,"max_hp_gain":0,"max_hp_loss":0,"event_name":"The Cleric","floor":11,"gold_loss":35}],"is_beta":false,"boss_relics":[{"not_picked":["ShineYinYang:ReiMu","CCEMRelics:TransientCore"],"picked":"CrownOfHeavens:ReiMu"}],"items_purged_floors":[10],"is_endless":false,"potions_floor_spawned":[2,6,8,16,19],"killed_by":"3 Cultists","ascension_level":0}}