{"host":"nmjik3bzoelmmajy","time":1607942078,"event":{"mods":["BaseMod","Better Third Choice","Colored Map","DeckTracker","Minty Spire (QoL Compilation)","Quick Restart","Say the Spire","StSLib","SuperFastMode"],"gold_per_floor":[211,54,54,72,72,101,118,136,136,163,163,163,180,255,255,326,326,339,339,14,14,33,33,33,42,42,42,42],"floor_reached":27,"playtime":889,"items_purged":["Regret"],"score":444,"play_id":"6682584c-afd9-4493-8826-45fae58c21e1","local_time":"20201214193438","is_ascension_mode":true,"campfire_choices":[{"floor":11.0,"key":"REST"},{"floor":15.0,"key":"REST"},{"data":"Footwork","floor":23,"key":"SMITH"}],"circlet_count":0,"master_deck":["AscendersBane","Defend_G","Defend_G","Defend_G","Defend_G","Defend_G","Survivor","Neutralize","Noxious Fumes","Poisoned Stab","Blade Dance","Blade Dance","Backflip","Glass Knife","Backstab","Dagger Spray","Storm of Steel","Wraith Form v2+1","Dodge and Roll+1","Storm of Steel+1","Reflex","Ghostly","Ghostly","Ghostly","Footwork+1","Accuracy","Terror","Calculated Gamble","Backflip","Bite","Bite","Bite","Bite","Bite","Shame"],"relics":["Ring of the Snake","Juzu Bracelet","Strawberry","The Courier","Snake Skull","Lantern","Astrolabe","Bronze Scales","CeramicFish","Bottled Flame"],"acts_visited":["Exordium","TheCity"],"potions_floor_usage":[16,27],"damage_taken":[{"damage":0.0,"enemies":"2 Louse","floor":1.0,"turns":3.0},{"damage":0.0,"enemies":"Small Slimes","floor":4.0,"turns":5.0},{"damage":23.0,"enemies":"3 Sentries","floor":6.0,"turns":9.0},{"damage":5.0,"enemies":"Cultist","floor":7.0,"turns":4.0},{"damage":3.0,"enemies":"2 Fungi Beasts","floor":8.0,"turns":3.0},{"damage":12.0,"enemies":"Lagavulin","floor":10.0,"turns":7.0},{"damage":6.0,"enemies":"Looter","floor":13.0,"turns":3.0},{"damage":38,"enemies":"Slime Boss","floor":16,"turns":10},{"damage":31,"enemies":"2 Thieves","floor":18,"turns":5},{"damage":1,"enemies":"3 Byrds","floor":22,"turns":5},{"damage":31,"enemies":"Book of Stabbing","floor":27,"turns":5}],"seed_played":"-1660857901047448492","potions_obtained":[{"floor":1.0,"key":"CunningPotion"},{"floor":4.0,"key":"Energy Potion"},{"floor":7.0,"key":"SneckoOil"},{"floor":18,"key":"LiquidMemories"}],"is_trial":false,"path_per_floor":["M","$","?","M","?","E","M","M","T","E","R","?","M","?","R","B",null,"M","?","$","?","M","R","T","?","T","E"],"character_chosen":"THE_SILENT","items_purchased":["Juzu Bracelet","Footwork","Accuracy","Terror","Calculated Gamble","Backflip"],"campfire_rested":2,"item_purchase_floors":[2,20,20,20,20,20],"current_hp_per_floor":[59,59,48,48,48,25,22,21,21,11,32,32,28,17,38,2,55,26,26,26,26,29,29,29,29,29,0,0],"gold":42,"neow_bonus":"HUNDRED_GOLD","is_daily":false,"chose_seed":false,"campfire_upgraded":1,"win_rate":0.0,"timestamp":1607942078,"path_taken":["M","$","?","M","?","E","M","M","T","E","R","?","M","?","R","BOSS","M","?","$","?","M","R","?","?","T","E"],"items_purchased_type":["Relic","Card","Card","Card","Card","Card"],"build_version":"2020-12-13","purchased_purges":1,"victory":false,"max_hp_per_floor":[66,66,73,73,73,73,73,73,73,73,73,73,73,73,73,73,73,73,36,36,36,36,36,36,36,36,36,36],"card_choices":[{"not_picked":["Distraction","Prepared"],"picked":"Noxious Fumes","floor":1.0},{"not_picked":["Dagger Throw","Dodge and Roll"],"picked":"Poisoned Stab","floor":4.0},{"not_picked":["Expertise","Flying Knee"],"picked":"Blade Dance","floor":6.0},{"not_picked":["Bane","Poisoned Stab"],"picked":"Blade Dance","floor":7.0},{"not_picked":["Dagger Spray","Dagger Throw"],"picked":"Backflip","floor":8.0},{"not_picked":["Dagger Spray","Poisoned Stab"],"picked":"Glass Knife","floor":10.0},{"not_picked":["Sucker Punch","Underhanded Strike"],"picked":"Dagger Spray","floor":13.0},{"not_picked":["Wraith Form v2","Die Die Die"],"picked":"Storm of Steel","floor":16},{"not_picked":["Dash","Eviscerate"],"picked":"Reflex","floor":18},{"not_picked":["Bane","Concentrate","Setup"],"picked":"SKIP","floor":22}],"player_experience":804624,"relics_obtained":[{"floor":6.0,"key":"Blood Vial"},{"floor":9.0,"key":"Snake Skull"},{"floor":10.0,"key":"Lantern"},{"floor":24,"key":"Bronze Scales"},{"floor":26,"key":"Bottled Flame"}],"event_choices":[{"damage_healed":0.0,"max_hp_gain":0.0,"max_hp_loss":0.0,"gold_gain":0.0,"event_name":"betterThird:BetterScrap","player_choice":"Relic ","floor":3.0,"gold_loss":0.0,"damage_taken":18.0,"cards_obtained":["Vengeance"]},{"damage_healed":0.0,"max_hp_gain":0.0,"max_hp_loss":0.0,"gold_gain":0.0,"event_name":"Big Fish","player_choice":"Box","floor":5.0,"gold_loss":0.0,"damage_taken":0.0,"relics_obtained":["The Courier"],"cards_obtained":["Regret"]},{"damage_healed":0.0,"max_hp_gain":0.0,"max_hp_loss":0.0,"gold_gain":0.0,"cards_transformed":["Strike_G"],"event_name":"Transmorgrifier","player_choice":"Transformed","floor":12.0,"gold_loss":0.0,"damage_taken":0.0,"cards_obtained":["Backstab"]},{"damage_healed":0.0,"max_hp_gain":0.0,"max_hp_loss":0.0,"gold_gain":75.0,"event_name":"betterThird:BetterGoop","player_choice":"Gold","floor":14.0,"gold_loss":0.0,"damage_taken":11.0},{"damage_healed":0,"gold_gain":0,"player_choice":"Became a Ghost","damage_taken":0,"max_hp_gain":0,"max_hp_loss":37,"event_name":"Ghosts","floor":19,"gold_loss":0,"cards_obtained":["Ghostly","Ghostly","Ghostly"]},{"damage_healed":0,"gold_gain":0,"player_choice":"Became a vampire (Vial)","damage_taken":0,"max_hp_gain":0,"max_hp_loss":0,"event_name":"Vampires","floor":21,"relics_lost":["Blood Vial"],"gold_loss":0,"cards_obtained":["Bite","Bite","Bite","Bite","Bite"]},{"damage_healed":0,"gold_gain":0,"player_choice":"Stole Relic","damage_taken":0,"relics_obtained":["CeramicFish"],"max_hp_gain":0,"max_hp_loss":0,"event_name":"Addict","floor":25,"gold_loss":0,"cards_obtained":["Shame"]}],"is_beta":false,"boss_relics":[{"not_picked":["Busted Crown","Pandora\u0027s Box"],"picked":"Astrolabe"}],"items_purged_floors":[20],"is_endless":false,"potions_floor_spawned":[1,4,7,18],"killed_by":"Book of Stabbing","ascension_level":16}}