{"host":"igi9xpgoc000gxf5","time":1607979589,"event":{"mods":["BaseMod","Colored Powertips","Downfall","Googly Eyes","Minty Spire (QoL Compilation)","StSLib"],"gold_per_floor":[99,114,11,25,38,38,107,32,42,73,89,74,74,12,26,26,26],"floor_reached":16,"playtime":1514,"items_purged":[],"score":102,"play_id":"82337170-20bd-432b-8ee2-0ce857572a09","local_time":"20201214215949","is_ascension_mode":false,"campfire_choices":[{"floor":1,"key":"RECALL"},{"data":"Slimebound:Split","floor":6,"key":"SMITH"},{"data":"Slimebound:CorrosiveSpit","floor":8,"key":"SMITH"}],"circlet_count":0,"master_deck":["Slimebound:Strike_Slimebound","Slimebound:Strike_Slimebound","Slimebound:Tackle","Slimebound:Defend_Slimebound","Slimebound:Defend_Slimebound","Slimebound:Defend_Slimebound","Slimebound:Defend_Slimebound","Slimebound:Split+1","Slimebound:CorrosiveSpit+1","Slimebound:HauntingLick","Slimebound:SplitAcid","Slimebound:LevelUp","Slimebound:PressTheAttack","Slimebound:Nibble","Slimebound:RollThrough","Slimebound:LivingWall","Slimebound:SplitLeeching","Slimebound:SplitBruiser","Slimebound:Overexert","Slimebound:ComboTackle","Slimebound:GrowthPunch","Slimebound:OneTwoCombo"],"relics":["Slimebound:AbsorbEndCombat","downfall:HeartBlessingRed","Anchor"],"acts_visited":["Exordium"],"potions_floor_usage":[12,16,16],"damage_taken":[{"damage":9,"enemies":"Small Slimes","floor":2,"turns":3},{"damage":10,"enemies":"downfall:FleeingMerchant","floor":3,"turns":4},{"damage":11,"enemies":"Cultist","floor":4,"turns":4},{"damage":7,"enemies":"2 Louse","floor":5,"turns":1},{"damage":12,"enemies":"Large Slime","floor":9,"turns":4},{"damage":36,"enemies":"3 Sentries","floor":10,"turns":4},{"damage":22,"enemies":"Blue Slaver","floor":11,"turns":3},{"damage":26,"enemies":"downfall:FleeingMerchant","floor":12,"turns":4},{"damage":35,"enemies":"downfall:FleeingMerchant","floor":14,"turns":4},{"damage":16,"enemies":"Exordium Thugs","floor":15,"turns":4},{"damage":48,"enemies":"downfall:Silent","floor":16,"turns":4}],"seed_played":"8677402488842627350","potions_obtained":[{"floor":2,"key":"Block Potion"},{"floor":10,"key":"Fire Potion"},{"floor":15,"key":"BlessingOfTheForge"}],"is_trial":false,"path_per_floor":["R","M","$","M","M","R","T","R","M","E","M","$","?","$","M","B"],"character_chosen":"SLIMEBOUND","items_purchased":["Slimebound:LevelUp","Slimebound:PressTheAttack","Slimebound:GrowthPunch"],"campfire_rested":0,"item_purchase_floors":[3,3,14],"current_hp_per_floor":[66,65,66,61,58,58,58,58,62,48,42,44,44,31,35,0,0],"gold":26,"neow_bonus":"TEN_PERCENT_HP_BONUS","is_daily":false,"chose_seed":false,"campfire_upgraded":2,"win_rate":0.0,"timestamp":1607979589,"path_taken":["R","M","$","M","M","R","T","R","M","E","M","$","?","$","M","BOSS"],"items_purchased_type":["Card","Card","Card"],"build_version":"2020-12-13","purchased_purges":0,"victory":false,"max_hp_per_floor":[66,66,66,66,66,66,66,66,66,66,66,66,66,66,66,66,66],"card_choices":[{"not_picked":["Slimebound:GoopTackle","Slimebound:Grow"],"picked":"Slimebound:HauntingLick","floor":2},{"not_picked":["Slimebound:GrowthPunch","Slimebound:SlimeSpikes"],"picked":"Slimebound:SplitAcid","floor":3},{"not_picked":["Slimebound:SplitLeeching","Slimebound:ComboTackle"],"picked":"Slimebound:Nibble","floor":4},{"not_picked":["Slimebound:LeechEnergy","Slimebound:ProtectTheBoss"],"picked":"Slimebound:RollThrough","floor":5},{"not_picked":["Slimebound:ComboTackle","Slimebound:SamplingLick"],"picked":"Slimebound:LivingWall","floor":9},{"not_picked":["Slimebound:LeechEnergy","Slimebound:HauntingLick"],"picked":"Slimebound:SplitLeeching","floor":10},{"not_picked":["Slimebound:SamplingLick","Slimebound:HauntingLick"],"picked":"Slimebound:SplitBruiser","floor":11},{"not_picked":["Slimebound:LeechingTouch","Slimebound:GrowthPunch"],"picked":"Slimebound:Overexert","floor":12},{"not_picked":["Slimebound:Chomp","Slimebound:BestDefense"],"picked":"Slimebound:ComboTackle","floor":14},{"not_picked":["Slimebound:FormOfPuddle","Slimebound:ViciousTackle"],"picked":"Slimebound:OneTwoCombo","floor":15}],"player_experience":852749,"relics_obtained":[{"floor":10,"key":"Anchor"}],"event_choices":[],"is_beta":false,"boss_relics":[],"items_purged_floors":[],"is_endless":false,"potions_floor_spawned":[2,4,10,15],"killed_by":"downfall:Silent","ascension_level":0}}