{"host":"d9m9v0h6vo0edadb","time":1607949623,"event":{"mods":["BaseMod","Hermit","Keyboard Shortcuts","Minty Spire (QoL Compilation)","StSLib","SuperFastMode","The Cursed"],"gold_per_floor":[117,127,127,147,165,165,195,195,195,195,208,48,48,82,82,156,156,170,184,184,184,184],"floor_reached":21,"playtime":318,"items_purged":[],"score":369,"play_id":"df030051-0117-4dcf-9fa2-bcfed00cd3d4","local_time":"20201214214023","is_ascension_mode":true,"campfire_choices":[{"data":"Defragment","floor":6.0,"key":"SMITH"},{"data":"Coolheaded","floor":10,"key":"SMITH"},{"floor":13,"key":"REST"},{"data":"Dualcast","floor":15,"key":"SMITH"}],"circlet_count":0,"master_deck":["AscendersBane","Strike_B","Strike_B","Strike_B","Defend_B","Defend_B","Defend_B","Defend_B","Zap","Dualcast+1","Coolheaded+1","Cold Snap","Defragment+1","Self Repair","Gash","Compile Driver","Amplify","Darkness","Gash","Decay"],"relics":["Cracked Core","Ancient Tea Set","StoneCalendar","Ornamental Fan","Runic Capacitor","Gremlin Horn","Philosopher\u0027s Stone"],"acts_visited":["Exordium","TheCity"],"potions_floor_usage":[16,19],"damage_taken":[{"damage":2.0,"enemies":"Jaw Worm","floor":1.0,"turns":3.0},{"damage":5.0,"enemies":"Small Slimes","floor":2.0,"turns":4.0},{"damage":0.0,"enemies":"2 Louse","floor":4.0,"turns":2.0},{"damage":14.0,"enemies":"2 Fungi Beasts","floor":5.0,"turns":4.0},{"damage":24.0,"enemies":"Gremlin Nob","floor":7.0,"turns":4.0},{"damage":7,"enemies":"Red Slaver","floor":11,"turns":4},{"damage":13,"enemies":"Lagavulin","floor":14,"turns":7},{"damage":5,"enemies":"Hexaghost","floor":16,"turns":8},{"damage":11,"enemies":"Shell Parasite","floor":18,"turns":7},{"damage":49,"enemies":"3 Byrds","floor":19,"turns":5},{"damage":28,"enemies":"Centurion and Healer","floor":21,"turns":4}],"seed_played":"5844452507961136399","potions_obtained":[{"floor":2.0,"key":"Strength Potion"},{"floor":11,"key":"LiquidBronze"},{"floor":16,"key":"DistilledChaos"}],"is_trial":false,"path_per_floor":["M","M","?","M","M","R","E","?","T","R","M","$","R","E","R","B",null,"M","M","?","M"],"character_chosen":"DEFECT","items_purchased":["Runic Capacitor"],"campfire_rested":1,"item_purchase_floors":[12],"current_hp_per_floor":[62,57,57,57,43,43,19,19,19,19,19,19,40,34,34,36,62,65,23,23,0,0],"gold":184,"neow_bonus":"RANDOM_COMMON_RELIC","is_daily":false,"chose_seed":false,"campfire_upgraded":3,"win_rate":0.0,"timestamp":1607949623,"path_taken":["M","M","?","M","M","R","E","?","T","R","M","$","R","E","R","BOSS","M","M","?","M"],"items_purchased_type":["Relic"],"build_version":"2020-12-13","purchased_purges":0,"victory":false,"max_hp_per_floor":[71,71,71,71,71,71,71,71,71,71,71,71,71,71,71,71,71,71,71,71,71,71],"card_choices":[{"not_picked":["Redo","Force Field"],"picked":"Coolheaded","floor":1.0},{"not_picked":["Ball Lightning","Reprogram"],"picked":"Cold Snap","floor":2.0},{"not_picked":["Go for the Eyes","Leap"],"picked":"Defragment","floor":4.0},{"not_picked":["Coolheaded","Stack","Aggregate"],"picked":"SKIP","floor":5.0},{"not_picked":["Thunder Strike","Multi-Cast"],"picked":"Self Repair","floor":7.0},{"not_picked":["Static Discharge","Cold Snap"],"picked":"Gash","floor":11},{"not_picked":["Ball Lightning","Rebound"],"picked":"Compile Driver","floor":14},{"not_picked":["Reboot","Seek"],"picked":"Amplify","floor":16},{"not_picked":["Stack","Conserve Battery"],"picked":"Darkness","floor":18},{"not_picked":["Compile Driver+1","Undo"],"picked":"Gash","floor":19}],"player_experience":933281,"relics_obtained":[{"floor":7.0,"key":"StoneCalendar"},{"floor":9,"key":"Ornamental Fan"},{"floor":14,"key":"Gremlin Horn"}],"event_choices":[{"cards_removed":["Strike_B"],"damage_healed":0.0,"max_hp_gain":0.0,"max_hp_loss":0.0,"gold_gain":0.0,"event_name":"Living Wall","player_choice":"Forget","floor":3.0,"gold_loss":0.0,"damage_taken":0.0},{"damage_healed":0,"gold_gain":0,"player_choice":"Searched \u00270\u0027 times","damage_taken":0,"max_hp_gain":0,"max_hp_loss":0,"event_name":"Dead Adventurer","floor":8,"gold_loss":0},{"damage_healed":0,"gold_gain":0,"player_choice":"Smashed Altar","damage_taken":0,"max_hp_gain":0,"max_hp_loss":0,"event_name":"Forgotten Altar","floor":20,"gold_loss":0,"cards_obtained":["Decay"]}],"is_beta":false,"boss_relics":[{"not_picked":["Inserter","Snecko Eye"],"picked":"Philosopher\u0027s Stone"}],"items_purged_floors":[],"is_endless":false,"potions_floor_spawned":[2,11,14,16,18],"killed_by":"Centurion and Healer","ascension_level":19}}