{"host":"r2b8ojg4o4pyvjvq","time":1607967906,"event":{"mods":["BaseMod","Colored Map","Downfall","Highlight Path","Hubris","Minty Spire (QoL Compilation)","Replay The Spire","StSLib","SuperFastMode"],"gold_per_floor":[12,12,26,38,38,38,38,38,38,38,49,383,394,409,409,409,409],"floor_reached":16,"playtime":316,"items_purged":[],"score":188,"play_id":"2fab931b-9848-4ed4-8cb0-7cf810e2c518","local_time":"20201214184506","is_ascension_mode":true,"campfire_choices":[{"data":"Bash","floor":6.0,"key":"SMITH"},{"data":"Twin Strike","floor":10.0,"key":"SMITH"},{"floor":15.0,"key":"REST"}],"circlet_count":0,"master_deck":["AscendersBane","Strike_R","Strike_R","Strike_R","Strike_R","Strike_R","Defend_R","Defend_R","Defend_R","Defend_R","Bash+1","Thinking Ahead","Twin Strike+1","Run Through","ReplayReversal","Twin Strike","Clothesline","Flex"],"relics":["Burning Blood","Replay:Rubber Ducky","Pear","Old Coin"],"acts_visited":["Exordium"],"potions_floor_usage":[16,16],"damage_taken":[{"damage":13.0,"enemies":"Jaw Worm","floor":1.0,"turns":5.0},{"damage":6.0,"enemies":"Cultist","floor":3.0,"turns":4.0},{"damage":17.0,"enemies":"Small Slimes","floor":4.0,"turns":4.0},{"damage":1.0,"enemies":"2 Fungi Beasts","floor":11.0,"turns":3.0},{"damage":29.0,"enemies":"Gremlin Nob","floor":12.0,"turns":4.0},{"damage":9.0,"enemies":"Red Slaver","floor":13.0,"turns":3.0},{"damage":24.0,"enemies":"Exordium Wildlife","floor":14.0,"turns":5.0},{"damage":72,"enemies":"Hexaghost","floor":16,"turns":10}],"seed_played":"1060061360774714868","potions_obtained":[{"floor":3.0,"key":"PowerPotion"},{"floor":11.0,"key":"BloodPotion"}],"is_trial":false,"path_per_floor":["M","?","M","M","$","R","?","T","T","R","M","E","M","M","R","B"],"character_chosen":"IRONCLAD","items_purchased":[],"campfire_rested":1,"item_purchase_floors":[],"current_hp_per_floor":[65,65,65,54,54,54,59,59,69,69,74,51,48,30,58,5,5],"gold":409,"neow_bonus":"RANDOM_COLORLESS_2","is_daily":false,"chose_seed":false,"campfire_upgraded":2,"win_rate":0.0,"timestamp":1607967906,"path_taken":["M","?","M","?","$","R","?","?","T","R","M","E","M","M","R","BOSS"],"items_purchased_type":[],"build_version":"2020-12-13","purchased_purges":0,"victory":false,"max_hp_per_floor":[80,80,80,80,80,80,85,85,95,95,95,95,95,95,95,95,95],"card_choices":[{"not_picked":["ReplayUltimateDefense","Crow Ritual"],"picked":"Secret Weapon","floor":0.0},{"not_picked":["Sentinel","Heavy Blade","Body Slam"],"picked":"SKIP","floor":1.0},{"not_picked":["Armaments","Evolve"],"picked":"Twin Strike","floor":3.0},{"not_picked":["Fire Breathing","Iron Wave"],"picked":"Run Through","floor":4.0},{"not_picked":["Entrench","ReplayTheSpireMod:Corrosion Curse"],"picked":"ReplayReversal","floor":11.0},{"not_picked":["Run Through","Perfected Strike"],"picked":"Twin Strike","floor":12.0},{"not_picked":["Second Wind","Disarm"],"picked":"Clothesline","floor":13.0},{"not_picked":["True Grit","Dual Wield"],"picked":"Flex","floor":14.0}],"player_experience":406053,"relics_obtained":[{"floor":8.0,"key":"Replay:Rubber Ducky"},{"floor":9.0,"key":"Pear"},{"floor":12.0,"key":"Old Coin"}],"event_choices":[{"damage_healed":0.0,"max_hp_gain":0.0,"max_hp_loss":0.0,"gold_gain":0.0,"cards_transformed":["Secret Weapon"],"event_name":"Transmorgrifier","player_choice":"Transformed","floor":2.0,"gold_loss":0.0,"damage_taken":0.0,"cards_obtained":["Thinking Ahead"]},{"damage_healed":0.0,"max_hp_gain":5.0,"max_hp_loss":0.0,"gold_gain":0.0,"event_name":"Big Fish","player_choice":"Donut","floor":7.0,"gold_loss":0.0,"damage_taken":0.0}],"is_beta":false,"boss_relics":[],"items_purged_floors":[],"is_endless":false,"potions_floor_spawned":[3,11,12,13],"killed_by":"Hexaghost","ascension_level":12}}