{"host":"zsm7bdfo51n66z45","time":1607907218,"event":{"mods":["AchievementEnabler","BaseMod","Better Skull","Better Third Choice","Colored Powertips","Minty Spire (QoL Compilation)","MostiFishMod","Relic Stats","Spicy Shops","StSLib","Waifu the Spire"],"gold_per_floor":[117,77,4,18,29,29,55,82,82,99,114,114,124,135,135,237,237,256,256,256,272,320,320,355,405,430,430,440,453,484,494,494,590,590,603,653,653,875,875,599,630,643,725,725,49,49,49,49,49,49],"floor_reached":51,"playtime":1538,"items_purged":["Defend_R","Shrug It Off","Defend_R"],"score":1068,"play_id":"7aeb209c-6f1c-4b42-94f1-00179fb7963e","local_time":"20201213185338","is_ascension_mode":false,"campfire_choices":[{"data":"Iron Wave","floor":6,"key":"SMITH"},{"data":"Infinite Blades","floor":15,"key":"SMITH"},{"floor":23,"key":"REST"},{"data":"Ragnarok","floor":27,"key":"SMITH"},{"data":"Blade Dance","floor":32,"key":"SMITH"},{"floor":44,"key":"RECALL"},{"data":"Cloak And Dagger","floor":46,"key":"SMITH"},{"data":"Adrenaline","floor":49,"key":"SMITH"}],"circlet_count":0,"master_deck":["Strike_R","Strike_R","Strike_R","Strike_R","Strike_R","Defend_R","Bash","Iron Wave+1","FollowUp","Flying Knee","Ragnarok+1","Flying Knee","Infinite Blades+1","Adrenaline+1","Cold Snap+1","Blade Dance+1","Noxious Fumes+1","Poisoned Stab","Accuracy+1","Cloak And Dagger+1","Accuracy+1"],"relics":["Burning Blood","DaveBox","FeatherPendant","Question Card","PrismaticShard","Regal Pillow","Singing Bowl","Odd Mushroom","Orichalcum","ImportantClient","MetatronsCube","Vajra","Dream Catcher","Art of War","Red Mask","Runic Cube","Pocketwatch","Juzu Bracelet","Molten Egg 2","Mummified Hand","Bottled Flame","Membership Card","Question Card","Boot","Nunchaku","MealTicket"],"acts_visited":["Exordium","TheCity","TheBeyond"],"potions_floor_usage":[16,16],"damage_taken":[{"damage":0,"enemies":"2 Louse","floor":1,"turns":2},{"damage":0,"enemies":"Cultist","floor":4,"turns":2},{"damage":0,"enemies":"Jaw Worm","floor":5,"turns":1},{"damage":8,"enemies":"Lagavulin","floor":7,"turns":5},{"damage":12,"enemies":"The Mushroom Lair","floor":8,"turns":3},{"damage":0,"enemies":"Blue Slaver","floor":10,"turns":2},{"damage":0,"enemies":"2 Fungi Beasts","floor":11,"turns":2},{"damage":0,"enemies":"Exordium Thugs","floor":13,"turns":2},{"damage":0,"enemies":"Looter","floor":14,"turns":2},{"damage":0,"enemies":"Slime Boss","floor":16,"turns":2},{"damage":0,"enemies":"Chosen","floor":18,"turns":2},{"damage":14,"enemies":"2 Thieves","floor":21,"turns":2},{"damage":21,"enemies":"Slavers","floor":24,"turns":3},{"damage":0,"enemies":"Snecko","floor":28,"turns":2},{"damage":0,"enemies":"3 Cultists","floor":29,"turns":2},{"damage":0,"enemies":"Masked Bandits","floor":30,"turns":2},{"damage":0,"enemies":"Cultist and Chosen","floor":31,"turns":2},{"damage":0,"enemies":"Collector","floor":33,"turns":2},{"damage":0,"enemies":"Orb Walker","floor":35,"turns":2},{"damage":0,"enemies":"Mind Bloom Boss Battle","floor":36,"turns":1},{"damage":0,"enemies":"Reptomancer","floor":41,"turns":1},{"damage":0,"enemies":"3 Darklings","floor":42,"turns":2},{"damage":0,"enemies":"Donu and Deca","floor":50,"turns":1}],"seed_played":"8617849097984319434","potions_obtained":[{"floor":2,"key":"ColorlessPotion"},{"floor":2,"key":"AttackPotion"},{"floor":2,"key":"AttackPotion"},{"floor":5,"key":"BloodPotion"},{"floor":18,"key":"Energy Potion"},{"floor":24,"key":"GamblersBrew"},{"floor":33,"key":"DuplicationPotion"}],"is_trial":false,"path_per_floor":["M","?","$","M","M","R","E","?","T","M","M","?","M","M","R","B",null,"M","?","?","M","T","R","E","?","T","R","M","M","?","M","R","B",null,"M","?","?","?","?","$","E","M","T","R","$","R","?","$","R","B",null],"character_chosen":"IRONCLAD","items_purchased":["Regal Pillow","Juzu Bracelet","Bottled Flame","Membership Card","Question Card","Boot","Nunchaku","DuplicationPotion"],"campfire_rested":1,"item_purchase_floors":[3,40,45,45,45,45,45,45],"current_hp_per_floor":[88,88,88,88,88,88,88,82,82,88,92,92,92,92,92,92,92,92,92,74,66,66,97,82,82,82,82,88,94,97,97,97,99,99,99,99,99,99,99,99,101,103,103,103,103,103,103,103,103,103],"gold":49,"neow_bonus":"TEN_PERCENT_HP_BONUS","is_daily":false,"chose_seed":false,"campfire_upgraded":6,"win_rate":0.0,"timestamp":1607907218,"path_taken":["M","?","?","M","M","R","E","?","T","M","M","?","M","M","R","BOSS","M","?","?","M","?","R","E","?","T","R","?","M","?","M","R","BOSS","M","?","?","?","?","$","E","M","T","R","$","R","?","?","R","BOSS"],"items_purchased_type":["Relic","Relic","Relic","Relic","Relic","Relic","Relic","Potion"],"build_version":"2020-12-13","purchased_purges":3,"victory":true,"max_hp_per_floor":[88,88,88,88,88,88,90,90,90,90,92,92,92,92,92,92,92,92,92,97,97,97,97,97,97,97,97,97,97,97,97,97,99,99,99,99,99,99,99,99,101,103,103,103,103,103,103,103,103,103],"relic_stats":{"Regal Pillow":2,"Singing Bowl":10,"counters":[23,47],"Juzu Bracelet":1,"Orichalcum":[30],"Question Card":21,"Boot":[0],"Burning Blood":47,"Dream Catcher":0,"Nunchaku":[2],"Mummified Hand":[6],"MealTicket":0,"Art of War":[0],"obtain_stats":[{"Regal Pillow":3,"DaveBox":0,"Singing Bowl":7,"Vajra":22,"Juzu Bracelet":40,"PrismaticShard":1,"Boot":45,"Burning Blood":0,"Dream Catcher":24,"Nunchaku":45,"Mummified Hand":43,"MealTicket":47,"Red Mask":30,"ImportantClient":16,"Runic Cube":34,"Odd Mushroom":8,"Orichalcum":9,"Question Card":1,"Bottled Flame":45,"FeatherPendant":0,"Molten Egg 2":41,"Art of War":26,"Membership Card":45,"MetatronsCube":17,"Pocketwatch":36},{"Regal Pillow":1,"DaveBox":0,"Singing Bowl":4,"Vajra":12,"Juzu Bracelet":20,"PrismaticShard":1,"Boot":22,"Burning Blood":0,"Dream Catcher":13,"Nunchaku":22,"Mummified Hand":22,"MealTicket":22,"Red Mask":16,"ImportantClient":10,"Runic Cube":18,"Odd Mushroom":5,"Orichalcum":5,"Question Card":1,"Bottled Flame":22,"FeatherPendant":0,"Molten Egg 2":21,"Art of War":13,"Membership Card":22,"MetatronsCube":10,"Pocketwatch":20},{"Regal Pillow":2,"DaveBox":0,"Singing Bowl":10,"Vajra":27,"Juzu Bracelet":43,"PrismaticShard":2,"Boot":46,"Burning Blood":0,"Dream Catcher":30,"Nunchaku":46,"Mummified Hand":46,"MealTicket":46,"Red Mask":36,"ImportantClient":23,"Runic Cube":40,"Odd Mushroom":13,"Orichalcum":13,"Question Card":2,"Bottled Flame":46,"FeatherPendant":0,"Molten Egg 2":44,"Art of War":30,"Membership Card":46,"MetatronsCube":23,"Pocketwatch":43}],"Runic Cube":[0],"Pocketwatch":[0]},"card_choices":[{"not_picked":["Havoc","Clash"],"picked":"Iron Wave","floor":1},{"not_picked":["MostiFishMod:ButterFly","Sweeping Beam","Capacitor"],"picked":"FollowUp","floor":4},{"not_picked":["Halt","Chill","Underhanded Strike","BootSequence"],"picked":"SKIP","floor":5},{"not_picked":["Sword Boomerang","Clothesline","Prepared","Expertise"],"picked":"Singing Bowl","floor":7},{"not_picked":["Discovery","Swivel","EmptyBody"],"picked":"Flying Knee","floor":8},{"not_picked":["Barrage","Mind Blast","FollowUp"],"picked":"Ragnarok","floor":10},{"not_picked":["Chill","Anger","Evaluate","Entrench"],"picked":"Singing Bowl","floor":11},{"not_picked":["BowlingBash","CutThroughFate","Sentinel"],"picked":"Flying Knee","floor":13},{"not_picked":["Quick Slash","Warcry","Cloak And Dagger"],"picked":"Infinite Blades","floor":14},{"not_picked":["MostiFishMod:Listen","MostiFishMod:404NotFound","MostiFishMod:DawningShadow"],"picked":"Adrenaline","floor":16},{"not_picked":["Hologram","Sword Boomerang","Bouncing Flask"],"picked":"Shrug It Off","floor":18},{"not_picked":["Dagger Spray","Hello World","Steam"],"picked":"Cold Snap+1","floor":21},{"not_picked":["ThirdEye+1","Leap+1","Backflip"],"picked":"Blade Dance","floor":24},{"not_picked":["Reinforced Body","Darkness","Hologram"],"picked":"Noxious Fumes+1","floor":28},{"not_picked":["Blizzard","Prepared","MostiFishMod:ATRI"],"picked":"Poisoned Stab","floor":29},{"not_picked":["Body Slam+1","Skewer+1","MostiFishMod:ReprogramOld"],"picked":"Sweeping Beam","floor":30},{"not_picked":["WreathOfFlame","Blood for Blood","Coolheaded"],"picked":"Accuracy+1","floor":31},{"not_picked":["MostiFishMod:OrdinaryWorld","MostiFishMod:TalkingToTheRain","MostiFishMod:InterfaceCompatibility","MostiFishMod:TemporaryOutbreak"],"picked":"Singing Bowl","floor":33},{"not_picked":["Bane","Anger+1","Study+1"],"picked":"Cloak And Dagger","floor":35},{"not_picked":["Meditate+1","Poisoned Stab","Deadly Poison"],"picked":"Accuracy+1","floor":36},{"not_picked":["Tactician+1","FollowUp+1","ClearTheMind","EmptyBody+1"],"picked":"Singing Bowl","floor":41},{"not_picked":["TalkToTheHand+1","Flex+1","Adaptation","MostiFishMod:GatherIntelligence"],"picked":"Singing Bowl","floor":42}],"player_experience":134089,"relics_obtained":[{"floor":1,"key":"Question Card"},{"floor":1,"key":"PrismaticShard"},{"floor":7,"key":"Singing Bowl"},{"floor":8,"key":"Odd Mushroom"},{"floor":9,"key":"Orichalcum"},{"floor":16,"key":"ImportantClient"},{"floor":22,"key":"Vajra"},{"floor":24,"key":"Dream Catcher"},{"floor":26,"key":"Art of War"},{"floor":30,"key":"Red Mask"},{"floor":36,"key":"Pocketwatch"},{"floor":41,"key":"Molten Egg 2"},{"floor":43,"key":"Mummified Hand"}],"event_choices":[{"damage_healed":0,"gold_gain":0,"player_choice":"Bought 3 Potions","damage_taken":0,"max_hp_gain":0,"max_hp_loss":0,"event_name":"The Woman in Blue","floor":2,"gold_loss":0},{"damage_healed":0,"gold_gain":0,"player_choice":"Fought Mushrooms","damage_taken":0,"max_hp_gain":0,"max_hp_loss":0,"event_name":"Mushrooms","floor":8,"gold_loss":0},{"damage_healed":0,"gold_gain":0,"player_choice":"Ignored","damage_taken":0,"max_hp_gain":0,"max_hp_loss":0,"event_name":"Golden Wing","floor":12,"gold_loss":0},{"damage_healed":0,"gold_gain":0,"player_choice":"Ignored","damage_taken":0,"max_hp_gain":0,"max_hp_loss":0,"event_name":"Ghosts","floor":19,"gold_loss":0},{"damage_healed":0,"gold_gain":0,"player_choice":"Shed Blood","damage_taken":23,"max_hp_gain":5,"max_hp_loss":0,"event_name":"Forgotten Altar","floor":20,"gold_loss":0},{"damage_healed":0,"gold_gain":100,"player_choice":"Bet on Murderer","damage_taken":0,"max_hp_gain":0,"max_hp_loss":0,"event_name":"The Joust","floor":25,"gold_loss":50},{"damage_healed":0,"gold_gain":0,"player_choice":"Fought Bandits","damage_taken":0,"max_hp_gain":0,"max_hp_loss":0,"event_name":"Masked Bandits","floor":30,"gold_loss":0},{"damage_healed":0,"gold_gain":0,"player_choice":"Fight","damage_taken":0,"max_hp_gain":0,"max_hp_loss":0,"event_name":"MindBloom","floor":36,"gold_loss":0},{"cards_removed":["Defend_R"],"damage_healed":0,"gold_gain":0,"player_choice":"Removed Skill","damage_taken":0,"max_hp_gain":0,"max_hp_loss":0,"event_name":"Falling","floor":37,"gold_loss":0},{"damage_healed":0,"gold_gain":222,"player_choice":"Wore Mask","damage_taken":0,"max_hp_gain":0,"max_hp_loss":0,"event_name":"Tomb of Lord Red Mask","floor":38,"gold_loss":0},{"damage_healed":0,"gold_gain":0,"player_choice":"Ignored","damage_taken":0,"max_hp_gain":0,"max_hp_loss":0,"event_name":"Mysterious Sphere","floor":39,"gold_loss":0},{"cards_removed":["Sweeping Beam"],"damage_healed":0,"gold_gain":0,"player_choice":"Gave Card","damage_taken":0,"relics_obtained":["MealTicket"],"max_hp_gain":0,"max_hp_loss":0,"event_name":"WeMeetAgain","floor":47,"gold_loss":0}],"is_beta":false,"boss_relics":[{"not_picked":["RhineCircuit","FixedStarFall"],"picked":"MetatronsCube"},{"not_picked":["Calling Bell","HaiYi:Twilight"],"picked":"Runic Cube"}],"items_purged_floors":[40,40,45],"is_endless":false,"potions_floor_spawned":[5,8,11,13,14,18,24,33,41,42],"ascension_level":0}}