{"host":"ku7h2vk4czvj6teb","time":1607963517,"event":{"mods":["2.2 Compatiblity","AchievementEnabler","Aspiration","BaseMod","Better Altar","Better Match","Better Note","Better Sensory Stone","Better Skull","Better Third Choice","Better Vampires","BetterRewards","Block Reminder","Colored Map","Colored Powertips","Conspire","Curses Come First","Downfall","Filter the Spire","Highlight Path","Hubris","Minty Spire (QoL Compilation)","Permanent Neow","Quick Restart","Rare Cards Sparkle","Relic Stats","Replay The Spire","Say the Spire","Shop Mod","Spicy Shops","StSLib","SuperFastMode","Swap Starting Deck Mod","Thieving Mod","Transform Curses","UnlockEverythingMod"],"gold_per_floor":[111,11,54,69,69,95,95,115,191,145,145,170,170,39,39,141,141,152,4,4,4,29,29,44,54,102,102,72,72,91,109,109,206,206,221,221,234,253,253,253,20,20,44,61,10,21,1,14,14,14,14,14,4,31,31,31],"floor_reached":55,"playtime":2355,"items_purged":["hubris:Gluttony"],"score":698,"play_id":"005f3efd-8c97-4b60-be85-438e82bb7a2a","local_time":"20201214163157","is_ascension_mode":false,"campfire_choices":[{"floor":7,"key":"RECALL"},{"floor":13,"key":"REST"},{"floor":15,"key":"REST"},{"data":"Ghostly","floor":23,"key":"SMITH"},{"floor":27,"key":"REST"},{"floor":29,"key":"REST"},{"data":"Armaments","floor":32,"key":"SMITH"},{"data":"Armaments","floor":40,"key":"SMITH"},{"data":"Inflame","floor":42,"key":"SMITH"},{"floor":49,"key":"REST"},{"data":"ReplayTheSpireMod:Muscle Training","floor":52,"key":"SMITH"}],"circlet_count":0,"master_deck":["Strike_R","Strike_R","Strike_R","Strike_R","Strike_R","Defend_R+1","Defend_R","Defend_R","Defend_R+1","Bash","conspire:Charge","Sentinel","Ghostly+1","Heavy Blade","Replay:Undeath\u0027s Touch","ReplayTheSpireMod:Muscle Training+1","ReplayReversal","Headbutt","Replay:SS_hec_4+1","Uppercut","conspire:HitWhereItHurts","Infernal Blade","Hemogenesis","Inflame+1","Twin Strike+1","Armaments+1","Armaments+1","Metallicize","Battle Trance","Hemogenesis","ReplayTheSpireMod:Strike From Hell+1","Run Through+1","Fire Breathing+1","ReplayTheSpireMod:Stacked","expansioncontent:DefensiveStance+1","Disarm","Disarm","Perfected Strike+1","Rage+1","Sadistic Nature","ReplayTheSpireMod:Strike From Hell+1"],"relics":["Burning Blood","Blue Doll","conspire:Dentures","aspiration:StickyExplosives_weak","conspire:BottledYoYo","betterThird:SlimedRelic","hubris:CrystalStatue","Sozu","Vajra","hubris:ChampionShield","conspire:SpecialSausage","Membership Card","MealTicket","King of Hearts","Mango","ReplayTheSpireMod:CursedCoin","Replay:Wax Seal","Simple Rune","Strange Spoon","ReplayTheSpireMod:Ninjato"],"acts_visited":["Exordium","TheCity","TheBeyond","TheEnding"],"potions_floor_usage":[6,12,30],"damage_taken":[{"damage":6,"enemies":"2 Louse","floor":1,"turns":3},{"damage":3,"enemies":"Jaw Worm","floor":4,"turns":4},{"damage":12,"enemies":"Gremlin Nob","floor":6,"turns":2},{"damage":6,"enemies":"Cultist","floor":8,"turns":4},{"damage":43,"enemies":"Lagavulin","floor":12,"turns":9},{"damage":41,"enemies":"Fading Forest","floor":16,"turns":11},{"damage":9,"enemies":"Shell Parasite","floor":18,"turns":6},{"damage":27,"enemies":"Spheric Guardian","floor":24,"turns":4},{"damage":31,"enemies":"Shelled Parasite and Fungi","floor":25,"turns":6},{"damage":9,"enemies":"Cultist and Chosen","floor":30,"turns":6},{"damage":1,"enemies":"Snecko","floor":31,"turns":5},{"damage":50,"enemies":"conspire:MysteriousRune","floor":33,"turns":13},{"damage":24,"enemies":"Orb Walker","floor":35,"turns":4},{"damage":23,"enemies":"3 Shapes","floor":37,"turns":5},{"damage":2,"enemies":"Maw","floor":38,"turns":6},{"damage":32,"enemies":"4 Shapes","floor":44,"turns":3},{"damage":25,"enemies":"Sphere and 2 Shapes","floor":46,"turns":5},{"damage":34,"enemies":"Spire Growth","floor":48,"turns":6},{"damage":43,"enemies":"Replay:Hell Engine","floor":50,"turns":19},{"damage":83,"enemies":"Shield and Spear","floor":54,"turns":8},{"damage":17,"enemies":"The Heart","floor":55,"turns":4}],"seed_played":"4234724119356645449","potions_obtained":[{"floor":1,"key":"Reflective Coating"},{"floor":4,"key":"Death Potion"},{"floor":16,"key":"Ancient Potion"}],"is_trial":false,"path_per_floor":["M","?","?","M","T","E","R","M","T","?","?","E","R","$","R","B",null,"M","$","?","?","T","R","M","M","T","R","$","R","M","M","R","B",null,"M","?","M","M","?","R","$","R","T","M","$","M","$","M","R","B",null,"R","$","E","B"],"character_chosen":"IRONCLAD","items_purchased":["Blue Doll","conspire:Charge","Replay:SS_hec_4+1","Uppercut","Hemogenesis","Armaments","Membership Card","MealTicket","expansioncontent:DefensiveStance+1","Disarm","Mango","ReplayTheSpireMod:CursedCoin","Replay:Wax Seal","Simple Rune","Strange Spoon","Sadistic Nature"],"campfire_rested":5,"item_purchase_floors":[0,0,14,14,19,28,41,41,45,45,47,47,47,47,47,53],"current_hp_per_floor":[80,80,60,63,63,57,57,57,57,46,80,43,67,67,80,45,80,77,77,77,77,77,77,56,31,31,55,55,79,76,80,80,36,80,62,80,63,67,67,67,67,67,67,41,56,44,73,50,78,41,94,94,94,17,0,0],"gold":31,"neow_bonus":"","is_daily":false,"chose_seed":false,"campfire_upgraded":5,"win_rate":0.0,"timestamp":1607963517,"path_taken":["M","?","?","?","?","E","R","M","T","?","?","E","R","$","R","BOSS","M","$","?","?","?","R","M","?","T","R","$","R","M","M","R","BOSS","M","?","?","M","?","R","?","R","T","M","?","M","$","M","R","BOSS","R","$","E","BOSS"],"items_purchased_type":["Relic","Card","Card","Card","Card","Card","Relic","Relic","Card","Card","Relic","Relic","Relic","Relic","Relic","Card"],"build_version":"2020-12-13","purchased_purges":1,"victory":false,"max_hp_per_floor":[80,80,80,80,80,80,80,80,80,80,80,80,80,80,80,80,80,80,80,80,80,80,80,80,80,80,80,80,80,80,80,80,80,80,80,80,80,80,80,80,80,80,80,80,80,80,94,94,94,94,94,94,94,94,94,94],"relic_stats":{"Sozu":8,"Strange Spoon":[4],"counters":[101,605],"MealTicket":30,"obtain_stats":[{"hubris:CrystalStatue":19,"CeramicFish":28,"Vajra":22,"Ginger":4,"Blood Vial":6,"Sozu":17,"Lizard Tail":24,"Strawberry":45,"MealTicket":9,"Philosopher\u0027s Stone":17,"HandDrill":0,"Kunai":0,"Replay:Wax Seal":47,"conspire:Dentures":3,"MerchantsRug":12,"conspire:TreasureMap":0,"ReplayTheSpireMod:CursedCoin":10,"Oddly Smooth Stone":8,"Akabeko":7,"WarpedTongs":3,"Replay:Baseball":26,"Bottled Flame":15,"Bird Faced Urn":0,"Pandora\u0027s Box":17,"Simple Rune":47,"CultistMask":2,"Mark of Pain":34,"hubris:TenFootPole":7,"ReplayTheSpireMod:TigerMarble":30,"conspire:BottledYoYo":9,"aspiration:Lifesprig":24,"Torii":49,"SacredBark":34,"Blue Doll":0,"conspire:SpecialSausage":34,"Mango":47,"King of Hearts":43,"Burning Blood":0,"ClockworkSouvenir":0,"conspire:InfiniteJournal":0,"aspiration:StickyExplosives_weak":6,"Shovel":14,"Gambling Chip":28,"hubris:CuriousFeather":46,"Chemical X":8,"hubris:ChampionShield":11,"Red Skull":14,"Lee\u0027s Waffle":8,"ReplayTheSpireMod:Ninjato":54,"aspiration:FetidBarrel":0,"Golden Idol":3,"The Courier":26,"Frozen Egg 2":4,"hubris:Towel":11,"Orichalcum":26,"White Beast Statue":10,"Strange Spoon":47,"CaptainsWheel":0,"Anchor":2,"Bloody Idol":21,"betterThird:SlimedRelic":10,"aspiration:WatcherSkillbook":17,"Membership Card":28,"ReplayTheSpireMod:ShopPack":8,"hubris:BottledRain":32},{"hubris:CrystalStatue":20,"CeramicFish":45,"Vajra":87,"Ginger":2,"Blood Vial":7,"Sozu":86,"Lizard Tail":24,"Strawberry":52,"MealTicket":4,"Philosopher\u0027s Stone":61,"HandDrill":33,"Kunai":56,"Replay:Wax Seal":97,"conspire:Dentures":81,"MerchantsRug":74,"conspire:TreasureMap":56,"ReplayTheSpireMod:CursedCoin":60,"Oddly Smooth Stone":17,"Akabeko":37,"WarpedTongs":70,"Replay:Baseball":25,"Bottled Flame":40,"Bird Faced Urn":32,"Pandora\u0027s Box":19,"Simple Rune":97,"CultistMask":1,"Mark of Pain":47,"hubris:TenFootPole":60,"ReplayTheSpireMod:TigerMarble":68,"conspire:BottledYoYo":84,"aspiration:Lifesprig":44,"Torii":55,"SacredBark":28,"Blue Doll":80,"conspire:SpecialSausage":92,"Mango":97,"King of Hearts":95,"Burning Blood":0,"ClockworkSouvenir":33,"conspire:InfiniteJournal":33,"aspiration:StickyExplosives_weak":83,"Shovel":40,"Gambling Chip":45,"hubris:CuriousFeather":52,"Chemical X":17,"hubris:ChampionShield":38,"Red Skull":60,"Lee\u0027s Waffle":60,"ReplayTheSpireMod:Ninjato":100,"aspiration:FetidBarrel":33,"Golden Idol":34,"The Courier":65,"Frozen Egg 2":6,"hubris:Towel":18,"Orichalcum":44,"White Beast Statue":74,"Strange Spoon":97,"CaptainsWheel":32,"Anchor":70,"Bloody Idol":43,"betterThird:SlimedRelic":84,"aspiration:WatcherSkillbook":41,"Membership Card":45,"ReplayTheSpireMod:ShopPack":17,"hubris:BottledRain":46},{"hubris:CrystalStatue":108,"CeramicFish":251,"Vajra":512,"Ginger":9,"Blood Vial":36,"Sozu":506,"Lizard Tail":128,"Strawberry":306,"MealTicket":19,"Philosopher\u0027s Stone":382,"HandDrill":182,"Kunai":334,"Replay:Wax Seal":568,"conspire:Dentures":477,"MerchantsRug":441,"conspire:TreasureMap":334,"ReplayTheSpireMod:CursedCoin":363,"Oddly Smooth Stone":90,"Akabeko":196,"WarpedTongs":426,"Replay:Baseball":134,"Bottled Flame":216,"Bird Faced Urn":176,"Pandora\u0027s Box":104,"Simple Rune":568,"CultistMask":4,"Mark of Pain":269,"hubris:TenFootPole":363,"ReplayTheSpireMod:TigerMarble":419,"conspire:BottledYoYo":486,"aspiration:Lifesprig":245,"Torii":323,"SacredBark":157,"Blue Doll":474,"conspire:SpecialSausage":546,"Mango":568,"King of Hearts":560,"Burning Blood":0,"ClockworkSouvenir":182,"conspire:InfiniteJournal":182,"aspiration:StickyExplosives_weak":483,"Shovel":216,"Gambling Chip":251,"hubris:CuriousFeather":306,"Chemical X":90,"hubris:ChampionShield":206,"Red Skull":363,"Lee\u0027s Waffle":363,"ReplayTheSpireMod:Ninjato":601,"aspiration:FetidBarrel":182,"Golden Idol":184,"The Courier":403,"Frozen Egg 2":25,"hubris:Towel":96,"Orichalcum":245,"White Beast Statue":441,"Strange Spoon":568,"CaptainsWheel":176,"Anchor":426,"Bloody Idol":240,"betterThird:SlimedRelic":486,"aspiration:WatcherSkillbook":228,"Membership Card":251,"ReplayTheSpireMod:ShopPack":90,"hubris:BottledRain":258}],"Burning Blood":490},"card_choices":[{"not_picked":["Second Wind","True Grit"],"picked":"Sentinel","floor":1},{"not_picked":["ReplayTheSpireMod:Strike From Hell","Seeing Red"],"picked":"Whirlwind","floor":3},{"not_picked":["Body Slam","Replay:Undeath\u0027s Touch"],"picked":"Heavy Blade","floor":3},{"not_picked":["Body Slam","hubris:ReadiedAction"],"picked":"Replay:Undeath\u0027s Touch","floor":4},{"not_picked":["Wild Strike","Heavy Blade"],"picked":"ReplayTheSpireMod:Muscle Training","floor":6},{"not_picked":["Exhume","Armaments"],"picked":"ReplayReversal","floor":8},{"not_picked":["Replay:Many Hands","ReplayTheSpireMod:LeadingStrike"],"picked":"Headbutt","floor":12},{"not_picked":["Eclipse","Bludgeon"],"picked":"conspire:HitWhereItHurts","floor":16},{"not_picked":["Havoc+1","Flex"],"picked":"Infernal Blade","floor":18},{"not_picked":["Thunderclap","Heavy Blade+1"],"picked":"Inflame","floor":24},{"not_picked":["Massacre","Combust"],"picked":"Twin Strike+1","floor":25},{"not_picked":["Sword Boomerang+1","Feel No Pain"],"picked":"Metallicize","floor":30},{"not_picked":["Sever Soul","Shrug It Off"],"picked":"Battle Trance","floor":31},{"not_picked":["Brutality","Replay:Many Hands"],"picked":"Hemogenesis","floor":33},{"not_picked":["hubris:SharpeningStone","Replay:Undeath\u0027s Touch"],"picked":"ReplayTheSpireMod:Strike From Hell+1","floor":35},{"not_picked":["hubris:ReadiedAction","Sword Boomerang"],"picked":"Run Through+1","floor":37},{"not_picked":["Anger+1","Dual Wield+1"],"picked":"Fire Breathing+1","floor":38},{"not_picked":["Warcry+1","hubris:ReadiedAction"],"picked":"ReplayTheSpireMod:Stacked","floor":44},{"not_picked":["Havoc","Iron Wave"],"picked":"Perfected Strike+1","floor":46},{"not_picked":["Fiend Fire","Flex+1"],"picked":"Rage+1","floor":48},{"not_picked":["ReplayTheSpireMod:LeadingStrike+1","Massacre"],"picked":"ReplayTheSpireMod:Strike From Hell+1","floor":54}],"player_experience":196375,"relics_obtained":[{"floor":3,"key":"conspire:Dentures"},{"floor":6,"key":"aspiration:StickyExplosives_weak"},{"floor":9,"key":"conspire:BottledYoYo"},{"floor":12,"key":"hubris:CrystalStatue"},{"floor":22,"key":"Vajra"},{"floor":26,"key":"hubris:ChampionShield"},{"floor":43,"key":"King of Hearts"},{"floor":54,"key":"ReplayTheSpireMod:Ninjato"}],"event_choices":[{"damage_healed":0,"gold_gain":0,"player_choice":"Argue","damage_taken":0,"max_hp_gain":0,"max_hp_loss":0,"event_name":"conspire:LoneGhost","floor":2,"gold_loss":0},{"damage_healed":0,"gold_gain":0,"player_choice":"Slimed","damage_taken":11,"max_hp_gain":0,"max_hp_loss":0,"event_name":"betterThird:BetterGoop","floor":10,"gold_loss":46},{"cards_removed":["Whirlwind"],"damage_healed":34,"gold_gain":0,"player_choice":"Offered Uncommon","damage_taken":0,"max_hp_gain":0,"max_hp_loss":0,"event_name":"Bonfire Elementals","floor":11,"gold_loss":0},{"damage_healed":0,"gold_gain":0,"player_choice":"Cursed","damage_taken":0,"max_hp_gain":0,"max_hp_loss":0,"event_name":"Wheel of Change","floor":20,"gold_loss":0,"cards_obtained":["Decay"]},{"damage_healed":0,"gold_gain":0,"player_choice":"Got Potions","damage_taken":0,"max_hp_gain":0,"max_hp_loss":0,"event_name":"Lab","floor":21,"gold_loss":0},{"damage_healed":18,"gold_gain":0,"player_choice":"Full Heal","damage_taken":0,"max_hp_gain":0,"max_hp_loss":0,"event_name":"Wheel of Change","floor":36,"gold_loss":0},{"cards_removed":["Decay"],"damage_healed":0,"gold_gain":0,"player_choice":"Removed Curses","damage_taken":0,"max_hp_gain":0,"max_hp_loss":0,"event_name":"Fountain of Cleansing","floor":39,"gold_loss":0}],"is_beta":false,"boss_relics":[{"not_picked":["conspire:RoyalGoblet","Ectoplasm"],"picked":"Sozu"},{"not_picked":["Replay:Wanted Poster","hubris:Stopwatch"],"picked":"conspire:SpecialSausage"}],"items_purged_floors":[47],"is_endless":false,"potions_floor_spawned":[1,4,16,24,31,33,35,46],"killed_by":"The Heart","ascension_level":0}}