{"host":"pgiw9wkmtk74e1ic","time":1607921998,"event":{"mods":["BaseMod","Colored Map","Colored Powertips","Marisa????????","Minty Spire (QoL Compilation)","Replay The Spire","StSLib"],"gold_per_floor":[118,118,13,188,198,225,225,239,239,239,189,209,8,25,25,124,124,139,155,155,69,69,69,96,96,96],"floor_reached":25,"playtime":1801,"items_purged":[],"score":244,"play_id":"d72c094f-307f-44c9-9b9c-cf834b7da433","local_time":"20201213215958","is_ascension_mode":false,"campfire_choices":[{"data":"Footwork","floor":7,"key":"SMITH"},{"data":"Sucker Punch","floor":10,"key":"SMITH"},{"data":"Flechettes","floor":15,"key":"SMITH"},{"data":"Deadly Poison","floor":23,"key":"SMITH"}],"circlet_count":0,"master_deck":["Strike_G","Strike_G","Strike_G","Strike_G","Defend_G","Defend_G","Defend_G","Defend_G","Defend_G","Survivor","Neutralize","Endless Agony","Heel Hook+1","Footwork+1","Sucker Punch+1","Prepared","Doppelganger","PiercingWail","Flechettes+1","Toxin Wave","Toxin Wave","After Image","ReplayTheSpireMod:Exploit Weakness","Malaise","Footwork+1","Flying Knee","Deadly Poison+1","Bane+1","Backstab"],"relics":["Ring of the Snake","NeowsBlessing","Bird Faced Urn","Replay:Accelerometer","WristBlade","Meat on the Bone"],"acts_visited":["Exordium","TheCity"],"potions_floor_usage":[24,24,24],"damage_taken":[{"damage":0,"enemies":"Small Slimes","floor":1,"turns":1},{"damage":0,"enemies":"2 Louse","floor":5,"turns":1},{"damage":0,"enemies":"Gremlin Nob","floor":6,"turns":1},{"damage":2,"enemies":"Jaw Worm","floor":8,"turns":6},{"damage":0,"enemies":"Exordium Thugs","floor":12,"turns":4},{"damage":0,"enemies":"Large Slime","floor":14,"turns":5},{"damage":71,"enemies":"Fading Forest","floor":16,"turns":12},{"damage":8,"enemies":"Chosen","floor":18,"turns":8},{"damage":24,"enemies":"2 Thieves","floor":19,"turns":4},{"damage":43,"enemies":"Book of Stabbing","floor":24,"turns":7},{"damage":13,"enemies":"3 Cultists","floor":25,"turns":3}],"seed_played":"7206210149375956791","potions_obtained":[{"floor":1,"key":"Fire Potion"},{"floor":5,"key":"LifebloodPotion"},{"floor":12,"key":"Poison Potion"},{"floor":24,"key":"DuplicationPotion"}],"is_trial":false,"path_per_floor":["M","?","$","?","M","E","R","M","T","R","?","M","$","M","R","B",null,"M","M","?","$","?","R","E","M"],"character_chosen":"THE_SILENT","items_purchased":["Footwork","Sucker Punch","Toxin Wave","After Image","Deadly Poison","Bane+1"],"campfire_rested":0,"item_purchase_floors":[3,3,13,13,21,21],"current_hp_per_floor":[70,70,70,70,70,70,70,68,68,68,68,70,70,70,70,16,70,62,42,42,42,42,42,3,0,0],"gold":96,"neow_bonus":"THREE_ENEMY_KILL","is_daily":false,"chose_seed":false,"campfire_upgraded":4,"win_rate":0.0,"timestamp":1607921998,"path_taken":["M","?","$","?","M","E","R","M","T","R","?","M","$","M","R","BOSS","M","M","?","$","?","R","E","M"],"items_purchased_type":["Card","Card","Card","Card","Card","Card"],"build_version":"2020-12-13","purchased_purges":0,"victory":false,"max_hp_per_floor":[70,70,70,70,70,70,70,70,70,70,70,70,70,70,70,70,70,70,70,70,70,70,70,70,70,70],"card_choices":[{"not_picked":["Bane","Outmaneuver"],"picked":"Endless Agony","floor":1},{"not_picked":["Distraction","Quick Slash"],"picked":"Prepared","floor":5},{"not_picked":["Underhanded Strike","Blade Dance"],"picked":"Doppelganger","floor":6},{"not_picked":["Dagger Spray","Backflip"],"picked":"PiercingWail","floor":8},{"not_picked":["Sneak Up","Quick Slash"],"picked":"Flechettes","floor":12},{"not_picked":["Dodge and Roll","Acrobatics"],"picked":"ReplayTheSpireMod:Exploit Weakness","floor":14},{"not_picked":["Atom Bomb","Bullet Time"],"picked":"Malaise","floor":16},{"not_picked":["Bane","Masterful Stab"],"picked":"Footwork+1","floor":18},{"not_picked":["Dagger Throw","Quick Slash"],"picked":"Flying Knee","floor":19},{"not_picked":["Escape Plan","Expertise+1"],"picked":"Backstab","floor":24}],"player_experience":253439,"relics_obtained":[{"floor":6,"key":"Bird Faced Urn"},{"floor":9,"key":"Replay:Accelerometer"},{"floor":24,"key":"Meat on the Bone"}],"event_choices":[{"damage_healed":0,"gold_gain":175,"player_choice":"AGREE","damage_taken":0,"max_hp_gain":0,"max_hp_loss":0,"event_name":"Liars Game","floor":4,"gold_loss":0,"cards_obtained":["Doubt"]},{"cards_removed":["Doubt"],"damage_healed":0,"gold_gain":0,"player_choice":"Card Removal","damage_taken":0,"max_hp_gain":0,"max_hp_loss":0,"event_name":"The Cleric","floor":11,"gold_loss":50},{"damage_healed":0,"gold_gain":0,"player_choice":"Ignored","damage_taken":0,"max_hp_gain":0,"max_hp_loss":0,"event_name":"Beggar","floor":20,"gold_loss":0},{"damage_healed":0,"gold_gain":0,"player_choice":"Ignored","damage_taken":0,"max_hp_gain":0,"max_hp_loss":0,"event_name":"Ghosts","floor":22,"gold_loss":0}],"is_beta":false,"boss_relics":[{"not_picked":["Painkiller Herb","Kintsugi"],"picked":"WristBlade"}],"items_purged_floors":[],"is_endless":false,"potions_floor_spawned":[1,5,12,14,19,24],"killed_by":"3 Cultists","ascension_level":0}}