{"host":"v0byp44r5syn346h","time":1607959299,"event":{"mods":["2.2 Compatiblity","AchievementEnabler","Act Like it!","AlwaysNeverKeys","Aspiration","BaseMod","Bestiary","Better Match","Better Note","Better Skull","Better Third Choice","Better Vampires","BetterRewards","Card Filter","Colored Map","Colored Powertips","Conspire","Defuse TimeMaze Blight","Displayed Cursed Tome","Downfall","Friendly Minions","Gremlin Skip","Halation","Highlight Path","Hubris","Infinite Spire","Minty Spire (QoL Compilation)","Pale of the Ancients","Quarter Circle Forward PUNCH!","Quick Restart","Random Character Button","Rare Cards Sparkle","Relic Filter","Relic Stats","Reorder Act Four","Replay The Spire","Reworked Bosses","Shop Mod","Spicy Shops","Spikes Relics","StSLib","SuperFastMode","The Blue Laboratory","The Construct","The Cursed","The Hierophant","The Jungle","Thieving Mod","Trackpad","Unknown Chances","egg","vexMod"],"gold_per_floor":[113,113,113,113,123,123,158,158,158,195,131,131,131],"floor_reached":12,"playtime":315,"items_purged":["Strike_P","Strike_P","Defend_P","Strike_P","Strike_P","Defend_P"],"score":164,"play_id":"d6d33c90-8062-4da3-9aee-7d5d29e3cc7f","local_time":"20201214162139","is_ascension_mode":true,"campfire_choices":[{"data":"Eruption","floor":6,"key":"SMITH"}],"circlet_count":0,"master_deck":["AscendersBane","Defend_P","Defend_P","Eruption+1","Vigilance","CrushJoints","ReachHeaven+1","SignatureMove+1","ConjureBlade","TalkToTheHand+1","FearNoEvil+1"],"relics":["hierophant:PropheticMaskRelic","CeramicFish","Onion Ring","halation:Jellyphish","Molten Egg 2","Bird Faced Urn","ReplayFunnel","infinitespire:Cubic Diamond","infinitespire:Lucky Rock","Tiny Chest","hubris:DisguiseKit","hubris:DeckOfHolding","aspiration:IroncladSkillbook"],"acts_visited":["Exordium"],"potions_floor_usage":[],"damage_taken":[{"damage":0,"enemies":"Cultist","floor":1,"turns":2},{"damage":0,"enemies":"2 Louse","floor":5,"turns":2},{"damage":0,"enemies":"Gremlin Nob","floor":7,"turns":2},{"damage":5,"enemies":"3 Sentries","floor":10,"turns":2},{"damage":11,"enemies":"Replay:BlueRogue","floor":12,"turns":3}],"seed_played":"6668319787772575160","potions_obtained":[{"floor":1,"key":"blueLaboratory:CorrosionFlask"}],"is_trial":false,"path_per_floor":["M","?","?","?","M","R","E","?","T","E","$","E"],"character_chosen":"WATCHER","items_purchased":["CeramicFish","Onion Ring","CrushJoints","halation:Jellyphish","ReachHeaven+1","Molten Egg 2","SignatureMove+1","FearNoEvil+1"],"campfire_rested":0,"item_purchase_floors":[0,0,0,0,0,0,0,11],"current_hp_per_floor":[23,5,5,5,5,5,5,5,5,1,1,0,0],"gold":131,"neow_bonus":"","is_daily":false,"chose_seed":false,"campfire_upgraded":1,"win_rate":0.0,"timestamp":1607959299,"path_taken":["M","?","?","?","?","R","E","?","T","E","$","E"],"items_purchased_type":["Relic","Relic","Card","Relic","Card","Relic","Card","Card"],"build_version":"2020-12-13","purchased_purges":6,"victory":false,"max_hp_per_floor":[72,79,79,79,79,79,79,79,79,44,44,44,44],"relic_stats":{"counters":[147,474],"CeramicFish":54,"Bird Faced Urn":[0],"Tiny Chest":0,"obtain_stats":[{"Golden Egg":9,"trackpad:Mousetrap":7,"vexMod:MemoryStick":13,"aspiration:PoetsPen_weak":34,"infinitespire:Cubic Diamond":3,"Ginger":0,"Boot":9,"halation:RedSoulGem":2,"Replay:Ringing Soul":9,"trackpad:PocketGalaxy":0,"vexMod:InvisibilityCloak":26,"vexMod:CardConverter":9,"hubris:DeckOfHolding":6,"Necronomicon":22,"HandDrill":8,"trackpad:AdjectivePendant":3,"Replay:Wax Seal":0,"hubris:MobiusCoin":0,"Counterbalance":0,"vexMod:MysteryBossChallenge":17,"hubris:SphereOfDissonance":54,"aspiration:IroncladSkillbook":12,"qcfpunch:School_Backpack":58,"halation:Jellyphish":0,"Bird Faced Urn":0,"hubris:TenFootPole":2,"trackpad:WindUpAutoDealer":7,"halation:BlackBeret":10,"qcfpunch:Spiky_Bracers":48,"Regal Pillow":5,"Lantern":40,"Torii":27,"hierophant:PropheticMaskRelic":3,"RoseTintedShades":12,"Blue Doll":1,"Replay:Multitool":46,"hubris:EmptyBottle":0,"Cursed Key":17,"Smiling Mask":26,"Pet Ghost":44,"qcfpunch:Wild_Herbs_Ointment":58,"BranchBurnRelic":25,"infinitespire:Bottled Soul":54,"vexMod:RedPlottingStone":0,"WingedGreaves":0,"hubris:CuriousFeather":8,"hubris:FunFungus":0,"Chemical X":0,"Ring of Panic":2,"BicycleWheel":8,"InkBottle":7,"construct:ClawGrip":17,"construct:WeddingRing":34,"NeowsBlessing":0,"Golden Idol":10,"qcfpunch:Black_Training_Shirt":31,"halation:Yufonium":34,"Damaru":0,"infinitespire:Joker Card":8,"PreservedInsect":0,"aspiration:RandomNobGenerator":17,"Omamori":27,"infinitespire:Lucky Rock":4,"hubris:Towel":53,"halation:NonexistentMirror":58,"Ornamental Fan":42,"SpikesRelics:DaevaFist":47,"halation:AfternoonTea":13,"Bottled Lightning":31,"ReplayTheSpireMod:Ring of Challenge":2,"conspire:DeflatedDodgeball":54,"ReplayTheSpireMod:Lightbulb":28,"hubris:BottledRain":0,"Mark of the Bloom":47,"Gremlin Horn":50,"CeramicFish":0,"aspiration:Stabinomicon":25,"halation:Prosthetics":17,"halation:BlueSoulGem":30,"Sozu":50,"trackpad:ZombieHeart":48,"HornCleat":8,"DollysMirror":0,"Strawberry":30,"qcfpunch:Red_Gi":58,"halation:VictoryRuler":26,"Prayer Wheel":0,"Iron Hammer":27,"paleoftheancients:KeyRelic":50,"hubris:Teleporter":44,"Happy Flower":6,"trackpad:SappingStone":0,"vexMod:ScavengeHelm":9,"Dead Branch":19,"Oddly Smooth Stone":22,"infinitespire:Beetle Shell":9,"vexMod:PaidLearning":0,"conspire:Boomerang":8,"aspiration:HiddenCompartment":6,"Question Card":26,"paleoftheancients:Timepiece":50,"OrangePellets":0,"Replay:Baseball":0,"conspire:GiftBox":0,"Shuriken":58,"paleoftheancients:SoulOfTheWokeBloke":51,"Onion Ring":0,"Molten Egg 2":0,"ReplayTheSpireMod:TigerMarble":0,"trackpad:BottledTsunami":0,"Meat on the Bone":8,"ReplayFunnel":2,"halation:PapillonHeart":49,"trackpad:PetRock":43,"aspiration:TomeofQuesting":47,"Juzu Bracelet":40,"Incense Burner":54,"paleoftheancients:SoulOfTheDefect":56,"hubris:SlimyHat":43,"Replay:Mystery Machine":7,"vexMod:Spyglass":58,"PrismaticShard":54,"conspire:TopHat":40,"vexMod:FluxCapacitor":17,"Nunchaku":41,"TheAbacus":4,"Gambling Chip":11,"Pantograph":4,"Tiny Chest":7,"trackpad:VoidSphere":58,"Replay:Bottled Snecko":58,"halation:LettersToHer":0,"hubris:DisguiseKit":9,"BargainBundle":8,"trackpad:HandOfMidas":0,"trackpad:Trackpad":17,"Guide Book":0,"paleoftheancients:SoulOfTheHexaghost":56,"aspiration:HummingbirdHeart":5,"Odd Mushroom":11,"qcfpunch:White_Boots":43,"Medical Kit":0,"Strange Spoon":8,"Pondfish Scales":0,"Anchor":50,"CaptainsWheel":5,"infinitespire:WardingShard":13,"Snack Pack":23,"Membership Card":0,"PureWater":0,"ReplayTheSpireMod:ShopPack":10,"hubris:NiceRug":58},{"Golden Egg":4,"trackpad:Mousetrap":16,"vexMod:MemoryStick":18,"aspiration:PoetsPen_weak":99,"infinitespire:Cubic Diamond":143,"Ginger":111,"Boot":47,"halation:RedSoulGem":1,"Replay:Ringing Soul":16,"trackpad:PocketGalaxy":32,"vexMod:InvisibilityCloak":125,"vexMod:CardConverter":85,"hubris:DeckOfHolding":114,"Necronomicon":23,"HandDrill":114,"trackpad:AdjectivePendant":1,"Replay:Wax Seal":111,"hubris:MobiusCoin":32,"Counterbalance":111,"vexMod:MysteryBossChallenge":8,"hubris:SphereOfDissonance":139,"aspiration:IroncladSkillbook":146,"qcfpunch:School_Backpack":110,"halation:Jellyphish":142,"Bird Faced Urn":142,"hubris:TenFootPole":33,"trackpad:WindUpAutoDealer":54,"halation:BlackBeret":37,"qcfpunch:Spiky_Bracers":76,"Regal Pillow":54,"Lantern":104,"Torii":62,"hierophant:PropheticMaskRelic":143,"RoseTintedShades":38,"Blue Doll":142,"Replay:Multitool":75,"hubris:EmptyBottle":111,"Cursed Key":20,"Smiling Mask":62,"Pet Ghost":73,"qcfpunch:Wild_Herbs_Ointment":110,"BranchBurnRelic":94,"infinitespire:Bottled Soul":139,"vexMod:RedPlottingStone":29,"WingedGreaves":32,"hubris:CuriousFeather":85,"hubris:FunFungus":111,"Chemical X":32,"Ring of Panic":30,"BicycleWheel":85,"InkBottle":144,"construct:ClawGrip":89,"construct:WeddingRing":128,"NeowsBlessing":0,"Golden Idol":85,"qcfpunch:Black_Training_Shirt":65,"halation:Yufonium":66,"Damaru":52,"infinitespire:Joker Card":4,"PreservedInsect":12,"aspiration:RandomNobGenerator":41,"Omamori":62,"infinitespire:Lucky Rock":143,"hubris:Towel":79,"halation:NonexistentMirror":140,"Ornamental Fan":72,"SpikesRelics:DaevaFist":135,"halation:AfternoonTea":6,"Bottled Lightning":98,"ReplayTheSpireMod:Ring of Challenge":30,"conspire:DeflatedDodgeball":79,"ReplayTheSpireMod:Lightbulb":63,"hubris:BottledRain":111,"Mark of the Bloom":75,"Gremlin Horn":77,"CeramicFish":142,"aspiration:Stabinomicon":125,"halation:Prosthetics":118,"halation:BlueSoulGem":126,"Sozu":107,"trackpad:ZombieHeart":136,"HornCleat":114,"DollysMirror":81,"Strawberry":27,"qcfpunch:Red_Gi":141,"halation:VictoryRuler":94,"Prayer Wheel":81,"Iron Hammer":62,"paleoftheancients:KeyRelic":77,"hubris:Teleporter":106,"Happy Flower":45,"trackpad:SappingStone":111,"vexMod:ScavengeHelm":114,"Dead Branch":90,"Oddly Smooth Stone":11,"infinitespire:Beetle Shell":36,"vexMod:PaidLearning":32,"conspire:Boomerang":47,"aspiration:HiddenCompartment":3,"Question Card":25,"paleoftheancients:Timepiece":77,"OrangePellets":32,"Replay:Baseball":81,"conspire:GiftBox":81,"Shuriken":110,"paleoftheancients:SoulOfTheWokeBloke":138,"Onion Ring":142,"Molten Egg 2":142,"ReplayTheSpireMod:TigerMarble":81,"trackpad:BottledTsunami":111,"Meat on the Bone":36,"ReplayFunnel":143,"halation:PapillonHeart":76,"trackpad:PetRock":105,"aspiration:TomeofQuesting":135,"Juzu Bracelet":70,"Incense Burner":108,"paleoftheancients:SoulOfTheDefect":109,"hubris:SlimyHat":134,"Replay:Mystery Machine":85,"vexMod:Spyglass":110,"PrismaticShard":139,"conspire:TopHat":132,"vexMod:FluxCapacitor":57,"Nunchaku":71,"TheAbacus":30,"Gambling Chip":49,"Pantograph":84,"Tiny Chest":145,"trackpad:VoidSphere":110,"Replay:Bottled Snecko":110,"halation:LettersToHer":81,"hubris:DisguiseKit":145,"BargainBundle":85,"trackpad:HandOfMidas":42,"trackpad:Trackpad":8,"Guide Book":32,"paleoftheancients:SoulOfTheHexaghost":80,"aspiration:HummingbirdHeart":44,"Odd Mushroom":86,"qcfpunch:White_Boots":72,"Medical Kit":111,"Strange Spoon":85,"Pondfish Scales":12,"Anchor":77,"CaptainsWheel":143,"infinitespire:WardingShard":50,"Snack Pack":24,"Membership Card":111,"PureWater":0,"ReplayTheSpireMod:ShopPack":114,"hubris:NiceRug":141},{"Golden Egg":6,"trackpad:Mousetrap":57,"vexMod:MemoryStick":63,"aspiration:PoetsPen_weak":313,"infinitespire:Cubic Diamond":465,"Ginger":349,"Boot":170,"halation:RedSoulGem":1,"Replay:Ringing Soul":57,"trackpad:PocketGalaxy":124,"vexMod:InvisibilityCloak":394,"vexMod:CardConverter":254,"hubris:DeckOfHolding":361,"Necronomicon":88,"HandDrill":361,"trackpad:AdjectivePendant":1,"Replay:Wax Seal":349,"hubris:MobiusCoin":124,"Counterbalance":349,"vexMod:MysteryBossChallenge":22,"hubris:SphereOfDissonance":449,"aspiration:IroncladSkillbook":471,"qcfpunch:School_Backpack":347,"halation:Jellyphish":463,"Bird Faced Urn":463,"hubris:TenFootPole":126,"trackpad:WindUpAutoDealer":190,"halation:BlackBeret":138,"qcfpunch:Spiky_Bracers":235,"Regal Pillow":190,"Lantern":327,"Torii":208,"hierophant:PropheticMaskRelic":465,"RoseTintedShades":139,"Blue Doll":463,"Replay:Multitool":234,"hubris:EmptyBottle":349,"Cursed Key":73,"Smiling Mask":208,"Pet Ghost":226,"qcfpunch:Wild_Herbs_Ointment":347,"BranchBurnRelic":292,"infinitespire:Bottled Soul":449,"vexMod:RedPlottingStone":114,"WingedGreaves":124,"hubris:CuriousFeather":254,"hubris:FunFungus":349,"Chemical X":124,"Ring of Panic":119,"BicycleWheel":254,"InkBottle":467,"construct:ClawGrip":275,"construct:WeddingRing":406,"NeowsBlessing":0,"Golden Idol":254,"qcfpunch:Black_Training_Shirt":214,"halation:Yufonium":216,"Damaru":185,"infinitespire:Joker Card":6,"PreservedInsect":38,"aspiration:RandomNobGenerator":149,"Omamori":208,"infinitespire:Lucky Rock":465,"hubris:Towel":240,"halation:NonexistentMirror":450,"Ornamental Fan":224,"SpikesRelics:DaevaFist":431,"halation:AfternoonTea":12,"Bottled Lightning":308,"ReplayTheSpireMod:Ring of Challenge":119,"conspire:DeflatedDodgeball":240,"ReplayTheSpireMod:Lightbulb":210,"hubris:BottledRain":349,"Mark of the Bloom":234,"Gremlin Horn":236,"CeramicFish":463,"aspiration:Stabinomicon":394,"halation:Prosthetics":375,"halation:BlueSoulGem":398,"Sozu":338,"trackpad:ZombieHeart":436,"HornCleat":361,"DollysMirror":248,"Strawberry":105,"qcfpunch:Red_Gi":452,"halation:VictoryRuler":292,"Prayer Wheel":248,"Iron Hammer":208,"paleoftheancients:KeyRelic":236,"hubris:Teleporter":336,"Happy Flower":163,"trackpad:SappingStone":349,"vexMod:ScavengeHelm":361,"Dead Branch":279,"Oddly Smooth Stone":35,"infinitespire:Beetle Shell":136,"vexMod:PaidLearning":124,"conspire:Boomerang":170,"aspiration:HiddenCompartment":3,"Question Card":96,"paleoftheancients:Timepiece":236,"OrangePellets":124,"Replay:Baseball":248,"conspire:GiftBox":248,"Shuriken":347,"paleoftheancients:SoulOfTheWokeBloke":446,"Onion Ring":463,"Molten Egg 2":463,"ReplayTheSpireMod:TigerMarble":248,"trackpad:BottledTsunami":349,"Meat on the Bone":136,"ReplayFunnel":465,"halation:PapillonHeart":235,"trackpad:PetRock":334,"aspiration:TomeofQuesting":431,"Juzu Bracelet":220,"Incense Burner":343,"paleoftheancients:SoulOfTheDefect":345,"hubris:SlimyHat":430,"Replay:Mystery Machine":254,"vexMod:Spyglass":347,"PrismaticShard":449,"conspire:TopHat":423,"vexMod:FluxCapacitor":195,"Nunchaku":221,"TheAbacus":119,"Gambling Chip":177,"Pantograph":252,"Tiny Chest":469,"trackpad:VoidSphere":347,"Replay:Bottled Snecko":347,"halation:LettersToHer":248,"hubris:DisguiseKit":469,"BargainBundle":254,"trackpad:HandOfMidas":154,"trackpad:Trackpad":22,"Guide Book":124,"paleoftheancients:SoulOfTheHexaghost":246,"aspiration:HummingbirdHeart":158,"Odd Mushroom":258,"qcfpunch:White_Boots":224,"Medical Kit":349,"Strange Spoon":254,"Pondfish Scales":38,"Anchor":236,"CaptainsWheel":465,"infinitespire:WardingShard":180,"Snack Pack":92,"Membership Card":349,"PureWater":0,"ReplayTheSpireMod:ShopPack":361,"hubris:NiceRug":452}]},"card_choices":[{"not_picked":["Crescendo","FlyingSleeves+1","ThirdEye"],"picked":"SKIP","floor":1},{"not_picked":["EmptyBody","PathToVictory","Replay:BluntJabs+1"],"picked":"SKIP","floor":5},{"not_picked":["JustLucky+1","Replay:Anticipation"],"picked":"ConjureBlade","floor":7},{"not_picked":["Prostrate","FollowUp+1","champ:FocusedDefense"],"picked":"TalkToTheHand+1","floor":10}],"player_experience":822677,"relics_obtained":[{"floor":7,"key":"Tiny Chest"},{"floor":9,"key":"hubris:DisguiseKit"},{"floor":10,"key":"hubris:DeckOfHolding"}],"event_choices":[{"damage_healed":0,"gold_gain":0,"player_choice":"Relic ","damage_taken":25,"max_hp_gain":0,"max_hp_loss":0,"event_name":"betterThird:BetterScrap","floor":2,"gold_loss":0,"cards_obtained":["Auto Shields"]},{"damage_healed":0,"gold_gain":0,"player_choice":"Gave Potion","damage_taken":0,"relics_obtained":["infinitespire:Lucky Rock"],"max_hp_gain":0,"max_hp_loss":0,"event_name":"WeMeetAgain","floor":4,"gold_loss":0},{"cards_removed":["ConjureBlade"],"damage_healed":0,"gold_gain":0,"player_choice":"Give","damage_taken":0,"max_hp_gain":0,"max_hp_loss":0,"event_name":"betterNote:BetterNote","floor":8,"gold_loss":0,"cards_obtained":["WreathOfFlame"]}],"is_beta":false,"boss_relics":[],"items_purged_floors":[0,0,0,0,0,0],"is_endless":false,"potions_floor_spawned":[1],"killed_by":"Replay:BlueRogue","ascension_level":10}}