{"host":"wonp23fsqqcu31ie","time":1607910274,"event":{"mods":["2.2 Compatiblity","AchievementEnabler","Aspiration","BaseMod","Better Altar","Better Match","Better Sensory Stone","Better Skull","Better Third Choice","BetterRewards","Block Reminder","Colored Map","Colored Powertips","Conspire","DeckTracker","Displayed Cursed Tome","Downfall","Hermit","Highlight Path","Hubris","Minty Spire (QoL Compilation)","Permanent Neow","Quick Restart","Rare Cards Sparkle","Relic Stats","Replay The Spire","Shade Mod","Shop Mod","StSLib","SuperFastMode","The Animator","The Cursed","The Gatherer","The Necromancer","The Runesmith","The Servant 0.9.4"],"gold_per_floor":[117,139,89,102,102,102,115,115,139,165,199,199,47,47,47,152,152,178,178,18,18,18,59,59,136,136,150,150,31,51,109,109,224,224,241,3,3,0,16,62,62,62,62,74,74,102,34,46,46,46,46,46,9,59,59,59],"floor_reached":55,"playtime":2340,"items_purged":["animator:Strike"],"score":717,"play_id":"cb9ef6f7-e8da-4fe1-b337-8ae8f6b14393","local_time":"20201214124434","is_ascension_mode":true,"campfire_choices":[{"data":"animator:Hibiki","floor":6,"key":"SMITH"},{"floor":8,"key":"RECALL"},{"floor":12,"key":"REST"},{"data":"animator:Berserker","floor":15,"key":"SMITH"},{"floor":24,"key":"REST"},{"floor":32,"key":"REST"},{"floor":49,"key":"REST"}],"circlet_count":0,"master_deck":["animator:Strike_Fate+1","animator:Defend_Fate+1","animator:Strike+1","animator:Strike+1","animator:Defend+1","animator:Defend+1","animator:Defend+1","animator:Alexander","animator:Rider","animator:Hibiki+1","animator:YunYun","animator:Berserker+1","animator:Aqua","animator:EmiyaShirou","animator:Shigure","animator:KrulTepes","animator:Hans","animator:Sloth+1","animator:Archer","animator:Archer","animator:Illya","animator:ElricEdward","animator:Aqua+1","animator:RinTohsaka+1","animator:ShinjiMatou+1","animator:Greed","animator:Lancer","animator:UneriGinkaku","animator:Mitsuba+1","animator:Canti","animator:Pride+1","animator:HigakiRinne","animator:FeridBathory","animator:RinTohsaka+1","animator:CrowleyEusford"],"relics":["animator:LivingPicture","animator:TheMissingPiece","Paper Frog","animator:CursedBlade","MutagenicStrength","MerchantsRug","Enchiridion","Blood Vial","Bottled Lightning","Eternal Feather","Blood Vial","Membership Card","Nunchaku","aspiration:HummingbirdHeart","Ring of Peace","ReplayTheSpireMod:Ring of Addiction","Chameleon Ring","Red Mask","ReplayTheSpireMod:TigerMarble","conspire:DeflatedDodgeball","Orichalcum","Bronze Scales","conspire:DecoderRing"],"acts_visited":["Exordium","TheCity","TheBeyond","TheEnding"],"potions_floor_usage":[11,16,23,27,31,33,33,40,50,50,50,50,50,54,55,55,55],"damage_taken":[{"damage":0,"enemies":"conspire:RoseBush","floor":1,"turns":6},{"damage":5,"enemies":"2 Louse","floor":2,"turns":2},{"damage":7,"enemies":"Jaw Worm","floor":4,"turns":4},{"damage":13,"enemies":"Exordium Wildlife","floor":7,"turns":4},{"damage":1,"enemies":"2 Fungi Beasts","floor":10,"turns":3},{"damage":17,"enemies":"3 Sentries","floor":11,"turns":6},{"damage":27,"enemies":"The Guardian","floor":16,"turns":15},{"damage":24,"enemies":"Spheric Guardian","floor":18,"turns":4},{"damage":21,"enemies":"animator:HornedBat","floor":23,"turns":6},{"damage":28,"enemies":"2 Thieves","floor":27,"turns":4},{"damage":1,"enemies":"Cultist and Chosen","floor":30,"turns":5},{"damage":13,"enemies":"Slavers","floor":31,"turns":6},{"damage":42,"enemies":"Automaton","floor":33,"turns":8},{"damage":13,"enemies":"Orb Walker","floor":35,"turns":4},{"damage":6,"enemies":"3 Shapes","floor":39,"turns":4},{"damage":15,"enemies":"R_Hoarder","floor":40,"turns":9},{"damage":0,"enemies":"Jaw Worm Horde","floor":44,"turns":5},{"damage":56,"enemies":"Reptomancer","floor":46,"turns":7},{"damage":0,"enemies":"Spire Growth","floor":48,"turns":4},{"damage":23,"enemies":"Replay:Hell Engine","floor":50,"turns":11},{"damage":57,"enemies":"Shield and Spear","floor":54,"turns":8},{"damage":67,"enemies":"The Heart","floor":55,"turns":6}],"seed_played":"-8827879718089093516","potions_obtained":[{"floor":1,"key":"PowerPotion"},{"floor":4,"key":"SkillPotion"},{"floor":7,"key":"SkillPotion"},{"floor":18,"key":"Explosive Potion"},{"floor":25,"key":"PowerPotion"},{"floor":25,"key":"Reflective Coating"},{"floor":27,"key":"Dexterity Potion"},{"floor":31,"key":"FairyPotion"},{"floor":35,"key":"Energy Potion"},{"floor":37,"key":"Energy Potion"},{"floor":37,"key":"BlessingOfTheForge"},{"floor":37,"key":"Doom Potion"},{"floor":44,"key":"champ:CounterPotion"},{"floor":46,"key":"DistilledChaos"},{"floor":48,"key":"LiquidMemories"},{"floor":52,"key":"Regen Potion"},{"floor":52,"key":"Death Potion"},{"floor":54,"key":"champ:CounterPotion"}],"is_trial":false,"path_per_floor":["M","M","?","M","?","R","M","R","T","M","E","R","$","$","R","B",null,"M","?","$","?","?","E","R","?","T","M","?","$","M","E","R","B",null,"M","$","?","?","M","E","?","?","T","M","?","E","$","M","R","B",null,"R","$","E","B"],"character_chosen":"THE_ANIMATOR","items_purchased":["aspiration:Nostalgia","MerchantsRug","animator:Archer","Replay:Mystery Machine","Membership Card","Nunchaku","aspiration:HummingbirdHeart","animator:UneriGinkaku","Orichalcum","PowerPotion","Bronze Scales","Doom Potion"],"campfire_rested":4,"item_purchase_floors":[13,20,20,29,36,36,36,36,47,53,53,53],"current_hp_per_floor":[66,61,61,54,54,54,44,44,44,46,32,52,52,52,52,27,68,46,46,46,30,30,11,31,32,32,8,8,8,15,9,45,12,70,62,62,62,62,65,57,57,57,57,67,63,16,16,27,66,45,68,68,68,24,0,0],"gold":59,"neow_bonus":"RANDOM_COLORLESS_2","is_daily":false,"chose_seed":false,"campfire_upgraded":2,"win_rate":0.0,"timestamp":1607910274,"path_taken":["M","?","?","M","?","R","M","R","T","M","E","R","?","$","R","BOSS","M","?","$","?","?","E","R","?","T","M","?","$","M","E","R","BOSS","M","$","?","?","M","E","?","?","T","?","?","E","$","M","R","BOSS","R","$","E","BOSS"],"items_purchased_type":["Relic","Relic","Card","Relic","Relic","Relic","Relic","Card","Relic","Potion","Relic","Potion"],"build_version":"2020-12-13","purchased_purges":1,"victory":false,"max_hp_per_floor":[66,66,66,66,66,66,67,67,67,67,68,68,68,68,68,68,68,68,68,68,68,68,68,68,69,69,69,69,69,70,70,70,70,70,72,72,72,72,72,72,72,72,72,71,71,72,70,70,70,68,68,68,68,66,66,66],"relic_stats":{"Blood Vial":36,"Nunchaku":[9],"counters":[22,130],"Bronze Scales":[102],"Eternal Feather":33,"Orichalcum":[42],"obtain_stats":[{"animator:TheMissingPiece":0,"Enchiridion":21,"Juzu Bracelet":25,"Replay:Mystery Machine":29,"Blood Vial":23,"Nunchaku":36,"Chameleon Ring":37,"Ring of Peace":37,"conspire:DecoderRing":54,"Honey Jar":34,"Red Mask":38,"Paper Frog":11,"Potion Belt":37,"TheCursedMod:BlackMagic101":13,"MerchantsRug":20,"aspiration:Nostalgia":13,"ReplayTheSpireMod:Ring of Addiction":37,"Eternal Feather":26,"aspiration:HummingbirdHeart":36,"Omamori":46,"Orichalcum":47,"animator:CursedBlade":17,"MutagenicStrength":19,"Bronze Scales":53,"animator:LivingPicture":0,"hubris:TenFootPole":31,"ReplayTheSpireMod:TigerMarble":40,"Bottled Lightning":23,"Membership Card":36,"conspire:DeflatedDodgeball":43},{"animator:TheMissingPiece":0,"Enchiridion":8,"Juzu Bracelet":9,"Replay:Mystery Machine":10,"Blood Vial":9,"Nunchaku":14,"Chameleon Ring":14,"Ring of Peace":14,"conspire:DecoderRing":21,"Honey Jar":13,"Red Mask":14,"Paper Frog":6,"Potion Belt":14,"TheCursedMod:BlackMagic101":6,"MerchantsRug":8,"aspiration:Nostalgia":6,"ReplayTheSpireMod:Ring of Addiction":14,"Eternal Feather":9,"aspiration:HummingbirdHeart":14,"Omamori":18,"Orichalcum":18,"animator:CursedBlade":7,"MutagenicStrength":8,"Bronze Scales":20,"animator:LivingPicture":0,"hubris:TenFootPole":12,"ReplayTheSpireMod:TigerMarble":16,"Bottled Lightning":9,"Membership Card":14,"conspire:DeflatedDodgeball":16},{"animator:TheMissingPiece":0,"Enchiridion":44,"Juzu Bracelet":50,"Replay:Mystery Machine":54,"Blood Vial":50,"Nunchaku":77,"Chameleon Ring":77,"Ring of Peace":77,"conspire:DecoderRing":124,"Honey Jar":73,"Red Mask":77,"Paper Frog":25,"Potion Belt":77,"TheCursedMod:BlackMagic101":25,"MerchantsRug":44,"aspiration:Nostalgia":25,"ReplayTheSpireMod:Ring of Addiction":77,"Eternal Feather":50,"aspiration:HummingbirdHeart":77,"Omamori":102,"Orichalcum":102,"animator:CursedBlade":40,"MutagenicStrength":44,"Bronze Scales":116,"animator:LivingPicture":0,"hubris:TenFootPole":65,"ReplayTheSpireMod:TigerMarble":90,"Bottled Lightning":50,"Membership Card":77,"conspire:DeflatedDodgeball":90}]},"card_choices":[{"not_picked":["animator:TanyaDegurechaff","animator:Kira"],"picked":"animator:Hibiki","floor":0},{"not_picked":["animator:Nanami","animator:Vanir"],"picked":"animator:YunYun","floor":1},{"not_picked":["animator:Genos","animator:Azekura"],"picked":"animator:Berserker","floor":2},{"not_picked":["animator:Jibril","animator:Shichika"],"picked":"animator:Aqua","floor":4},{"not_picked":["animator:Rider","animator:Alexander"],"picked":"animator:EmiyaShirou","floor":7},{"not_picked":["animator:Geryuganshoop","animator:DolaCouronne"],"picked":"animator:Shigure","floor":10},{"not_picked":["animator:Hitei","animator:Alexander"],"picked":"animator:KrulTepes","floor":11},{"not_picked":["animator:Guren","animator:Wiz"],"picked":"animator:Hans","floor":16},{"not_picked":["animator:DolaStephanie+1","animator:Yuuichirou"],"picked":"animator:Sloth+1","floor":18},{"not_picked":["animator:EmiyaShirou","animator:Rider"],"picked":"animator:Illya","floor":23},{"not_picked":["animator:Mitsurugi","animator:Saitama"],"picked":"animator:ElricEdward","floor":25},{"not_picked":["animator:Azekura","animator:ElricEdward"],"picked":"animator:Aqua+1","floor":27},{"not_picked":["animator:Shigure","animator:Megumin"],"picked":"animator:RinTohsaka+1","floor":30},{"not_picked":["animator:Shigure","animator:ZankiKiguchi"],"picked":"animator:ShinjiMatou+1","floor":31},{"not_picked":["animator:Wiz","animator:Eris"],"picked":"animator:Greed","floor":33},{"not_picked":["animator:ShinjiMatou","animator:Rider","animator:Alexander"],"picked":"animator:Lancer","floor":35},{"not_picked":["animator:ChlammyZell","animator:Tatsumaki+1","animator:Emonzaemon"],"picked":"SKIP","floor":39},{"not_picked":["animator:Shinoa+1","animator:Assassin+1"],"picked":"animator:Mitsuba+1","floor":40},{"not_picked":["animator:MamizouFutatsuiwa","animator:Hibiki"],"picked":"animator:MisakiNakahara","floor":41},{"not_picked":["animator:Urushihara","animator:Kuroyukihime"],"picked":"animator:Canti","floor":41},{"not_picked":["animator:Darkness+1","animator:DolaSchwi"],"picked":"animator:Pride+1","floor":44},{"not_picked":["animator:KrulTepes","animator:Mitsuba"],"picked":"animator:FeridBathory","floor":46},{"not_picked":["animator:ShinjiMatou+1","animator:Verdia+1"],"picked":"animator:RinTohsaka+1","floor":48},{"not_picked":["animator:Vanir","animator:Assassin"],"picked":"animator:CrowleyEusford","floor":54}],"player_experience":604480,"relics_obtained":[{"floor":11,"key":"Paper Frog"},{"floor":23,"key":"Blood Vial"},{"floor":23,"key":"Bottled Lightning"},{"floor":25,"key":"Juzu Bracelet"},{"floor":26,"key":"Eternal Feather"},{"floor":31,"key":"Blood Vial"},{"floor":31,"key":"hubris:TenFootPole"},{"floor":37,"key":"Ring of Peace"},{"floor":37,"key":"ReplayTheSpireMod:Ring of Addiction"},{"floor":37,"key":"Potion Belt"},{"floor":37,"key":"Chameleon Ring"},{"floor":40,"key":"ReplayTheSpireMod:TigerMarble"},{"floor":43,"key":"conspire:DeflatedDodgeball"},{"floor":46,"key":"Omamori"},{"floor":54,"key":"conspire:DecoderRing"}],"event_choices":[{"cards_removed":["Injury"],"damage_healed":0,"gold_gain":0,"player_choice":"Card Removal","damage_taken":0,"max_hp_gain":0,"max_hp_loss":0,"event_name":"The Cleric","floor":3,"gold_loss":50},{"damage_healed":0,"gold_gain":0,"player_choice":"Ignored","damage_taken":102,"max_hp_gain":0,"max_hp_loss":0,"event_name":"betterThird:BetterSerpent","floor":5,"gold_loss":0},{"damage_healed":0,"gold_gain":0,"player_choice":"Inject Mutagens","damage_taken":0,"relics_obtained":["MutagenicStrength"],"max_hp_gain":0,"max_hp_loss":0,"event_name":"Drug Dealer","floor":19,"gold_loss":0},{"damage_healed":0,"gold_gain":0,"player_choice":"Obtained Book","damage_taken":16,"max_hp_gain":0,"max_hp_loss":0,"event_name":"Cursed Tome","floor":21,"gold_loss":0},{"damage_healed":0,"gold_gain":0,"player_choice":"Leave","damage_taken":0,"max_hp_gain":0,"max_hp_loss":0,"event_name":"conspire:Investor","floor":22,"gold_loss":0},{"damage_healed":0,"gold_gain":0,"player_choice":"Simplicity","damage_taken":0,"max_hp_gain":0,"max_hp_loss":7,"event_name":"betterThird:BetterWriting","floor":28,"gold_loss":0},{"damage_healed":0,"gold_gain":0,"player_choice":"Paid","damage_taken":0,"relics_obtained":["Red Mask"],"max_hp_gain":0,"max_hp_loss":0,"event_name":"Tomb of Lord Red Mask","floor":38,"gold_loss":3},{"damage_healed":0,"gold_gain":3,"player_choice":"1","damage_taken":0,"max_hp_gain":0,"max_hp_loss":0,"event_name":"betterStone:BetterStone","floor":41,"gold_loss":0},{"cards_removed":["animator:MisakiNakahara"],"damage_healed":0,"gold_gain":0,"player_choice":"Removed Skill","damage_taken":0,"max_hp_gain":0,"max_hp_loss":0,"event_name":"Falling","floor":42,"gold_loss":0},{"damage_healed":0,"gold_gain":0,"player_choice":"Embrace Madness","damage_taken":9,"max_hp_gain":0,"max_hp_loss":0,"event_name":"Winding Halls","floor":45,"gold_loss":0,"cards_obtained":["animator:HigakiRinne"]}],"is_beta":false,"boss_relics":[{"not_picked":["Fusion Hammer","aspiration:RitualDagger"],"picked":"animator:CursedBlade"},{"not_picked":["Sozu","Replay:Wanted Poster"],"picked":"Honey Jar"}],"items_purged_floors":[20],"is_endless":false,"potions_floor_spawned":[1,4,7,18,27,31,35,44,46,48,54],"killed_by":"The Heart","ascension_level":2}}