{"host":"f1miojwxaupu79sp","time":1607915572,"event":{"mods":["BaseMod","Better Vampires","Minty Spire (QoL Compilation)","Shop Mod","StSLib"],"gold_per_floor":[219,99,109,128,147,182,182,199,226,226,226,226,226],"floor_reached":12,"playtime":3449,"items_purged":["Strike_B"],"score":84,"play_id":"fca26fc3-e72f-4a1c-af14-3ed458086170","local_time":"20201213221252","is_ascension_mode":true,"campfire_choices":[{"data":"Fission","floor":7,"key":"SMITH"},{"data":"Zap","floor":11,"key":"SMITH"}],"circlet_count":0,"master_deck":["Strike_B","Strike_B","Strike_B","Defend_B","Defend_B","Defend_B","Defend_B","Zap+1","Dualcast","Rebound","Hologram","Auto Shields","Fission+1"],"relics":["Cracked Core","Question Card","Ancient Tea Set","Potion Belt"],"acts_visited":["Exordium"],"potions_floor_usage":[],"damage_taken":[{"damage":1,"enemies":"Cultist","floor":1,"turns":3},{"damage":0,"enemies":"Small Slimes","floor":3,"turns":3},{"damage":6,"enemies":"2 Louse","floor":4,"turns":3},{"damage":1,"enemies":"2 Fungi Beasts","floor":5,"turns":3},{"damage":28,"enemies":"3 Sentries","floor":6,"turns":10},{"damage":6,"enemies":"Blue Slaver","floor":8,"turns":4},{"damage":0,"enemies":"Gremlin Nob","floor":12,"turns":2}],"seed_played":"-547652264432303799","potions_obtained":[{"floor":1,"key":"Ancient Potion"},{"floor":4,"key":"SpeedPotion"},{"floor":6,"key":"EssenceOfSteel"}],"is_trial":false,"path_per_floor":["M","$","M","M","M","E","R","M","T","?","R","E"],"character_chosen":"DEFECT","items_purchased":["Rebound"],"campfire_rested":0,"item_purchase_floors":[2],"current_hp_per_floor":[74,74,74,68,67,39,39,33,33,30,30,30,30],"gold":226,"neow_bonus":"HUNDRED_GOLD","is_daily":false,"chose_seed":false,"campfire_upgraded":2,"win_rate":0.0,"timestamp":1607915572,"path_taken":["M","$","M","M","M","E","R","?","T","?","R","E"],"items_purchased_type":["Card"],"build_version":"2020-12-13","purchased_purges":1,"victory":false,"max_hp_per_floor":[75,75,75,75,75,75,75,75,75,75,75,75,75],"card_choices":[{"not_picked":["Blizzard","Chaos","Hello World"],"picked":"SKIP","floor":1},{"not_picked":["Leap","Sweeping Beam"],"picked":"Hologram","floor":3},{"not_picked":["Hologram","Stack","Hello World"],"picked":"SKIP","floor":4},{"not_picked":["Leap","Compile Driver"],"picked":"Auto Shields","floor":5},{"not_picked":["Compile Driver","Undo"],"picked":"Fission","floor":6},{"not_picked":["Darkness","Barrage","Scrape","Loop"],"picked":"SKIP","floor":8}],"player_experience":470404,"relics_obtained":[{"floor":6,"key":"Question Card"},{"floor":9,"key":"Ancient Tea Set"}],"event_choices":[{"damage_healed":0,"gold_gain":0,"player_choice":"Success","damage_taken":3,"relics_obtained":["Potion Belt"],"max_hp_gain":0,"max_hp_loss":0,"event_name":"Scrap Ooze","floor":10,"gold_loss":0}],"is_beta":false,"boss_relics":[],"items_purged_floors":[2],"is_endless":false,"potions_floor_spawned":[1,4,6],"killed_by":"Gremlin Nob","ascension_level":1}}