{"host":"qy6st0zp32tctd9l","time":1607947314,"event":{"mods":["AchievementEnabler","BaseMod","Colored Map","Downfall","Hermit","Marisa£®ÏF”Í°°ƒß¿Ì…≥£©","Minty Spire (QoL Compilation)","Remilia£®¿Ÿ√◊¿Ú—«£©","StSLib","The Cursed","The Servant 0.9.4","UnlockEverythingMod"],"gold_per_floor":[111,131,145,95,20,45,66,100,100,118,145,145,145,176,176,305,305,320,320,338,91,71,71,106,106,133,154,167,201,221,265,265,389,389,413,413,433,493,556,587,603,603,603,603,634,634,197,217,217,217,217,217,0,39,39],"floor_reached":56,"playtime":2935,"items_purged":["Defend_MRS","Strike_MRS","Strike_MRS"],"score":1876,"play_id":"cd0b540d-d991-44cc-9919-0ac8a1590251","local_time":"20201214200154","is_ascension_mode":true,"campfire_choices":[{"floor":12.0,"key":"RECALL"},{"data":"StarBarrage","floor":15.0,"key":"SMITH"},{"data":"EnergyFlow","floor":23.0,"key":"SMITH"},{"data":"GalacticHalo","floor":25.0,"key":"SMITH"},{"data":"MillisecondPulsars","floor":32.0,"key":"SMITH"},{"data":"CollectingQuirk","floor":46,"key":"SMITH"},{"data":"AsteroidBelt","floor":49,"key":"SMITH"},{"data":"Defend_MRS","floor":52,"key":"SMITH"}],"circlet_count":0,"master_deck":["Strike_MRS+1","Defend_MRS+1","Defend_MRS","Defend_MRS","MasterSpark","UpSweep+1","AsteroidBelt+1","StarBarrage+1","GalacticHalo+1","GrandCross","Parasite","Parasite","MagicAbsorber","EnergyFlow+1","SporeBomb+1","SprinkleStarSeal","MillisecondPulsars+1","CollectingQuirk+1","MilkyWay+1","AsteroidBelt+1"],"relics":["MiniHakkero","Dream Catcher","Singing Bowl","ShroomBag","MealTicket","Sundial","AmplifyWand","Golden Idol","Shuriken","Velvet Choker","Toolbox","Pear","Whetstone","Oddly Smooth Stone","ExperimentalFamiliar","Calipers","Lizard Tail","White Beast Statue","Ornamental Fan","Mercury Hourglass","Bag of Marbles","SimpleLauncher","Boot","Pen Nib"],"acts_visited":["Exordium","TheCity","TheBeyond","TheEnding"],"potions_floor_usage":[38,38,41,45,45,55,55],"damage_taken":[{"damage":2.0,"enemies":"Jaw Worm","floor":1.0,"turns":4.0},{"damage":4.0,"enemies":"Small Slimes","floor":2.0,"turns":3.0},{"damage":0.0,"enemies":"Cultist","floor":3.0,"turns":3.0},{"damage":4.0,"enemies":"3 Sentries","floor":6.0,"turns":8.0},{"damage":8.0,"enemies":"The Mushroom Lair","floor":7.0,"turns":4.0},{"damage":16.0,"enemies":"Gremlin Nob","floor":8.0,"turns":3.0},{"damage":0.0,"enemies":"3 Louse","floor":10.0,"turns":4.0},{"damage":3.0,"enemies":"Lagavulin","floor":11.0,"turns":7.0},{"damage":10.0,"enemies":"3 Sentries","floor":14.0,"turns":10.0},{"damage":35.0,"enemies":"Slime Boss","floor":16.0,"turns":10.0},{"damage":0.0,"enemies":"Shell Parasite","floor":18.0,"turns":6.0},{"damage":0.0,"enemies":"Chosen","floor":20.0,"turns":3.0},{"damage":9.0,"enemies":"Book of Stabbing","floor":24.0,"turns":5.0},{"damage":0.0,"enemies":"3 Cultists","floor":27.0,"turns":4.0},{"damage":8.0,"enemies":"Snake Plant","floor":28.0,"turns":3.0},{"damage":5.0,"enemies":"Gremlin Leader","floor":29.0,"turns":5.0},{"damage":10.0,"enemies":"Shelled Parasite and Fungi","floor":30.0,"turns":4.0},{"damage":39.0,"enemies":"Slavers","floor":31.0,"turns":5.0},{"damage":37.0,"enemies":"Collector","floor":33.0,"turns":8.0},{"damage":0.0,"enemies":"Orb Walker","floor":35.0,"turns":3.0},{"damage":0.0,"enemies":"3 Darklings","floor":37.0,"turns":5.0},{"damage":17,"enemies":"2 Orb Walkers","floor":38,"turns":4},{"damage":0,"enemies":"Mind Bloom Boss Battle","floor":39,"turns":5},{"damage":2,"enemies":"Giant Head","floor":40,"turns":7},{"damage":4,"enemies":"4 Shapes","floor":41,"turns":3},{"damage":12,"enemies":"Reptomancer","floor":45,"turns":7},{"damage":4,"enemies":"Jaw Worm Horde","floor":48,"turns":2},{"damage":28,"enemies":"Awakened One","floor":50,"turns":8},{"damage":35,"enemies":"Shield and Spear","floor":54,"turns":5},{"damage":65,"enemies":"The Heart","floor":55,"turns":7}],"seed_played":"-1295927177297518013","potions_obtained":[{"floor":1.0,"key":"DistilledChaos"},{"floor":3.0,"key":"FearPotion"},{"floor":10.0,"key":"Weak Potion"},{"floor":16.0,"key":"Regen Potion"},{"floor":20.0,"key":"Energy Potion"},{"floor":22.0,"key":"champ:CounterPotion"},{"floor":27.0,"key":"LiquidMemories"},{"floor":30.0,"key":"GamblersBrew"},{"floor":31.0,"key":"Fire Potion"},{"floor":33.0,"key":"ColorlessPotion"},{"floor":38,"key":"FearPotion"},{"floor":41,"key":"Explosive Potion"},{"floor":44,"key":"SkillPotion"},{"floor":44,"key":"AttackPotion"},{"floor":45,"key":"BottledSpark"},{"floor":48,"key":"SkillPotion"},{"floor":54,"key":"hexamod:EctoCoolerPotion"}],"is_trial":false,"path_per_floor":["M","M","M","?","$","E","?","E","T","M","E","R","?","E","R","B",null,"M","?","M","$","?","R","E","R","T","M","M","E","M","E","R","B",null,"M","?","M","?","?","E","M","T","T","?","E","R","$","M","R","B",null,"R","$","E","B",null],"character_chosen":"MARISA","items_purchased":["Toolbox","SimpleLauncher","DuplicationPotion","Boot"],"campfire_rested":0,"item_purchase_floors":[21,47,53,53],"current_hp_per_floor":[73,69,69,69,69,65,59,47,47,53,54,54,54,50,50,21,63,67,77,79,79,79,79,80,80,80,86,84,92,87,52,52,21,80,84,84,90,79,85,87,87,87,87,87,79,79,94,92,92,68,99,99,109,80,17],"gold":39,"neow_bonus":"RANDOM_COMMON_RELIC","is_daily":false,"chose_seed":false,"campfire_upgraded":7,"win_rate":0.0,"timestamp":1607947314,"path_taken":["M","M","M","?","$","E","?","E","T","M","E","R","?","E","R","BOSS","M","?","?","$","?","R","E","R","T","M","?","E","?","E","R","BOSS","M","?","?","?","?","E","M","?","T","?","E","R","$","M","R","BOSS","R","$","E","BOSS"],"items_purchased_type":["Relic","Relic","Potion","Relic"],"build_version":"2020-12-13","purchased_purges":3,"victory":true,"max_hp_per_floor":[75,75,75,75,75,75,77,77,77,79,79,79,73,75,75,77,77,77,77,79,79,79,79,89,89,89,91,93,93,95,97,97,99,99,101,101,103,105,107,107,109,109,109,109,109,109,109,109,109,109,109,109,109,111,111],"card_choices":[{"not_picked":["DarkMatter","PowerUp"],"picked":"AsteroidBelt","floor":1.0},{"not_picked":["PowerUp","ChargingUp"],"picked":"StarBarrage","floor":2.0},{"not_picked":["ChargeUpSpray","OpenUniverse"],"picked":"GalacticHalo","floor":3.0},{"not_picked":["EventHorizon","MagicChant"],"picked":"GrandCross","floor":6.0},{"not_picked":["6A","WitchOfGreed","Robbery"],"picked":"Singing Bowl","floor":7.0},{"not_picked":["ShootingEcho","GrandCross"],"picked":"MagicAbsorber","floor":8.0},{"not_picked":["ShootTheMoon","GrandCross","OneTimeOff"],"picked":"Singing Bowl","floor":10.0},{"not_picked":["BigCrunch","LuminesStrike"],"picked":"EnergyFlow","floor":11.0},{"not_picked":["DC","DragonMeteor","WitchLeyline"],"picked":"Singing Bowl","floor":14.0},{"not_picked":["CollectingQuirk","StarDustReverie","BinaryStars"],"picked":"Singing Bowl","floor":16.0},{"not_picked":["WitchLeyline","Robbery"],"picked":"SporeBomb+1","floor":18.0},{"not_picked":["Occultation","NonDirectionalLaser+1","Robbery+1"],"picked":"Singing Bowl","floor":20.0},{"not_picked":["DC+1","WitchOfGreed"],"picked":"SprinkleStarSeal","floor":24.0},{"not_picked":["DC","DoubleSpark","OpenUniverse"],"picked":"Singing Bowl","floor":27.0},{"not_picked":["Occultation+1","MysteriousBeam","FairyDestructionRay+1"],"picked":"Singing Bowl","floor":28.0},{"not_picked":["DarkMatter","ShootingEcho+1"],"picked":"MillisecondPulsars","floor":29.0},{"not_picked":["6A","MachineGunSpark","Orbital+1"],"picked":"Singing Bowl","floor":30.0},{"not_picked":["WitchLeyline+1","MysteriousBeam","GasGiant+1"],"picked":"Singing Bowl","floor":31.0},{"not_picked":["MaximisePower","BlazingStar","SuperNova"],"picked":"Singing Bowl","floor":33.0},{"not_picked":["DoubleSpark","PowerUp","ShootingEcho+1"],"picked":"Singing Bowl","floor":35.0},{"not_picked":["MysteriousBeam","Occultation","UnstableBomb+1"],"picked":"Singing Bowl","floor":37.0},{"not_picked":["SporeBomb+1","WitchOfGreed","Singularity+1"],"picked":"Singing Bowl","floor":38},{"not_picked":["GasGiant","WitchOfGreed","OpenUniverse+1"],"picked":"Singing Bowl","floor":39},{"not_picked":["Robbery","DoubleSpark+1"],"picked":"CollectingQuirk","floor":40},{"not_picked":["MysteriousBeam+1","Robbery+1","ChargingUp+1"],"picked":"Singing Bowl","floor":41},{"not_picked":["SporeBomb+1","LuminesStrike+1"],"picked":"MilkyWay+1","floor":45},{"not_picked":["SporeBomb","WitchLeyline"],"picked":"AsteroidBelt+1","floor":48},{"not_picked":["MysteriousBeam+1","SuperNova","GrandCross"],"picked":"Singing Bowl","floor":54}],"player_experience":113707,"relics_obtained":[{"floor":6.0,"key":"Singing Bowl"},{"floor":7.0,"key":"ShroomBag"},{"floor":8.0,"key":"MealTicket"},{"floor":9.0,"key":"Sundial"},{"floor":11.0,"key":"AmplifyWand"},{"floor":14.0,"key":"Shuriken"},{"floor":24.0,"key":"Pear"},{"floor":29.0,"key":"Whetstone"},{"floor":31.0,"key":"Oddly Smooth Stone"},{"floor":38,"key":"Calipers"},{"floor":39,"key":"Lizard Tail"},{"floor":40,"key":"White Beast Statue"},{"floor":42,"key":"Ornamental Fan"},{"floor":43,"key":"Mercury Hourglass"},{"floor":45,"key":"Bag of Marbles"},{"floor":54,"key":"Pen Nib"}],"event_choices":[{"cards_removed":["Strike_MRS"],"damage_healed":0.0,"max_hp_gain":0.0,"max_hp_loss":0.0,"gold_gain":0.0,"event_name":"The Cleric","player_choice":"Card Removal","floor":4.0,"gold_loss":50.0,"damage_taken":0.0},{"damage_healed":0.0,"max_hp_gain":0.0,"max_hp_loss":0.0,"gold_gain":0.0,"event_name":"Mushrooms_MRS","player_choice":"Fought Mushrooms","floor":7.0,"gold_loss":0.0,"damage_taken":0.0},{"damage_healed":0.0,"max_hp_gain":0.0,"max_hp_loss":6.0,"gold_gain":0.0,"event_name":"Golden Idol","player_choice":"Lose Max HP","floor":13.0,"gold_loss":0.0,"damage_taken":0.0,"relics_obtained":["Golden Idol"]},{"damage_healed":10.0,"max_hp_gain":0.0,"max_hp_loss":0.0,"gold_gain":0.0,"event_name":"Wheel of Change","player_choice":"Full Heal","floor":19.0,"gold_loss":0.0,"damage_taken":0.0},{"damage_healed":0.0,"max_hp_gain":0.0,"max_hp_loss":0.0,"gold_gain":0.0,"event_name":"The Woman in Blue","player_choice":"Bought 1 Potion","floor":22.0,"gold_loss":0.0,"damage_taken":0.0},{"damage_healed":0.0,"max_hp_gain":0.0,"max_hp_loss":0.0,"gold_gain":0.0,"event_name":"Fountain of Cleansing","player_choice":"Ignored","floor":36.0,"gold_loss":0.0,"damage_taken":0.0},{"damage_healed":0,"gold_gain":0,"player_choice":"Fight","damage_taken":0,"max_hp_gain":0,"max_hp_loss":0,"event_name":"Mysterious Sphere","floor":38,"gold_loss":0},{"damage_healed":0,"gold_gain":0,"player_choice":"Fight","damage_taken":0,"max_hp_gain":0,"max_hp_loss":0,"event_name":"MindBloom","floor":39,"gold_loss":0},{"damage_healed":0,"gold_gain":0,"player_choice":"Got Potions","damage_taken":0,"max_hp_gain":0,"max_hp_loss":0,"event_name":"Lab","floor":44,"gold_loss":0}],"is_beta":false,"boss_relics":[{"not_picked":["Pandora\u0027s Box","Fusion Hammer"],"picked":"Velvet Choker"},{"not_picked":["Sozu","RampagingMagicTools"],"picked":"ExperimentalFamiliar"}],"items_purged_floors":[5,21,47],"is_endless":false,"potions_floor_spawned":[1,3,10,16,20,27,30,31,33,35,38,41,45,48,54],"ascension_level":5}}