{"host":"2ejh8pm4r3nhfji7","time":1607988673,"event":{"mods":["2.2 Compatiblity","AchievementEnabler","BaseMod","Better Third Choice","Better Vampires","Block Reminder","Colored Map","Colored Powertips","Hermit","Minty Spire (QoL Compilation)","Rare Cards Sparkle","StSLib"],"gold_per_floor":[112,126,141,157,172,199,218,237,237,237,255,255,62,40,40,40,40],"floor_reached":16,"playtime":1140,"items_purged":[],"score":106,"play_id":"ff51323e-2bb3-45f0-a135-ce837a80889e","local_time":"20201214213113","is_ascension_mode":false,"campfire_choices":[{"floor":10,"key":"REST"},{"floor":12,"key":"REST"},{"data":"hermit:GoldenBullet","floor":15,"key":"SMITH"}],"circlet_count":0,"master_deck":["hermit:Strike_Hermit","hermit:Strike_Hermit","hermit:Strike_Hermit","hermit:Strike_Hermit","hermit:Defend_Hermit","hermit:Defend_Hermit","hermit:Defend_Hermit","hermit:Defend_Hermit","hermit:Snapshot","hermit:Covet","hermit:Malice","hermit:SprayPray","hermit:SprayPray","hermit:Ricochet","hermit:Snipe","hermit:Midnight","hermit:HighCaliber","hermit:Misfire","hermit:GoldenBullet+1","hermit:Headshot"],"relics":["hermit:Momento","NeowsBlessing","Juzu Bracelet","White Beast Statue","Lantern"],"acts_visited":["Exordium"],"potions_floor_usage":[7,16],"damage_taken":[{"damage":0,"enemies":"2 Louse","floor":1,"turns":1},{"damage":0,"enemies":"Jaw Worm","floor":2,"turns":1},{"damage":0,"enemies":"Cultist","floor":3,"turns":1},{"damage":6,"enemies":"Exordium Thugs","floor":4,"turns":4},{"damage":11,"enemies":"Large Slime","floor":5,"turns":6},{"damage":32,"enemies":"Gremlin Nob","floor":6,"turns":5},{"damage":6,"enemies":"Exordium Wildlife","floor":7,"turns":3},{"damage":0,"enemies":"Lots of Slimes","floor":8,"turns":2},{"damage":0,"enemies":"Red Slaver","floor":11,"turns":1},{"damage":72,"enemies":"Slime Boss","floor":16,"turns":9}],"seed_played":"1938821285185003634","potions_obtained":[{"floor":4,"key":"Energy Potion"},{"floor":6,"key":"BlessingOfTheForge"},{"floor":8,"key":"hermit:Eclipse"},{"floor":11,"key":"Dexterity Potion"}],"is_trial":false,"path_per_floor":["M","M","M","M","M","E","M","M","T","R","M","R","$","?","R","B"],"character_chosen":"HERMIT","items_purchased":["Lantern","hermit:Headshot"],"campfire_rested":2,"item_purchase_floors":[13,13],"current_hp_per_floor":[75,75,75,69,58,26,20,20,20,42,42,64,64,64,64,0,0],"gold":40,"neow_bonus":"THREE_ENEMY_KILL","is_daily":false,"chose_seed":false,"campfire_upgraded":1,"win_rate":0.0,"timestamp":1607988673,"path_taken":["M","M","M","M","M","E","M","M","T","R","M","R","$","?","R","BOSS"],"items_purchased_type":["Relic","Card"],"build_version":"2020-12-13","purchased_purges":0,"victory":false,"max_hp_per_floor":[75,75,75,75,75,75,75,75,75,75,75,75,75,75,75,75,75],"card_choices":[{"not_picked":["hermit:Misfire","hermit:Dive"],"picked":"hermit:Malice","floor":1},{"not_picked":["hermit:Manifest","hermit:TakeCover"],"picked":"hermit:SprayPray","floor":2},{"not_picked":["hermit:Roulette","hermit:Shortfuse"],"picked":"hermit:SprayPray","floor":3},{"not_picked":["hermit:FullyLoaded","hermit:CalledShot"],"picked":"hermit:Ricochet","floor":4},{"not_picked":["hermit:GhostlyPresence","hermit:NoHoldsBarred"],"picked":"hermit:Snipe","floor":5},{"not_picked":["hermit:PistolWhip","hermit:FullyLoaded"],"picked":"hermit:Midnight","floor":6},{"not_picked":["hermit:SprayPray","hermit:FlashPowder"],"picked":"hermit:HighCaliber","floor":7},{"not_picked":["hermit:GhostlyPresence","hermit:LuckOfTheDraw"],"picked":"hermit:Misfire","floor":8},{"not_picked":["hermit:BlackWind","hermit:Manifest"],"picked":"hermit:GoldenBullet","floor":11}],"player_experience":3575,"relics_obtained":[{"floor":6,"key":"Juzu Bracelet"},{"floor":9,"key":"White Beast Statue"}],"event_choices":[{"damage_healed":0,"gold_gain":0,"player_choice":"Left","damage_taken":0,"max_hp_gain":0,"max_hp_loss":0,"event_name":"betterThird:BetterGoop","floor":14,"gold_loss":22}],"is_beta":false,"boss_relics":[],"items_purged_floors":[],"is_endless":false,"potions_floor_spawned":[4,6,8,11],"killed_by":"Slime Boss","ascension_level":0}}