{"host":"yllrlz30c75z9571","time":1607983492,"event":{"mods":["AchievementEnabler","Aspiration","Bard","BaseMod","Beaked The Cultist","Better Altar","Better Match","Better Note","Better Sensory Stone","Better Skull","Better Third Choice","BetterRewards","CCEM","Clawfect","Colored Map","Conspire","Downfall","GifTheSpireLib","Googly Eyes","Halation","Hermit","Highlight Path","Hubris","Hunter ??","Infinite Spire","Jedi Mod","Jorbs\u0027s Wanderer Trilogy","Mad Scientist","Marisa????????","Mimic Mod","Minty Spire (QoL Compilation)","Permanent Neow","Replay The Spire","Shade Mod","Shop Mod","Spicy Shops","StSLib","Stuff the Spire","The Administrix","The Blackbeard","The Bug Knight","The Construct","The Cursed","The Gatherer","The Hierophant","The IronCluck","The Jungle","The Mystic","The Necromancer","The Problem Sleuth","The Runesmith","The Servant 0.9.4","The Spell Scribe","The Witch","Unceasing Turn Reminder","everything is the same but u backflip on backflip","slay the spire mod where everything is the same but ironclad has a cowboy hat"],"gold_per_floor":[199,212,212,137,154,168,168,5,15,15,33,43,143,75,93,195,195,195,207,207,217,217,217,255,255,289,289,327,312,322,342,359,463,463,388,402,417,417,417,417,443,443,443,473,484,502,502,31,51,51],"floor_reached":51,"playtime":4422,"items_purged":[],"score":689,"play_id":"7ff42e8b-6f0d-47c2-8b93-e4ff086396e7","local_time":"20201214220452","is_ascension_mode":false,"campfire_choices":[{"floor":1.0,"key":"RECALL"},{"data":"Slimebound:PressTheAttack","floor":4.0,"key":"SMITH"},{"data":"Slimebound:PrepareCrush","floor":10.0,"key":"SMITH"},{"data":"Slimebound:LeadByExample","floor":18.0,"key":"SMITH"},{"data":"Slimebound:AcidTongue","floor":23.0,"key":"SMITH"},{"data":"Slimebound:OneTwoCombo","floor":25.0,"key":"SMITH"},{"data":"Slimebound:MassRepurpose","floor":27.0,"key":"SMITH"},{"data":"Slimebound:MassFeed","floor":35,"key":"SMITH"},{"data":"Slimebound:SplitMire","floor":40,"key":"SMITH"},{"data":"Slimebound:SplitLeeching","floor":43,"key":"SMITH"}],"circlet_count":0,"master_deck":["Slimebound:Strike_Slimebound","Slimebound:Strike_Slimebound","Slimebound:Strike_Slimebound","Slimebound:Defend_Slimebound","Slimebound:Defend_Slimebound","Slimebound:Defend_Slimebound","Slimebound:Defend_Slimebound","Slimebound:Split","Slimebound:CorrosiveSpit","Slimebound:PressTheAttack+1","Slimebound:GoopSpray","Slimebound:SplitLeeching+1","Slimebound:PrepareCrush+1","Slimebound:Schlurp","Slimebound:Equalize","Slimebound:HauntingLick","Slimebound:Repurpose","Slimebound:SpikyOuterGoop","Slimebound:LeadByExample+1","Slimebound:SplitMire+1","Slimebound:PressTheAttack","Slimebound:RallyTheTroops","Slimebound:DisruptingSlam","Slimebound:AcidTongue+1","Slimebound:OneTwoCombo+1","Slimebound:RejuvenatingLick+1","Slimebound:MassRepurpose+1","Slimebound:SamplingLick+1","Slimebound:RainOfGoop+1","Slimebound:RejuvenatingLick","Slimebound:LeechingTouch","Slimebound:FirmFortitude","Slimebound:MassFeed+1","Slimebound:GrowthPunch+1","Slimebound:SamplingLick","expansioncontent:Torchfire","Slimebound:SlimeSpikes","Slimebound:SlimeSpikes","Slimebound:Split","Slimebound:Split","Slimebound:LeechLife","Slimebound:SplitBruiser","Slimebound:SamplingLick+1","Poisoned Strike+1","Slimebound:SplitLeeching+1"],"relics":["Slimebound:AbsorbEndCombatUpgraded","downfall:HeartBlessingRed","StuffTheSpire:Rhapsscallions","Potion Belt","Black Star","CCEMRelics:DerglesHeadphones","Blue Candle","SacredBark","downfall:HeartBlessingBlue","halation:NonexistentMirror","Orichalcum","StuffTheSpire:Expresso","aspiration:HummingbirdHeart","Molten Egg 2"],"acts_visited":["Exordium","TheCity","TheBeyond"],"potions_floor_usage":[31,32,37,44],"damage_taken":[{"damage":4.0,"enemies":"conspire:RoseBush","floor":2.0,"turns":4.0},{"damage":5.0,"enemies":"Cultist","floor":5.0,"turns":3.0},{"damage":17.0,"enemies":"2 Louse","floor":6.0,"turns":3.0},{"damage":8.0,"enemies":"downfall:FleeingMerchant","floor":8.0,"turns":4.0},{"damage":19.0,"enemies":"3 Louse","floor":9.0,"turns":3.0},{"damage":8.0,"enemies":"conspire:2 RoseBushes","floor":11.0,"turns":3.0},{"damage":15.0,"enemies":"2 Fungi Beasts","floor":12.0,"turns":4.0},{"damage":43.0,"enemies":"downfall:LadyInBlue","floor":13.0,"turns":8.0},{"damage":18.0,"enemies":"downfall:FleeingMerchant","floor":14.0,"turns":4.0},{"damage":23.0,"enemies":"Large Slime","floor":15.0,"turns":5.0},{"damage":50.0,"enemies":"downfall:Ironclad","floor":16.0,"turns":6.0},{"damage":32.0,"enemies":"conspire:FuzzyDice","floor":19.0,"turns":5.0},{"damage":26.0,"enemies":"conspire:HollyBat","floor":21.0,"turns":7.0},{"damage":15.0,"enemies":"3 Cultists","floor":24.0,"turns":5.0},{"damage":33.0,"enemies":"Book of Stabbing","floor":26.0,"turns":5.0},{"damage":20.0,"enemies":"3 Cultists","floor":28.0,"turns":7.0},{"damage":24.0,"enemies":"downfall:FleeingMerchant","floor":29.0,"turns":4.0},{"damage":29,"enemies":"3 Cultists","floor":30,"turns":5},{"damage":24,"enemies":"Snake Plant","floor":31,"turns":3},{"damage":26,"enemies":"Sentry and Sphere","floor":32,"turns":4},{"damage":43,"enemies":"downfall:Defect","floor":33,"turns":9},{"damage":17,"enemies":"3 Shapes","floor":36,"turns":5},{"damage":22,"enemies":"Orb Walker","floor":37,"turns":4},{"damage":125,"enemies":"beaked:SuperParasite","floor":44,"turns":11},{"damage":66,"enemies":"Sphere and 2 Shapes","floor":45,"turns":7},{"damage":19,"enemies":"Jaw Worm Horde","floor":46,"turns":4},{"damage":5,"enemies":"downfall:FleeingMerchant","floor":48,"turns":4},{"damage":21,"enemies":"Spire Growth","floor":49,"turns":5},{"damage":31,"enemies":"downfall:Watcher","floor":50,"turns":7}],"seed_played":"-1008914729520939612","potions_obtained":[{"floor":5.0,"key":"Swift Potion"},{"floor":9.0,"key":"Swift Potion"},{"floor":12.0,"key":"Strength Potion"},{"floor":13.0,"key":"Weak Potion"},{"floor":13.0,"key":"Death Potion"},{"floor":13.0,"key":"SpeedPotion"},{"floor":15.0,"key":"champ:CounterPotion"},{"floor":26.0,"key":"Cursed Concoction"},{"floor":30,"key":"Slimebound:ThreeZeroPotion"},{"floor":31,"key":"Explosive Potion"},{"floor":36,"key":"Weak Potion"},{"floor":44,"key":"SpeedPotion"},{"floor":49,"key":"BlessingOfTheForge"}],"is_trial":false,"path_per_floor":["R_BF","M","?","R","M","M","T","$","M","R","M","M","?","$","M","B",null,"R","M","AVR","M","?","R","MIM","R","E","R","MIM","$","M","M","M","B",null,"R","M","M","?","AVR","R","T","?","R","E","M","M","?","$","M","B",null],"character_chosen":"SLIMEBOUND","items_purchased":["Slimebound:Schlurp","Slimebound:Equalize","Slimebound:SplitMire","Molten Egg 2","Poisoned Strike+1"],"campfire_rested":0,"item_purchase_floors":[8,8,14,48,48],"current_hp_per_floor":[60,60,60,60,60,55,60,65,64,64,65,65,51,61,58,40,65,65,65,65,65,65,65,65,65,65,65,65,53,54,56,58,63,65,75,75,79,79,79,79,79,79,79,30,51,79,79,79,60,73],"gold":51,"neow_bonus":"HUNDRED_GOLD","is_daily":false,"chose_seed":false,"campfire_upgraded":9,"win_rate":0.0,"timestamp":1607983492,"path_taken":["R_BF","M","?","R","?","M","T","$","M","R","M","M","?","$","M","BOSS","R","?","AVR","M","?","R","MIM","R","E","R","?","$","M","M","M","BOSS","R","M","M","?","AVR","R","T","?","R","E","M","?","?","$","M","BOSS"],"items_purchased_type":["Card","Card","Card","Relic","Card"],"build_version":"2020-12-13","purchased_purges":0,"victory":true,"max_hp_per_floor":[60,60,60,60,60,60,65,65,65,65,65,65,65,65,65,65,65,65,65,65,65,65,65,65,65,65,65,65,65,65,65,65,65,65,75,75,79,79,79,79,79,79,79,79,79,79,79,79,79,79],"card_choices":[{"not_picked":["Slimebound:SplitMire","Slimebound:FlameTackle"],"picked":"Slimebound:PressTheAttack","floor":2.0},{"not_picked":["Slimebound:PressTheAttack","Slimebound:ComboTackle"],"picked":"Slimebound:GoopSpray","floor":5.0},{"not_picked":["Slimebound:GoopSpray","Slimebound:SplitAcid"],"picked":"Slimebound:SplitLeeching","floor":6.0},{"not_picked":["Slimebound:OozeBath","Slimebound:SplitBruiser"],"picked":"Slimebound:PrepareCrush","floor":8.0},{"not_picked":["Slimebound:Equalize","Slimebound:ComboTackle"],"picked":"Slimebound:HauntingLick","floor":9.0},{"not_picked":["Slimebound:LeechEnergy","Slimebound:SplitAcid"],"picked":"Slimebound:Repurpose","floor":11.0},{"not_picked":["Slimebound:RollThrough","Slimebound:BestDefense","Slimebound:FinishingTackle"],"picked":"SKIP","floor":12.0},{"not_picked":["Slimebound:ViciousTackle","Slimebound:FormOfPuddle"],"picked":"Slimebound:SpikyOuterGoop","floor":13.0},{"not_picked":["Slimebound:SlimeSpikes","Slimebound:GrowthPunch"],"picked":"Slimebound:LeadByExample","floor":14.0},{"not_picked":["Slimebound:Repurpose","Slimebound:Schlurp"],"picked":"Slimebound:PressTheAttack","floor":15.0},{"not_picked":["Slimebound:SelfFormingGoo","Slimebound:Teamwork"],"picked":"Slimebound:RallyTheTroops","floor":16.0},{"not_picked":["Slimebound:SplitBruiser","Slimebound:RollThrough"],"picked":"Slimebound:DisruptingSlam","floor":19.0},{"not_picked":["Slimebound:FinishingTackle+1","Slimebound:LevelUp"],"picked":"Slimebound:AcidTongue","floor":21.0},{"not_picked":["Slimebound:ItLooksTasty","Slimebound:SplitMire"],"picked":"Slimebound:RejuvenatingLick+1","floor":24.0},{"not_picked":["Slimebound:PressTheAttack+1","Slimebound:ItLooksTasty+1"],"picked":"Slimebound:MassRepurpose","floor":26.0},{"not_picked":["Slimebound:SplitMire","Slimebound:SplitBruiser"],"picked":"Slimebound:SamplingLick+1","floor":28.0},{"not_picked":["Slimebound:SplitLeeching","Slimebound:HauntingLick"],"picked":"Slimebound:RainOfGoop+1","floor":29},{"not_picked":["Slimebound:ComboTackle","Slimebound:SlimeSpikes"],"picked":"Slimebound:RejuvenatingLick","floor":30},{"not_picked":["Slimebound:ComboTackle","Slimebound:FormOfPuddle+1"],"picked":"Slimebound:LeechingTouch","floor":31},{"not_picked":["Slimebound:SlimeSpikes","Slimebound:LeadByExample"],"picked":"Slimebound:FirmFortitude","floor":32},{"not_picked":["Slimebound:OozeBath","Slimebound:RallyTheTroops"],"picked":"Slimebound:MassFeed","floor":33},{"not_picked":["Slimebound:SlimeSpikes","Slimebound:SplitLeeching"],"picked":"Slimebound:GrowthPunch+1","floor":36},{"not_picked":["Slimebound:FinishingTackle+1","Slimebound:LeechingTouch"],"picked":"Slimebound:SamplingLick","floor":37},{"not_picked":["Replay:SS_fish_1","Replay:SS_hec_2"],"picked":"expansioncontent:Torchfire","floor":38},{"not_picked":["Slimebound:ForwardTackle","Slimebound:PressTheAttack"],"picked":"Slimebound:LeechLife","floor":44},{"not_picked":["Slimebound:ViciousTackle+1","Slimebound:GoopSpray+1"],"picked":"Slimebound:LeechingTouch","floor":45},{"not_picked":["Slimebound:DisruptingSlam","Slimebound:LeechingTouch"],"picked":"Slimebound:SplitBruiser","floor":46},{"not_picked":["Slimebound:GoopTackle+1","Slimebound:AcidTongue+1"],"picked":"Slimebound:SamplingLick+1","floor":48},{"not_picked":["Slimebound:PressTheAttack+1","Slimebound:Repurpose+1"],"picked":"Slimebound:SplitLeeching+1","floor":49}],"player_experience":138279,"relics_obtained":[{"floor":7.0,"key":"StuffTheSpire:Rhapsscallions"},{"floor":13.0,"key":"Potion Belt"},{"floor":24.0,"key":"CCEMRelics:DerglesHeadphones"},{"floor":26.0,"key":"Blue Candle"},{"floor":41,"key":"Orichalcum"},{"floor":44,"key":"StuffTheSpire:Expresso"},{"floor":44,"key":"aspiration:HummingbirdHeart"}],"event_choices":[{"damage_healed":0.0,"max_hp_gain":0.0,"max_hp_loss":0.0,"gold_gain":0.0,"event_name":"Purifier","player_choice":"Ignored","floor":3.0,"gold_loss":0.0,"damage_taken":0.0},{"damage_healed":0.0,"max_hp_gain":0.0,"max_hp_loss":0.0,"gold_gain":0.0,"cards_transformed":["Slimebound:Schlurp"],"event_name":"Transmorgrifier","player_choice":"Transformed","floor":22.0,"gold_loss":0.0,"damage_taken":0.0,"cards_obtained":["Slimebound:OneTwoCombo"]},{"cards_removed":["Slimebound:LeechingTouch"],"damage_healed":0,"gold_gain":0,"player_choice":"Removed Attack","damage_taken":0,"max_hp_gain":0,"max_hp_loss":0,"event_name":"Falling","floor":47,"gold_loss":0}],"is_beta":false,"boss_relics":[{"not_picked":["Sozu","halation:PlatinumPhoenix"],"picked":"Slimebound:AbsorbEndCombatUpgraded"},{"not_picked":["jedi:battlestandard","ReplayTheSpireMod:SealedPack"],"picked":"SacredBark"}],"items_purged_floors":[],"is_endless":false,"potions_floor_spawned":[5,9,12,15,26,30,31,36,44,49],"ascension_level":0}}