{"host":"1ekl8hlbnopmdapi","time":1607926059,"event":{"mods":["AchievementEnabler","BaseMod","Colored Map","Colored Powertips","DeckTracker","Googly Eyes","Highlight Path","Minty Spire (QoL Compilation)","Relic Sorter","StSLib"],"gold_per_floor":[115,115,129,129,147,178,34,87,135,182,215,215,224,264,273,399,408,437,70,98,23,48,57,102,116,188,188,222,247,256,285,285,414,414,443,452,362,391,414,414,457,135,135,167,167,207,141,170,179,179,179,179,11,11,11],"floor_reached":54,"playtime":2079,"items_purged":["Strike_P"],"score":1042,"play_id":"61152df7-6590-4083-ae0e-1cd4bec479a3","local_time":"20201214010739","is_ascension_mode":true,"campfire_choices":[{"floor":13,"key":"REST"},{"floor":15,"key":"REST"},{"floor":23,"key":"REST"},{"floor":30,"key":"REST"},{"floor":32,"key":"RECALL"},{"data":"Establishment","floor":40,"key":"SMITH"},{"floor":49,"key":"REST"},{"data":"Wallop","floor":52,"key":"SMITH"}],"circlet_count":0,"master_deck":["Strike_P","Strike_P","Defend_P","Defend_P","Defend_P","Defend_P","Eruption+1","Vigilance","Perseverance","FollowUp","FlyingSleeves","Wallop+1","FlyingSleeves","Crescendo+1","FollowUp+1","FollowUp+1","TalkToTheHand+1","Halt","CurseOfTheBell","FlurryOfBlows+1","Worship+1","Evaluate+1","ClearTheMind+1","Conclude+1","Crescendo+1","WindmillStrike+1","Prostrate+1","FollowUp+1","Establishment+1","TalkToTheHand+1","Panacea+1","Prostrate+1","Prostrate+1","DeceiveReality+1","Prostrate+1","CarveReality+1","Ragnarok+1","Perseverance+1","Evaluate+1"],"relics":["PureWater","NeowsBlessing","Golden Idol","Pen Nib","Blood Vial","CeramicFish","Dream Catcher","Molten Egg 2","Damaru","Calling Bell","Ancient Tea Set","Toxic Egg 2","Dead Branch","Lizard Tail","Gremlin Horn","White Beast Statue","SlaversCollar","Anchor","Strawberry","Potion Belt","Ornamental Fan"],"acts_visited":["Exordium","TheCity","TheBeyond","TheEnding"],"potions_floor_usage":[8,8,24,24,24,33,35,41,42,50,50,53,54],"damage_taken":[{"damage":0,"enemies":"Small Slimes","floor":1,"turns":2},{"damage":0,"enemies":"Jaw Worm","floor":3,"turns":1},{"damage":0,"enemies":"Cultist","floor":5,"turns":1},{"damage":18,"enemies":"3 Sentries","floor":6,"turns":9},{"damage":23,"enemies":"Gremlin Nob","floor":8,"turns":3},{"damage":0,"enemies":"Lagavulin","floor":10,"turns":4},{"damage":23,"enemies":"Lots of Slimes","floor":11,"turns":5},{"damage":8,"enemies":"Gremlin Nob","floor":14,"turns":3},{"damage":26,"enemies":"Hexaghost","floor":16,"turns":8},{"damage":23,"enemies":"2 Thieves","floor":18,"turns":5},{"damage":12,"enemies":"Chosen","floor":20,"turns":3},{"damage":28,"enemies":"Shelled Parasite and Fungi","floor":22,"turns":7},{"damage":15,"enemies":"Book of Stabbing","floor":24,"turns":2},{"damage":24,"enemies":"Snake Plant","floor":25,"turns":2},{"damage":22,"enemies":"Centurion and Healer","floor":28,"turns":5},{"damage":2,"enemies":"Cultist and Chosen","floor":29,"turns":4},{"damage":2,"enemies":"3 Cultists","floor":31,"turns":3},{"damage":30,"enemies":"Champ","floor":33,"turns":11},{"damage":0,"enemies":"Orb Walker","floor":35,"turns":1},{"damage":9,"enemies":"3 Shapes","floor":38,"turns":2},{"damage":13,"enemies":"Sphere and 2 Shapes","floor":39,"turns":3},{"damage":0,"enemies":"Giant Head","floor":41,"turns":5},{"damage":20,"enemies":"Maw","floor":44,"turns":5},{"damage":6,"enemies":"Nemesis","floor":46,"turns":3},{"damage":15,"enemies":"Spire Growth","floor":48,"turns":4},{"damage":54,"enemies":"Time Eater","floor":50,"turns":10},{"damage":100,"enemies":"Shield and Spear","floor":54,"turns":3}],"seed_played":"-6107756485261865565","potions_obtained":[{"floor":1,"key":"Weak Potion"},{"floor":3,"key":"BottledMiracle"},{"floor":8,"key":"SpeedPotion"},{"floor":14,"key":"LiquidBronze"},{"floor":20,"key":"FearPotion"},{"floor":22,"key":"DistilledChaos"},{"floor":28,"key":"SkillPotion"},{"floor":29,"key":"Fire Potion"},{"floor":31,"key":"StancePotion"},{"floor":33,"key":"LiquidMemories"},{"floor":35,"key":"Regen Potion"},{"floor":38,"key":"Fire Potion"},{"floor":39,"key":"LiquidBronze"},{"floor":41,"key":"Explosive Potion"},{"floor":44,"key":"Ancient Potion"},{"floor":46,"key":"Weak Potion"},{"floor":48,"key":"DistilledChaos"}],"is_trial":false,"path_per_floor":["M","?","M","T","M","E","$","E","T","E","M","?","R","E","R","B",null,"M","$","M","?","M","R","E","M","T","?","M","M","R","M","R","B",null,"M","?","?","M","M","R","E","$","T","M","?","E","$","M","R","B",null,"R","$","E"],"character_chosen":"WATCHER","items_purchased":["Blood Vial","Lizard Tail","Worship+1","Strawberry","Fruit Juice","Ragnarok+1","Fruit Juice","Regen Potion"],"campfire_rested":5,"item_purchase_floors":[7,19,19,42,42,47,53,53],"current_hp_per_floor":[72,72,72,72,72,54,54,33,33,35,14,19,42,36,59,35,77,54,54,44,44,18,41,28,6,6,6,29,29,52,52,52,24,77,77,77,77,68,57,57,73,85,85,67,67,63,63,50,76,24,89,89,94,0,0],"gold":11,"neow_bonus":"THREE_ENEMY_KILL","is_daily":false,"chose_seed":false,"campfire_upgraded":2,"win_rate":0.0,"timestamp":1607926059,"path_taken":["M","?","M","?","?","E","?","E","T","E","?","?","R","E","R","BOSS","M","$","M","?","M","R","E","M","T","?","?","M","R","M","R","BOSS","M","?","?","M","?","R","E","$","T","M","?","E","$","M","R","BOSS","R","$","E"],"items_purchased_type":["Relic","Relic","Card","Relic","Potion","Card","Potion","Potion"],"build_version":"2020-12-13","purchased_purges":1,"victory":false,"max_hp_per_floor":[72,72,72,72,72,72,72,72,72,72,72,77,77,77,77,77,77,77,77,77,77,77,77,77,77,77,77,77,77,77,77,77,77,77,77,77,77,77,77,77,77,89,89,89,89,89,89,89,89,89,89,89,94,94,94],"card_choices":[{"not_picked":["TalkToTheHand","EmptyBody"],"picked":"Perseverance","floor":1},{"not_picked":["PathToVictory","Adaptation"],"picked":"FollowUp","floor":3},{"not_picked":["Crescendo","Prostrate"],"picked":"FlyingSleeves","floor":5},{"not_picked":["EmptyMind","Consecrate"],"picked":"Wallop","floor":6},{"not_picked":["Adaptation","Alpha"],"picked":"FlyingSleeves","floor":8},{"not_picked":["Tantrum+1","Fasting2"],"picked":"Crescendo","floor":10},{"not_picked":["SashWhip+1","Evaluate"],"picked":"FollowUp+1","floor":11},{"not_picked":["FlyingSleeves+1","Crescendo"],"picked":"FollowUp+1","floor":13},{"not_picked":["SashWhip+1","MentalFortress"],"picked":"TalkToTheHand+1","floor":14},{"not_picked":["Adaptation","PathToVictory"],"picked":"Halt","floor":15},{"not_picked":["WreathOfFlame+1","BowlingBash+1"],"picked":"FlurryOfBlows+1","floor":18},{"not_picked":["FlurryOfBlows+1","Consecrate+1"],"picked":"Evaluate+1","floor":20},{"not_picked":["Tantrum+1","BowlingBash+1"],"picked":"ClearTheMind+1","floor":22},{"not_picked":["WreathOfFlame+1","FollowUp+1"],"picked":"FlurryOfBlows+1","floor":23},{"not_picked":["EmptyFist+1","Halt+1"],"picked":"Conclude+1","floor":24},{"not_picked":["Protect+1","WheelKick+1","Crescendo+1"],"picked":"SKIP","floor":25},{"not_picked":["DevaForm","JustLucky+1"],"picked":"Crescendo+1","floor":28},{"not_picked":["InnerPeace+1","FlurryOfBlows+1"],"picked":"WindmillStrike+1","floor":29},{"not_picked":["Consecrate+1","WreathOfFlame+1"],"picked":"Prostrate+1","floor":30},{"not_picked":["JustLucky+1","ForeignInfluence+1"],"picked":"FollowUp+1","floor":31},{"not_picked":["Scrawl+1","Blasphemy+1"],"picked":"Establishment","floor":33},{"not_picked":["Fasting2+1","Sanctity+1"],"picked":"TalkToTheHand+1","floor":35},{"not_picked":["Apotheosis+1","Blind+1"],"picked":"Panacea+1","floor":36},{"not_picked":["PathToVictory+1","CutThroughFate+1"],"picked":"Prostrate+1","floor":38},{"not_picked":["ThirdEye+1","Nirvana"],"picked":"Prostrate+1","floor":39},{"not_picked":["SashWhip+1","Crescendo+1"],"picked":"DeceiveReality+1","floor":41},{"not_picked":["Weave+1","FlyingSleeves+1"],"picked":"Prostrate+1","floor":44},{"not_picked":["PathToVictory+1","MentalFortress"],"picked":"CarveReality+1","floor":46},{"not_picked":["LikeWater","Swivel+1"],"picked":"Perseverance+1","floor":48},{"not_picked":["FollowUp+1","ThirdEye+1"],"picked":"Evaluate+1","floor":49}],"player_experience":441317,"relics_obtained":[{"floor":6,"key":"Pen Nib"},{"floor":8,"key":"CeramicFish"},{"floor":9,"key":"Dream Catcher"},{"floor":10,"key":"Molten Egg 2"},{"floor":14,"key":"Damaru"},{"floor":17,"key":"Ancient Tea Set"},{"floor":17,"key":"Toxic Egg 2"},{"floor":17,"key":"Dead Branch"},{"floor":24,"key":"Gremlin Horn"},{"floor":26,"key":"White Beast Statue"},{"floor":41,"key":"Anchor"},{"floor":43,"key":"Potion Belt"},{"floor":46,"key":"Ornamental Fan"}],"event_choices":[{"damage_healed":0,"gold_gain":0,"player_choice":"Take Wound","damage_taken":0,"relics_obtained":["Golden Idol"],"max_hp_gain":0,"max_hp_loss":0,"event_name":"Golden Idol","floor":2,"gold_loss":0,"cards_obtained":["Injury"]},{"damage_healed":0,"gold_gain":0,"player_choice":"Donut","damage_taken":0,"max_hp_gain":5,"max_hp_loss":0,"event_name":"Big Fish","floor":12,"gold_loss":0},{"cards_removed":["Injury"],"damage_healed":0,"gold_gain":0,"player_choice":"Gave Gold","damage_taken":0,"max_hp_gain":0,"max_hp_loss":0,"event_name":"Beggar","floor":21,"gold_loss":75},{"damage_healed":0,"gold_gain":0,"player_choice":"Forge","damage_taken":0,"max_hp_gain":0,"max_hp_loss":0,"event_name":"Accursed Blacksmith","floor":27,"gold_loss":0,"cards_upgraded":["Crescendo"]},{"damage_healed":0,"gold_gain":0,"player_choice":"Memory 1","damage_taken":0,"max_hp_gain":0,"max_hp_loss":0,"event_name":"SensoryStone","floor":36,"gold_loss":0},{"cards_removed":["Strike_P"],"damage_healed":0,"gold_gain":0,"player_choice":"Upgrade and Remove","damage_taken":0,"max_hp_gain":0,"max_hp_loss":0,"event_name":"Designer","floor":37,"gold_loss":90,"cards_upgraded":["Eruption"]},{"cards_removed":["FlurryOfBlows"],"damage_healed":0,"gold_gain":0,"player_choice":"Removed Attack","damage_taken":0,"max_hp_gain":0,"max_hp_loss":0,"event_name":"Falling","floor":45,"gold_loss":0}],"is_beta":false,"boss_relics":[{"not_picked":["Busted Crown","Cursed Key"],"picked":"Calling Bell"},{"not_picked":["Pandora\u0027s Box","Runic Pyramid"],"picked":"SlaversCollar"}],"items_purged_floors":[42],"is_endless":false,"potions_floor_spawned":[1,3,8,14,20,22,28,29,31,33,35,38,39,41,44,46,48],"killed_by":"Shield and Spear","ascension_level":3}}