{"host":"hgkb2zpbo2dcws21","time":1607950215,"event":{"mods":["AchievementEnabler","BaseMod","Colored Map","Colored Powertips","Custom Start","DeckTracker","KOR Keyword Fix","Minty Spire (QoL Compilation)","StSLib","SuperFastMode"],"gold_per_floor":[117,117,137,156,176,176,195,195,195,120,132,132,164,164,164,164,164],"floor_reached":16,"playtime":255,"items_purged":["Strike_G"],"score":194,"play_id":"c27d5d14-7e28-4de4-98eb-4be5bc803ebe","local_time":"20201214215015","is_ascension_mode":true,"campfire_choices":[{"data":"Crippling Poison","floor":6,"key":"SMITH"},{"data":"Neutralize","floor":8,"key":"SMITH"},{"floor":15,"key":"REST"}],"circlet_count":0,"master_deck":["AscendersBane","Strike_G","Strike_G","Strike_G","Strike_G","Defend_G","Defend_G","Defend_G","Defend_G","Defend_G+1","Survivor","Neutralize+1","Eviscerate+1","Crippling Poison+1","Backflip+1","Poisoned Stab","After Image"],"relics":["Ring of the Snake","NeowsBlessing","Matryoshka","Vajra"],"acts_visited":["Exordium"],"potions_floor_usage":[11,13],"damage_taken":[{"damage":0,"enemies":"Cultist","floor":1,"turns":1},{"damage":0,"enemies":"Jaw Worm","floor":3,"turns":1},{"damage":0,"enemies":"Small Slimes","floor":4,"turns":1},{"damage":9,"enemies":"Blue Slaver","floor":5,"turns":4},{"damage":3,"enemies":"Looter","floor":7,"turns":3},{"damage":12,"enemies":"Lots of Slimes","floor":11,"turns":3},{"damage":21,"enemies":"3 Sentries","floor":13,"turns":11},{"damage":31,"enemies":"Slime Boss","floor":16,"turns":6}],"seed_played":"7866151474810299053","potions_obtained":[{"floor":1,"key":"DuplicationPotion"},{"floor":7,"key":"Regen Potion"}],"is_trial":false,"path_per_floor":["M","?","M","M","M","R","M","R","T","$","M","?","E","?","R","B"],"character_chosen":"THE_SILENT","items_purchased":[],"campfire_rested":1,"item_purchase_floors":[],"current_hp_per_floor":[59,59,59,59,50,50,47,47,47,47,35,15,9,9,28,0,0],"gold":164,"neow_bonus":"THREE_ENEMY_KILL","is_daily":false,"chose_seed":false,"campfire_upgraded":2,"win_rate":0.0,"timestamp":1607950215,"path_taken":["M","?","M","?","?","R","M","R","T","$","M","?","E","?","R","BOSS"],"items_purchased_type":[],"build_version":"2020-12-13","purchased_purges":1,"victory":false,"max_hp_per_floor":[66,66,66,66,66,66,66,66,66,66,66,66,66,66,66,66,66],"card_choices":[{"not_picked":["Bane","Riddle With Holes"],"picked":"Eviscerate","floor":1},{"not_picked":["Deadly Poison","Outmaneuver"],"picked":"Crippling Poison","floor":3},{"not_picked":["Quick Slash","Blade Dance","Bane"],"picked":"SKIP","floor":4},{"not_picked":["Quick Slash","Blade Dance","Bane"],"picked":"SKIP","floor":4},{"not_picked":["Dagger Spray","Flying Knee","Dodge and Roll"],"picked":"SKIP","floor":5},{"not_picked":["Storm of Steel","Distraction"],"picked":"Backflip","floor":7},{"not_picked":["Outmaneuver","Slice"],"picked":"Poisoned Stab","floor":11},{"not_picked":["Endless Agony","Infinite Blades"],"picked":"After Image","floor":13}],"player_experience":1075453,"relics_obtained":[{"floor":9,"key":"Matryoshka"},{"floor":13,"key":"Vajra"}],"event_choices":[{"damage_healed":0,"gold_gain":0,"player_choice":"Upgraded","damage_taken":0,"max_hp_gain":0,"max_hp_loss":0,"event_name":"Upgrade Shrine","floor":2,"gold_loss":0,"cards_upgraded":["Eviscerate"]},{"damage_healed":0,"gold_gain":0,"player_choice":"Entered Light","damage_taken":20,"max_hp_gain":0,"max_hp_loss":0,"event_name":"Shining Light","floor":12,"gold_loss":0,"cards_upgraded":["Backflip","Defend_G"]},{"damage_healed":0,"gold_gain":0,"player_choice":"Fled","damage_taken":0,"max_hp_gain":0,"max_hp_loss":0,"event_name":"Scrap Ooze","floor":14,"gold_loss":0}],"is_beta":false,"boss_relics":[],"items_purged_floors":[10],"is_endless":false,"potions_floor_spawned":[1,7],"killed_by":"Slime Boss","ascension_level":18}}