{"host":"2lrkmsuh7nz013qb","time":1607912520,"event":{"mods":["BaseMod","Colored Map","DeckTracker","Minty Spire (QoL Compilation)","SuperFastMode","everything is the same but u backflip on backflip"],"gold_per_floor":[118,43,0,0,0,0,18,31,31,55,1,1,1,22,22,22,22],"floor_reached":16,"playtime":433,"items_purged":[],"score":180,"play_id":"00b52d87-3c28-4a5e-b7f2-5e3d861b19b4","local_time":"20201214112200","is_ascension_mode":true,"campfire_choices":[{"data":"Neutralize","floor":6,"key":"SMITH"},{"data":"Quick Slash","floor":13,"key":"SMITH"},{"data":"Prepared","floor":15,"key":"SMITH"}],"circlet_count":0,"master_deck":["AscendersBane","Strike_G","Strike_G","Strike_G","Strike_G","Defend_G","Defend_G","Defend_G","Survivor","Neutralize+1","Blur","Eviscerate","Backflip","Quick Slash+1","Prepared+1"],"relics":["Ring of the Snake","Golden Idol"],"acts_visited":["Exordium"],"potions_floor_usage":[16,16],"damage_taken":[{"damage":0,"enemies":"2 Louse","floor":1,"turns":3},{"damage":5,"enemies":"Jaw Worm","floor":7,"turns":10},{"damage":0,"enemies":"Small Slimes","floor":8,"turns":4},{"damage":1,"enemies":"Blue Slaver","floor":10,"turns":4},{"damage":5,"enemies":"Large Slime","floor":14,"turns":6},{"damage":30,"enemies":"Hexaghost","floor":16,"turns":10}],"seed_played":"-7292270203178006591","potions_obtained":[{"floor":1,"key":"GamblersBrew"},{"floor":14,"key":"PowerPotion"}],"is_trial":false,"path_per_floor":["M","?","$","?","?","R","M","M","T","M","$","?","R","M","R","B"],"character_chosen":"THE_SILENT","items_purchased":["Blur","Quick Slash"],"campfire_rested":0,"item_purchase_floors":[3,11],"current_hp_per_floor":[59,59,59,64,40,40,35,35,35,34,34,34,34,29,29,0,0],"gold":22,"neow_bonus":"REMOVE_CARD","is_daily":false,"chose_seed":false,"campfire_upgraded":3,"win_rate":0.0,"timestamp":1607912520,"path_taken":["M","?","$","?","?","R","M","M","T","M","?","?","R","?","R","BOSS"],"items_purchased_type":["Card","Card"],"build_version":"2020-12-13","purchased_purges":0,"victory":false,"max_hp_per_floor":[66,66,66,71,71,71,71,71,71,71,71,71,71,71,71,71,71],"card_choices":[{"not_picked":["Well Laid Plans","Concentrate","Underhanded Strike"],"picked":"SKIP","floor":1},{"not_picked":["Dodge and Roll","Outmaneuver"],"picked":"Eviscerate","floor":7},{"not_picked":["Choke","Deflect","Caltrops"],"picked":"SKIP","floor":8},{"not_picked":["Escape Plan","Setup"],"picked":"Backflip","floor":10},{"not_picked":["Flechettes","Deflect"],"picked":"Prepared","floor":14}],"player_experience":664231,"relics_obtained":[],"event_choices":[{"cards_removed":["Strike_G"],"damage_healed":0,"gold_gain":0,"player_choice":"Card Removal","damage_taken":0,"max_hp_gain":0,"max_hp_loss":0,"event_name":"The Cleric","floor":2,"gold_loss":75},{"damage_healed":0,"gold_gain":0,"player_choice":"Donut","damage_taken":0,"max_hp_gain":5,"max_hp_loss":0,"event_name":"Big Fish","floor":4,"gold_loss":0},{"damage_healed":0,"gold_gain":0,"player_choice":"Take Damage","damage_taken":24,"relics_obtained":["Golden Idol"],"max_hp_gain":0,"max_hp_loss":0,"event_name":"Golden Idol","floor":5,"gold_loss":0},{"cards_removed":["Defend_G"],"damage_healed":0,"gold_gain":0,"player_choice":"Offered Basic","damage_taken":0,"max_hp_gain":0,"max_hp_loss":0,"event_name":"Bonfire Elementals","floor":12,"gold_loss":0}],"is_beta":false,"boss_relics":[],"items_purged_floors":[],"is_endless":false,"potions_floor_spawned":[1,14],"killed_by":"Hexaghost","ascension_level":20}}