{"host":"wwt2ezt6nhdbor27","time":1607907848,"event":{"mods":["Act Like it!","Bard","BaseMod","Beaked The Cultist","Colored Map","Glutton Mod","Hermit","Highlight Path","Jorbs\u0027s Wanderer Trilogy","Mad Scientist","Marisa????????","Minty Spire (QoL Compilation)","Relic Stats","StSLib","The Bug Knight","The Construct","The Cursed","The Mystic","The Servant 0.9.4","The Witch"],"gold_per_floor":[210,210,210,222,222,249,249,3,26,26,26],"floor_reached":10,"playtime":643,"items_purged":[],"score":64,"play_id":"ed8544d9-6bc4-44ff-99db-55ae8317397f","local_time":"20201213170408","is_ascension_mode":false,"campfire_choices":[{"floor":7,"key":"REST"}],"circlet_count":0,"master_deck":["hermit:Strike_Hermit","hermit:Strike_Hermit","hermit:Strike_Hermit","hermit:Strike_Hermit+1","hermit:Defend_Hermit","hermit:Defend_Hermit+1","hermit:Defend_Hermit","hermit:Defend_Hermit","hermit:Snapshot","hermit:Covet","hermit:HoleUp+1","hermit:SprayPray","hermit:Manifest"],"relics":["hermit:Momento","Meat on the Bone","Molten Egg 2","MealTicket"],"acts_visited":["Exordium"],"potions_floor_usage":[],"damage_taken":[{"damage":1,"enemies":"Jaw Worm","floor":1,"turns":5},{"damage":0,"enemies":"2 Louse","floor":4,"turns":2},{"damage":44,"enemies":"Gremlin Nob","floor":6,"turns":6},{"damage":47,"enemies":"Lagavulin","floor":10,"turns":11}],"seed_played":"-4364749010991932516","potions_obtained":[{"floor":4,"key":"Energy Potion"},{"floor":6,"key":"Ancient Potion"}],"is_trial":false,"path_per_floor":["M","?","?","M","?","E","R","$","T","E"],"character_chosen":"HERMIT","items_purchased":["Molten Egg 2"],"campfire_rested":1,"item_purchase_floors":[8],"current_hp_per_floor":[74,59,59,59,64,20,44,44,44,0,0],"gold":26,"neow_bonus":"HUNDRED_GOLD","is_daily":false,"chose_seed":false,"campfire_upgraded":0,"win_rate":0.0,"timestamp":1607907848,"path_taken":["M","?","?","M","?","E","R","?","T","E"],"items_purchased_type":["Relic"],"build_version":"2020-12-13","purchased_purges":0,"victory":false,"max_hp_per_floor":[75,75,75,75,80,80,80,80,80,80,80],"relic_stats":{"counters":[4,24],"MealTicket":0,"obtain_stats":[{"Molten Egg 2":8,"MealTicket":9,"hermit:Momento":0,"Meat on the Bone":6},{"Molten Egg 2":3,"MealTicket":3,"hermit:Momento":0,"Meat on the Bone":3},{"Molten Egg 2":13,"MealTicket":13,"hermit:Momento":0,"Meat on the Bone":13}],"Meat on the Bone":0},"card_choices":[{"not_picked":["hermit:HighCaliber","hermit:NoHoldsBarred"],"picked":"hermit:HoleUp","floor":1},{"not_picked":["hermit:Desperado","hermit:LowProfile"],"picked":"hermit:SprayPray","floor":4},{"not_picked":["hermit:Misfire","hermit:ItchyTrigger"],"picked":"hermit:Manifest","floor":6}],"player_experience":155576,"relics_obtained":[{"floor":6,"key":"Meat on the Bone"},{"floor":9,"key":"MealTicket"}],"event_choices":[{"damage_healed":0,"gold_gain":0,"player_choice":"Entered Light","damage_taken":15,"max_hp_gain":0,"max_hp_loss":0,"event_name":"Shining Light","floor":2,"gold_loss":0,"cards_upgraded":["hermit:Strike_Hermit","hermit:Defend_Hermit"]},{"damage_healed":0,"gold_gain":0,"player_choice":"Grow","damage_taken":0,"max_hp_gain":0,"max_hp_loss":0,"event_name":"Living Wall","floor":3,"gold_loss":0,"cards_upgraded":["hermit:HoleUp"]},{"damage_healed":0,"gold_gain":0,"player_choice":"Donut","damage_taken":0,"max_hp_gain":5,"max_hp_loss":0,"event_name":"Big Fish","floor":5,"gold_loss":0}],"is_beta":false,"boss_relics":[],"items_purged_floors":[],"is_endless":false,"potions_floor_spawned":[4,6],"killed_by":"Lagavulin","ascension_level":0}}