{"host":"p245q48pmopyklqs","time":1607924376,"event":{"mods":["AchievementEnabler","BaseMod","DeckTracker","Minty Spire (QoL Compilation)","Relic Stats","StSLib","SuperFastMode"],"gold_per_floor":[14,14,34,47,59,59,84,84,84,84,84,99,130,160,160,237,237,251,61,61,61,61,61,81,81,81,81,99,110,142,160,160,236,236,248,118,128,148,160,186,186,198,198,123,134,84,114,129,129,129,129,129,129,50,76,76,76],"floor_reached":56,"playtime":3148,"items_purged":["Strike_G","Predator"],"score":2078,"play_id":"97736ebf-b712-45ed-b273-469b2eff106f","local_time":"20201214143936","is_ascension_mode":true,"campfire_choices":[{"data":"Phantasmal Killer","floor":6.0,"key":"SMITH"},{"data":"Neutralize","floor":8.0,"key":"SMITH"},{"floor":10.0,"key":"REST"},{"data":"Deadly Poison","floor":15.0,"key":"SMITH"},{"data":"Apotheosis","floor":23.0,"key":"SMITH"},{"floor":25.0,"key":"RECALL"},{"data":"Venomology","floor":27.0,"key":"SMITH"},{"data":"Footwork","floor":32.0,"key":"SMITH"}],"circlet_count":0,"master_deck":["AscendersBane","Defend_G","Defend_G","Survivor","Neutralize+1","Acrobatics","Phantasmal Killer+1","Dagger Throw","Underhanded Strike","Deadly Poison+1","Venomology+1","Crippling Poison","Apotheosis+1","Expertise","Heel Hook","Footwork+1","PiercingWail+1","Tactician","Backflip+1","After Image","Noxious Fumes","Escape Plan","Reflex","Prepared+1"],"relics":["Ring of the Snake","Smiling Mask","Anchor","Eternal Feather","Coffee Dripper","Matryoshka","Lantern","Fusion Hammer","Thread and Needle","Bottled Lightning","Frozen Egg 2","Bag of Preparation"],"acts_visited":["Exordium","TheCity","TheBeyond","TheEnding"],"potions_floor_usage":[56,56,56],"damage_taken":[{"damage":0.0,"enemies":"Cultist","floor":1.0,"turns":4.0},{"damage":1.0,"enemies":"Jaw Worm","floor":3.0,"turns":3.0},{"damage":3.0,"enemies":"2 Louse","floor":4.0,"turns":3.0},{"damage":11.0,"enemies":"Exordium Wildlife","floor":5.0,"turns":4.0},{"damage":22.0,"enemies":"Lagavulin","floor":7.0,"turns":6.0},{"damage":6.0,"enemies":"3 Louse","floor":12.0,"turns":3.0},{"damage":15.0,"enemies":"3 Sentries","floor":13.0,"turns":6.0},{"damage":26.0,"enemies":"The Guardian","floor":16.0,"turns":12.0},{"damage":9.0,"enemies":"Shell Parasite","floor":18.0,"turns":6.0},{"damage":0.0,"enemies":"Chosen","floor":24.0,"turns":3.0},{"damage":0.0,"enemies":"Centurion and Healer","floor":28.0,"turns":3.0},{"damage":38.0,"enemies":"Snecko","floor":29.0,"turns":5.0},{"damage":0.0,"enemies":"Gremlin Leader","floor":30.0,"turns":5.0},{"damage":0.0,"enemies":"Snake Plant","floor":31.0,"turns":3.0},{"damage":12.0,"enemies":"Automaton","floor":33.0,"turns":7.0},{"damage":2.0,"enemies":"3 Darklings","floor":35.0,"turns":4.0},{"damage":0.0,"enemies":"3 Shapes","floor":37.0,"turns":3.0},{"damage":0.0,"enemies":"Transient","floor":38.0,"turns":6.0},{"damage":0.0,"enemies":"4 Shapes","floor":39.0,"turns":6.0},{"damage":19.0,"enemies":"Reptomancer","floor":40.0,"turns":5.0},{"damage":0.0,"enemies":"Maw","floor":42.0,"turns":5.0},{"damage":0.0,"enemies":"Sphere and 2 Shapes","floor":45.0,"turns":4.0},{"damage":0.0,"enemies":"Giant Head","floor":47.0,"turns":4.0},{"damage":11.0,"enemies":"3 Darklings","floor":48.0,"turns":3.0},{"damage":29.0,"enemies":"Time Eater","floor":50.0,"turns":11.0},{"damage":0.0,"enemies":"Donu and Deca","floor":51.0,"turns":6.0},{"damage":39.0,"enemies":"Shield and Spear","floor":55.0,"turns":6.0},{"damage":56,"enemies":"The Heart","floor":56,"turns":5}],"seed_played":"2557277797184969898","potions_obtained":[{"floor":1.0,"key":"Ancient Potion"},{"floor":5.0,"key":"SkillPotion"},{"floor":12.0,"key":"Fruit Juice"},{"floor":30.0,"key":"Energy Potion"},{"floor":31.0,"key":"Dexterity Potion"},{"floor":37.0,"key":"Swift Potion"},{"floor":39.0,"key":"Dexterity Potion"},{"floor":47.0,"key":"Regen Potion"}],"is_trial":false,"path_per_floor":["M","?","M","M","M","R","E","R","T","R","?","M","E","?","R","B",null,"M","$","?","?","?","R","M","R","T","R","M","M","E","M","R","B",null,"M","$","M","M","M","E","R","M","T","?","M","$","E","M","R","B","B",null,"R","$","E","B"],"character_chosen":"THE_SILENT","items_purchased":["Apotheosis","Noxious Fumes","Regen Potion"],"campfire_rested":1,"item_purchase_floors":[19,36,54],"current_hp_per_floor":[59,59,58,55,44,44,22,22,22,41,34,28,13,13,22,1,54,45,45,25,25,25,34,34,43,43,52,52,14,14,14,26,14,61,59,59,59,59,59,40,52,52,52,52,52,52,52,41,53,39,39,67,76,76,37,0,0],"gold":76,"neow_bonus":"TRANSFORM_TWO_CARDS","is_daily":false,"chose_seed":false,"campfire_upgraded":6,"win_rate":0.0,"timestamp":1607924376,"path_taken":["M","?","M","M","M","R","E","R","T","R","?","M","E","?","R","BOSS","M","$","?","?","?","R","M","R","T","R","?","M","E","M","R","BOSS","M","$","M","M","M","E","R","M","T","?","M","$","E","M","R","BOSS","BOSS","R","$","E","BOSS"],"items_purchased_type":["Card","Card","Potion"],"build_version":"2020-12-13","purchased_purges":2,"victory":false,"max_hp_per_floor":[66,66,66,66,66,66,66,66,66,66,66,66,66,66,66,71,71,71,71,76,76,76,76,76,76,76,76,76,76,76,76,76,76,76,76,76,76,76,76,76,76,76,76,76,76,76,76,76,76,76,76,76,76,76,76,76,76],"relic_stats":{"counters":[28,141],"Eternal Feather":81,"Bag of Preparation":[2],"Smiling Mask":75,"obtain_stats":[{"Anchor":9,"Lantern":30,"Matryoshka":26,"Eternal Feather":13,"Thread and Needle":40,"Fusion Hammer":34,"Coffee Dripper":17,"Bag of Preparation":55,"Bottled Lightning":43,"Frozen Egg 2":47,"Smiling Mask":7,"Ring of the Snake":0},{"Anchor":5,"Lantern":13,"Matryoshka":10,"Eternal Feather":7,"Thread and Needle":20,"Fusion Hammer":15,"Coffee Dripper":8,"Bag of Preparation":27,"Bottled Lightning":21,"Frozen Egg 2":23,"Smiling Mask":5,"Ring of the Snake":0},{"Anchor":20,"Lantern":63,"Matryoshka":50,"Eternal Feather":29,"Thread and Needle":97,"Fusion Hammer":73,"Coffee Dripper":41,"Bag of Preparation":136,"Bottled Lightning":102,"Frozen Egg 2":110,"Smiling Mask":20,"Ring of the Snake":0}],"Ring of the Snake":[56]},"card_choices":[{"not_picked":["Dagger Throw","Outmaneuver"],"picked":"Predator","floor":1.0},{"not_picked":["Quick Slash","Reflex"],"picked":"Dagger Throw","floor":3.0},{"not_picked":["Deflect","Sucker Punch","Flechettes"],"picked":"SKIP","floor":4.0},{"not_picked":["Flechettes","Concentrate"],"picked":"Dash","floor":5.0},{"not_picked":["All Out Attack","Slice"],"picked":"Underhanded Strike","floor":7.0},{"not_picked":["Deflect","Blade Dance","Dagger Throw"],"picked":"SKIP","floor":12.0},{"not_picked":["Die Die Die","Dodge and Roll"],"picked":"Deadly Poison","floor":13.0},{"not_picked":["Glass Knife","A Thousand Cuts"],"picked":"Venomology","floor":16.0},{"not_picked":["Leg Sweep","Bouncing Flask"],"picked":"Crippling Poison","floor":18.0},{"not_picked":["Backstab+1","Dodge and Roll","Sucker Punch"],"picked":"SKIP","floor":24.0},{"not_picked":["Cloak And Dagger","Predator"],"picked":"Footwork","floor":28.0},{"not_picked":["Choke","Dagger Throw"],"picked":"PiercingWail+1","floor":29.0},{"not_picked":["Eviscerate","Bouncing Flask"],"picked":"Tactician","floor":30.0},{"not_picked":["Dash","Slice"],"picked":"Backflip+1","floor":31.0},{"not_picked":["Bullet Time","Unload"],"picked":"After Image","floor":33.0},{"not_picked":["Sucker Punch","Poisoned Stab","Deadly Poison"],"picked":"SKIP","floor":35.0},{"not_picked":["Concentrate","Dagger Throw","Finisher"],"picked":"SKIP","floor":37.0},{"not_picked":["Cloak And Dagger","Bane","Outmaneuver"],"picked":"SKIP","floor":38.0},{"not_picked":["Endless Agony+1","Terror","Deadly Poison"],"picked":"SKIP","floor":39.0},{"not_picked":["Dash","Caltrops"],"picked":"Escape Plan","floor":40.0},{"not_picked":["All Out Attack","Flying Knee+1","Underhanded Strike"],"picked":"SKIP","floor":42.0},{"not_picked":["Dagger Throw","Endless Agony","Dash"],"picked":"SKIP","floor":45.0},{"not_picked":["Corpse Explosion","Skewer+1"],"picked":"Reflex","floor":47.0},{"not_picked":["PiercingWail+1","Deflect","Underhanded Strike"],"picked":"SKIP","floor":48.0},{"not_picked":["Dash","Blade Dance"],"picked":"Prepared+1","floor":55.0}],"player_experience":2256611,"relics_obtained":[{"floor":7.0,"key":"Smiling Mask"},{"floor":9.0,"key":"Anchor"},{"floor":13.0,"key":"Eternal Feather"},{"floor":26.0,"key":"Matryoshka"},{"floor":30.0,"key":"Lantern"},{"floor":40.0,"key":"Thread and Needle"},{"floor":43.0,"key":"Bottled Lightning"},{"floor":47.0,"key":"Frozen Egg 2"},{"floor":55.0,"key":"Bag of Preparation"}],"event_choices":[{"cards_removed":["Strike_G"],"damage_healed":0.0,"max_hp_gain":0.0,"max_hp_loss":0.0,"gold_gain":0.0,"event_name":"Living Wall","player_choice":"Forget","floor":2.0,"gold_loss":0.0,"damage_taken":0.0},{"cards_removed":["Defend_G"],"damage_healed":0.0,"max_hp_gain":0.0,"max_hp_loss":0.0,"gold_gain":0.0,"event_name":"Golden Wing","player_choice":"Card Removal","floor":11.0,"gold_loss":0.0,"damage_taken":7.0},{"damage_healed":0.0,"max_hp_gain":0.0,"max_hp_loss":0.0,"gold_gain":30.0,"event_name":"Dead Adventurer","player_choice":"Searched \u00271\u0027 times","floor":14.0,"gold_loss":0.0,"damage_taken":0.0},{"damage_healed":0.0,"max_hp_gain":5.0,"max_hp_loss":0.0,"gold_gain":0.0,"event_name":"Forgotten Altar","player_choice":"Shed Blood","floor":20.0,"gold_loss":0.0,"damage_taken":25.0},{"cards_removed":["Strike_G"],"damage_healed":0.0,"max_hp_gain":0.0,"max_hp_loss":0.0,"gold_gain":0.0,"event_name":"Back to Basics","player_choice":"Elegance","floor":21.0,"gold_loss":0.0,"damage_taken":0.0},{"damage_healed":0.0,"max_hp_gain":0.0,"max_hp_loss":0.0,"gold_gain":0.0,"cards_transformed":["Defend_G","Strike_G"],"event_name":"Drug Dealer","player_choice":"Became Test Subject","floor":22.0,"gold_loss":0.0,"damage_taken":0.0,"cards_obtained":["Expertise","Heel Hook"]},{"cards_removed":["Dash"],"damage_healed":0.0,"max_hp_gain":0.0,"max_hp_loss":0.0,"gold_gain":0.0,"event_name":"Designer","player_choice":"Single Remove","floor":44.0,"gold_loss":75.0,"damage_taken":0.0}],"is_beta":false,"boss_relics":[{"not_picked":["Snecko Eye","Black Star"],"picked":"Coffee Dripper"},{"not_picked":["Sozu","Empty Cage"],"picked":"Fusion Hammer"}],"items_purged_floors":[36,46],"is_endless":false,"potions_floor_spawned":[1,5,12,13,30,31,37,39,47],"killed_by":"The Heart","ascension_level":20}}