{"host":"0cnf9zf1gia27zti","time":1607906728,"event":{"mods":["BaseMod","BetterRewards","Card Forge","Colored Map","Colored Powertips","Conspire","Downfall","Minty Spire (QoL Compilation)","Quick Restart","Replay The Spire","Shade Mod","Spicy Shops","StSLib"],"gold_per_floor":[119,130,196,196,196,196,44,55,106,123,123,5,22,35,35,138,138,151,251,261,274,10,10,10],"floor_reached":23,"playtime":4171,"items_purged":["Strike_P","Defend_P"],"score":410,"play_id":"6379aec1-80ce-4484-8cb1-841968e3c6f3","local_time":"20201214004528","is_ascension_mode":true,"campfire_choices":[{"floor":6.0,"key":"REST"},{"floor":11.0,"key":"REST"}],"circlet_count":0,"master_deck":["Strike_P","Strike_P","Strike_P","Defend_P","Defend_P","Defend_P","Eruption","Vigilance","Bandage Up","Pray","BattleHymn","Replay:ManipulateFuture+1","SandsOfTime","Evaluate","Prostrate","PathToVictory","Worship","Alpha","Prostrate","Judgement","Replay:LoomingThreat","Collect","Perseverance","Prostrate","Devotion","Pray","Pray"],"relics":["PureWater","Hammer of Thor","Seething Fire","Anvil of the Gods","Membership Card","Question Card","Blue Doll","Lee\u0027s Waffle","Kunai","Gremlin Horn","Prayer Wheel","Vajra","conspire:SlowCooker","OrangePellets","Happy Flower","Singing Bowl"],"acts_visited":["Exordium","TheCity"],"potions_floor_usage":[16,21,23],"damage_taken":[{"damage":6.0,"enemies":"Cultist","floor":1.0,"turns":5.0},{"damage":10.0,"enemies":"2 Louse","floor":2.0,"turns":3.0},{"damage":4.0,"enemies":"Jaw Worm","floor":8.0,"turns":3.0},{"damage":17.0,"enemies":"Exordium Wildlife","floor":10.0,"turns":4.0},{"damage":13.0,"enemies":"Large Slime","floor":13.0,"turns":3.0},{"damage":2.0,"enemies":"2 Fungi Beasts","floor":14.0,"turns":4.0},{"damage":15,"enemies":"Hexaghost","floor":16,"turns":6},{"damage":15,"enemies":"Chosen","floor":18,"turns":5},{"damage":11,"enemies":"Spheric Guardian","floor":20,"turns":3},{"damage":29,"enemies":"Snake Plant","floor":21,"turns":4},{"damage":13,"enemies":"Gremlin Leader","floor":23,"turns":3}],"seed_played":"5120195564762869943","potions_obtained":[{"floor":3.0,"key":"Flashbang"},{"floor":10.0,"key":"champ:CounterPotion"},{"floor":13.0,"key":"SpeedPotion"},{"floor":14.0,"key":"SteroidPotion"},{"floor":16,"key":"SteroidPotion"},{"floor":20,"key":"BottledMiracle"},{"floor":21,"key":"SpeedPotion"}],"is_trial":false,"path_per_floor":["M","M","?","T","?","R","$","M","T","M","R","$","M","M","R_BF","B",null,"M","?","M","M","$","E"],"character_chosen":"WATCHER","items_purchased":["Membership Card","Question Card","Blue Doll","Bandage Up","Pray","Lee\u0027s Waffle","Prayer Wheel","Worship","Alpha","Pray","OrangePellets","Happy Flower","Singing Bowl"],"campfire_rested":2,"item_purchase_floors":[0,0,0,0,0,0,7,12,12,22,22,22,22],"current_hp_per_floor":[73,67,48,48,48,71,71,71,71,58,79,79,66,68,79,68,76,64,64,57,32,32,19,19],"gold":10,"neow_bonus":"","is_daily":false,"chose_seed":false,"campfire_upgraded":0,"win_rate":0.0,"timestamp":1607906728,"path_taken":["M","?","?","?","?","R","$","M","T","M","R","$","M","M","R_BF","BOSS","M","?","M","M","$","E"],"items_purchased_type":["Relic","Relic","Relic","Card","Card","Relic","Relic","Card","Card","Card","Relic","Relic","Relic"],"build_version":"2020-11-30","purchased_purges":2,"victory":false,"max_hp_per_floor":[79,79,79,79,79,79,79,79,79,79,79,79,79,79,79,79,79,79,79,79,79,79,79,79],"card_choices":[{"not_picked":["Nirvana","ThirdEye","Replay:BluntJabs"],"picked":"BattleHymn","floor":1.0},{"not_picked":["FlyingSleeves","BattleHymn","Protect"],"picked":"Replay:ManipulateFuture","floor":2.0},{"not_picked":["FollowUp","Indignation","ClearTheMind"],"picked":"SandsOfTime","floor":3.0},{"not_picked":["Replay:ManipulateFuture","JustLucky","Replay:AllIn"],"picked":"Evaluate","floor":8.0},{"not_picked":["Replay:Anticipation","FollowUp","Conclude"],"picked":"Prostrate","floor":8.0},{"not_picked":["Replay:ManipulateFuture","CutThroughFate","EmptyBody"],"picked":"PathToVictory","floor":10.0},{"not_picked":["DeceiveReality","EmptyFist","Replay:AtTheReady","Replay:ManipulateFuture"],"picked":"SKIP","floor":10.0},{"not_picked":["Evaluate","Collect","FlurryOfBlows"],"picked":"Prostrate","floor":13.0},{"not_picked":["EmptyFist","Weave","ClearTheMind","Protect"],"picked":"SKIP","floor":13.0},{"not_picked":["Sanctity","SandsOfTime","Replay:ManipulateFuture"],"picked":"Judgement","floor":14.0},{"not_picked":["WaveOfTheHand","Conclude","Consecrate","FlurryOfBlows"],"picked":"SKIP","floor":14.0},{"not_picked":["Scrawl","Replay:AllIn","Judgement"],"picked":"Replay:LoomingThreat","floor":16},{"not_picked":["WaveOfTheHand","Conclude","Halt"],"picked":"Collect","floor":18},{"not_picked":["Wallop+1","EmptyFist+1","Replay:BluntJabs+1","TalkToTheHand"],"picked":"SKIP","floor":18},{"not_picked":["Consecrate","Nirvana","FlurryOfBlows+1"],"picked":"Perseverance","floor":20},{"not_picked":["Swivel","Meditate+1","FlyingSleeves+1"],"picked":"Prostrate","floor":20},{"not_picked":["BowlingBash","Vengeance","Replay:BluntJabs"],"picked":"Devotion","floor":21},{"not_picked":["SandsOfTime","BowlingBash","Protect+1","Perseverance"],"picked":"SKIP","floor":21}],"player_experience":2001589,"relics_obtained":[{"floor":3.0,"key":"Kunai"},{"floor":4.0,"key":"Gremlin Horn"},{"floor":9.0,"key":"Vajra"}],"event_choices":[{"damage_healed":0.0,"max_hp_gain":0.0,"max_hp_loss":0.0,"gold_gain":0.0,"event_name":"conspire:Investor","player_choice":"Leave","floor":5.0,"gold_loss":0.0,"damage_taken":0.0},{"damage_healed":0,"gold_gain":100,"player_choice":"Pray","damage_taken":0,"max_hp_gain":0,"max_hp_loss":0,"event_name":"Golden Shrine","floor":19,"gold_loss":0}],"is_beta":false,"boss_relics":[{"not_picked":["Cursed Key","conspire:SpecialSausage"],"picked":"conspire:SlowCooker"}],"items_purged_floors":[0,0],"is_endless":false,"potions_floor_spawned":[10,13,14,16,20,21],"killed_by":"Gremlin Leader","ascension_level":9}}