{"host":"i3w38rq1z4slkels","time":1607938765,"event":{"mods":["2.2 Compatiblity","Act Like it!","BaseMod","Better Match","Better Vampires","BetterRewards","Conspire","Downfall","Minty Spire (QoL Compilation)","Rare Cards Sparkle","Replay The Spire","StSLib"],"gold_per_floor":[99,129,129,54,54,71,98,111,36,64,84,184,184,204,221,319,419,269,269,269,280,292,292,292,292,305,305,317,331,350,350,366,467,467,467,452,452,452,464,477,503,515,559,571,611,641,653,682,707,719],"floor_reached":51,"playtime":5146,"items_purged":["champ:Strike"],"score":789,"play_id":"c1e1a59e-8974-493d-b0bd-fbbb3dab46bb","local_time":"20201214163925","is_ascension_mode":false,"campfire_choices":[{"floor":1,"key":"RECALL"},{"data":"champ:FocusedGladiator","floor":9,"key":"SMITH"},{"data":"champ:StrikeOfGenius","floor":18,"key":"SMITH"},{"data":"champ:Encircle","floor":20,"key":"SMITH"},{"data":"champ:Haymaker","floor":23,"key":"SMITH"},{"data":"champ:Shatter","floor":27,"key":"SMITH"},{"data":"champ:VampiricStrike","floor":35,"key":"SMITH"},{"data":"champ:IronFortress","floor":38,"key":"SMITH"},{"data":"champ:FanOfKnives","floor":42,"key":"SMITH"},{"data":"champ:Taunt","floor":44,"key":"SMITH"}],"circlet_count":0,"master_deck":["champ:Strike","champ:Strike","champ:Strike","champ:Defend","champ:Defend","champ:Defend","champ:Execute","champ:Taunt+1","champ:FocusedGladiator+1","champ:FanOfKnives+1","champ:BerserkerStyle","champ:Haymaker+1","champ:Encircle+1","champ:PreciseThrust","champ:StanceDance","champ:Shatter+1","champ:GladiatorStyle","champ:StrikeOfGenius+1","champ:AdrenalArmor+1","champ:CalledShot","champ:IronFortress+1","champ:VampiricStrike+1","champ:CheapShot","champ:Improvising"],"relics":["champ:ChampionCrown","downfall:HeartsMalice","Blue Doll","Darkstone Periapt","downfall:HeartBlessingRed","Blood Vial","CloakClasp","Replay:Wanted Poster","downfall:HeartBlessingGreen","downfall:HeartBlessingBlue","champ:BerserkersGuideToSlaughter","Shuriken","MawBank","ReplayTheSpireMod:Ninjato","ReplayTheSpireMod:Ring of Collecting"],"acts_visited":["TheCity","TheBeyond"],"potions_floor_usage":[10,12,16,22,32,33,39,43,50],"damage_taken":[{"damage":0,"enemies":"Lagavulin","floor":2,"turns":1},{"damage":0,"enemies":"Cultist","floor":3,"turns":1},{"damage":0,"enemies":"downfall:FleeingMerchant","floor":4,"turns":1},{"damage":6,"enemies":"Jaw Worm","floor":6,"turns":3},{"damage":15,"enemies":"Small Slimes","floor":8,"turns":3},{"damage":21,"enemies":"3 Sentries","floor":10,"turns":6},{"damage":4,"enemies":"3 Louse","floor":11,"turns":2},{"damage":32,"enemies":"3 Louse","floor":12,"turns":5},{"damage":3,"enemies":"Blue Slaver","floor":14,"turns":5},{"damage":7,"enemies":"Exordium Thugs","floor":15,"turns":3},{"damage":69,"enemies":"downfall:Silent","floor":16,"turns":10},{"damage":10,"enemies":"Shell Parasite","floor":21,"turns":4},{"damage":60,"enemies":"Spheric Guardian","floor":22,"turns":9},{"damage":35,"enemies":"Shelled Parasite and Fungi","floor":26,"turns":4},{"damage":54,"enemies":"Snecko","floor":28,"turns":4},{"damage":27,"enemies":"3 Cultists","floor":29,"turns":3},{"damage":39,"enemies":"Cultist and Chosen","floor":30,"turns":6},{"damage":30,"enemies":"Chosen and Byrds","floor":32,"turns":4},{"damage":53,"enemies":"downfall:Defect","floor":33,"turns":6},{"damage":18,"enemies":"downfall:FleeingMerchant","floor":36,"turns":4},{"damage":39,"enemies":"3 Darklings","floor":39,"turns":5},{"damage":22,"enemies":"3 Shapes","floor":40,"turns":5},{"damage":115,"enemies":"Nemesis","floor":43,"turns":7},{"damage":36,"enemies":"3 Darklings","floor":46,"turns":4},{"damage":24,"enemies":"Maw","floor":48,"turns":7},{"damage":5,"enemies":"Sphere and 2 Shapes","floor":49,"turns":4},{"damage":70,"enemies":"downfall:Ironclad","floor":50,"turns":8}],"seed_played":"-2086044102559728047","potions_obtained":[{"floor":6,"key":"Elixir"},{"floor":8,"key":"SteroidPotion"},{"floor":10,"key":"AttackPotion"},{"floor":14,"key":"FearPotion"},{"floor":15,"key":"SpeedPotion"},{"floor":21,"key":"Block Potion"},{"floor":28,"key":"hexamod:EctoCoolerPotion"},{"floor":32,"key":"Regen Potion"},{"floor":40,"key":"Swift Potion"},{"floor":45,"key":"Doom Potion"},{"floor":45,"key":"LifebloodPotion"},{"floor":45,"key":"DuplicationPotion"}],"is_trial":false,"path_per_floor":["R","E","M","$","?","M","T","M","R","E","M","?","?","M","M","B",null,"R","?","R","M","M","R","T","?","M","R","M","M","M","?","M","B",null,"R","$","?","R","M","M","T","R","E","R","?","M","?","M","M","B",null],"character_chosen":"THE_CHAMP","items_purchased":[],"campfire_rested":0,"item_purchase_floors":[],"current_hp_per_floor":[90,90,90,90,87,86,86,76,76,69,71,55,55,56,56,9,90,100,100,100,100,86,86,86,86,58,58,43,45,40,40,42,62,105,105,105,105,105,92,100,100,100,93,93,51,80,80,82,95,94],"gold":731,"neow_bonus":"THREE_ENEMY_KILL","is_daily":false,"chose_seed":false,"campfire_upgraded":9,"win_rate":0.0,"timestamp":1607938765,"path_taken":["R","E","M","?","?","M","T","M","R","E","M","?","?","M","M","BOSS","R","?","R","M","M","R","T","?","M","R","M","?","M","?","M","BOSS","R","$","?","R","M","M","T","R","E","R","?","?","?","M","M","BOSS"],"items_purchased_type":[],"build_version":"2020-12-13","purchased_purges":1,"victory":true,"max_hp_per_floor":[90,90,90,90,90,90,90,90,90,90,90,90,90,90,90,90,90,100,100,100,100,105,105,105,105,105,105,105,105,105,105,105,105,105,105,105,105,105,105,105,105,105,105,105,105,105,105,105,105,105],"card_choices":[{"not_picked":["champ:Circumvent","champ:PerfectedStrike"],"picked":"champ:FocusedGladiator","floor":2},{"not_picked":["champ:TornadoPunch","champ:GladiatorsShout"],"picked":"champ:FanOfKnives","floor":3},{"not_picked":["champ:PreciseThrust","champ:BladeFlurry"],"picked":"champ:BerserkerStyle","floor":4},{"not_picked":["champ:ShieldWall","champ:Circumvent"],"picked":"champ:Haymaker","floor":6},{"not_picked":["champ:GladiatorsShout","champ:DeathBlow"],"picked":"champ:Encircle","floor":8},{"not_picked":["champ:DefensiveStyle","champ:ShieldThrow"],"picked":"champ:FightOn","floor":10},{"not_picked":["champ:BladeFlurry","champ:Encircle"],"picked":"champ:PreciseThrust","floor":11},{"not_picked":["champ:FightOn","champ:EnGarde"],"picked":"champ:StanceDance","floor":12},{"not_picked":["champ:BladeFlurry","champ:Backstep"],"picked":"champ:Shatter","floor":14},{"not_picked":["champ:ArenaPreparation","champ:DefensiveShout"],"picked":"champ:GladiatorStyle","floor":15},{"not_picked":["champ:SteelEdge","champ:MurderStrike"],"picked":"champ:StrikeOfGenius","floor":16},{"not_picked":["champ:FanOfKnives+1","champ:PerfectedStrike"],"picked":"champ:AdrenalArmor+1","floor":21},{"not_picked":["champ:HeartStrike","champ:BerserkersShout","champ:CrookedStrike"],"picked":"SKIP","floor":22},{"not_picked":["champ:RapidStrikes","champ:Backstep+1"],"picked":"champ:IronFortress","floor":26},{"not_picked":["champ:PreciseThrust","champ:GladiatorsShout","champ:BladeFlurry+1"],"picked":"SKIP","floor":28},{"not_picked":["champ:BladeFlurry","champ:FightOn","champ:PerfectedStrike"],"picked":"SKIP","floor":29},{"not_picked":["champ:GladiatorsShout","champ:IronFortress","champ:GladiatorStyle"],"picked":"SKIP","floor":30},{"not_picked":["champ:BerserkersShout","champ:Backstep","champ:PreciseThrust"],"picked":"SKIP","floor":32},{"not_picked":["champ:SwordThrow","champ:DancingMaster"],"picked":"champ:VampiricStrike","floor":33},{"not_picked":["champ:PreciseThrust","champ:Circumvent+1","champ:Backstep"],"picked":"SKIP","floor":36},{"not_picked":["champ:AdrenalArmor","champ:Encircle","champ:BladeFlurry+1"],"picked":"SKIP","floor":39},{"not_picked":["champ:CrookedStrike","champ:GladiatorStyle+1","champ:AdrenalArmor"],"picked":"SKIP","floor":40},{"not_picked":["champ:GutPunch+1","champ:FlashCut+1","champ:GladiatorsShout+1"],"picked":"SKIP","floor":43},{"not_picked":["champ:FlashCut","champ:GladiatorsShout+1"],"picked":"champ:CheapShot","floor":45},{"not_picked":["champ:BerserkersShout","champ:SkillfulDodge","champ:Backstep+1"],"picked":"SKIP","floor":46},{"not_picked":["champ:DeathBlow+1","champ:RapidStrikes+1"],"picked":"champ:Improvising","floor":48},{"not_picked":["champ:PerfectedStrike+1","champ:DefensiveShout+1","champ:Encircle"],"picked":"SKIP","floor":49}],"player_experience":404832,"relics_obtained":[{"floor":2,"key":"Blue Doll"},{"floor":10,"key":"Blood Vial"},{"floor":12,"key":"CloakClasp"},{"floor":24,"key":"Shuriken"},{"floor":41,"key":"MawBank"},{"floor":43,"key":"ReplayTheSpireMod:Ninjato"},{"floor":47,"key":"ReplayTheSpireMod:Ring of Collecting"}],"event_choices":[{"damage_healed":0,"gold_gain":0,"player_choice":"Success","damage_taken":3,"relics_obtained":["Darkstone Periapt"],"max_hp_gain":0,"max_hp_loss":0,"event_name":"Scrap Ooze","floor":5,"gold_loss":0},{"damage_healed":0,"gold_gain":0,"cards_transformed":["champ:Defend"],"player_choice":"Transformed","damage_taken":0,"max_hp_gain":0,"max_hp_loss":0,"event_name":"Transmorgrifier","floor":25,"gold_loss":0,"cards_obtained":["champ:CalledShot"]},{"damage_healed":0,"gold_gain":0,"player_choice":"Leave","damage_taken":0,"max_hp_gain":0,"max_hp_loss":0,"event_name":"conspire:Investor","floor":37,"gold_loss":0}],"is_beta":false,"boss_relics":[{"not_picked":["Sozu","Honey Jar"],"picked":"Replay:Wanted Poster"},{"not_picked":["Painkiller Herb","Replay:Ancient Bell","ChewingGum"]}],"items_purged_floors":[4],"is_endless":false,"potions_floor_spawned":[6,8,10,14,15,21,28,32,40,46,48],"ascension_level":0}}