{"host":"x2bb8tnu3h3a650h","time":1607981252,"event":{"mods":["AchievementEnabler","Aspiration","BaseMod","BetterRewards","Colored Map","Conspire","Defuse TimeMaze Blight","Downfall","Energized Spire","Halation","Hubris","Infinite Spire","Mimic Mod","Minty Spire (QoL Compilation)","Rare Cards Sparkle","Replay The Spire","Shop Mod","Spicy Shops","StSLib","The Jungle","The Servant 0.9.4","Wandering Minibosses","vexMod"],"gold_per_floor":[99,99,99,99,24,24,24,24,24,24,44,54,65,76,95,198,198,198,198,198,215,241,241,241,166,197,197,197,208,227,112,131,131,131],"floor_reached":33,"playtime":2617,"items_purged":["hexamod:Strike","J.A.X."],"score":273,"play_id":"240b5a86-0882-48f0-864e-59ac2de5eea4","local_time":"20201214212732","is_ascension_mode":false,"campfire_choices":[{"data":"hexamod:Float","floor":1,"key":"SMITH"},{"data":"hexamod:TurnItUp","floor":6,"key":"SMITH"},{"data":"hexamod:Sear","floor":8,"key":"SMITH"},{"data":"hexamod:ThermalTransfer","floor":10,"key":"SMITH"},{"floor":18,"key":"RECALL"},{"floor":23,"key":"REST"},{"floor":25,"key":"REST"},{"floor":27,"key":"REST"}],"circlet_count":0,"master_deck":["hexamod:Strike","hexamod:Strike","hexamod:Strike","hexamod:Defend","hexamod:Defend","hexamod:Defend","hexamod:Defend+1","hexamod:Sear+1","hexamod:Float+1","hexamod:InspiringFlames","hexamod:TurnItUp+1","hexamod:ThermalTransfer+1","hexamod:SpectersWail","hexamod:GhostOfSpirePresent","hexamod:FastForward","hexamod:TimeOfNeed+1","hexamod:HauntingEcho","hexamod:FifthSeal","hexamod:FirstSeal","hexamod:GhostOfSpireFuture","hexamod:ThirdSeal","hexamod:GhostflameInferno+1","hexamod:SixthSeal","hexamod:CatchUp+1","hexamod:FourthSeal","hexamod:SecondSeal","hexamod:FastForward"],"relics":["hexamod:SpiritBrand","downfall:HeartsMalice","ReplayTheSpireMod:Shallot","conspire:DecoderRing","hubris:SphereOfDissonance","downfall:HeartBlessingRed","hubris:MysteriousPyramids","vexMod:RetaliationKit"],"acts_visited":["Exordium","TheCity"],"potions_floor_usage":[16,16,26,31,33,33,33],"damage_taken":[{"damage":0,"enemies":"Jaw Worm","floor":4,"turns":1},{"damage":0,"enemies":"downfall:FleeingMerchant","floor":5,"turns":1},{"damage":0,"enemies":"downfall:FleeingMerchant","floor":9,"turns":1},{"damage":0,"enemies":"Small Slimes","floor":11,"turns":4},{"damage":0,"enemies":"Cultist","floor":12,"turns":3},{"damage":7,"enemies":"Gremlin Gang","floor":13,"turns":6},{"damage":0,"enemies":"Blue Slaver","floor":14,"turns":3},{"damage":1,"enemies":"2 Fungi Beasts","floor":15,"turns":3},{"damage":5,"enemies":"downfall:Ironclad","floor":16,"turns":6},{"damage":33,"enemies":"Chosen","floor":21,"turns":7},{"damage":29,"enemies":"conspire:SneckoGhost","floor":22,"turns":9},{"damage":33,"enemies":"conspire:Head Lice","floor":26,"turns":7},{"damage":20,"enemies":"Shell Parasite","floor":29,"turns":5},{"damage":12,"enemies":"Snecko","floor":30,"turns":7},{"damage":2,"enemies":"downfall:FleeingMerchant","floor":31,"turns":4},{"damage":7,"enemies":"Centurion and Healer","floor":32,"turns":6},{"damage":40,"enemies":"downfall:Silent","floor":33,"turns":7}],"seed_played":"-7884754995908816034","potions_obtained":[{"floor":12,"key":"Slimebound:ThreeZeroPotion"},{"floor":13,"key":"EssenceOfSteel"},{"floor":16,"key":"Swift Potion"},{"floor":22,"key":"Death Potion"},{"floor":26,"key":"LiquidBronze"},{"floor":30,"key":"Energy Potion"},{"floor":32,"key":"CultistPotion"},{"floor":32,"key":"Strength Potion"}],"is_trial":false,"path_per_floor":["R","?","?","M","$","R","T","R","$","R","M","M","M","M","M","B",null,"R","?","?","M","E","R","T","R","E","R","T","M","M","$","M","B"],"character_chosen":"THE_SPIRIT","items_purchased":[],"campfire_rested":3,"item_purchase_floors":[],"current_hp_per_floor":[70,70,70,70,70,70,70,70,70,70,70,70,63,63,62,57,70,70,70,70,37,15,36,36,57,31,52,52,32,27,32,32,0,0],"gold":131,"neow_bonus":"THREE_ENEMY_KILL","is_daily":false,"chose_seed":false,"campfire_upgraded":4,"win_rate":0.0,"timestamp":1607981252,"path_taken":["R","?","?","M","$","R","T","R","$","R","M","M","M","M","M","BOSS","R","?","?","M","E","R","T","R","E","R","?","M","M","?","M","BOSS"],"items_purchased_type":[],"build_version":"2020-12-13","purchased_purges":2,"victory":false,"max_hp_per_floor":[70,70,70,70,70,70,70,70,70,70,70,70,70,70,70,70,70,70,70,70,70,70,70,70,70,70,70,70,70,70,70,70,70,70],"card_choices":[{"not_picked":["hexamod:Hexaguard","hexamod:PhantomCloak"],"picked":"hexamod:InspiringFlames","floor":4},{"not_picked":["hexamod:Haunt","hexamod:Firestarter"],"picked":"hexamod:TurnItUp","floor":5},{"not_picked":["hexamod:SpectralAdrenaline","hexamod:InspiringFlames"],"picked":"hexamod:ThermalTransfer","floor":9},{"not_picked":["hexamod:DynamicBlow","hexamod:EtherealExpedition"],"picked":"hexamod:SpectersWail","floor":11},{"not_picked":["hexamod:PhantomCloak","hexamod:Hexaguard"],"picked":"hexamod:GhostOfSpirePresent","floor":12},{"not_picked":["hexamod:SpectersWail","hexamod:GhostLash"],"picked":"hexamod:FastForward","floor":13},{"not_picked":["hexamod:GhostOfSpirePresent","hexamod:Incineration"],"picked":"hexamod:TimeOfNeed","floor":14},{"not_picked":["hexamod:InspiringFlames","hexamod:NightmareGuise"],"picked":"hexamod:HauntingEcho","floor":15},{"not_picked":["hexamod:WildfireWeapon","hexamod:SixthSeal"],"picked":"hexamod:FifthSeal","floor":16},{"not_picked":["hexamod:SecondSeal","hexamod:ThirdSeal"],"picked":"hexamod:FirstSeal","floor":21},{"not_picked":["hexamod:CatchUp+1","hexamod:EmpoweredFlame"],"picked":"hexamod:GhostOfSpireFuture","floor":21},{"not_picked":["hexamod:FifthSeal","hexamod:FirstSeal"],"picked":"hexamod:ThirdSeal","floor":22},{"not_picked":["hexamod:ThermalTransfer","hexamod:PhantomFireball"],"picked":"hexamod:GhostflameInferno","floor":22},{"not_picked":["hexamod:FourthSeal","hexamod:FifthSeal"],"picked":"hexamod:SixthSeal","floor":26},{"not_picked":["hexamod:BacktrackSmack","hexamod:RadiantFlame","hexamod:GhostLash"],"picked":"SKIP","floor":26},{"not_picked":["hexamod:ShieldOfDarkness+1","hexamod:RainOfEmbers"],"picked":"hexamod:CatchUp+1","floor":29},{"not_picked":["hexamod:ShieldOfDarkness","hexamod:HeatShield","hexamod:Incineration"],"picked":"SKIP","floor":29},{"not_picked":["hexamod:FirstSeal","hexamod:SixthSeal"],"picked":"hexamod:FourthSeal","floor":30},{"not_picked":["hexamod:GhostOfSpireFuture","hexamod:GhostOfSpirePast","hexamod:Hexaguard"],"picked":"SKIP","floor":30},{"not_picked":["hexamod:FourthSeal","hexamod:SixthSeal"],"picked":"hexamod:SecondSeal","floor":31},{"not_picked":["hexamod:NightmareStrike","hexamod:DynamicBlow"],"picked":"hexamod:FastForward","floor":31},{"not_picked":["hexamod:ShieldOfDarkness","hexamod:FirstSeal","hexamod:DynamicBlow"],"picked":"SKIP","floor":32}],"player_experience":586997,"relics_obtained":[{"floor":7,"key":"ReplayTheSpireMod:Shallot"},{"floor":22,"key":"conspire:DecoderRing"},{"floor":24,"key":"hubris:SphereOfDissonance"},{"floor":26,"key":"hubris:MysteriousPyramids"},{"floor":28,"key":"vexMod:RetaliationKit"}],"event_choices":[{"damage_healed":0,"gold_gain":0,"player_choice":"Leave","damage_taken":0,"max_hp_gain":0,"max_hp_loss":0,"event_name":"conspire:Investor","floor":2,"gold_loss":0},{"damage_healed":0,"gold_gain":0,"player_choice":"Obtain J.A.X.","damage_taken":0,"max_hp_gain":0,"max_hp_loss":0,"event_name":"Drug Dealer","floor":19,"gold_loss":0,"cards_obtained":["J.A.X."]},{"damage_healed":0,"gold_gain":0,"player_choice":"Ignored","damage_taken":0,"max_hp_gain":0,"max_hp_loss":0,"event_name":"Vampires","floor":20,"gold_loss":0}],"is_beta":false,"boss_relics":[{"not_picked":["energizedSpire:SpiderWeb","Replay:Ancient Bell","Velvet Choker"]}],"items_purged_floors":[5,31],"is_endless":false,"potions_floor_spawned":[12,13,16,22,26,30,32],"killed_by":"downfall:Silent","ascension_level":0}}