{"host":"etmsduvleanb5j7c","time":1607969167,"event":{"mods":["2.2 Compatiblity","BaseMod","Downfall","Minty Spire (QoL Compilation)","StSLib"],"gold_per_floor":[199,213,223,235,248,279,279,279,308,308,308,327,342,442,456,456,456],"floor_reached":16,"playtime":715,"items_purged":[],"score":114,"play_id":"37327645-e2f2-4ea4-a163-ccb5bb9ae2db","local_time":"20201214190607","is_ascension_mode":false,"campfire_choices":[{"floor":1,"key":"RECALL"},{"floor":8,"key":"REST"},{"data":"Guardian:RollAttack","floor":10,"key":"SMITH"}],"circlet_count":0,"master_deck":["Guardian:Strike_Guardian","Guardian:Strike_Guardian","Guardian:Strike_Guardian","Guardian:Strike_Guardian","Guardian:Defend_Guardian","Guardian:Defend_Guardian","Guardian:Defend_Guardian","Guardian:Defend_Guardian","Guardian:CurlUp","Guardian:TwinSlam","Guardian:PiercingHide","Guardian:ChargeCore","Guardian:EvasiveProtocol","Guardian:PiercingHide+1","Guardian:RollAttack+1","Guardian:Gem_Synthetic","Guardian:Reroute","Guardian:RefractedBeam"],"relics":["Guardian:ModeShifter","Toxic Egg 2","The Courier","Matryoshka"],"acts_visited":["Exordium"],"potions_floor_usage":[],"damage_taken":[{"damage":6,"enemies":"Jaw Worm","floor":2,"turns":6},{"damage":0,"enemies":"Cultist","floor":3,"turns":4},{"damage":0,"enemies":"2 Louse","floor":4,"turns":2},{"damage":0,"enemies":"Blue Slaver","floor":5,"turns":4},{"damage":32,"enemies":"Gremlin Nob","floor":6,"turns":5},{"damage":30,"enemies":"Lagavulin","floor":9,"turns":12},{"damage":0,"enemies":"Red Slaver","floor":12,"turns":5},{"damage":11,"enemies":"Large Slime","floor":13,"turns":6},{"damage":9,"enemies":"Lots of Slimes","floor":15,"turns":4},{"damage":21,"enemies":"downfall:Defect","floor":16,"turns":5}],"seed_played":"779987409786045456","potions_obtained":[{"floor":3,"key":"LiquidBronze"},{"floor":6,"key":"FearPotion"},{"floor":12,"key":"DuplicationPotion"}],"is_trial":false,"path_per_floor":["R","M","M","M","M","E","T","R","E","R","?","M","M","?","M","B"],"character_chosen":"GUARDIAN","items_purchased":[],"campfire_rested":1,"item_purchase_floors":[],"current_hp_per_floor":[80,74,74,74,74,42,42,66,36,36,36,36,25,25,16,0,0],"gold":456,"neow_bonus":"HUNDRED_GOLD","is_daily":false,"chose_seed":false,"campfire_upgraded":1,"win_rate":0.0,"timestamp":1607969167,"path_taken":["R","M","M","M","M","E","T","R","E","R","?","M","M","?","M","BOSS"],"items_purchased_type":[],"build_version":"2020-12-13","purchased_purges":0,"victory":false,"max_hp_per_floor":[80,80,80,80,80,80,80,80,80,80,80,80,80,80,80,80,80],"card_choices":[{"not_picked":["Guardian:Gem_Green","Guardian:WalkerClaw"],"picked":"Guardian:PiercingHide","floor":2},{"not_picked":["Guardian:TemporalStrike","Guardian:Gem_Green"],"picked":"Guardian:Gem_Blue","floor":3},{"not_picked":["Guardian:Gem_Green","Guardian:Preprogram"],"picked":"Guardian:ChargeCore","floor":4},{"not_picked":["Guardian:VentSteam","Guardian:Gem_Green"],"picked":"Guardian:EvasiveProtocol","floor":5},{"not_picked":["Guardian:VentSteam+1","Guardian:Gem_Red"],"picked":"Guardian:PiercingHide+1","floor":6},{"not_picked":["Guardian:ShieldSpikes+1","Guardian:PiercingHide+1"],"picked":"Guardian:RollAttack","floor":9},{"not_picked":["Guardian:Reroute","Guardian:Orbwalk"],"picked":"Guardian:Gem_Synthetic","floor":12},{"not_picked":["Guardian:Suspension+1","Guardian:SentryBeam"],"picked":"Guardian:Reroute","floor":13},{"not_picked":["Guardian:Reroute","Guardian:Suspension+1"],"picked":"Guardian:RefractedBeam","floor":15}],"player_experience":113934,"relics_obtained":[{"floor":6,"key":"Toxic Egg 2"},{"floor":7,"key":"The Courier"},{"floor":9,"key":"Matryoshka"}],"event_choices":[{"damage_healed":0,"gold_gain":0,"player_choice":"Fled","damage_taken":0,"max_hp_gain":0,"max_hp_loss":0,"event_name":"Scrap Ooze","floor":11,"gold_loss":0}],"is_beta":false,"boss_relics":[],"items_purged_floors":[],"is_endless":false,"potions_floor_spawned":[3,6,12,13,15],"killed_by":"downfall:Defect","ascension_level":0}}