{"host":"hlg6scarqnxczons","time":1607988025,"event":{"mods":["BaseMod","Conspire","Custom Start","Downfall","Emptier Cage","Friendly Minions","Gold Saver","Infinite Spire","Marisa????????","Minty Spire (QoL Compilation)","Quick Restart","Replay The Spire","StSLib","The Bug Knight","UnlockEverythingMod"],"gold_per_floor":[115,125,125,139,151,151,151,181,181,211,222,222,222,65,65,165,265,280,298,448,481,481,481,481,509,555,581,581,581,600,630,630,630,630],"floor_reached":33,"playtime":1730,"items_purged":["HollowMod:NailStrikeStart"],"score":321,"play_id":"2d8e570f-4a1e-4968-9f0a-146d1151654b","local_time":"20201214232025","daily_mods":["Heirloom","Flight","DeadlyEvents","Elite Swarm"],"is_ascension_mode":true,"campfire_choices":[{"data":"HollowMod:BrokenVessel","floor":6,"key":"SMITH"},{"data":"HollowMod:QuickDashStart","floor":6,"key":"SMITH"},{"data":"HollowMod:QuickDashStart","floor":7,"key":"SMITH"},{"data":"HollowMod:QuickDashStart","floor":7,"key":"SMITH"},{"floor":12,"key":"REST"},{"floor":13,"key":"REST"},{"data":"HollowMod:MothsMistake","floor":15,"key":"SMITH"},{"data":"HollowMod:PogoStrike","floor":15,"key":"SMITH"},{"floor":23,"key":"REST"},{"floor":24,"key":"REST"},{"floor":28,"key":"REST"},{"data":"HollowMod:MothsMistake","floor":29,"key":"SMITH"},{"data":"HollowMod:QuickDashStart","floor":29,"key":"SMITH"},{"data":"HollowMod:FocusHealStart","floor":32,"key":"SMITH"},{"data":"HollowMod:NailStrikeStart","floor":32,"key":"SMITH"}],"circlet_count":0,"master_deck":["HollowMod:NailStrikeStart","HollowMod:NailStrikeStart","HollowMod:NailStrikeStart+1","HollowMod:QuickDashStart+1","HollowMod:QuickDashStart+1","HollowMod:QuickDashStart+1","HollowMod:QuickDashStart+1","HollowMod:FocusHealStart+1","HollowMod:PogoStrike+1","HollowMod:InfectedAttack+1","HollowMod:BrokenVessel+1","HollowMod:MothsMistake+1","HollowMod:Hiveblood+1","HollowMod:MothsMistake+1","HollowMod:InfectedAttack+1","ReplayTheSpireMod:Restless Dread","HollowMod:DoubleDash+1"],"relics":["HollowMod:VesselMask","Replay:Arrowhead","Turnip","Replay:Bottled Flurry","Replay:Wanted Poster","ReplayTheSpireMod:CursedCoin","HollowMod:GreatKnightMask","Eternal Feather","Bag of Preparation","conspire:DeflatedDodgeball","Red Mask"],"acts_visited":["Exordium","TheCity"],"potions_floor_usage":[27,33,33],"damage_taken":[{"damage":8,"enemies":"Jaw Worm","floor":1,"turns":4},{"damage":6,"enemies":"Small Slimes","floor":2,"turns":3},{"damage":9,"enemies":"2 Louse","floor":4,"turns":3},{"damage":16,"enemies":"2 Fungi Beasts","floor":5,"turns":3},{"damage":35,"enemies":"Gremlin Nob","floor":8,"turns":4},{"damage":5,"enemies":"Exordium Thugs","floor":11,"turns":4},{"damage":44,"enemies":"HollowMod:FalseKnight","floor":16,"turns":8},{"damage":19,"enemies":"Chosen","floor":18,"turns":6},{"damage":66,"enemies":"3 Byrds","floor":19,"turns":5},{"damage":10,"enemies":"HollowMod:Zote","floor":21,"turns":2},{"damage":57,"enemies":"Nightmare","floor":25,"turns":5},{"damage":59,"enemies":"Slavers","floor":27,"turns":5},{"damage":29,"enemies":"Snecko","floor":30,"turns":4},{"damage":37,"enemies":"Masked Bandits","floor":31,"turns":4},{"damage":109,"enemies":"Champ","floor":33,"turns":8}],"seed_played":"-3721591154827796493","potions_obtained":[{"floor":8,"key":"FairyPotion"},{"floor":11,"key":"Elixir"},{"floor":19,"key":"Languid Potion"},{"floor":31,"key":"BlessingOfTheForge"}],"is_trial":true,"path_per_floor":["M","M","?","M","M","R","R","E","T","?","M","R","R","$","R","B",null,"M","M","$","?","?","R","R","NM","T","E","R","R","M","?","R","B"],"character_chosen":"THE_BUGKNIGHT","items_purchased":["HollowMod:MothsMistake","ReplayTheSpireMod:CursedCoin"],"campfire_rested":5,"item_purchase_floors":[14,20],"current_hp_per_floor":[73,67,67,58,42,42,42,7,7,7,2,24,46,46,46,8,75,62,17,17,7,7,29,51,25,25,26,57,66,59,44,53,0,0],"gold":630,"neow_bonus":"","is_daily":false,"chose_seed":false,"campfire_upgraded":10,"win_rate":0.0,"timestamp":1607988025,"path_taken":["M","M","?","M","M","R","R","E","T","?","M","R","R","$","R","BOSS","M","M","$","?","?","R","R","NM","T","?","R","R","M","?","R","BOSS"],"items_purchased_type":["Card","Relic"],"build_version":"2020-12-13","purchased_purges":1,"victory":false,"max_hp_per_floor":[75,75,75,75,75,75,75,75,75,75,75,75,75,75,75,75,75,75,75,75,75,75,75,75,75,75,75,75,75,75,75,75,75,75],"card_choices":[{"not_picked":["HollowMod:CornifersMapStart","HollowMod:ShadowDash"],"picked":"HollowMod:InfectedAttack","floor":1},{"not_picked":["HollowMod:DescendingDark","HollowMod:LifebloodCocoon","HollowMod:HuntersJournal"],"picked":"SKIP","floor":2},{"not_picked":["HollowMod:DashSlash","HollowMod:DreamGate","HollowMod:LifebloodCocoon"],"picked":"SKIP","floor":4},{"not_picked":["HollowMod:HowlingWraiths","HollowMod:VengefulSpirit"],"picked":"HollowMod:BrokenVessel","floor":5},{"not_picked":["HollowMod:theNailsmith","HollowMod:ZotesMagnificence","HollowMod:PureVessel"],"picked":"SKIP","floor":8},{"not_picked":["HollowMod:SoulSplash","HollowMod:DungDefenderAura","HollowMod:DreamGate"],"picked":"SKIP","floor":11},{"not_picked":["HollowMod:ZotesMagnificence","HollowMod:PureVessel"],"picked":"HollowMod:Hiveblood","floor":16},{"not_picked":["HollowMod:QuirrelsAssistance","HollowMod:DoubleDash"],"picked":"HollowMod:MothsMistake","floor":18},{"not_picked":["HollowMod:HowlingWraiths","HollowMod:SoulStrike"],"picked":"HollowMod:InfectedAttack+1","floor":19},{"not_picked":["HollowMod:LifebloodCore","HollowMod:SoulMaster","HollowMod:ZotesMagnificence"],"picked":"SKIP","floor":25},{"not_picked":["HollowMod:MidwifesHunger","HollowMod:VoidDash","HollowMod:ElderbugsWisdom"],"picked":"SKIP","floor":27},{"not_picked":["HollowMod:SiblingsSouls+1","HollowMod:AbyssShriek","HollowMod:CloakDash+1"],"picked":"SKIP","floor":30},{"not_picked":["HollowMod:GreatSlash+1","HollowMod:CycloneSlash"],"picked":"HollowMod:DoubleDash+1","floor":31}],"player_experience":127467,"relics_obtained":[{"floor":8,"key":"Turnip"},{"floor":9,"key":"Replay:Bottled Flurry"},{"floor":21,"key":"HollowMod:GreatKnightMask"},{"floor":25,"key":"Eternal Feather"},{"floor":26,"key":"Bag of Preparation"},{"floor":27,"key":"conspire:DeflatedDodgeball"},{"floor":31,"key":"Red Mask"}],"event_choices":[{"damage_healed":0,"gold_gain":30,"player_choice":"Searched \u00271\u0027 times","damage_taken":0,"max_hp_gain":0,"max_hp_loss":0,"event_name":"Dead Adventurer","floor":10,"gold_loss":0},{"damage_healed":0,"gold_gain":0,"player_choice":"Forge","damage_taken":0,"max_hp_gain":0,"max_hp_loss":0,"event_name":"Accursed Blacksmith","floor":22,"gold_loss":0,"cards_upgraded":["HollowMod:Hiveblood"]},{"damage_healed":0,"gold_gain":0,"player_choice":"Fought Bandits","damage_taken":0,"max_hp_gain":0,"max_hp_loss":0,"event_name":"Masked Bandits","floor":31,"gold_loss":0}],"is_beta":false,"boss_relics":[{"not_picked":["Busted Crown","ReplayTheSpireMod:DimensionalGlitch"],"picked":"Replay:Wanted Poster"}],"items_purged_floors":[14],"is_endless":true,"potions_floor_spawned":[8,11,19,25,31],"killed_by":"Champ","ascension_level":1}}