{"host":"m6aaltr68g9tvoay","time":1607987407,"event":{"mods":["AchievementEnabler","BaseMod","Colored Map","Minty Spire (QoL Compilation)","StSLib"],"gold_per_floor":[109,28,28,28,45,45,76,96,121,121,121,132,165,183,183,258,258,273,290,90,90,90,90,117,143,143,158,56,56,70,84,84,84,84],"floor_reached":33,"playtime":1022,"items_purged":["Defend_G"],"score":585,"play_id":"8d0524a4-f66b-4bd2-83c9-677c82c8d5ab","local_time":"20201214151007","is_ascension_mode":true,"campfire_choices":[{"data":"Noxious Fumes","floor":6.0,"key":"SMITH"},{"floor":10.0,"key":"REST"},{"floor":15.0,"key":"REST"},{"floor":23.0,"key":"REST"},{"floor":29,"key":"REST"},{"floor":32,"key":"REST"}],"circlet_count":0,"master_deck":["AscendersBane","Strike_G+1","Strike_G+1","Strike_G+1","Strike_G+1","Defend_G+1","Defend_G+1","Defend_G+1","Defend_G+1","Survivor","Neutralize","Sucker Punch","Noxious Fumes+1","Endless Agony","Flying Knee","Bouncing Flask","Die Die Die","Underhanded Strike","Blade Dance","Adrenaline","Setup","Dagger Spray","Dash","Writhe","Choke+1","PiercingWail","Bandage Up","PiercingWail+1","Accuracy"],"relics":["Ring of the Snake","NeowsBlessing","Happy Flower","Orichalcum","StrikeDummy","Black Star","Kunai","Boot","Molten Egg 2","Strawberry","Darkstone Periapt"],"acts_visited":["Exordium","TheCity"],"potions_floor_usage":[33],"damage_taken":[{"damage":0.0,"enemies":"Jaw Worm","floor":1.0,"turns":1.0},{"damage":0.0,"enemies":"2 Louse","floor":5.0,"turns":1.0},{"damage":0.0,"enemies":"Lagavulin","floor":7.0,"turns":1.0},{"damage":1.0,"enemies":"Cultist","floor":8.0,"turns":3.0},{"damage":2.0,"enemies":"Blue Slaver","floor":12.0,"turns":4.0},{"damage":11.0,"enemies":"3 Sentries","floor":13.0,"turns":4.0},{"damage":6.0,"enemies":"2 Fungi Beasts","floor":14.0,"turns":3.0},{"damage":38.0,"enemies":"The Guardian","floor":16.0,"turns":9.0},{"damage":24.0,"enemies":"Shell Parasite","floor":18.0,"turns":5.0},{"damage":24.0,"enemies":"3 Byrds","floor":19.0,"turns":4.0},{"damage":27.0,"enemies":"Slavers","floor":24.0,"turns":6.0},{"damage":22,"enemies":"Shelled Parasite and Fungi","floor":27,"turns":5},{"damage":8,"enemies":"Snecko","floor":30,"turns":4},{"damage":0,"enemies":"Centurion and Healer","floor":31,"turns":5},{"damage":62,"enemies":"Collector","floor":33,"turns":5}],"seed_played":"3417805722005384686","potions_obtained":[{"floor":7.0,"key":"CunningPotion"},{"floor":8.0,"key":"BlessingOfTheForge"},{"floor":12.0,"key":"DuplicationPotion"},{"floor":18.0,"key":"DistilledChaos"},{"floor":19.0,"key":"GamblersBrew"},{"floor":31,"key":"FearPotion"}],"is_trial":false,"path_per_floor":["M","$","?","?","M","R","E","M","T","R","?","M","E","M","R","B",null,"M","M","$","?","?","R","E","T","T","M","$","R","M","M","R","B"],"character_chosen":"THE_SILENT","items_purchased":["Noxious Fumes","Regen Potion","Dash","Bandage Up"],"campfire_rested":5,"item_purchase_floors":[2,20,20,28],"current_hp_per_floor":[59,59,59,59,59,59,59,58,58,66,66,64,53,47,66,28,57,33,9,9,9,9,28,16,23,23,1,1,22,14,18,39,0,0],"gold":84,"neow_bonus":"THREE_ENEMY_KILL","is_daily":false,"chose_seed":false,"campfire_upgraded":1,"win_rate":0.0,"timestamp":1607987407,"path_taken":["M","$","?","?","M","R","E","M","T","R","?","M","E","M","R","BOSS","M","?","$","?","?","R","E","?","T","M","$","R","M","M","R","BOSS"],"items_purchased_type":["Card","Potion","Card","Card"],"build_version":"2020-12-13","purchased_purges":1,"victory":false,"max_hp_per_floor":[66,66,66,66,66,66,66,66,66,66,66,66,66,66,66,66,66,66,66,66,66,66,66,66,73,73,73,73,73,73,73,73,73,73],"card_choices":[{"not_picked":["Eviscerate","Outmaneuver"],"picked":"Sucker Punch","floor":1.0},{"not_picked":["Leg Sweep","Outmaneuver"],"picked":"Flying Knee","floor":5.0},{"not_picked":["Outmaneuver","Deflect"],"picked":"Bouncing Flask","floor":7.0},{"not_picked":["Concentrate","Dodge and Roll"],"picked":"Choke","floor":8.0},{"not_picked":["Heel Hook","Endless Agony"],"picked":"Die Die Die","floor":12.0},{"not_picked":["Dodge and Roll","Deflect"],"picked":"Underhanded Strike","floor":13.0},{"not_picked":["Sucker Punch","Predator"],"picked":"Blade Dance","floor":14.0},{"not_picked":["Venomology","Glass Knife"],"picked":"Adrenaline","floor":16.0},{"not_picked":["Eviscerate","Blade Dance"],"picked":"Setup","floor":18.0},{"not_picked":["Sucker Punch","Underhanded Strike"],"picked":"Dagger Spray","floor":19.0},{"not_picked":["Slice+1","Poisoned Stab+1"],"picked":"Choke+1","floor":24.0},{"not_picked":["Skewer+1","Sucker Punch+1"],"picked":"PiercingWail","floor":27},{"not_picked":["Crippling Poison","Flying Knee+1"],"picked":"PiercingWail+1","floor":30},{"not_picked":["Unload+1","Deadly Poison"],"picked":"Accuracy","floor":31}],"player_experience":1234158,"relics_obtained":[{"floor":7.0,"key":"Happy Flower"},{"floor":9.0,"key":"Orichalcum"},{"floor":13.0,"key":"StrikeDummy"},{"floor":24.0,"key":"Boot"},{"floor":24.0,"key":"Molten Egg 2"},{"floor":25.0,"key":"Strawberry"},{"floor":26.0,"key":"Darkstone Periapt"}],"event_choices":[{"damage_healed":0.0,"max_hp_gain":0.0,"max_hp_loss":0.0,"gold_gain":0.0,"cards_transformed":["Strike_G"],"event_name":"Living Wall","player_choice":"Change","floor":3.0,"gold_loss":0.0,"damage_taken":0.0,"cards_obtained":["Endless Agony"]},{"damage_healed":0.0,"max_hp_gain":0.0,"max_hp_loss":0.0,"gold_gain":0.0,"event_name":"Liars Game","player_choice":"Ignored","floor":4.0,"gold_loss":0.0,"damage_taken":0.0},{"cards_removed":["Choke"],"damage_healed":0.0,"max_hp_gain":0.0,"max_hp_loss":0.0,"gold_gain":0.0,"event_name":"Bonfire Elementals","player_choice":"Offered Uncommon","floor":11.0,"gold_loss":0.0,"damage_taken":0.0},{"damage_healed":0.0,"max_hp_gain":0.0,"max_hp_loss":0.0,"gold_gain":0.0,"event_name":"The Mausoleum","player_choice":"Opened","floor":21.0,"gold_loss":0.0,"damage_taken":0.0,"relics_obtained":["Kunai"],"cards_obtained":["Writhe"]},{"damage_healed":0.0,"max_hp_gain":0.0,"max_hp_loss":0.0,"gold_gain":0.0,"event_name":"Back to Basics","player_choice":"Simplicity","floor":22.0,"gold_loss":0.0,"damage_taken":0.0,"cards_upgraded":["Strike_G","Strike_G","Strike_G","Strike_G","Defend_G","Defend_G","Defend_G","Defend_G"]}],"is_beta":false,"boss_relics":[{"not_picked":["Empty Cage","Coffee Dripper"],"picked":"Black Star"}],"items_purged_floors":[20],"is_endless":false,"potions_floor_spawned":[7,8,12,18,19,31],"killed_by":"Collector","ascension_level":19}}