{"host":"hcg2wesxzfo46upw","time":1607986191,"event":{"mods":["2.2 Compatiblity","AchievementEnabler","Act Like it!","Aspiration","BaseMod","Beaked The Cultist","Clockwork Mod","Conspire","Downfall","Elementarium","Gensokyo","GifTheSpireLib","Glutton Mod","Hubris","Infinite Spire","Jedi Mod","Mad Scientist","Minty Spire (QoL Compilation)","Pale of the Ancients","Prisma Mod","Replay The Spire","Spikes Relics","StSLib","Stuff the Spire","The Blackbeard","The Bug Knight","The Construct","The Cursed","The Death Knight","The Disciple","The Jungle","Wandering Minibosses"],"gold_per_floor":[99,109,126,24,24,24,24,55,80,113,132,165,181,191,191,291,291,303,303,628,578,623,623,658,673,673,94,119,162,162,162,162,273,273,299,331,331,331,364,415,415,468,518,518,574,574,634,678,678,678,718,762,762,407,407,448,448,448,448,448],"floor_reached":61,"playtime":4108,"items_purged":["TheCursedMod:CursedBlade+1"],"score":1720,"play_id":"44dbc036-21a5-4c5c-878d-a2d5bc529d22","local_time":"20201214234951","daily_mods":["Vintage","Heirloom","Cursed Run","Elite Swarm"],"is_ascension_mode":false,"campfire_choices":[{"data":"BlessedFruit","floor":6.0,"key":"SMITH"},{"data":"TheCursedMod:DemonicPact","floor":23.0,"key":"SMITH"},{"data":"TheCursedMod:StunningStrike+1","floor":32.0,"key":"SMITH"},{"data":"DeathKnight:BoneStorm+1","floor":41.0,"key":"SMITH"},{"data":"DeathKnight:BoneStorm+2","floor":44.0,"key":"SMITH"},{"data":"DeathKnight:BoneStorm+3","floor":46.0,"key":"SMITH"},{"data":"expansioncontent:Corrupt","floor":49.0,"key":"SMITH"},{"data":"TheCursedMod:AbyssShockwave+1","floor":55,"key":"SMITH"},{"data":"TheCursedMod:DemonSword+1","floor":57,"key":"SMITH"}],"circlet_count":0,"master_deck":["TheCursedMod:Strike_TheCursed","TheCursedMod:Strike_TheCursed","TheCursedMod:Strike_TheCursed","TheCursedMod:Strike_TheCursed","TheCursedMod:Defend_TheCursed","TheCursedMod:Defend_TheCursed","TheCursedMod:Defend_TheCursed","TheCursedMod:Defend_TheCursed","TheCursedMod:CleanUpWorkshop","TheCursedMod:Dregs","BlessedFruit","BlessedFruit+1","Guardian:Aged","TheCursedMod:AbyssShockwave","TheCursedMod:HellfireBreathing","TheCursedMod:DemonicPact+1","SwitchThreat","TheCursedMod:ManaCirculation+1","jedi:frostbite","TheCursedMod:StunningStrike+1","TheCursedMod:TacticalStrike+1","TheCursedMod:VoidForm","hubris:Greed","SwitchConfidence","TheCursedMod:CursedAmulet","TheCursedMod:ManaBullet+1","TheCursedMod:AbyssShockwave+2","expansioncontent:Corrupt+1","hubris:Greed","TheCursedMod:StunningStrike+2","hubris:Greed","Gensokyo:ImpossibleRequest","TheCursedMod:VoidForm","hubris:Greed","Gensokyo:ImpossibleRequest","DeathKnight:BoneStorm+4","hubris:Greed","TheCursedMod:UltimatePain","TheCursedMod:Dregs","TheCursedMod:CircleOfWindfury","TheCursedMod:StunningStrike+1","DeathKnight:ArmyOfTheDead","Intolerance","TheCursedMod:DemonSword+2","Pot Of Greed","Pot Of Greed","Pot Of Greed","Pot Of Greed","sneckomod:Bewildered","hubris:Greed","hubris:Greed","Pot Of Greed","Injury"],"relics":["Cursed Key","Darkstone Periapt","Du-Vu Doll","Ring of Chaos","replay:Trail_Library","HeavenlyBonsai","hubris:DisguiseKit","Happy Flower","Gensokyo:Mercy","Pear","Molten Egg 2","Orichalcum","hubris:ToyBattleship","conspire:DecoderRing","Pet Ghost","jedi:bottledfury","aspiration:Lifesprig","aspiration:PoetsPen","The Courier","Replay:Cursed D8","DeathKnight:SindragosasSkull","PreservedInsect","Strawberry","conspire:InfiniteJournal","StuffTheSpire:Experiment12","StuffTheSpire:Gunfinga","sneckomod:BlankCard","champ:DuelingGlove","hubris:Towel","beaked:SacredNecklace","Replay:Bronze Core","wanderingMiniBosses:CarrionFlame","ReplayFunnel","Bag of Marbles","infinitespire:FocusingShard","StuffTheSpire:RubySignet","Boot","HollowMod:PaleOreRelic","jedi:firstaidkit","Replay:Towering Pillar of Hats","StuffTheSpire:Mouthbags","paleoftheancients:Timepiece","CultistMask","Thread and Needle","Bag of Preparation","hubris:GlazedTorus","Grinning Jar","TheCursedMod:Tack","paleoftheancients:SoulOfTheDefect","infinitespire:WardingShard"],"acts_visited":["Exordium","Gensokyo:Gensokyo","TheBeyond","TheBeyond"],"potions_floor_usage":[51,60],"damage_taken":[{"damage":1.0,"enemies":"Gensokyo:Python","floor":2.0,"turns":3.0},{"damage":1.0,"enemies":"Gensokyo:Gryphon","floor":3.0,"turns":7.0},{"damage":17.0,"enemies":"Gensokyo:Mamizou","floor":8.0,"turns":9.0},{"damage":4.0,"enemies":"Gensokyo:Cirno","floor":10.0,"turns":6.0},{"damage":0.0,"enemies":"Gensokyo:3_Fairies","floor":11.0,"turns":4.0},{"damage":31.0,"enemies":"Gensokyo:Aya","floor":12.0,"turns":6.0},{"damage":1.0,"enemies":"Gensokyo:3_Kodama","floor":13.0,"turns":3.0},{"damage":5.0,"enemies":"Gensokyo:CorruptedTreant","floor":14.0,"turns":2.0},{"damage":26.0,"enemies":"Gensokyo:Yukari","floor":16.0,"turns":6.0},{"damage":6.0,"enemies":"Gensokyo:CosmicMonolith","floor":18.0,"turns":3.0},{"damage":25.0,"enemies":"conspire:MimicChest","floor":22.0,"turns":5.0},{"damage":0.0,"enemies":"Gensokyo:Reisen","floor":24.0,"turns":3.0},{"damage":8.0,"enemies":"Gensokyo:3_Dogs","floor":25.0,"turns":3.0},{"damage":17.0,"enemies":"Gensokyo:Wraith","floor":28.0,"turns":3.0},{"damage":0.0,"enemies":"Gensokyo:Koishi","floor":29.0,"turns":3.0},{"damage":0.0,"enemies":"Gensokyo:Eternal_Rivals","floor":33.0,"turns":4.0},{"damage":0.0,"enemies":"Orb Walker","floor":35.0,"turns":3.0},{"damage":0.0,"enemies":"3 Darklings","floor":36.0,"turns":2.0},{"damage":0.0,"enemies":"Transient","floor":39.0,"turns":5.0},{"damage":0.0,"enemies":"Nemesis","floor":40.0,"turns":1.0},{"damage":0.0,"enemies":"Reptomancer","floor":42.0,"turns":1.0},{"damage":0.0,"enemies":"R_Hoarder","floor":45.0,"turns":2.0},{"damage":0.0,"enemies":"Nemesis","floor":47.0,"turns":2.0},{"damage":16.0,"enemies":"Sphere and 2 Shapes","floor":48.0,"turns":2.0},{"damage":3.0,"enemies":"Replay:Hell Engine","floor":50.0,"turns":3.0},{"damage":23,"enemies":"Replay:Hell Engine","floor":51,"turns":3},{"damage":6,"enemies":"Replay:Hell Engine","floor":52,"turns":4},{"damage":45,"enemies":"Replay:Hell Engine","floor":56,"turns":2},{"damage":101,"enemies":"paleoftheancients:N","floor":60,"turns":5}],"seed_played":"768301356115085337","potions_obtained":[{"floor":8.0,"key":"LiquidBronze"},{"floor":12.0,"key":"Swift Potion"},{"floor":13.0,"key":"jedi:StrikingPotion"},{"floor":18.0,"key":"Fire Potion"},{"floor":25.0,"key":"sneckomod:MuddlingPotion"},{"floor":33.0,"key":"DeathKnight:RimePotion"},{"floor":36.0,"key":"jedi:tentaclejuice"}],"is_trial":true,"path_per_floor":["?","M","M","$","?","R","?","E","T","E","M","E","M","M","R","B",null,"M","AVR","?","?","?","R","E","M","T","$","M","E","?","?","R","B",null,"M","M","?","?","M","E","R","E","T","R","E","R","E","M","R","B","M","M","?","$","R","M","R","T","?","B",null],"character_chosen":"THE_CURSED","items_purchased":["TheCursedMod:AbyssShockwave","TheCursedMod:HellfireBreathing","TheCursedMod:CursedAmulet","TheCursedMod:ManaBullet+1","TheCursedMod:AbyssShockwave+1","expansioncontent:Corrupt","StuffTheSpire:Experiment12","StuffTheSpire:Gunfinga","hubris:GlazedTorus","Grinning Jar"],"campfire_rested":0,"item_purchase_floors":[4,4,27,27,27,27,27,27,54,54],"current_hp_per_floor":[81,81,82,82,82,82,77,63,69,68,71,43,43,38,71,54,122,119,119,119,126,104,104,107,115,121,121,107,116,116,116,116,131,144,147,153,153,159,162,162,162,168,174,174,174,174,175,159,159,183,164,167,167,167,167,124,124,130,130,68],"gold":448,"neow_bonus":"","is_daily":false,"chose_seed":false,"campfire_upgraded":9,"win_rate":0.0,"timestamp":1607986191,"path_taken":["?","?","?","$","?","R","?","E","T","E","M","E","M","M","R","BOSS","M","AVR","?","?","?","R","E","M","T","$","?","E","?","?","R","BOSS","M","?","?","?","M","E","R","E","T","R","E","R","E","?","R","BOSS","M","M","?","$","R","M","R","T","?","BOSS"],"items_purchased_type":["Card","Card","Card","Card","Card","Card","Relic","Relic","Relic","Relic"],"build_version":"2020-12-13","purchased_purges":1,"victory":true,"max_hp_per_floor":[81,82,84,84,84,84,94,97,103,106,109,112,113,113,113,122,122,125,125,125,132,135,135,138,154,160,160,163,172,172,129,129,144,144,147,153,153,159,162,162,162,168,174,174,174,174,175,175,175,183,187,190,190,190,190,192,192,198,198,218],"card_choices":[{"not_picked":["TheCursedMod:ManaCirculation","TheCursedMod:Neurasthenia","DeathKnight:Simulacrum"],"picked":"TheCursedMod:DemonicPact","floor":8.0},{"not_picked":["TheCursedMod:VoidForm","TheCursedMod:CollectTribute","DeathKnight:SindragosasBreath"],"picked":"TheCursedMod:DemonSword+1","floor":10.0},{"not_picked":["TheCursedMod:DarkBarrier","TheCursedMod:DemonicPact","DeathKnight:Outbreak"],"picked":"TheCursedMod:ManaCirculation","floor":12.0},{"not_picked":["TheCursedMod:DemonicPact","TheCursedMod:OutForBlood","DeathKnight:RunicDetonation"],"picked":"TheCursedMod:StunningStrike+1","floor":16.0},{"not_picked":["TheCursedMod:DoubleShield","TheCursedMod:AshesToAshes","DeathKnight:ShatteringStrikes"],"picked":"TheCursedMod:TacticalStrike+1","floor":22.0},{"not_picked":["TheCursedMod:ManaCirculation","TheCursedMod:OutForBlood","DeathKnight:RunicDetonation"],"picked":"TheCursedMod:VoidForm","floor":24.0},{"not_picked":["TheCursedMod:ShockAndAwe+1","TheCursedMod:DarkBarrier","DeathKnight:Defile"],"picked":"TheCursedMod:StunningStrike+1","floor":29.0},{"not_picked":["TheCursedMod:Neurasthenia","TheCursedMod:DarkBarrier","DeathKnight:VampiricBlood"],"picked":"TheCursedMod:VoidForm","floor":33.0},{"not_picked":["TheCursedMod:DemonicPact","TheCursedMod:OutForBlood","TheCursedMod:UltimatePain"],"picked":"DeathKnight:BoneStorm","floor":40.0},{"not_picked":["TheCursedMod:OutForBlood","TheCursedMod:Neurasthenia","DeathKnight:Outbreak"],"picked":"TheCursedMod:UltimatePain","floor":42.0},{"not_picked":["TheCursedMod:VoidForm","TheCursedMod:NeowsMight","DeathKnight:SindragosasBreath"],"picked":"TheCursedMod:StunningStrike+1","floor":45.0},{"not_picked":["TheCursedMod:OutForBlood","TheCursedMod:ManaCirculation","TheCursedMod:ForbiddenAlchemy"],"picked":"DeathKnight:ArmyOfTheDead","floor":47.0}],"player_experience":207677,"relics_obtained":[{"floor":2.0,"key":"Happy Flower"},{"floor":3.0,"key":"StuffTheSpire:Tea"},{"floor":8.0,"key":"Molten Egg 2"},{"floor":9.0,"key":"Orichalcum"},{"floor":10.0,"key":"hubris:ToyBattleship"},{"floor":11.0,"key":"conspire:DecoderRing"},{"floor":12.0,"key":"Pet Ghost"},{"floor":13.0,"key":"jedi:bottledfury"},{"floor":14.0,"key":"aspiration:Lifesprig"},{"floor":18.0,"key":"The Courier"},{"floor":22.0,"key":"DeathKnight:SindragosasSkull"},{"floor":24.0,"key":"PreservedInsect"},{"floor":25.0,"key":"Strawberry"},{"floor":26.0,"key":"conspire:InfiniteJournal"},{"floor":28.0,"key":"sneckomod:BlankCard"},{"floor":29.0,"key":"champ:DuelingGlove"},{"floor":35.0,"key":"wanderingMiniBosses:CarrionFlame"},{"floor":35.0,"key":"ReplayFunnel"},{"floor":36.0,"key":"Bag of Marbles"},{"floor":39.0,"key":"infinitespire:FocusingShard"},{"floor":40.0,"key":"StuffTheSpire:RubySignet"},{"floor":42.0,"key":"Boot"},{"floor":43.0,"key":"HollowMod:PaleOreRelic"},{"floor":45.0,"key":"jedi:firstaidkit"},{"floor":47.0,"key":"Replay:Towering Pillar of Hats"},{"floor":48.0,"key":"StuffTheSpire:Mouthbags"},{"floor":51,"key":"Thread and Needle"},{"floor":52,"key":"Bag of Preparation"},{"floor":56,"key":"TheCursedMod:Tack"},{"floor":56,"key":"paleoftheancients:SoulOfTheDefect"},{"floor":58,"key":"infinitespire:WardingShard"}],"event_choices":[{"damage_healed":0.0,"max_hp_gain":0.0,"max_hp_loss":0.0,"gold_gain":0.0,"event_name":"conspire:Investor","player_choice":"Leave","floor":37.0,"gold_loss":0.0,"damage_taken":0.0}],"is_beta":false,"boss_relics":[{"not_picked":["sneckomod:SneckoTalon","beaked:MawFillet"],"picked":"aspiration:PoetsPen"},{"not_picked":["Snecko Eye","Velvet Choker"],"picked":"Replay:Bronze Core"}],"items_purged_floors":[27],"is_endless":false,"potions_floor_spawned":[8,12,13,18,25,33,36,40,42,47,56,60],"ascension_level":0}}