{"host":"oqpz0gqe7z85olfg","time":1607959998,"event":{"mods":["Act Like it!","Bard","BaseMod","Custom Start","Decade(王小明)","Marisa（F雨　魔理沙）","Minty Spire (QoL Compilation)","MostiFishMod","Pale of the Ancients","Quick Restart","Reimu（博丽灵梦）","Replay The Spire","Shop Mod","StSLib","The Servant 0.9.4","Waifu the Spire","Yuyuko","noobMod","【功能Mod】聪明的最终Boss","【角色mod】十八桐人"],"gold_per_floor":[118,118,193,193,204,239,254,282,309,320,320,352,369,369,369,470,470,482,40,60,72,88,88,115,153,165,204,216,238,250,274,286,396,408,430,452,483,512,537,579,609,650,662,690,732,759,786,831,843,855,867,879,93,122,122],"floor_reached":56,"playtime":2398,"items_purged":["Strike_Lin:ReiMu"],"score":1799,"play_id":"3e6c2f97-5891-4c52-b6a0-ec30e7c70253","local_time":"20201214233318","is_ascension_mode":true,"campfire_choices":[{"floor":11.0,"key":"RECALL"},{"data":"Conquer:ReiMu","floor":15.0,"key":"SMITH"},{"data":"NineCharacters:ReiMu","floor":23,"key":"SMITH"},{"data":"PrayRite:ReiMu","floor":30,"key":"SMITH"},{"data":"FineLineFantasy:ReiMu","floor":32,"key":"SMITH"},{"data":"DependentForm:ReiMu","floor":49,"key":"SMITH"},{"data":"LearningPray:ReiMu","floor":52,"key":"SMITH"}],"circlet_count":0,"master_deck":["Strike_Lin:ReiMu+1","Strike_Lin:ReiMu+1","Defend_Lin:ReiMu","Defend_Lin:ReiMu","Defend_Lin:ReiMu","NB:ReiMu+1","Stagnation:ReiMu","Meditation:ReiMu+1","LearningPray:ReiMu+1","NineCharacters:ReiMu+1","EmergencyTakeOff:ReiMu","Amulet:ReiMu","FineLineFantasy:ReiMu+1","Conquer:ReiMu+1","PrayRite:ReiMu+1","CareerPray:ReiMu+1","Gathering:ReiMu","OctopathBindingBorder2:ReiMu","Dreaming:ReiMu","ShadowOfCrow2:ReiMu","DependentForm:ReiMu+1","SpringWay:ReiMu+1","Shading:ReiMu","UniversalSpiritual:ReiMu","Intuition:ReiMu","Authority:ReiMu","MountainWay:ReiMu","SafetyPray:ReiMu+1","SpreadBorder2:ReiMu","InherentArray:ReiMu+1","FoulBorder2:ReiMu+1","Amulet:ReiMu+1","SubcavityFantasy:ReiMu","Purity","Authority:ReiMu"],"relics":["FlyPower:ReiMu","DaveBox","ice","ExusiaiGun","Question Card","Nunchaku","Art of War","Whetstone","ImportantClient","Black Star","Bottled Tornado","BodyOfKamiR:ReiMu","MawBank","Replay:WaspNest","Red Mask","Replay:Baseball","Durian","Iron Hammer","ChiXiaoBlade","Gremlin Horn","ReplayTheSpireMod:TigerMarble","Happy Flower","Bow_fan:ReiMu","Mastiff:ReiMu","Replay:Rubber Ducky","Replay:Bottled Steam","Replay:Mystery Machine","Pantograph","Ornamental Fan","TentaclePot:ReiMu","Replay:Bottled Snecko","Blood Vial","Pet Ghost"],"acts_visited":["Exordium","TheCity","TheBeyond","TheEnding"],"potions_floor_usage":[18,24,25,37,37,37,50,50,50,55,55],"damage_taken":[{"damage":5.0,"enemies":"Small Slimes","floor":1.0,"turns":2.0},{"damage":0.0,"enemies":"2 Louse","floor":5.0,"turns":2.0},{"damage":0.0,"enemies":"Lagavulin","floor":6.0,"turns":2.0},{"damage":0.0,"enemies":"Cultist","floor":7.0,"turns":3.0},{"damage":0.0,"enemies":"Gremlin Nob","floor":8.0,"turns":3.0},{"damage":0.0,"enemies":"3 Louse","floor":10.0,"turns":4.0},{"damage":0.0,"enemies":"3 Sentries","floor":12.0,"turns":4.0},{"damage":22.0,"enemies":"Lots of Slimes","floor":13.0,"turns":5.0},{"damage":0.0,"enemies":"Hexaghost","floor":16.0,"turns":4.0},{"damage":0,"enemies":"Chosen","floor":18,"turns":1},{"damage":0,"enemies":"Spheric Guardian","floor":20,"turns":1},{"damage":0,"enemies":"Snecko","floor":21,"turns":2},{"damage":2,"enemies":"Centurion and Healer","floor":22,"turns":2},{"damage":22,"enemies":"Replay:Snechameleon","floor":24,"turns":4},{"damage":0,"enemies":"Masked Bandits","floor":25,"turns":2},{"damage":35,"enemies":"Slavers","floor":27,"turns":5},{"damage":0,"enemies":"Sentry and Sphere","floor":29,"turns":1},{"damage":0,"enemies":"3 Cultists","floor":31,"turns":2},{"damage":6,"enemies":"Champ","floor":33,"turns":5},{"damage":0,"enemies":"3 Shapes","floor":35,"turns":2},{"damage":0,"enemies":"Orb Walker","floor":36,"turns":1},{"damage":20,"enemies":"Transient","floor":37,"turns":5},{"damage":50,"enemies":"4 Shapes","floor":38,"turns":2},{"damage":0,"enemies":"3 Darklings","floor":39,"turns":2},{"damage":4,"enemies":"Giant Head","floor":40,"turns":4},{"damage":0,"enemies":"Sphere and 2 Shapes","floor":41,"turns":1},{"damage":11,"enemies":"R_Hoarder","floor":42,"turns":4},{"damage":0,"enemies":"Spire Growth","floor":44,"turns":2},{"damage":0,"enemies":"Reptomancer","floor":45,"turns":1},{"damage":7,"enemies":"Jaw Worm Horde","floor":46,"turns":5},{"damage":0,"enemies":"4 Shapes","floor":47,"turns":4},{"damage":0,"enemies":"Giant Head","floor":48,"turns":2},{"damage":0,"enemies":"Awakened One","floor":50,"turns":7},{"damage":0,"enemies":"Shield and Spear","floor":54,"turns":1},{"damage":2,"enemies":"The Heart","floor":55,"turns":4}],"seed_played":"-6732972412546542456","potions_obtained":[{"floor":7.0,"key":"Languid Potion"},{"floor":8.0,"key":"Adrenaline Potion"},{"floor":10.0,"key":"PowerPotion"},{"floor":12.0,"key":"Fire Potion"},{"floor":16.0,"key":"FearPotion"},{"floor":18,"key":"Explosive Potion"},{"floor":21,"key":"Fruit Juice"},{"floor":24,"key":"HakureiPotion:ReiMu"},{"floor":31,"key":"Adrenaline Potion"},{"floor":33,"key":"PinkPotion:ReiMu"},{"floor":37,"key":"Milkshake"},{"floor":46,"key":"BottledKami:ReiMu"},{"floor":47,"key":"AttackPotion"}],"is_trial":false,"path_per_floor":["M","?","?","?","M","E","M","E","T","M","R","E","M","?","R","B",null,"M","$","M","M","M","R","E","?","T","E","?","M","R","M","R","B",null,"M","M","M","M","M","E","M","E","T","M","E","M","M","E","R","B",null,"R","$","E","B",null],"character_chosen":"REIMU","items_purchased":["Bottled Tornado","BodyOfKamiR:ReiMu","Gathering:ReiMu","Ornamental Fan","TentaclePot:ReiMu","Replay:Bottled Snecko","LiquidMemories","BlessingOfTheForge","Block Potion","Purity"],"campfire_rested":0,"item_purchase_floors":[19,19,19,53,53,53,53,53,53,53],"current_hp_per_floor":[60,60,49,49,49,49,49,49,49,49,49,49,27,27,27,27,65,65,65,65,65,63,63,46,46,46,75,75,75,75,75,75,69,78,78,78,58,8,8,99,99,88,88,88,88,81,81,81,81,106,140,140,140,140,138],"gold":122,"neow_bonus":"RANDOM_EVENT","is_daily":false,"chose_seed":false,"campfire_upgraded":6,"win_rate":0.0,"timestamp":1607959998,"path_taken":["M","?","?","?","M","E","M","E","T","?","R","E","M","?","R","BOSS","M","?","M","M","M","R","E","?","T","E","?","M","R","M","R","BOSS","M","M","M","M","M","E","M","E","T","M","E","M","M","E","R","BOSS","R","$","E","BOSS"],"items_purchased_type":["Relic","Relic","Card","Relic","Relic","Relic","Potion","Potion","Potion","Card"],"build_version":"2020-12-13","purchased_purges":1,"victory":true,"max_hp_per_floor":[65,65,65,65,65,65,65,65,65,65,65,65,65,65,65,65,65,65,65,65,65,65,65,70,70,70,76,76,76,76,76,76,78,78,83,83,87,97,98,99,103,109,109,110,110,117,128,129,129,140,140,140,140,140,212],"card_choices":[{"not_picked":["AirStrike:ReiMu","SpreadBorder2:ReiMu"],"picked":"Meditation:ReiMu","floor":1.0},{"not_picked":["Meditation:ReiMu","WonderfulDomain:ReiMu","YinYang:ReiMu"],"picked":"LearningPray:ReiMu","floor":5.0},{"not_picked":["FantasyBorder:ReiMu","Amulet:ReiMu","SafetyPray:ReiMu"],"picked":"NineCharacters:ReiMu","floor":6.0},{"not_picked":["MountainWay:ReiMu","KamiSacrifice:ReiMu","AlertArray:ReiMu"],"picked":"EmergencyTakeOff:ReiMu","floor":7.0},{"not_picked":["PhosphorusFlame:ReiMu","OctopathSalyBorderN:ReiMu","UniversalSpiritual:ReiMu","AlertArray:ReiMu"],"picked":"SKIP","floor":8.0},{"not_picked":["Enchanting:ReiMu","SubcavityInstant:ReiMu","OrbThrow:ReiMu"],"picked":"Amulet:ReiMu","floor":10.0},{"not_picked":["Enchanting:ReiMu","Conquer:ReiMu","CleanRite:ReiMu"],"picked":"FineLineFantasy:ReiMu","floor":12.0},{"not_picked":["WonderfulDomain:ReiMu","Amulet:ReiMu","SubcavityInstant:ReiMu"],"picked":"Conquer:ReiMu","floor":13.0},{"not_picked":["CeremonyResonance:ReiMu","CardOfSanctity:ReiMu","KyokaiOfKami:ReiMu"],"picked":"PrayRite:ReiMu","floor":16.0},{"not_picked":["SpringWay:ReiMu","WonderfulDomain:ReiMu","TightArray:ReiMu+1"],"picked":"CareerPray:ReiMu+1","floor":18},{"not_picked":["AirStrike:ReiMu","AlertArray:ReiMu+1","KamiSacrifice:ReiMu"],"picked":"OctopathBindingBorder2:ReiMu","floor":20},{"not_picked":["BarrageOfMoneybags:ReiMu+1","Enchanting:ReiMu","TightArray:ReiMu"],"picked":"Dreaming:ReiMu","floor":21},{"not_picked":["UniversalSpiritual:ReiMu","WonderfulDomain:ReiMu","SafetyPray:ReiMu"],"picked":"ShadowOfCrow2:ReiMu","floor":22},{"not_picked":["PrepareRite:ReiMu","OctopathBindingBorder2:ReiMu","Conquer:ReiMu"],"picked":"DependentForm:ReiMu","floor":24},{"not_picked":["Meditation:ReiMu+1","AirManeuver:ReiMu","OctopathBindingBorder2:ReiMu+1"],"picked":"SpringWay:ReiMu+1","floor":25},{"not_picked":["KamiSacrifice:ReiMu","WonderfulDomain:ReiMu","Amulet:ReiMu+1"],"picked":"Shading:ReiMu","floor":27},{"not_picked":["PayForSelf:ReiMu","TightArray:ReiMu","SpringWay:ReiMu"],"picked":"UniversalSpiritual:ReiMu","floor":29},{"not_picked":["CareerPray:ReiMu","PayForSelf:ReiMu","AirStrike:ReiMu"],"picked":"Intuition:ReiMu","floor":31},{"not_picked":["CeremonyResonance:ReiMu","DependentForm:ReiMu","OctopathSalyBorderN:ReiMu"],"picked":"Authority:ReiMu","floor":33},{"not_picked":["Gathering:ReiMu","Meditation:ReiMu+1","EmergencyTakeOff:ReiMu","CareerPray:ReiMu+1"],"picked":"SKIP","floor":35},{"not_picked":["Crusade:ReiMu","SubAcupoint:ReiMu+1","SpringWay:ReiMu"],"picked":"MountainWay:ReiMu","floor":36},{"not_picked":["SubcavityInstant:ReiMu+1","SpringWay:ReiMu+1","SpiritualOutbreak2:ReiMu+1"],"picked":"SafetyPray:ReiMu+1","floor":37},{"not_picked":["EmergencyTakeOff:ReiMu+1","PayForSelf:ReiMu","FineLineFantasy:ReiMu"],"picked":"SpreadBorder2:ReiMu","floor":38},{"not_picked":["Determination:ReiMu","CareerPray:ReiMu+1","AirStrike:ReiMu+1"],"picked":"InherentArray:ReiMu+1","floor":39},{"not_picked":["AlertArray:ReiMu","OrbThrow:ReiMu+1","LearningPray:ReiMu","Enchanting:ReiMu+1"],"picked":"SKIP","floor":40},{"not_picked":["Enchanting:ReiMu","Meditation:ReiMu","EmergencyTakeOff:ReiMu"],"picked":"FoulBorder2:ReiMu+1","floor":41},{"not_picked":["ManaGlint:ReiMu+1","CareerPray:ReiMu","AlertArray:ReiMu+1","YinYangSign:ReiMu+1"],"picked":"SKIP","floor":42},{"not_picked":["ForcedLanding:ReiMu","Enchanting:ReiMu","Intuition:ReiMu+1","OrbThrow:ReiMu+1"],"picked":"SKIP","floor":44},{"not_picked":["FineLineFantasy:ReiMu","CareerPray:ReiMu","SubAcupoint:ReiMu","UpKicking:ReiMu"],"picked":"SKIP","floor":45},{"not_picked":["BlastKick2:ReiMu","Enchanting:ReiMu+1","SubAcupoint:ReiMu+1"],"picked":"Amulet:ReiMu+1","floor":46},{"not_picked":["SpreadBorder2:ReiMu","Conquer:ReiMu+1","SpringWay:ReiMu+1","Intuition:ReiMu+1"],"picked":"SKIP","floor":47},{"not_picked":["SpringWay:ReiMu+1","Intuition:ReiMu","BarrageOfMoneybags:ReiMu"],"picked":"SubcavityFantasy:ReiMu","floor":48},{"not_picked":["AirStrike:ReiMu+1","NineCharacters:ReiMu","EmergencyTakeOff:ReiMu"],"picked":"Authority:ReiMu","floor":54}],"player_experience":193299,"relics_obtained":[{"floor":1.0,"key":"Question Card"},{"floor":6.0,"key":"Nunchaku"},{"floor":8.0,"key":"Art of War"},{"floor":12.0,"key":"Whetstone"},{"floor":16.0,"key":"ImportantClient"},{"floor":24,"key":"MawBank"},{"floor":24,"key":"Replay:WaspNest"},{"floor":25,"key":"Red Mask"},{"floor":26,"key":"Replay:Baseball"},{"floor":27,"key":"Durian"},{"floor":27,"key":"Iron Hammer"},{"floor":40,"key":"Gremlin Horn"},{"floor":40,"key":"ReplayTheSpireMod:TigerMarble"},{"floor":42,"key":"Happy Flower"},{"floor":42,"key":"Bow_fan:ReiMu"},{"floor":43,"key":"Mastiff:ReiMu"},{"floor":45,"key":"Replay:Rubber Ducky"},{"floor":45,"key":"Replay:Bottled Steam"},{"floor":48,"key":"Replay:Mystery Machine"},{"floor":48,"key":"Pantograph"},{"floor":54,"key":"Blood Vial"},{"floor":54,"key":"Pet Ghost"}],"event_choices":[{"damage_healed":0.0,"max_hp_gain":0.0,"max_hp_loss":0.0,"gold_gain":0.0,"event_name":"Living Wall","player_choice":"Grow","floor":0.0,"gold_loss":0.0,"damage_taken":0.0,"cards_upgraded":["NB:ReiMu"]},{"damage_healed":0.0,"max_hp_gain":0.0,"max_hp_loss":0.0,"gold_gain":0.0,"event_name":"Liars Game","player_choice":"Ignored","floor":2.0,"gold_loss":0.0,"damage_taken":0.0},{"damage_healed":0.0,"max_hp_gain":0.0,"max_hp_loss":0.0,"gold_gain":75.0,"event_name":"World of Goop","player_choice":"Gather Gold","floor":3.0,"gold_loss":0.0,"damage_taken":11.0},{"damage_healed":0.0,"max_hp_gain":0.0,"max_hp_loss":0.0,"gold_gain":0.0,"event_name":"Accursed Blacksmith","player_choice":"Forge","floor":4.0,"gold_loss":0.0,"damage_taken":0.0,"cards_upgraded":["Meditation:ReiMu"]},{"cards_removed":["Strike_Lin:ReiMu"],"damage_healed":0.0,"max_hp_gain":0.0,"max_hp_loss":0.0,"gold_gain":0.0,"event_name":"Bonfire Elementals","player_choice":"Offered Basic","floor":14.0,"gold_loss":0.0,"damage_taken":0.0},{"damage_healed":0,"gold_gain":0,"player_choice":"Fought Bandits","damage_taken":0,"max_hp_gain":0,"max_hp_loss":0,"event_name":"Masked Bandits","floor":25,"gold_loss":0},{"cards_removed":["Defend_Lin:ReiMu"],"damage_healed":0,"gold_gain":0,"player_choice":"Elegance","damage_taken":0,"max_hp_gain":0,"max_hp_loss":0,"event_name":"Back to Basics","floor":28,"gold_loss":0}],"is_beta":false,"boss_relics":[{"not_picked":["Calling Bell","SlaversCollar"],"picked":"Black Star"},{"not_picked":["Philosopher\u0027s Stone","OneHitWonderSystem"],"picked":"ChiXiaoBlade"}],"items_purged_floors":[53],"is_endless":false,"potions_floor_spawned":[7,8,10,12,16,18,21,24,31,33,35,37,46,47,48],"ascension_level":1}}