{"host":"p245q48pmopyklqs","time":1607941646,"event":{"mods":["AchievementEnabler","BaseMod","DeckTracker","Minty Spire (QoL Compilation)","Relic Stats","StSLib","SuperFastMode"],"gold_per_floor":[110,121,139,139,139,139,158,158,158,168,181,208,208,224,224,224,224],"floor_reached":16,"playtime":362,"items_purged":[],"score":208,"play_id":"5d1a9e0c-6940-44cf-b8df-3122795cd6bd","local_time":"20201214192726","is_ascension_mode":true,"campfire_choices":[{"data":"Pummel","floor":6.0,"key":"SMITH"},{"floor":8.0,"key":"REST"},{"data":"Fire Breathing","floor":13,"key":"SMITH"},{"data":"Perfected Strike","floor":15,"key":"SMITH"}],"circlet_count":0,"master_deck":["AscendersBane","Strike_R","Strike_R","Strike_R","Strike_R","Defend_R","Defend_R","Defend_R","Defend_R","Bash","Cleave","Pummel+1","Fire Breathing+1","Perfected Strike","Twin Strike","Twin Strike","Shrug It Off","Perfected Strike+1"],"relics":["Burning Blood","Gambling Chip","Mango","Shuriken"],"acts_visited":["Exordium"],"potions_floor_usage":[12],"damage_taken":[{"damage":2.0,"enemies":"2 Louse","floor":1.0,"turns":3.0},{"damage":11.0,"enemies":"Jaw Worm","floor":2.0,"turns":7.0},{"damage":7.0,"enemies":"Cultist","floor":3.0,"turns":4.0},{"damage":40.0,"enemies":"Exordium Thugs","floor":7.0,"turns":6.0},{"damage":17.0,"enemies":"Lots of Slimes","floor":10.0,"turns":5.0},{"damage":24.0,"enemies":"Blue Slaver","floor":11.0,"turns":5.0},{"damage":10,"enemies":"3 Sentries","floor":12,"turns":6},{"damage":9,"enemies":"Looter","floor":14,"turns":3},{"damage":14,"enemies":"Hexaghost","floor":16,"turns":4}],"seed_played":"-2504985052466901573","potions_obtained":[{"floor":1.0,"key":"Strength Potion"},{"floor":2.0,"key":"ElixirPotion"},{"floor":10.0,"key":"Fruit Juice"},{"floor":12,"key":"ElixirPotion"}],"is_trial":false,"path_per_floor":["M","M","M","?","?","R","M","R","T","M","M","E","R","M","R","B"],"character_chosen":"IRONCLAD","items_purchased":[],"campfire_rested":1,"item_purchase_floors":[],"current_hp_per_floor":[54,49,48,48,41,41,7,29,43,32,19,15,15,12,12,0,0],"gold":224,"neow_bonus":"ONE_RARE_RELIC","is_daily":false,"chose_seed":false,"campfire_upgraded":3,"win_rate":0.0,"timestamp":1607941646,"path_taken":["M","M","M","?","?","R","M","R","T","M","M","E","R","M","R","BOSS"],"items_purchased_type":[],"build_version":"2020-12-13","purchased_purges":0,"victory":false,"max_hp_per_floor":[75,75,75,75,75,75,75,75,89,89,94,94,94,94,94,94,94],"relic_stats":{"counters":[9,43],"Shuriken":[0],"Gambling Chip":[29],"obtain_stats":[{"Shuriken":12,"Gambling Chip":0,"Mango":9,"Burning Blood":0},{"Shuriken":7,"Gambling Chip":0,"Mango":4,"Burning Blood":0},{"Shuriken":36,"Gambling Chip":0,"Mango":20,"Burning Blood":0}],"Burning Blood":48},"card_choices":[{"not_picked":["Combust","Burning Pact"],"picked":"Cleave","floor":1.0},{"not_picked":["Bloodletting","True Grit"],"picked":"Pummel","floor":2.0},{"not_picked":["Inflame","Reckless Charge"],"picked":"Fire Breathing","floor":3.0},{"not_picked":["Intimidate","Iron Wave"],"picked":"Perfected Strike","floor":7.0},{"not_picked":["Armaments","Feel No Pain"],"picked":"Twin Strike","floor":10.0},{"not_picked":["Warcry","Iron Wave"],"picked":"Twin Strike","floor":11.0},{"not_picked":["Flex","Inflame"],"picked":"Shrug It Off","floor":12},{"not_picked":["Rampage","Brutality"],"picked":"Perfected Strike","floor":14}],"player_experience":2262201,"relics_obtained":[{"floor":9.0,"key":"Mango"},{"floor":12,"key":"Shuriken"}],"event_choices":[{"damage_healed":0.0,"max_hp_gain":0.0,"max_hp_loss":0.0,"gold_gain":0.0,"event_name":"Liars Game","player_choice":"Ignored","floor":4.0,"gold_loss":0.0,"damage_taken":0.0},{"cards_removed":["Strike_R"],"damage_healed":0.0,"max_hp_gain":0.0,"max_hp_loss":0.0,"gold_gain":0.0,"event_name":"Golden Wing","player_choice":"Card Removal","floor":5.0,"gold_loss":0.0,"damage_taken":7.0}],"is_beta":false,"boss_relics":[],"items_purged_floors":[],"is_endless":false,"potions_floor_spawned":[1,2,10,12],"killed_by":"Hexaghost","ascension_level":20}}