{"host":"4zvbxxdl6kueq37o","time":1607959457,"event":{"mods":["Act Like it!","BaseMod","Better Third Choice","Downfall","Minty Spire (QoL Compilation)","Replay The Spire","StSLib"],"gold_per_floor":[99,99,99,99,124,134,157,175,200,200,212,228,244,261,276,276,276],"floor_reached":16,"playtime":621,"items_purged":[],"score":139,"play_id":"6e59a769-d05c-4c1b-9d43-41edb82c7108","local_time":"20201214162417","is_ascension_mode":false,"campfire_choices":[{"floor":10,"key":"REST"}],"circlet_count":0,"master_deck":["champ:Strike","champ:Strike","champ:Strike","champ:Strike","champ:Defend","champ:Defend","champ:Defend+1","champ:Defend","champ:Execute","champ:SkillfulDodge+1","champ:RisingSlash+1","champ:ShieldWall","champ:Control","champ:Lariat","champ:TornadoPunch"],"relics":["champ:ChampionCrown","downfall:HeartsMalice","Ice Cream","War Paint","PreservedInsect"],"acts_visited":["Exordium"],"potions_floor_usage":[11,16,16,16],"damage_taken":[{"damage":0,"enemies":"Small Slimes","floor":2,"turns":1},{"damage":0,"enemies":"downfall:FleeingMerchant","floor":3,"turns":1},{"damage":0,"enemies":"Lagavulin","floor":5,"turns":1},{"damage":8,"enemies":"Jaw Worm","floor":6,"turns":5},{"damage":14,"enemies":"2 Louse","floor":8,"turns":3},{"damage":43,"enemies":"3 Sentries","floor":9,"turns":7},{"damage":61,"enemies":"Gremlin Gang","floor":11,"turns":6},{"damage":9,"enemies":"Red Slaver","floor":12,"turns":3},{"damage":6,"enemies":"Exordium Wildlife","floor":13,"turns":7},{"damage":1,"enemies":"3 Louse","floor":14,"turns":3},{"damage":11,"enemies":"Exordium Wildlife","floor":15,"turns":3},{"damage":20,"enemies":"downfall:Watcher","floor":16,"turns":4}],"seed_played":"9195079652657849473","potions_obtained":[{"floor":5,"key":"AttackPotion"},{"floor":6,"key":"BlessingOfTheForge"},{"floor":14,"key":"LiquidBronze"},{"floor":15,"key":"Strength Potion"}],"is_trial":false,"path_per_floor":["R","M","$","?","E","M","T","M","E","R","M","M","M","M","M","B"],"character_chosen":"THE_CHAMP","items_purchased":[],"campfire_rested":1,"item_purchase_floors":[],"current_hp_per_floor":[90,90,90,90,90,87,87,78,45,72,16,7,2,12,6,0,0],"gold":276,"neow_bonus":"THREE_ENEMY_KILL","is_daily":false,"chose_seed":false,"campfire_upgraded":0,"win_rate":0.0,"timestamp":1607959457,"path_taken":["R","M","$","?","E","M","T","M","E","R","M","M","M","M","M","BOSS"],"items_purchased_type":[],"build_version":"2020-12-13","purchased_purges":0,"victory":false,"max_hp_per_floor":[90,90,90,90,90,90,90,90,90,90,90,90,90,90,90,90,90],"card_choices":[{"not_picked":["champ:IronFortress","champ:DefensiveShout"],"picked":"champ:SkillfulDodge","floor":2},{"not_picked":["champ:Duel","champ:FightOn"],"picked":"champ:Lariat","floor":3},{"not_picked":["champ:FlashCut","champ:Encircle","champ:AdrenalArmor"],"picked":"SKIP","floor":5},{"not_picked":["champ:BerserkersShout","champ:BringItOn","champ:AdrenalArmor"],"picked":"SKIP","floor":6},{"not_picked":["champ:FlashCut","champ:BerserkersShout","champ:BringItOn"],"picked":"SKIP","floor":8},{"not_picked":["champ:CheapShot","champ:Haymaker"],"picked":"champ:ShieldWall","floor":9},{"not_picked":["champ:TornadoPunch","champ:PerfectedStrike"],"picked":"champ:Control","floor":11},{"not_picked":["champ:GladiatorStyle","champ:BladeFlurry"],"picked":"champ:Lariat","floor":12},{"not_picked":["champ:PreciseThrust","champ:CrookedStrike","champ:PerfectedStrike"],"picked":"SKIP","floor":13},{"not_picked":["champ:GladiatorStyle","champ:CrookedStrike"],"picked":"champ:TornadoPunch","floor":14},{"not_picked":["champ:ViciousMockery","champ:Haymaker","champ:FaceSlap"],"picked":"SKIP","floor":15}],"player_experience":662863,"relics_obtained":[{"floor":5,"key":"Ice Cream"},{"floor":7,"key":"War Paint"},{"floor":9,"key":"PreservedInsect"}],"event_choices":[],"is_beta":false,"boss_relics":[],"items_purged_floors":[],"is_endless":false,"potions_floor_spawned":[5,6,14,15],"killed_by":"downfall:Watcher","ascension_level":0}}