{"host":"kag8mfq4or8nkqb2","time":1607917796,"event":{"mods":["2.2 Compatiblity","BaseMod","Downfall","Minty Spire (QoL Compilation)","StSLib"],"gold_per_floor":[99,32,42,76,89,89,89,118,134,59,359,369,386,406,422,523,523,523,538,538,67,95,114,160,180,180,222,222,232,254,87,97,207,207,207,241,155,164,185,229,315,165,190,190,190,206,226,285,297,297],"floor_reached":51,"playtime":3421,"items_purged":["Writhe","Guardian:Strike_Guardian"],"score":1318,"play_id":"c4ff8334-88b5-4452-948c-c6c0bf285449","local_time":"20201214034956","is_ascension_mode":true,"campfire_choices":[{"data":"Guardian:StasisField","floor":1.0,"key":"SMITH"},{"floor":6.0,"key":"RECALL"},{"data":"Guardian:PolyBeam","floor":10.0,"key":"SMITH"},{"data":"Guardian:EvasiveProtocol","floor":18,"key":"SMITH"},{"data":"Guardian:ChargeUp","floor":35,"key":"SMITH"},{"data":"Guardian:StasisStrike","floor":42,"key":"SMITH"},{"data":"Guardian:StasisField","floor":44,"key":"SMITH"}],"circlet_count":0,"master_deck":["Guardian:Strike_Guardian","Guardian:Strike_Guardian","Guardian:Defend_Guardian","Guardian:Defend_Guardian","Guardian:Defend_Guardian","Guardian:Defend_Guardian","Guardian:CurlUp","Guardian:TwinSlam","Guardian:StasisField+1","Guardian:EvasiveProtocol+1","Guardian:PolyBeam+1","Guardian:ArmoredProtocol","Guardian:ExploitGems","Guardian:ChargeUp+1","Guardian:ArmoredProtocol","Guardian:Incinerate","Guardian:VentSteam+1","Guardian:EvasiveProtocol+1","Guardian:Incinerate","Guardian:SpikerProtocol","Guardian:StasisField+1","Guardian:ChargeCore","Guardian:SpikerProtocol+1","Guardian:StasisStrike+1","sneckomod:Bewildered","Guardian:EvasiveProtocol+1"],"relics":["Guardian:ModeShifterPlus","Omamori","Mummified Hand","Matryoshka","downfall:HeartBlessingRed","StrikeDummy","Guardian:DefensiveModeMoreBlock","Guardian:BottledStasis","Toy Ornithopter","MealTicket","Blood Vial","CeramicFish","Cursed Key","The Courier","PreservedInsect","Molten Egg 2","downfall:HeartBlessingGreen","downfall:HeartBlessingBlue","Bottled Tornado","Calipers"],"acts_visited":["Exordium","TheCity","TheBeyond"],"potions_floor_usage":[16,16,16,50,50,50],"damage_taken":[{"damage":0.0,"enemies":"downfall:FleeingMerchant","floor":2.0,"turns":4.0},{"damage":0.0,"enemies":"Cultist","floor":3.0,"turns":5.0},{"damage":21.0,"enemies":"Lagavulin","floor":4.0,"turns":10.0},{"damage":0.0,"enemies":"Jaw Worm","floor":5.0,"turns":5.0},{"damage":21.0,"enemies":"3 Sentries","floor":8.0,"turns":11.0},{"damage":0.0,"enemies":"2 Louse","floor":9.0,"turns":3.0},{"damage":0,"enemies":"Blue Slaver","floor":12,"turns":3},{"damage":2,"enemies":"Large Slime","floor":13,"turns":6},{"damage":0,"enemies":"Lots of Slimes","floor":14,"turns":5},{"damage":0,"enemies":"Large Slime","floor":15,"turns":6},{"damage":26,"enemies":"downfall:Silent","floor":16,"turns":9},{"damage":0,"enemies":"Spheric Guardian","floor":19,"turns":6},{"damage":0,"enemies":"downfall:FleeingMerchant","floor":21,"turns":4},{"damage":0,"enemies":"Book of Stabbing","floor":22,"turns":6},{"damage":0,"enemies":"Cultist and Chosen","floor":23,"turns":8},{"damage":0,"enemies":"3 Cultists","floor":25,"turns":6},{"damage":0,"enemies":"Slavers","floor":27,"turns":8},{"damage":0,"enemies":"Shelled Parasite and Fungi","floor":29,"turns":6},{"damage":0,"enemies":"Centurion and Healer","floor":30,"turns":7},{"damage":0,"enemies":"downfall:FleeingMerchant","floor":31,"turns":4},{"damage":0,"enemies":"3 Cultists","floor":32,"turns":6},{"damage":60,"enemies":"downfall:Ironclad","floor":33,"turns":10},{"damage":0,"enemies":"Reptomancer","floor":36,"turns":8},{"damage":0,"enemies":"downfall:FleeingMerchant","floor":37,"turns":4},{"damage":0,"enemies":"3 Darklings","floor":39,"turns":6},{"damage":0,"enemies":"Nemesis","floor":40,"turns":7},{"damage":0,"enemies":"Reptomancer","floor":43,"turns":6},{"damage":2,"enemies":"3 Shapes","floor":46,"turns":5},{"damage":0,"enemies":"Writhing Mass","floor":47,"turns":5},{"damage":0,"enemies":"Mind Bloom Boss Battle","floor":48,"turns":7},{"damage":0,"enemies":"4 Shapes","floor":49,"turns":7},{"damage":0,"enemies":"downfall:Defect","floor":50,"turns":5}],"seed_played":"1009567947642963972","potions_obtained":[{"floor":3.0,"key":"AttackPotion"},{"floor":5.0,"key":"Block Potion"},{"floor":8.0,"key":"SteroidPotion"},{"floor":9.0,"key":"sneckomod:MuddlingPotion"},{"floor":13,"key":"AttackPotion"},{"floor":15,"key":"EssenceOfSteel"},{"floor":16,"key":"SmokeBomb"},{"floor":22,"key":"EssenceOfSteel"},{"floor":25,"key":"PowerPotion"},{"floor":26,"key":"CultistPotion"},{"floor":32,"key":"CultistPotion"}],"is_trial":false,"path_per_floor":["R","$","M","E","M","R","T","E","M","R","?","M","M","M","M","B",null,"R","M","?","$","E","M","T","M","?","E","?","M","M","$","M","B",null,"R","E","$","?","M","E","T","R","E","R","?","M","M","?","M","B",null],"character_chosen":"GUARDIAN","items_purchased":["Guardian:Gem_Cyan","Guardian:DefensiveModeMoreBlock","Guardian:Gem_Fragmented","Guardian:BottledStasis","Guardian:Gem_Synthetic","Guardian:SpikerProtocol"],"campfire_rested":0,"item_purchase_floors":[2,21,21,21,31,31],"current_hp_per_floor":[72,72,72,51,51,51,51,30,30,30,30,30,28,28,28,2,61,61,61,61,61,61,61,61,63,63,65,65,67,69,80,80,20,65,65,67,80,80,80,80,80,90,90,90,90,88,90,90,90,90],"gold":297,"neow_bonus":"ONE_RANDOM_RARE_CARD","is_daily":false,"chose_seed":false,"campfire_upgraded":6,"win_rate":0.0,"timestamp":1607917796,"path_taken":["R","?","M","E","?","R","T","E","M","R","?","M","M","M","M","BOSS","R","M","?","$","E","M","T","M","?","E","?","M","M","$","M","BOSS","R","E","$","?","M","E","T","R","E","R","?","?","M","?","M","BOSS"],"items_purchased_type":["Card","Relic","Card","Relic","Card","Card"],"build_version":"2020-12-13","purchased_purges":2,"victory":true,"max_hp_per_floor":[80,80,80,80,80,80,80,80,80,80,80,80,80,80,80,80,80,80,80,80,80,80,80,80,80,80,80,80,80,80,80,80,80,80,80,80,80,80,80,80,80,90,90,90,90,90,90,90,90,90],"card_choices":[{"not_picked":["Guardian:PrimingBeam","Guardian:Suspension"],"picked":"Guardian:Gem_Cyan","floor":2.0},{"not_picked":["Guardian:TimeCapacitor","Guardian:VentSteam"],"picked":"Guardian:EvasiveProtocol","floor":3.0},{"not_picked":["Guardian:Gem_Purple","Guardian:GuardianWhirl"],"picked":"Guardian:PolyBeam","floor":4.0},{"not_picked":["Guardian:CrystalBeam","Guardian:Reroute","Guardian:RollAttack"],"picked":"SKIP","floor":5.0},{"not_picked":["Guardian:Gem_Red","Guardian:Gem_Lightblue","Guardian:CrystalBeam"],"picked":"SKIP","floor":8.0},{"not_picked":["Guardian:Gem_Green","Guardian:Planning","Guardian:TemporalStrike"],"picked":"SKIP","floor":9.0},{"not_picked":["Guardian:Planning","Guardian:ConstructionForm"],"picked":"Guardian:Gem_Purple","floor":12},{"not_picked":["Guardian:Clone","Guardian:Suspension"],"picked":"Guardian:ArmoredProtocol","floor":13},{"not_picked":["Guardian:Recover","Guardian:VentSteam"],"picked":"Guardian:Gem_Cyan","floor":14},{"not_picked":["Guardian:Suspension","Guardian:PrismaticBeam","Guardian:PrimingBeam"],"picked":"SKIP","floor":15},{"not_picked":["Guardian:StasisField","Guardian:SphericShield"],"picked":"Guardian:ExploitGems","floor":16},{"not_picked":["Guardian:Incinerate+1","Guardian:RollAttack"],"picked":"Guardian:Gem_Yellow","floor":19},{"not_picked":["Guardian:Suspension+1","Guardian:ShieldSpikes"],"picked":"Guardian:ChargeUp","floor":21},{"not_picked":["Guardian:Planning+1","Guardian:ChargeCore"],"picked":"Guardian:ArmoredProtocol","floor":22},{"not_picked":["Guardian:TemporalShield+1","Guardian:BronzeOrb","Guardian:Incinerate+1"],"picked":"SKIP","floor":23},{"not_picked":["Guardian:Gem_Purple","Guardian:Harden+1"],"picked":"Guardian:Incinerate","floor":25},{"not_picked":["Guardian:WalkerClaw","Guardian:Gem_Red"],"picked":"Guardian:VentSteam+1","floor":27},{"not_picked":["Guardian:Reroute","Guardian:PiercingHide","Guardian:RollAttack"],"picked":"SKIP","floor":29},{"not_picked":["Guardian:Gem_Purple","Guardian:Orbwalk"],"picked":"Guardian:EvasiveProtocol+1","floor":30},{"not_picked":["Guardian:Recover","Guardian:Gem_Purple"],"picked":"Guardian:Incinerate","floor":31},{"not_picked":["Guardian:PrismaticBeam+1","Guardian:Gem_Blue","Guardian:Planning"],"picked":"SKIP","floor":32},{"not_picked":["Guardian:AncientConstruct","Guardian:SphericShield"],"picked":"Guardian:StasisField","floor":33},{"not_picked":["Guardian:Gem_Red","Guardian:TimeBomb"],"picked":"Guardian:ChargeCore","floor":36},{"not_picked":["Guardian:WalkerClaw","Guardian:DonusPower"],"picked":"Guardian:SpikerProtocol","floor":37},{"not_picked":["Guardian:VentSteam+1","Guardian:CrystalBeam+1"],"picked":"Guardian:Gem_White","floor":39},{"not_picked":["Guardian:Gem_Cyan","Guardian:Incinerate"],"picked":"Guardian:StasisStrike","floor":40},{"not_picked":["Guardian:Gem_Blue","Guardian:Gem_Purple","Guardian:Gem_Green"],"picked":"SKIP","floor":43},{"not_picked":["Guardian:Gem_Lightblue","Guardian:TemporalShield","Guardian:PrimingBeam+1"],"picked":"SKIP","floor":46},{"not_picked":["Guardian:RollAttack+1","Guardian:Gem_Cyan","Guardian:Suspension"],"picked":"SKIP","floor":47},{"not_picked":["Guardian:Planning","Guardian:Gem_Cyan"],"picked":"Guardian:EvasiveProtocol+1","floor":48},{"not_picked":["Guardian:GuardianWhirl+1","Guardian:ChargeUp","Guardian:Reroute+1"],"picked":"SKIP","floor":49}],"player_experience":995659,"relics_obtained":[{"floor":4.0,"key":"Omamori"},{"floor":7.0,"key":"Mummified Hand"},{"floor":8.0,"key":"Matryoshka"},{"floor":22,"key":"Toy Ornithopter"},{"floor":24,"key":"MealTicket"},{"floor":24,"key":"Blood Vial"},{"floor":27,"key":"CeramicFish"},{"floor":36,"key":"The Courier"},{"floor":40,"key":"PreservedInsect"},{"floor":41,"key":"Molten Egg 2"},{"floor":43,"key":"Bottled Tornado"},{"floor":48,"key":"Calipers"}],"event_choices":[{"damage_healed":0,"gold_gain":0,"player_choice":"Upgraded","damage_taken":0,"max_hp_gain":0,"max_hp_loss":0,"event_name":"Upgrade Shrine","floor":45,"gold_loss":0,"cards_upgraded":["Guardian:SpikerProtocol"]}],"is_beta":false,"boss_relics":[{"not_picked":["Coffee Dripper","Pandora\u0027s Box"],"picked":"Guardian:ModeShifterPlus"},{"not_picked":["sneckomod:SneckoTalon","Snecko Eye"],"picked":"Cursed Key"}],"items_purged_floors":[21,37],"is_endless":false,"potions_floor_spawned":[3,5,8,9,13,15,16,22,25,29,32,39,43,47],"ascension_level":7}}