{"host":"1tl36azeqm6yhdgj","time":1607956621,"event":{"mods":["AchievementEnabler","BaseMod","Minty Spire (QoL Compilation)","StSLib","The IronCluck","everything is the same but u backflip on backflip"],"gold_per_floor":[116,13,24,24,44,79,7,7,7],"floor_reached":8,"playtime":290,"items_purged":[],"score":87,"play_id":"604b57fa-4188-4cd5-b927-59b22208be68","local_time":"20201214093701","is_ascension_mode":true,"campfire_choices":[],"circlet_count":0,"master_deck":["AscendersBane","Strike_R","Strike_R","Strike_R","Strike_R","Strike_R","Defend_R","Defend_R","Defend_R","Defend_R","Bash","Burning Pact","Fiend Fire","Body Slam+1","Bludgeon+1"],"relics":["Burning Blood","Toy Ornithopter","Question Card","Molten Egg 2"],"acts_visited":["Exordium"],"potions_floor_usage":[3,5,6],"damage_taken":[{"damage":8,"enemies":"2 Louse","floor":1,"turns":2},{"damage":0,"enemies":"Cultist","floor":3,"turns":3},{"damage":2,"enemies":"Jaw Worm","floor":5,"turns":3},{"damage":55,"enemies":"3 Sentries","floor":6,"turns":11},{"damage":40,"enemies":"Lagavulin","floor":8,"turns":5}],"seed_played":"9135611444178240249","potions_obtained":[{"floor":1,"key":"LiquidBronze"},{"floor":3,"key":"Energy Potion"}],"is_trial":false,"path_per_floor":["M","$","M","?","M","E","$","E"],"character_chosen":"IRONCLAD","items_purchased":["SneckoOil","Bludgeon+1"],"campfire_rested":0,"item_purchase_floors":[2,7],"current_hp_per_floor":[70,70,80,80,80,31,31,0,0],"gold":7,"neow_bonus":"RANDOM_COMMON_RELIC","is_daily":false,"chose_seed":false,"campfire_upgraded":0,"win_rate":0.0,"timestamp":1607956621,"path_taken":["M","$","M","?","M","E","$","E"],"items_purchased_type":["Potion","Card"],"build_version":"2020-12-13","purchased_purges":0,"victory":false,"max_hp_per_floor":[80,80,80,80,80,80,80,80,80],"card_choices":[{"not_picked":["Combust","Sword Boomerang"],"picked":"Burning Pact","floor":1},{"not_picked":["Blood for Blood","Evolve"],"picked":"Twin Strike","floor":3},{"not_picked":["Shrug It Off","Clash","Anger"],"picked":"Fiend Fire","floor":5},{"not_picked":["Dual Wield","Rupture","Wild Strike+1"],"picked":"Body Slam+1","floor":6}],"player_experience":1929413,"relics_obtained":[{"floor":6,"key":"Molten Egg 2"}],"event_choices":[{"cards_removed":["Twin Strike"],"damage_healed":0,"gold_gain":0,"player_choice":"Gave Card","damage_taken":0,"relics_obtained":["Question Card"],"max_hp_gain":0,"max_hp_loss":0,"event_name":"WeMeetAgain","floor":4,"gold_loss":0}],"is_beta":false,"boss_relics":[],"items_purged_floors":[],"is_endless":false,"potions_floor_spawned":[1,3],"killed_by":"Lagavulin","ascension_level":11}}