{"host":"b3p2mc8zhjyw3mtc","time":1607928983,"event":{"mods":["BaseMod","Colored Map","Colored Powertips","DeckTracker","Friendly Minions","Minty Spire (QoL Compilation)","SuperFastMode"],"gold_per_floor":[115,130,148,159,8,36,36,46,46,57,57,70,70,84,84,181,181,201,201,201],"floor_reached":19,"playtime":767,"items_purged":[],"score":182,"play_id":"e90a0559-66c2-4e83-aa81-0466a6c00983","local_time":"20201214155623","is_ascension_mode":true,"campfire_choices":[{"data":"Dualcast","floor":7,"key":"SMITH"},{"floor":15,"key":"REST"}],"circlet_count":0,"master_deck":["Strike_B","Strike_B","Strike_B","Strike_B","Defend_B","Defend_B","Defend_B","Defend_B","Zap","Dualcast+1","Conserve Battery","Redo","Capacitor","Hologram","Ball Lightning","Self Repair","Melter","Electrodynamics","Redo+1"],"relics":["Cracked Core","NeowsBlessing","Membership Card","Question Card","Bottled Tornado","Nuclear Battery"],"acts_visited":["Exordium","TheCity"],"potions_floor_usage":[6,6,16,19],"damage_taken":[{"damage":0,"enemies":"Small Slimes","floor":1,"turns":1},{"damage":0,"enemies":"2 Louse","floor":2,"turns":1},{"damage":0,"enemies":"Cultist","floor":3,"turns":1},{"damage":10,"enemies":"2 Fungi Beasts","floor":4,"turns":4},{"damage":32,"enemies":"Lagavulin","floor":6,"turns":9},{"damage":13,"enemies":"3 Louse","floor":8,"turns":3},{"damage":9,"enemies":"Lots of Slimes","floor":10,"turns":5},{"damage":9,"enemies":"Blue Slaver","floor":12,"turns":3},{"damage":14,"enemies":"3 Louse","floor":14,"turns":3},{"damage":26,"enemies":"The Guardian","floor":16,"turns":12},{"damage":24,"enemies":"Shell Parasite","floor":18,"turns":4},{"damage":51,"enemies":"Masked Bandits","floor":19,"turns":4}],"seed_played":"-619172831564340074","potions_obtained":[{"floor":1,"key":"AttackPotion"},{"floor":2,"key":"Dexterity Potion"},{"floor":4,"key":"EssenceOfSteel"},{"floor":14,"key":"SneckoOil"},{"floor":16,"key":"BlessingOfTheForge"}],"is_trial":false,"path_per_floor":["M","M","M","M","$","E","R","M","T","M","?","M","?","M","R","B",null,"M","?"],"character_chosen":"DEFECT","items_purchased":["Membership Card"],"campfire_rested":1,"item_purchase_floors":[5],"current_hp_per_floor":[75,75,75,65,65,33,33,20,20,11,29,20,20,13,34,15,72,48,0,0],"gold":201,"neow_bonus":"THREE_ENEMY_KILL","is_daily":false,"chose_seed":false,"campfire_upgraded":1,"win_rate":0.0,"timestamp":1607928983,"path_taken":["M","M","M","M","$","E","R","M","T","M","?","M","?","M","R","BOSS","M","?"],"items_purchased_type":["Relic"],"build_version":"2020-12-13","purchased_purges":0,"victory":false,"max_hp_per_floor":[75,75,75,75,75,75,75,75,75,75,75,75,72,72,72,72,72,72,72,72],"card_choices":[{"not_picked":["Scrape","BootSequence"],"picked":"Conserve Battery","floor":1},{"not_picked":["Compile Driver","Conserve Battery"],"picked":"Redo","floor":2},{"not_picked":["Ball Lightning","Barrage"],"picked":"Capacitor","floor":3},{"not_picked":["Redo","Static Discharge"],"picked":"Hologram","floor":4},{"not_picked":["Rebound","BootSequence","Stack"],"picked":"SKIP","floor":6},{"not_picked":["Steam","Leap","Storm","Conserve Battery"],"picked":"SKIP","floor":8},{"not_picked":["Leap","Creative AI","Redo"],"picked":"Ball Lightning","floor":10},{"not_picked":["Steam Power","Go for the Eyes","Chaos"],"picked":"Self Repair","floor":12},{"not_picked":["Rebound","Darkness","Skim"],"picked":"Melter","floor":14},{"not_picked":["Buffer","Fission","Creative AI"],"picked":"Electrodynamics","floor":16},{"not_picked":["Barrage","Fusion","Hologram"],"picked":"Redo+1","floor":18}],"player_experience":57875,"relics_obtained":[{"floor":6,"key":"Question Card"},{"floor":9,"key":"Bottled Tornado"}],"event_choices":[{"damage_healed":18,"gold_gain":0,"player_choice":"Healed and dodged fight","damage_taken":0,"max_hp_gain":0,"max_hp_loss":0,"event_name":"Mushrooms","floor":11,"gold_loss":0,"cards_obtained":["Parasite"]},{"cards_removed":["Parasite"],"damage_healed":0,"gold_gain":0,"player_choice":"Removed Curses","damage_taken":0,"max_hp_gain":0,"max_hp_loss":0,"event_name":"Fountain of Cleansing","floor":13,"gold_loss":0},{"damage_healed":0,"gold_gain":0,"player_choice":"Fought Bandits","damage_taken":0,"max_hp_gain":0,"max_hp_loss":0,"event_name":"Masked Bandits","floor":19,"gold_loss":0}],"is_beta":false,"boss_relics":[{"not_picked":["Tiny House","SacredBark"],"picked":"Nuclear Battery"}],"items_purged_floors":[],"is_endless":false,"potions_floor_spawned":[1,2,4,14,16],"killed_by":"Masked Bandits","ascension_level":1}}