{"host":"mvcnjx88tm0foan8","time":1607927099,"event":{"mods":["BaseMod","Colored Map","DeckTracker","Highlight Path","Keyboard Shortcuts","Minty Spire (QoL Compilation)","Permanent Neow","Quick Restart","Relic Stats","StSLib","SuperFastMode","everything is the same but u backflip on backflip"],"gold_per_floor":[119,119,194,214,229,229,229,229,256,281,302,252,286,301,301,301,301],"floor_reached":16,"playtime":588,"items_purged":[],"score":175,"play_id":"7949f9e1-18b3-4d05-84b9-894e14e831f9","local_time":"20201214152459","is_ascension_mode":true,"campfire_choices":[{"floor":6.0,"key":"REST"},{"data":"Infernal Blade","floor":8.0,"key":"SMITH"},{"data":"Pommel Strike","floor":15.0,"key":"SMITH"}],"circlet_count":0,"master_deck":["Strike_R","Strike_R","Strike_R","Strike_R","Defend_R","Defend_R","Defend_R","Defend_R","Bash","Pommel Strike+1","Infernal Blade+1","Flex","Combust","Spot Weakness","Flex","Clash"],"relics":["Burning Blood","Charon\u0027s Ashes","Golden Idol","Happy Flower"],"acts_visited":[],"potions_floor_usage":[16],"damage_taken":[{"damage":0.0,"enemies":"Small Slimes","floor":1.0,"turns":3.0},{"damage":9.0,"enemies":"Jaw Worm","floor":4.0,"turns":4.0},{"damage":1.0,"enemies":"2 Louse","floor":5.0,"turns":3.0},{"damage":8.0,"enemies":"Blue Slaver","floor":10.0,"turns":4.0},{"damage":23.0,"enemies":"Exordium Thugs","floor":11.0,"turns":4.0},{"damage":33.0,"enemies":"Lagavulin","floor":13.0,"turns":7.0},{"damage":11.0,"enemies":"2 Fungi Beasts","floor":14.0,"turns":4.0}],"seed_played":"-5880286233580337612","potions_obtained":[{"floor":10.0,"key":"BloodPotion"},{"floor":13.0,"key":"HeartOfIron"}],"is_trial":false,"path_per_floor":["M","?","?","M","M","R","?","R","T","M","M","?","E","M","R","B"],"character_chosen":"IRONCLAD","items_purchased":[],"campfire_rested":1,"item_purchase_floors":[],"current_hp_per_floor":[80,60,49,46,51,75,75,75,75,73,56,56,29,40,40,0,0],"gold":301,"neow_bonus":"ONE_RARE_RELIC","is_daily":false,"chose_seed":false,"campfire_upgraded":2,"win_rate":0.0,"timestamp":1607927099,"path_taken":["M","?","?","M","M","R","?","R","T","M","?","?","E","M","R","BOSS"],"items_purchased_type":[],"build_version":"2020-12-13","purchased_purges":0,"victory":false,"max_hp_per_floor":[80,80,80,80,80,80,80,80,80,80,80,80,80,80,80,80,80],"relic_stats":{"Happy Flower":[5],"counters":[8,40],"Golden Idol":26,"Charon\u0027s Ashes":[42],"obtain_stats":[{"Happy Flower":13,"Golden Idol":2,"Charon\u0027s Ashes":0,"Burning Blood":0},{"Happy Flower":6,"Golden Idol":1,"Charon\u0027s Ashes":0,"Burning Blood":0},{"Happy Flower":25,"Golden Idol":3,"Charon\u0027s Ashes":0,"Burning Blood":0}],"Burning Blood":36},"card_choices":[{"not_picked":["Rampage","Inflame"],"picked":"Pommel Strike","floor":1.0},{"not_picked":["Headbutt","Feel No Pain"],"picked":"Infernal Blade","floor":4.0},{"not_picked":["Clothesline","Shockwave"],"picked":"Flex","floor":5.0},{"not_picked":["Evolve","Thunderclap"],"picked":"Combust","floor":10.0},{"not_picked":["Ghostly Armor","Evolve"],"picked":"Spot Weakness","floor":11.0},{"not_picked":["Shockwave","Spot Weakness"],"picked":"Flex","floor":13.0},{"not_picked":["Second Wind","Clothesline"],"picked":"Clash","floor":14.0}],"player_experience":259364,"relics_obtained":[{"floor":13.0,"key":"Happy Flower"}],"event_choices":[{"damage_healed":0.0,"max_hp_gain":0.0,"max_hp_loss":0.0,"gold_gain":0.0,"event_name":"Golden Idol","player_choice":"Take Damage","floor":2.0,"gold_loss":0.0,"damage_taken":20.0,"relics_obtained":["Golden Idol"]},{"damage_healed":0.0,"max_hp_gain":0.0,"max_hp_loss":0.0,"gold_gain":75.0,"event_name":"World of Goop","player_choice":"Gather Gold","floor":3.0,"gold_loss":0.0,"damage_taken":11.0},{"cards_removed":["Writhe"],"damage_healed":0.0,"max_hp_gain":0.0,"max_hp_loss":0.0,"gold_gain":0.0,"event_name":"Living Wall","player_choice":"Forget","floor":7.0,"gold_loss":0.0,"damage_taken":0.0},{"cards_removed":["Strike_R"],"damage_healed":0.0,"max_hp_gain":0.0,"max_hp_loss":0.0,"gold_gain":0.0,"event_name":"The Cleric","player_choice":"Card Removal","floor":12.0,"gold_loss":50.0,"damage_taken":0.0}],"is_beta":false,"boss_relics":[],"items_purged_floors":[],"is_endless":false,"potions_floor_spawned":[10,13],"killed_by":"The Guardian","ascension_level":3}}