{"host":"reretk0dz0kj8f1n","time":1607909726,"event":{"mods":["BaseMod","Colored Map","Lobotomy","Minty Spire (QoL Compilation)","StSLib"],"gold_per_floor":[120,120,132,143,93,121,139,139,139,139,165,165,178,197,197,197,197],"floor_reached":16,"playtime":857,"items_purged":[],"score":112,"play_id":"37082935-cb5b-4926-a97c-b743fd40a93e","local_time":"20201214103526","is_ascension_mode":false,"campfire_choices":[],"circlet_count":0,"master_deck":["SpecialBullet","SpecialBullet","SpecialBullet","SpecialBullet","SpecialBullet","SpecialBullet","SpecialBullet","SpecialBullet","ControlCode","SecurityCode","InformationCode","Bandage Up","Heaven","Heaven","Penitence","ExtractionCode","Hypocrisy","Laetitia_ego"],"relics":["CogitoBucket","RabbitCall","Potion Belt","Gambling Chip","Shuriken","Bottled Flame","Theresia"],"acts_visited":["Exordium"],"potions_floor_usage":[11],"damage_taken":[{"damage":7,"enemies":"Small Slimes","floor":1,"turns":2},{"damage":11,"enemies":"Jaw Worm","floor":3,"turns":2},{"damage":6,"enemies":"Cultist","floor":4,"turns":3},{"damage":8,"enemies":"Gremlin Nob","floor":6,"turns":3},{"damage":23,"enemies":"Exordium Thugs","floor":7,"turns":4},{"damage":27,"enemies":"3 Sentries","floor":11,"turns":5},{"damage":29,"enemies":"2 Fungi Beasts","floor":13,"turns":5},{"damage":0,"enemies":"Lots of Slimes","floor":14,"turns":2},{"damage":40,"enemies":"The Guardian","floor":16,"turns":7}],"seed_played":"8659466249562004477","potions_obtained":[{"floor":4,"key":"DistilledChaos"}],"is_trial":false,"path_per_floor":["M","?","M","M","?","E","M","$","T","R","E","R","M","M","R","B"],"character_chosen":"Angela","items_purchased":[],"campfire_rested":0,"item_purchase_floors":[],"current_hp_per_floor":[70,70,70,70,70,70,59,59,59,59,44,44,19,35,35,0,0],"gold":197,"neow_bonus":"RANDOM_COLORLESS","is_daily":false,"chose_seed":false,"campfire_upgraded":0,"win_rate":0.0,"timestamp":1607909726,"path_taken":["M","?","M","M","?","E","M","$","T","R","E","R","M","?","R","BOSS"],"items_purchased_type":[],"build_version":"2020-12-13","purchased_purges":0,"victory":false,"max_hp_per_floor":[70,70,70,70,70,70,70,70,70,70,70,70,70,70,70,70,70],"card_choices":[{"not_picked":["Purity","Good Instincts"],"picked":"Bandage Up","floor":0},{"not_picked":["Regret_ego"],"picked":"Heaven","floor":1},{"not_picked":["Discord","WristCuter"],"picked":"SKIP","floor":3},{"not_picked":["Gaze","TodaysExpression"],"picked":"SKIP","floor":4},{"not_picked":["Horn"],"picked":"Heaven","floor":6},{"not_picked":["Lantern"],"picked":"Penitence","floor":7},{"not_picked":["DaCapo"],"picked":"Hypocrisy","floor":11},{"not_picked":["Noise","FourthMatchFlame"],"picked":"SKIP","floor":11},{"not_picked":["RapturousDream","Regret_ego","Lantern"],"picked":"SKIP","floor":13},{"not_picked":["Amita","SolemnVow"],"picked":"Laetitia_ego","floor":14},{"not_picked":["Christmas","TodaysExpression","Harmony"],"picked":"SKIP","floor":14}],"player_experience":218917,"relics_obtained":[{"floor":6,"key":"Gambling Chip"},{"floor":9,"key":"Shuriken"},{"floor":11,"key":"Bottled Flame"}],"event_choices":[{"damage_healed":0,"gold_gain":0,"player_choice":"Box","damage_taken":0,"relics_obtained":["Potion Belt"],"max_hp_gain":0,"max_hp_loss":0,"event_name":"Big Fish","floor":2,"gold_loss":0,"cards_obtained":["Regret"]},{"cards_removed":["Regret"],"damage_healed":0,"gold_gain":0,"player_choice":"Card Removal","damage_taken":0,"max_hp_gain":0,"max_hp_loss":0,"event_name":"The Cleric","floor":5,"gold_loss":50}],"is_beta":false,"boss_relics":[],"items_purged_floors":[],"is_endless":false,"potions_floor_spawned":[4],"killed_by":"The Guardian","ascension_level":0}}