{"host":"egyxg9lnjq7g2hmw","time":1607920094,"event":{"mods":["AchievementEnabler","BaseMod","Block Reminder","Colored Map","Colored Powertips","Highlight Path","Minty Spire (QoL Compilation)","Rare Cards Sparkle","StSLib"],"gold_per_floor":[109,127,127,145,145,145,145,180,228,228,228,228],"floor_reached":11,"playtime":387,"items_purged":[],"score":114,"play_id":"e261fdd7-b6cd-4922-a79e-0537eb9154b5","local_time":"20201213202814","is_ascension_mode":true,"campfire_choices":[{"data":"Neutralize","floor":7,"key":"SMITH"}],"circlet_count":0,"master_deck":["AscendersBane","Strike_G","Strike_G","Strike_G","Defend_G","Defend_G","Defend_G","Defend_G","Defend_G","Survivor","Neutralize+1","Quick Slash","Deflect","Dodge and Roll","Dagger Spray","After Image"],"relics":["Ring of the Snake","Pantograph","Bird Faced Urn","Toy Ornithopter","Bottled Flame"],"acts_visited":["Exordium"],"potions_floor_usage":[8],"damage_taken":[{"damage":2,"enemies":"Cultist","floor":1,"turns":4},{"damage":1,"enemies":"2 Louse","floor":2,"turns":3},{"damage":0,"enemies":"Small Slimes","floor":4,"turns":5},{"damage":35,"enemies":"Gremlin Nob","floor":8,"turns":6},{"damage":20,"enemies":"3 Sentries","floor":11,"turns":6}],"seed_played":"-2957077861060906333","potions_obtained":[{"floor":4,"key":"ColorlessPotion"}],"is_trial":false,"path_per_floor":["M","M","T","M","?","?","R","E","T","T","E"],"character_chosen":"THE_SILENT","items_purchased":[],"campfire_rested":0,"item_purchase_floors":[],"current_hp_per_floor":[61,60,60,60,60,53,53,18,18,18,0,0],"gold":228,"neow_bonus":"THREE_CARDS","is_daily":false,"chose_seed":false,"campfire_upgraded":1,"win_rate":0.0,"timestamp":1607920094,"path_taken":["M","M","?","M","?","?","R","E","T","?","E"],"items_purchased_type":[],"build_version":"2020-12-13","purchased_purges":0,"victory":false,"max_hp_per_floor":[70,70,70,70,70,70,70,70,70,70,70,70],"card_choices":[{"not_picked":["Deflect","Concentrate"],"picked":"Quick Slash","floor":0},{"not_picked":["Blade Dance","Poisoned Stab"],"picked":"Deflect","floor":1},{"not_picked":["Cloak And Dagger","Acrobatics"],"picked":"Dodge and Roll","floor":2},{"not_picked":["Endless Agony","Expertise"],"picked":"Dagger Spray","floor":4},{"not_picked":["Blade Dance","Sucker Punch","Acrobatics"],"picked":"SKIP","floor":8}],"player_experience":435199,"relics_obtained":[{"floor":3,"key":"Pantograph"},{"floor":8,"key":"Bird Faced Urn"},{"floor":9,"key":"Toy Ornithopter"},{"floor":10,"key":"Bottled Flame"}],"event_choices":[{"damage_healed":0,"gold_gain":0,"cards_transformed":["Strike_G"],"player_choice":"Change","damage_taken":0,"max_hp_gain":0,"max_hp_loss":0,"event_name":"Living Wall","floor":5,"gold_loss":0,"cards_obtained":["After Image"]},{"cards_removed":["Strike_G"],"damage_healed":0,"gold_gain":0,"player_choice":"Card Removal","damage_taken":7,"max_hp_gain":0,"max_hp_loss":0,"event_name":"Golden Wing","floor":6,"gold_loss":0}],"is_beta":false,"boss_relics":[],"items_purged_floors":[],"is_endless":false,"potions_floor_spawned":[4],"killed_by":"3 Sentries","ascension_level":12}}