{"host":"qzblds3hycbe0oxf","time":1607963977,"event":{"mods":["2.2 Compatiblity","AchievementEnabler","BaseMod","Colored Map","DeckTracker","Highlight Path","Minty Spire (QoL Compilation)","Random Character Button","Rare Cards Sparkle"],"gold_per_floor":[111,124,124,41,41,71,81,115,139,165,181,181,201,215,215,312,312,326,342,358,358,122,150,150,196,196,196,196,228,243,243,243,340,340,354,315,315,315,127,127,141,141,219,236,236,88,88,106,106,106],"floor_reached":51,"playtime":2667,"items_purged":[],"score":812,"play_id":"1c6f06fb-525f-44c2-8d77-8ebfae864e00","local_time":"20201214173937","is_ascension_mode":true,"campfire_choices":[{"floor":12.0,"key":"REST"},{"floor":15.0,"key":"REST"},{"floor":24.0,"key":"REST"},{"floor":28.0,"key":"REST"},{"floor":32.0,"key":"REST"},{"data":"Doom and Gloom","floor":40.0,"key":"SMITH"},{"floor":42.0,"key":"REST"},{"floor":49.0,"key":"REST"}],"circlet_count":0,"master_deck":["Strike_B","Strike_B","Strike_B","Strike_B","Defend_B","Defend_B","Defend_B","Defend_B","Zap+1","Dualcast","Rebound","Cold Snap","Loop","Ball Lightning","Doom and Gloom+1","Cold Snap","Blizzard","Consume","Hologram","Redo","Ball Lightning","Echo Form","White Noise","Stack","Fusion","The Bomb","Defragment","Coolheaded","Recycle","Reboot","CurseOfTheBell","Sunder+1","Defragment","Madness","Madness","Capacitor","Electrodynamics","Steam","Tempest","Parasite","Steam Power+1"],"relics":["Cracked Core","NeowsBlessing","Tiny Chest","Happy Flower","Akabeko","Bottled Flame","Nuclear Battery","MutagenicStrength","WingedGreaves","Centennial Puzzle","Meat on the Bone","Lizard Tail","Calling Bell","Bag of Preparation","Blue Candle","Thread and Needle","Unceasing Top","Runic Capacitor","Darkstone Periapt","Ornamental Fan"],"acts_visited":["Exordium","TheCity","TheBeyond"],"potions_floor_usage":[50,50,50],"damage_taken":[{"damage":0.0,"enemies":"Cultist","floor":1.0,"turns":1.0},{"damage":0.0,"enemies":"Jaw Worm","floor":2.0,"turns":1.0},{"damage":0.0,"enemies":"Gremlin Nob","floor":6.0,"turns":1.0},{"damage":8.0,"enemies":"Small Slimes","floor":7.0,"turns":3.0},{"damage":16.0,"enemies":"3 Sentries","floor":8.0,"turns":5.0},{"damage":25.0,"enemies":"Gremlin Nob","floor":10.0,"turns":4.0},{"damage":3.0,"enemies":"Blue Slaver","floor":11.0,"turns":3.0},{"damage":11.0,"enemies":"Exordium Thugs","floor":13.0,"turns":2.0},{"damage":0.0,"enemies":"2 Fungi Beasts","floor":14.0,"turns":2.0},{"damage":31.0,"enemies":"The Guardian","floor":16.0,"turns":7.0},{"damage":11.0,"enemies":"3 Byrds","floor":18.0,"turns":4.0},{"damage":20.0,"enemies":"2 Thieves","floor":19.0,"turns":4.0},{"damage":12.0,"enemies":"Snecko","floor":20.0,"turns":4.0},{"damage":13.0,"enemies":"Gremlin Leader","floor":23.0,"turns":6.0},{"damage":18.0,"enemies":"Slavers","floor":29.0,"turns":2.0},{"damage":3.0,"enemies":"Cultist and Chosen","floor":30.0,"turns":4.0},{"damage":62.0,"enemies":"Collector","floor":33.0,"turns":10.0},{"damage":10.0,"enemies":"3 Darklings","floor":35.0,"turns":6.0},{"damage":7.0,"enemies":"Orb Walker","floor":41.0,"turns":4.0},{"damage":40.0,"enemies":"Spire Growth","floor":44.0,"turns":6.0},{"damage":16.0,"enemies":"Writhing Mass","floor":48.0,"turns":5.0},{"damage":77,"enemies":"Awakened One","floor":50,"turns":9}],"seed_played":"-743009794133066250","potions_obtained":[{"floor":2.0,"key":"GamblersBrew"},{"floor":6.0,"key":"LiquidMemories"},{"floor":10.0,"key":"EssenceOfSteel"},{"floor":13.0,"key":"FocusPotion"},{"floor":18.0,"key":"Fire Potion"},{"floor":20.0,"key":"SpeedPotion"},{"floor":35.0,"key":"FocusPotion"},{"floor":44.0,"key":"DuplicationPotion"}],"is_trial":false,"path_per_floor":["M","M","?","$","?","E","M","E","T","E","M","R","M","M","R","B",null,"M","M","M","?","$","E","R","T","T","?","R","E","M","?","R","B",null,"M","$","T","?","$","R","M","R","T","M","T","$","?","M","R","B",null],"character_chosen":"DEFECT","items_purchased":["Loop","Ball Lightning","The Bomb","Regen Potion","Defragment","Capacitor","Runic Capacitor","DistilledChaos","Tempest"],"campfire_rested":7,"item_purchase_floors":[4,4,22,22,36,39,39,46,46],"current_hp_per_floor":[75,75,75,75,75,75,67,51,51,26,23,45,34,34,56,25,75,64,44,32,32,32,34,56,56,56,56,75,57,54,54,75,25,75,65,65,65,56,56,56,49,71,71,43,43,43,43,45,69,52],"gold":106,"neow_bonus":"THREE_ENEMY_KILL","is_daily":false,"chose_seed":false,"campfire_upgraded":1,"win_rate":0.0,"timestamp":1607963977,"path_taken":["M","M","?","$","?","E","?","E","T","E","?","R","M","M","R","BOSS","M","M","M","?","$","E","R","?","T","?","R","E","?","?","R","BOSS","M","$","?","?","?","R","M","R","T","?","?","$","?","M","R","BOSS"],"items_purchased_type":["Card","Card","Card","Potion","Card","Card","Relic","Potion","Card"],"build_version":"2020-12-13","purchased_purges":0,"victory":true,"max_hp_per_floor":[75,75,75,75,75,75,75,75,75,75,75,75,75,75,75,75,75,75,75,75,75,75,75,75,75,75,75,75,75,75,75,75,75,75,75,75,75,75,75,75,75,75,75,75,75,75,75,81,81,81],"card_choices":[{"not_picked":["Turbo","Compile Driver"],"picked":"Rebound","floor":1.0},{"not_picked":["Barrage","Multi-Cast"],"picked":"Cold Snap","floor":2.0},{"not_picked":["Compile Driver","Sweeping Beam"],"picked":"Doom and Gloom","floor":6.0},{"not_picked":["Rebound","Gash"],"picked":"Cold Snap","floor":7.0},{"not_picked":["Rebound","Go for the Eyes"],"picked":"Blizzard","floor":8.0},{"not_picked":["Stack","Go for the Eyes"],"picked":"Consume","floor":10.0},{"not_picked":["Turbo","Barrage"],"picked":"Hologram","floor":11.0},{"not_picked":["Compile Driver","Steam"],"picked":"Redo","floor":13.0},{"not_picked":["Gash","Redo"],"picked":"Ball Lightning","floor":14.0},{"not_picked":["Reboot","Machine Learning"],"picked":"Echo Form","floor":16.0},{"not_picked":["Leap","Hologram"],"picked":"White Noise","floor":18.0},{"not_picked":["Ball Lightning","Consume"],"picked":"Stack","floor":19.0},{"not_picked":["White Noise","Rip and Tear"],"picked":"Fusion","floor":20.0},{"not_picked":["Static Discharge","Beam Cell+1"],"picked":"Defragment","floor":23.0},{"not_picked":["White Noise","Leap"],"picked":"Coolheaded","floor":29.0},{"not_picked":["White Noise","Blizzard"],"picked":"Recycle","floor":30.0},{"not_picked":["Biased Cognition","Machine Learning"],"picked":"Reboot","floor":33.0},{"not_picked":["Leap+1","Compile Driver"],"picked":"Sunder+1","floor":35.0},{"not_picked":["Rebound","Turbo+1"],"picked":"Electrodynamics","floor":41.0},{"not_picked":["Compile Driver","Rebound+1"],"picked":"Steam","floor":44.0},{"not_picked":["Heatsinks+1","Rip and Tear"],"picked":"Steam Power+1","floor":48.0}],"player_experience":158192,"relics_obtained":[{"floor":6.0,"key":"Tiny Chest"},{"floor":8.0,"key":"Happy Flower"},{"floor":9.0,"key":"Akabeko"},{"floor":10.0,"key":"Bottled Flame"},{"floor":23.0,"key":"WingedGreaves"},{"floor":25.0,"key":"Centennial Puzzle"},{"floor":26.0,"key":"Meat on the Bone"},{"floor":29.0,"key":"Lizard Tail"},{"floor":34.0,"key":"Bag of Preparation"},{"floor":34.0,"key":"Blue Candle"},{"floor":34.0,"key":"Thread and Needle"},{"floor":37.0,"key":"Unceasing Top"},{"floor":43.0,"key":"Darkstone Periapt"},{"floor":45.0,"key":"Ornamental Fan"}],"event_choices":[{"damage_healed":0.0,"max_hp_gain":0.0,"max_hp_loss":0.0,"gold_gain":0.0,"event_name":"Living Wall","player_choice":"Grow","floor":3.0,"gold_loss":0.0,"damage_taken":0.0,"cards_upgraded":["Zap"]},{"damage_healed":0.0,"max_hp_gain":0.0,"max_hp_loss":0.0,"gold_gain":0.0,"event_name":"Liars Game","player_choice":"Ignored","floor":5.0,"gold_loss":0.0,"damage_taken":0.0},{"damage_healed":0.0,"max_hp_gain":0.0,"max_hp_loss":0.0,"gold_gain":0.0,"event_name":"Drug Dealer","player_choice":"Inject Mutagens","floor":21.0,"gold_loss":0.0,"damage_taken":0.0,"relics_obtained":["MutagenicStrength"]},{"damage_healed":0.0,"max_hp_gain":0.0,"max_hp_loss":0.0,"gold_gain":0.0,"event_name":"Ghosts","player_choice":"Ignored","floor":27.0,"gold_loss":0.0,"damage_taken":0.0},{"damage_healed":0.0,"max_hp_gain":0.0,"max_hp_loss":0.0,"gold_gain":0.0,"event_name":"Vampires","player_choice":"Ignored","floor":31.0,"gold_loss":0.0,"damage_taken":0.0},{"damage_healed":0.0,"max_hp_gain":0.0,"max_hp_loss":0.0,"gold_gain":0.0,"event_name":"Winding Halls","player_choice":"Embrace Madness","floor":38.0,"gold_loss":0.0,"damage_taken":9.0,"cards_obtained":["Madness","Madness"]},{"damage_healed":0.0,"max_hp_gain":0.0,"max_hp_loss":0.0,"gold_gain":0.0,"event_name":"Mysterious Sphere","player_choice":"Ignored","floor":47.0,"gold_loss":0.0,"damage_taken":0.0}],"is_beta":false,"boss_relics":[{"not_picked":["SacredBark","Velvet Choker"],"picked":"Nuclear Battery"},{"not_picked":["Tiny House","Cursed Key"],"picked":"Calling Bell"}],"items_purged_floors":[],"is_endless":false,"potions_floor_spawned":[2,6,10,13,18,20,35,44],"ascension_level":1}}