{"host":"acw864156wjp8gcv","time":1607964365,"event":{"mods":["2.2 Compatiblity","AchievementEnabler","Aspiration","BaseMod","Beaked The Cultist","Better Altar","Better Match","Better Note","Better Sensory Stone","Better Silent Start","Better Skull","Better Third Choice","Better Vampires","BetterRewards","Challenge The Spire","Colored Map","Colored Powertips","Conspire","Curses Come First","Downfall","Energized Spire","GifTheSpireLib","Halation","Hubris","Infinite Spire","Ironclad Rager","Jedi Mod","Mimic Mod","Minty Spire (QoL Compilation)","Relic Sorter","Replay The Spire","Shop Mod","Spicy Shops","Spikes Relics","StSLib","Stuff the Spire","The Blue Laboratory","The Construct","The Jungle","Wandering Minibosses","everything is the same but u backflip on backflip","vexMod"],"gold_per_floor":[112,112,131,131,131,131,243,243,243,343,30,42,62,74,74,177,177,192,208,208,223,223,337,349,349,349,364,364,390,403,403,403,498,598,615,629,679,699,507,507,631,631,631,646,664,727,727,727,727],"floor_reached":48,"playtime":1265,"items_purged":["Defend_R","Defend_R"],"score":645,"play_id":"a7a02263-fd37-46b8-9bc0-bd0fce29ecf3","local_time":"20201214104605","is_ascension_mode":true,"campfire_choices":[{"data":"Perfected Strike","floor":6,"key":"SMITH"},{"data":"Bash","floor":8,"key":"SMITH"},{"data":"Offering","floor":15,"key":"SMITH"},{"data":"hubris:InfiniteBlow","floor":25,"key":"SMITH"},{"data":"hubris:InfiniteBlow+1","floor":28,"key":"SMITH"},{"data":"Dual Wield","floor":32,"key":"SMITH"},{"data":"hubris:InfiniteBlow+3","floor":40,"key":"SMITH"},{"data":"hubris:InfiniteBlow+4","floor":42,"key":"SMITH"},{"data":"hubris:InfiniteBlow+5","floor":47,"key":"SMITH"}],"circlet_count":0,"master_deck":["Strike_R","Strike_R","Strike_R+1","Strike_R","Strike_R+1","Bash+1","Perfected Strike+1","Clash","Clash","Clash","Clash","Offering+1","hubris:InfiniteBlow+6","Perfected Strike+1","Shrug It Off","Twin Strike","Dual Wield+1","Clash+1"],"relics":["Burning Blood","StoneCalendar","Ice Cream","Another Sword","StuffTheSpire:TintedRock","StuffTheSpire:Expresso","conspire:TopHat","The Courier","hubris:PeanutButter","Replay:Grab Bag","aspiration:FutureDiary","beaked:SacredNecklace","SlaversCollar","beaked:SacredDeck","infinitespire:Broken Mirror","wanderingMiniBosses:ThiefScarf","StuffTheSpire:Gunfinga","infinitespire:EmpoweringShard","Sozu","hubris:SlimyHat","SsserpentHead","Replay:Wanted Poster","Bag of Preparation","Brimstone","Blue Doll","StuffTheSpire:RubySignet","vexMod:Spyglass","StuffTheSpire:GrapeVine"],"acts_visited":["Exordium","TheCity","TheBeyond"],"potions_floor_usage":[],"damage_taken":[{"damage":2,"enemies":"Small Slimes","floor":1,"turns":3},{"damage":3,"enemies":"Jaw Worm","floor":3,"turns":3},{"damage":13,"enemies":"3 Sentries","floor":7,"turns":5},{"damage":13,"enemies":"Lagavulin","floor":10,"turns":3},{"damage":0,"enemies":"2 Louse","floor":12,"turns":1},{"damage":0,"enemies":"Exordium Wildlife","floor":13,"turns":2},{"damage":0,"enemies":"Looter","floor":14,"turns":2},{"damage":36,"enemies":"The Guardian","floor":16,"turns":4},{"damage":3,"enemies":"Chosen","floor":18,"turns":2},{"damage":12,"enemies":"conspire:FuzzyDice","floor":19,"turns":5},{"damage":11,"enemies":"3 Cultists","floor":21,"turns":3},{"damage":8,"enemies":"conspire:SneckoGhost","floor":23,"turns":2},{"damage":3,"enemies":"Shelled Parasite and Fungi","floor":24,"turns":2},{"damage":10,"enemies":"Centurion and Healer","floor":27,"turns":2},{"damage":0,"enemies":"Snake Plant","floor":30,"turns":1},{"damage":17,"enemies":"Collector","floor":33,"turns":4},{"damage":8,"enemies":"3 Shapes","floor":35,"turns":2},{"damage":7,"enemies":"3 Darklings","floor":36,"turns":2},{"damage":0,"enemies":"Maw","floor":38,"turns":1},{"damage":8,"enemies":"Nemesis","floor":41,"turns":3},{"damage":0,"enemies":"Sphere and 2 Shapes","floor":44,"turns":1},{"damage":16,"enemies":"4 Shapes","floor":45,"turns":2},{"damage":0,"enemies":"Spire Growth","floor":46,"turns":1},{"damage":85,"enemies":"Nightmare","floor":48,"turns":4}],"seed_played":"-6546118378373024317","potions_obtained":[{"floor":1,"key":"blueLaboratory:AbyssPotion"},{"floor":13,"key":"Cursed Concoction"},{"floor":18,"key":"champ:CounterPotion"}],"is_trial":false,"path_per_floor":["M","?","M","T","?","R","E","R","T","E","$","M","M","M","R","B",null,"M","M","?","M","?","E","M","R","T","M","R","T","M","?","R","B",null,"M","M","?","M","$","R","E","R","T","M","M","M","R","NM"],"character_chosen":"IRONCLAD","items_purchased":["Another Sword","StuffTheSpire:TintedRock","hubris:PeanutButter","Clash","Bag of Preparation","Brimstone"],"campfire_rested":0,"item_purchase_floors":[0,0,11,11,39,39],"current_hp_per_floor":[48,48,51,51,44,44,37,37,37,30,30,36,42,48,48,18,80,80,74,31,26,26,24,80,80,80,76,76,76,80,80,80,69,80,78,77,77,80,80,80,78,78,78,80,70,76,76,0,0],"gold":727,"neow_bonus":"","is_daily":false,"chose_seed":false,"campfire_upgraded":9,"win_rate":0.0,"timestamp":1607964365,"path_taken":["M","?","?","?","?","R","E","R","T","E","$","M","M","?","R","BOSS","M","M","?","M","?","E","?","R","T","M","R","?","M","?","R","BOSS","M","M","?","M","?","R","E","R","T","M","M","?","R","NM"],"items_purchased_type":["Relic","Relic","Relic","Card","Relic","Relic"],"build_version":"2020-12-13","purchased_purges":2,"victory":false,"max_hp_per_floor":[80,80,80,80,80,80,80,80,80,80,80,80,80,80,80,80,80,80,80,80,80,80,80,80,80,80,80,80,80,80,80,80,80,80,80,80,80,80,80,80,80,80,80,80,80,80,80,80,80],"card_choices":[{"not_picked":["Hemokinesis","Defy Death"],"picked":"Perfected Strike","floor":1},{"not_picked":["StuffTheSpire:Incineration","Armaments","Body Slam"],"picked":"SKIP","floor":3},{"not_picked":["Combust","Eclipse"],"picked":"Clash","floor":7},{"not_picked":["Rupture","Body Slam","StuffTheSpire:Incineration"],"picked":"SKIP","floor":10},{"not_picked":["Twin Strike","Wild Strike"],"picked":"Clash","floor":12},{"not_picked":["ReplayTheSpireMod:Strike From Hell","Clash"],"picked":"BarbarianYell","floor":13},{"not_picked":["Sentinel","Power Through"],"picked":"Offering","floor":14},{"not_picked":["Power Through","Ghostly Armor","Replay:Undeath\u0027s Touch"],"picked":"SKIP","floor":18},{"not_picked":["Run Through","Pommel Strike"],"picked":"Perfected Strike","floor":19},{"not_picked":["Flex+1","hubris:ReadiedAction+1","Pommel Strike"],"picked":"SKIP","floor":21},{"not_picked":["Massacre","Body Slam","Rupture+1"],"picked":"SKIP","floor":23},{"not_picked":["Absolvement+1","StuffTheSpire:Resist"],"picked":"Shrug It Off","floor":24},{"not_picked":["Inflame","Headbutt","Twin Strike"],"picked":"SKIP","floor":27},{"not_picked":["Inflame","Headbutt"],"picked":"Twin Strike","floor":27},{"not_picked":["Warcry","Reckless Charge"],"picked":"Dual Wield","floor":30},{"not_picked":["Rupture+1","Burning Pact","StuffTheSpire:Incineration"],"picked":"SKIP","floor":35},{"not_picked":["Iron Wave+1","Shrug It Off+1","Disarm+1"],"picked":"SKIP","floor":36},{"not_picked":["Life Link+1","Massacre+1","Heavy Blade+1"],"picked":"SKIP","floor":38},{"not_picked":["Limit Break","Cleave"],"picked":"Clash+1","floor":41},{"not_picked":["StuffTheSpire:RockThrow+1","Shrug It Off+1","Carnage"],"picked":"SKIP","floor":44},{"not_picked":["Cleave+1","ReplayTheSpireMod:Limb From Limb","Wild Strike"],"picked":"SKIP","floor":45},{"not_picked":["Run Through","Intimidate+1","Infernal Blade"],"picked":"SKIP","floor":46}],"player_experience":118596,"relics_obtained":[{"floor":4,"key":"StuffTheSpire:Expresso"},{"floor":7,"key":"conspire:TopHat"},{"floor":9,"key":"The Courier"},{"floor":10,"key":"infinitespire:Broken Mirror"},{"floor":19,"key":"infinitespire:Broken Mirror"},{"floor":19,"key":"wanderingMiniBosses:ThiefScarf"},{"floor":23,"key":"StuffTheSpire:Gunfinga"},{"floor":26,"key":"infinitespire:EmpoweringShard"},{"floor":29,"key":"hubris:SlimyHat"},{"floor":41,"key":"Blue Doll"},{"floor":43,"key":"StuffTheSpire:RubySignet"}],"event_choices":[{"damage_healed":0,"gold_gain":0,"player_choice":"Bought 0 Potions","damage_taken":0,"max_hp_gain":0,"max_hp_loss":0,"event_name":"The Woman in Blue","floor":2,"gold_loss":0},{"cards_removed":["Defend_R"],"damage_healed":0,"gold_gain":0,"player_choice":"Card Removal","damage_taken":7,"max_hp_gain":0,"max_hp_loss":0,"event_name":"Golden Wing","floor":5,"gold_loss":0},{"damage_healed":0,"gold_gain":0,"player_choice":"UP UP UP ","damage_taken":49,"relics_obtained":[],"max_hp_gain":0,"max_hp_loss":0,"event_name":"betterSkull:BetterSkull","floor":20,"gold_loss":0,"cards_upgraded":["Strike_R","Strike_R","Perfected Strike"]},{"cards_removed":["Defend_R"],"damage_healed":0,"gold_gain":0,"player_choice":"Offered Basic","damage_taken":0,"max_hp_gain":0,"max_hp_loss":0,"event_name":"Bonfire Elementals","floor":22,"gold_loss":0},{"damage_healed":0,"gold_gain":0,"player_choice":"Trade","damage_taken":0,"relics_obtained":["SsserpentHead"],"max_hp_gain":0,"max_hp_loss":0,"event_name":"FaceTrader","floor":31,"gold_loss":0}],"is_beta":false,"boss_relics":[{"not_picked":["aspiration:RunicSpoon","halation:Yufonium"],"picked":"Replay:Grab Bag"},{"not_picked":["jedi:paperlyon","vexMod:RockOfEvil"],"picked":"aspiration:FutureDiary"},{"not_picked":["Runic Dome","Replay:Bronze Core"],"picked":"beaked:SacredNecklace"},{"not_picked":["aspiration:RitualDagger","halation:Risk"],"picked":"SlaversCollar"},{"not_picked":["hubris:ScarierMask","conspire:RunicOctahedron"],"picked":"beaked:SacredDeck"},{"not_picked":["energizedSpire:DecayingSkull","conspire:SeveredTorchhead"],"picked":"Replay:Wanted Poster"}],"items_purged_floors":[0,11],"is_endless":false,"potions_floor_spawned":[1,12,13,18,23,24,33,35,38],"killed_by":"Nightmare","ascension_level":1}}