{"host":"cr9rpoy6dx9riis3","time":1607968783,"event":{"mods":["AchievementEnabler","BaseMod","Better Altar","Better Note","Better Sensory Stone","Better Skull","Better Third Choice","Better-Laid Plans","BetterRewards","Block Reminder","Curses Come First","Displayed Cursed Tome","Emptier Cage","Marked Mod","Minty Spire (QoL Compilation)","Permanent Neow","Relic Sorter","StSLib","The Blue Laboratory","Transform Curses"],"gold_per_floor":[112,122,122,132,32,32,32,32,32,32,46,61,61,72,72,167,167,187,33,233,252,292,292],"floor_reached":22,"playtime":906,"items_purged":["Bash","Defend_R"],"score":317,"play_id":"04c311f8-7d7c-4869-8c80-4fe52dc71cb5","local_time":"20201214185943","is_ascension_mode":true,"campfire_choices":[{"data":"Spot Weakness","floor":6,"key":"SMITH"},{"floor":8,"key":"RECALL"},{"data":"Defend_R","floor":10,"key":"SMITH"},{"data":"CarveReality","floor":15,"key":"SMITH"}],"circlet_count":0,"master_deck":["Strike_R","Strike_R+1","Strike_R","Strike_R","Strike_R","Defend_R+1","Defend_R+1","Defend_R","Spot Weakness+1","Ghostly Armor+1","Protect","CarveReality+1","ConjureBlade","Backflip+1","ReachHeaven","HandOfGreed"],"relics":["Burning Blood","MealTicket","SacredBark","Strange Spoon","PrismaticShard"],"acts_visited":["Exordium","TheCity"],"potions_floor_usage":[1,22,22],"damage_taken":[{"damage":4,"enemies":"2 Louse","floor":1,"turns":3},{"damage":3,"enemies":"Jaw Worm","floor":2,"turns":5},{"damage":0,"enemies":"Cultist","floor":4,"turns":4},{"damage":24,"enemies":"Gremlin Gang","floor":11,"turns":6},{"damage":0,"enemies":"Looter","floor":12,"turns":4},{"damage":2,"enemies":"Red Slaver","floor":14,"turns":3},{"damage":36,"enemies":"The Guardian","floor":16,"turns":9},{"damage":37,"enemies":"2 Thieves","floor":18,"turns":5},{"damage":38,"enemies":"Shell Parasite","floor":21,"turns":6},{"damage":78,"enemies":"3 Cultists","floor":22,"turns":6}],"seed_played":"3054901298348597560","potions_obtained":[{"floor":4,"key":"blueLaboratory:FrostheartPotion"},{"floor":11,"key":"ColorlessPotion"},{"floor":12,"key":"blueLaboratory:LimitlessPotion"}],"is_trial":false,"path_per_floor":["M","M","?","M","$","R","?","R","T","R","M","M","$","M","R","B",null,"M","$","?","M","M"],"character_chosen":"IRONCLAD","items_purchased":["Spot Weakness","Strange Spoon","MealTicket","blueLaboratory:FruitPunch","PrismaticShard","Ghostly Armor","BloodPotion","Orrery"],"campfire_rested":0,"item_purchase_floors":[0,0,0,0,0,0,0,19],"current_hp_per_floor":[47,50,34,40,55,55,55,55,55,55,37,43,58,62,62,32,82,51,66,66,34,0,0],"gold":292,"neow_bonus":"","is_daily":false,"chose_seed":false,"campfire_upgraded":3,"win_rate":0.0,"timestamp":1607968783,"path_taken":["M","M","?","M","?","R","?","R","T","R","M","?","$","?","R","BOSS","M","$","?","M","M"],"items_purchased_type":["Card","Relic","Relic","Potion","Relic","Card","Potion","Relic"],"build_version":"2020-12-13","purchased_purges":2,"victory":false,"max_hp_per_floor":[82,82,82,82,82,82,82,82,82,82,82,82,82,82,82,82,82,82,82,82,82,82,82],"card_choices":[{"not_picked":["Slice","Perfected Strike","Rebound"],"picked":"SKIP","floor":1},{"not_picked":["Indignation","Warcry","BowlingBash"],"picked":"SKIP","floor":2},{"not_picked":["EmptyFist","Flex","Deflect"],"picked":"SKIP","floor":4},{"not_picked":["Coolheaded","MentalFortress"],"picked":"Protect","floor":11},{"not_picked":["Clash","Cleave"],"picked":"CarveReality","floor":12},{"not_picked":["Power Through","Halt","Concentrate"],"picked":"SKIP","floor":14},{"not_picked":["Seek","Buffer"],"picked":"ConjureBlade","floor":16},{"not_picked":["Poisoned Stab+1","Noxious Fumes","Protect"],"picked":"SKIP","floor":18},{"not_picked":["Quick Slash","Dramatic Entrance+1"],"picked":"Backflip+1","floor":19},{"not_picked":["True Grit","Swift Strike"],"picked":"ReachHeaven","floor":19},{"not_picked":["Barrage+1","Pommel Strike"],"picked":"HandOfGreed","floor":19},{"not_picked":["Deadly Poison","LikeWater","Recycle"],"picked":"SKIP","floor":21}],"player_experience":697936,"relics_obtained":[],"event_choices":[{"damage_healed":50,"gold_gain":0,"player_choice":"Upgrade","damage_taken":16,"max_hp_gain":0,"max_hp_loss":82,"event_name":"betterThird:BetterShining","floor":3,"gold_loss":0,"cards_upgraded":["Strike_R","Defend_R"]},{"damage_healed":0,"gold_gain":0,"player_choice":"Upgraded","damage_taken":0,"max_hp_gain":0,"max_hp_loss":0,"event_name":"Upgrade Shrine","floor":7,"gold_loss":0,"cards_upgraded":["Ghostly Armor"]},{"damage_healed":0,"gold_gain":200,"player_choice":"Gold","damage_taken":0,"max_hp_gain":0,"max_hp_loss":0,"event_name":"Wheel of Change","floor":20,"gold_loss":0}],"is_beta":false,"boss_relics":[{"not_picked":["Sozu","Fusion Hammer"],"picked":"SacredBark"}],"items_purged_floors":[0,5],"is_endless":false,"potions_floor_spawned":[4,11,12,16],"killed_by":"3 Cultists","ascension_level":3}}