{"host":"ks12kfi5c4d9hdxy","time":1607981277,"event":{"mods":["BaseMod","Conspire","GifTheSpireLib","Koishi","LagranYue(拉格朗・月)","Marisa（F雨　魔理沙）","Minty Spire (QoL Compilation)","Reimu（博丽灵梦）","Remilia（蕾米莉亚）","Replay The Spire","RumiaBox-露米娅的神秘盒子","StSLib","SuperFastMode","The Administrix","The Servant 0.9.4","Youmu（魂魄妖梦）","Yuyuko","【功能Mod】混沌之环修复补丁","【功能Mod】聪明的最终Boss","篝火指南"],"gold_per_floor":[111,122,122,47,107,135,135,164,164,196,215,215,215,244,244,367,367,381,426,426],"floor_reached":19,"playtime":419,"items_purged":["Strike_MRS"],"score":418,"play_id":"55dd546c-a9ae-4a26-9a66-b1c46828bb1f","local_time":"20201215052757","is_ascension_mode":true,"campfire_choices":[{"data":"MachineGunSpark","floor":7.0,"key":"SMITH"},{"floor":13.0,"key":"REST"},{"data":"BlazeAway","floor":15.0,"key":"SMITH"}],"circlet_count":0,"master_deck":["AscendersBane","Strike_MRS","Strike_MRS","Strike_MRS","Defend_MRS","Defend_MRS","Defend_MRS","Defend_MRS","MasterSpark","UpSweep","GrandCross","BlazeAway+1","MachineGunSpark+1","RefractionSpark","ManaConvection","Parasite","EscapeVelocity","PropBag"],"relics":["MiniHakkero","LagranYue:RandomDrawCardRelic","NeowsBlessing","ReplayTheSpireMod:Ring of Challenge","Ring of Fury","GodSword3","RuthlessExorcism:ReiMu","Sundial","LastBattle","MagicDraw4","Cursed Key"],"acts_visited":["Exordium","TheCity"],"potions_floor_usage":[],"damage_taken":[{"damage":0.0,"enemies":"Jaw Worm","floor":1.0,"turns":1.0},{"damage":0.0,"enemies":"2 Louse","floor":2.0,"turns":1.0},{"damage":0.0,"enemies":"Cultist","floor":5.0,"turns":1.0},{"damage":8.0,"enemies":"Gremlin Nob","floor":6.0,"turns":3.0},{"damage":16.0,"enemies":"Lagavulin","floor":8.0,"turns":3.0},{"damage":12.0,"enemies":"3 Sentries","floor":10.0,"turns":4.0},{"damage":7.0,"enemies":"Looter","floor":11.0,"turns":2.0},{"damage":0.0,"enemies":"Lagavulin","floor":14.0,"turns":2.0},{"damage":12.0,"enemies":"Fading Forest","floor":16.0,"turns":11.0},{"damage":0.0,"enemies":"2 Thieves","floor":18.0,"turns":2.0},{"damage":70,"enemies":"Spheric Guardian","floor":19,"turns":2}],"seed_played":"-6781080172814976770","potions_obtained":[{"floor":1.0,"key":"Fire Potion"},{"floor":10.0,"key":"Venom Potion"},{"floor":11.0,"key":"Block Potion"}],"is_trial":false,"path_per_floor":["M","M","?","$","M","E","R","E","T","E","M","?","R","E","R","B",null,"M","M"],"character_chosen":"MARISA","items_purchased":[],"campfire_rested":1,"item_purchase_floors":[],"current_hp_per_floor":[63,63,63,63,63,55,55,39,39,27,20,37,58,58,58,56,67,69,0,0],"gold":426,"neow_bonus":"THREE_ENEMY_KILL","is_daily":false,"chose_seed":false,"campfire_upgraded":2,"win_rate":0.0,"timestamp":1607981277,"path_taken":["M","M","?","$","M","E","R","E","T","E","M","?","R","E","R","BOSS","M","M"],"items_purchased_type":[],"build_version":"2020-12-13","purchased_purges":1,"victory":false,"max_hp_per_floor":[70,70,70,70,70,70,70,70,70,70,70,70,70,70,70,70,70,70,70,70],"card_choices":[{"not_picked":["AlicesGift","EventHorizon"],"picked":"GrandCross","floor":1.0},{"not_picked":["NonDirectionalLaser","MysteriousBeam"],"picked":"BlazeAway","floor":2.0},{"not_picked":["NonDirectionalLaser","UnstableBomb","Robbery"],"picked":"SKIP","floor":5.0},{"not_picked":["OrrerysSun","PowerUp"],"picked":"MachineGunSpark","floor":6.0},{"not_picked":["AsteroidBelt","MagicAbsorber"],"picked":"RefractionSpark","floor":8.0},{"not_picked":["BigCrunch","GravityBeat"],"picked":"ManaConvection","floor":10.0},{"not_picked":["GravityBeat","Acceleration","WitchOfGreed"],"picked":"SKIP","floor":11.0},{"not_picked":["GalacticHalo","TreasureHunter","ShootingEcho"],"picked":"SKIP","floor":14.0},{"not_picked":["JA","BigCrunch"],"picked":"EscapeVelocity","floor":16.0},{"not_picked":["DC","LuminesStrike"],"picked":"PropBag","floor":18.0}],"player_experience":492416,"relics_obtained":[{"floor":3.0,"key":"ReplayTheSpireMod:Ring of Challenge"},{"floor":3.0,"key":"Ring of Fury"},{"floor":6.0,"key":"GodSword3"},{"floor":8.0,"key":"RuthlessExorcism:ReiMu"},{"floor":9.0,"key":"Sundial"},{"floor":10.0,"key":"LastBattle"},{"floor":14.0,"key":"MagicDraw4"}],"event_choices":[{"damage_healed":17.0,"max_hp_gain":0.0,"max_hp_loss":0.0,"gold_gain":0.0,"event_name":"Mushrooms_MRS","player_choice":"Healed and dodged fight","floor":12.0,"gold_loss":0.0,"damage_taken":0.0,"cards_obtained":["Parasite"]}],"is_beta":false,"boss_relics":[{"not_picked":["BewitchedHakkero","Sozu"],"picked":"Cursed Key"}],"items_purged_floors":[4],"is_endless":false,"potions_floor_spawned":[1,10,11,14],"killed_by":"Spheric Guardian","ascension_level":18}}