{"host":"dl5mjdlimopbuch5","time":1607987626,"event":{"mods":["AchievementEnabler","BaseMod","Colored Powertips","Googly Eyes","Minty Spire (QoL Compilation)","Quick Restart"],"gold_per_floor":[109,119,119,44,44,75,75,2,2,20,33,47,47,78,78,202,202,221,221,246,146,146,146,170,170,170],"floor_reached":25,"playtime":527,"items_purged":[],"score":283,"play_id":"621cc6e2-f394-4563-b6d9-cd47f5dc9d62","local_time":"20201214231346","is_ascension_mode":true,"campfire_choices":[{"data":"Sunder","floor":7,"key":"SMITH"},{"floor":13,"key":"REST"},{"data":"Storm","floor":15,"key":"SMITH"},{"floor":23,"key":"REST"}],"circlet_count":0,"master_deck":["Strike_B","Strike_B","Strike_B","Strike_B","Defend_B","Defend_B","Defend_B","Defend_B","Zap+1","Dualcast","Cold Snap","Sunder+1","Capacitor","Storm+1","Amplify","Ball Lightning+1","Defragment"],"relics":["Cracked Core","NeowsBlessing","Golden Idol","Lantern","Tiny Chest","HornCleat","Inserter","MutagenicStrength"],"acts_visited":["Exordium","TheCity"],"potions_floor_usage":[21],"damage_taken":[{"damage":0,"enemies":"Small Slimes","floor":1,"turns":1},{"damage":0,"enemies":"Jaw Worm","floor":2,"turns":1},{"damage":0,"enemies":"Lagavulin","floor":6,"turns":1},{"damage":8,"enemies":"2 Louse","floor":10,"turns":2},{"damage":1,"enemies":"Looter","floor":11,"turns":2},{"damage":2,"enemies":"3 Louse","floor":12,"turns":3},{"damage":6,"enemies":"3 Sentries","floor":14,"turns":5},{"damage":35,"enemies":"Slime Boss","floor":16,"turns":9},{"damage":19,"enemies":"Spheric Guardian","floor":18,"turns":4},{"damage":27,"enemies":"2 Thieves","floor":20,"turns":4},{"damage":8,"enemies":"Snecko","floor":24,"turns":4},{"damage":0,"enemies":"Slavers","floor":25,"turns":1}],"seed_played":"-719457446883663002","potions_obtained":[{"floor":6,"key":"Strength Potion"},{"floor":12,"key":"EssenceOfSteel"},{"floor":14,"key":"LiquidMemories"}],"is_trial":false,"path_per_floor":["M","M","?","$","?","E","R","$","T","M","M","M","R","E","R","B",null,"M","?","M","$","?","R","M","E"],"character_chosen":"DEFECT","items_purchased":["Capacitor","Storm","Fruit Juice"],"campfire_rested":2,"item_purchase_floors":[4,8,21],"current_hp_per_floor":[75,75,57,57,57,57,57,57,57,49,48,46,68,62,62,27,75,56,56,29,34,34,58,50,50,50],"gold":170,"neow_bonus":"THREE_ENEMY_KILL","is_daily":false,"chose_seed":false,"campfire_upgraded":2,"win_rate":0.0,"timestamp":1607987626,"path_taken":["M","M","?","$","?","E","R","$","T","M","M","M","R","E","R","BOSS","M","?","M","$","?","R","M","E"],"items_purchased_type":["Card","Card","Potion"],"build_version":"2020-12-13","purchased_purges":0,"victory":false,"max_hp_per_floor":[75,75,75,75,75,75,75,75,75,75,75,75,75,75,75,75,75,75,75,75,80,80,80,80,80,80],"card_choices":[{"not_picked":["Steam","Stack"],"picked":"Cold Snap","floor":1},{"not_picked":["Go for the Eyes","Streamline"],"picked":"Sunder","floor":2},{"not_picked":["Cold Snap","Compile Driver","Turbo"],"picked":"SKIP","floor":6},{"not_picked":["Hologram","Conserve Battery","Storm"],"picked":"SKIP","floor":10},{"not_picked":["Redo","BootSequence","Sunder"],"picked":"SKIP","floor":11},{"not_picked":["Fusion","Leap","Stack"],"picked":"SKIP","floor":12},{"not_picked":["Recycle","Turbo","Go for the Eyes"],"picked":"SKIP","floor":14},{"not_picked":["Machine Learning","Seek"],"picked":"Amplify","floor":16},{"not_picked":["Conserve Battery","Steam","Blizzard+1"],"picked":"SKIP","floor":18},{"not_picked":["Force Field","Beam Cell"],"picked":"Ball Lightning+1","floor":20},{"not_picked":["Loop","Self Repair"],"picked":"Defragment","floor":24}],"player_experience":223806,"relics_obtained":[{"floor":6,"key":"Lantern"},{"floor":9,"key":"Tiny Chest"},{"floor":14,"key":"HornCleat"}],"event_choices":[{"damage_healed":0,"gold_gain":0,"player_choice":"Take Damage","damage_taken":18,"relics_obtained":["Golden Idol"],"max_hp_gain":0,"max_hp_loss":0,"event_name":"Golden Idol","floor":3,"gold_loss":0},{"damage_healed":0,"gold_gain":0,"player_choice":"Grow","damage_taken":0,"max_hp_gain":0,"max_hp_loss":0,"event_name":"Living Wall","floor":5,"gold_loss":0,"cards_upgraded":["Zap"]},{"damage_healed":0,"gold_gain":0,"player_choice":"Ignored","damage_taken":0,"max_hp_gain":0,"max_hp_loss":0,"event_name":"Ghosts","floor":19,"gold_loss":0},{"damage_healed":0,"gold_gain":0,"player_choice":"Inject Mutagens","damage_taken":0,"relics_obtained":["MutagenicStrength"],"max_hp_gain":0,"max_hp_loss":0,"event_name":"Drug Dealer","floor":22,"gold_loss":0}],"is_beta":false,"boss_relics":[{"not_picked":["Fusion Hammer","Runic Pyramid"],"picked":"Inserter"}],"items_purged_floors":[],"is_endless":false,"potions_floor_spawned":[6,12,14],"killed_by":"Slavers","ascension_level":4}}