{"host":"ds28d883r3sz42zs","time":1607979566,"event":{"mods":["2.2 Compatiblity","AchievementEnabler","Act Like it!","BaseMod","Bestiary","Better Match","Better Sensory Stone","Better Third Choice","Better-Laid Plans","BetterRewards","Block Reminder","Challenge The Spire","Colored Map","Colored Powertips","Defuse TimeMaze Blight","Disable Question Mark Monsters","Displayed Cursed Tome","Emptier Cage","GifTheSpireLib","Gold Saver","Minty Spire (QoL Compilation)","Permanent Neow","Practice Mode","Quick Restart","Random Character Button","Rare Cards Sparkle","Relic Filter","Relic Stats","SacredBarkPlus","StSLib","SuperFastMode","Uncapped","Unknown Chances"],"gold_per_floor":[998,290,308,308,332,363,313,313,337,378,135,135,168,193,193,312,312,336,251,266,536,23,23,63,63,89,112,133,154,354,6,6,127,127,151,151,76,76,91,127,127,161,161,195,195,214,214,40,40,40,40,40,40,84,84],"floor_reached":56,"playtime":1896,"items_purged":["Strike_B","Defend_B","Strike_B"],"score":1780,"play_id":"9388a2d2-cb5e-4bec-b076-c502910e5530","local_time":"20201214155926","is_ascension_mode":true,"campfire_choices":[{"data":"Go for the Eyes","floor":8.0,"key":"SMITH"},{"floor":12.0,"key":"REST"},{"data":"Barrage","floor":15.0,"key":"SMITH"},{"data":"Doom and Gloom","floor":23.0,"key":"SMITH"},{"floor":25.0,"key":"REST"},{"data":"Multi-Cast","floor":32.0,"key":"SMITH"},{"floor":41,"key":"REST"},{"floor":45,"key":"RECALL"},{"floor":49,"key":"REST"},{"floor":52,"key":"REST"}],"circlet_count":0,"master_deck":["Strike_B","Defend_B","Defend_B","Zap","Dualcast","Sweeping Beam","Doom and Gloom+1","Barrage+1","Compile Driver","Go for the Eyes+1","Defragment+1","Sweeping Beam","Conserve Battery","Buffer+1","Loop+1","Reinforced Body+1","Loop+1","Defragment+1","Compile Driver+1","Ball Lightning","Multi-Cast+1","Consume","Defragment+1","Echo Form+1","Heatsinks+1","Conserve Battery+1","Coolheaded+1","Cold Snap","Defragment+1","Static Discharge+1","Coolheaded"],"relics":["Inserter","Medical Kit","Ornamental Fan","Blood Vial","Golden Idol","Bottled Flame","Oddly Smooth Stone","Frozen Egg 2","Runic Capacitor","Pear","Sozu","Ancient Tea Set","DollysMirror","Gambling Chip","Art of War","MealTicket","Lee\u0027s Waffle","Fusion Hammer","Vajra","Bottled Tornado","Nunchaku","OrangePellets","Anchor"],"acts_visited":["Exordium","TheCity","TheBeyond","TheEnding"],"potions_floor_usage":[55],"damage_taken":[{"damage":2.0,"enemies":"Jaw Worm","floor":1.0,"turns":5.0},{"damage":0.0,"enemies":"Small Slimes","floor":3.0,"turns":3.0},{"damage":0.0,"enemies":"2 Louse","floor":5.0,"turns":2.0},{"damage":20.0,"enemies":"3 Sentries","floor":6.0,"turns":5.0},{"damage":16.0,"enemies":"Gremlin Nob","floor":10.0,"turns":4.0},{"damage":13.0,"enemies":"Lagavulin","floor":13.0,"turns":5.0},{"damage":0.0,"enemies":"Gremlin Gang","floor":14.0,"turns":1.0},{"damage":40.0,"enemies":"Hexaghost","floor":16.0,"turns":10.0},{"damage":2.0,"enemies":"Shell Parasite","floor":18.0,"turns":6.0},{"damage":0.0,"enemies":"Spheric Guardian","floor":20.0,"turns":4.0},{"damage":28.0,"enemies":"Gremlin Leader","floor":24.0,"turns":6.0},{"damage":0.0,"enemies":"3 Cultists","floor":27.0,"turns":4.0},{"damage":1.0,"enemies":"Sentry and Sphere","floor":28.0,"turns":5.0},{"damage":4.0,"enemies":"Chosen and Byrds","floor":29.0,"turns":3.0},{"damage":62.0,"enemies":"Automaton","floor":33.0,"turns":7.0},{"damage":0,"enemies":"3 Shapes","floor":35,"turns":3},{"damage":37,"enemies":"3 Darklings","floor":39,"turns":4},{"damage":27,"enemies":"Reptomancer","floor":40,"turns":7},{"damage":7,"enemies":"Nemesis","floor":42,"turns":5},{"damage":16,"enemies":"Reptomancer","floor":44,"turns":5},{"damage":4,"enemies":"4 Shapes","floor":46,"turns":4},{"damage":5,"enemies":"Time Eater","floor":50,"turns":8},{"damage":55,"enemies":"Shield and Spear","floor":54,"turns":4},{"damage":7,"enemies":"The Heart","floor":55,"turns":12}],"seed_played":"6603525266275202427","potions_obtained":[{"floor":3.0,"key":"Ancient Potion"},{"floor":10.0,"key":"DuplicationPotion"},{"floor":16.0,"key":"Fruit Juice"}],"is_trial":false,"path_per_floor":["M","$","M","?","M","E","?","R","T","E","$","R","E","M","R","B",null,"M","?","M","?","$","R","E","R","T","M","M","M","?","$","R","B",null,"M","?","?","$","M","E","R","E","T","E","R","M","?","$","R","B",null,"R","$","E","B",null],"character_chosen":"DEFECT","items_purchased":["Medical Kit","Ornamental Fan","Blood Vial","Doom and Gloom","Runic Capacitor","Loop+1","DollysMirror","Gambling Chip","Lee\u0027s Waffle","Defragment+1","OrangePellets","Coolheaded"],"campfire_rested":5,"item_purchase_floors":[2,2,2,2,11,22,22,22,31,31,48,48],"current_hp_per_floor":[66,66,68,50,52,34,34,34,34,20,20,42,41,43,43,5,65,65,65,67,40,40,40,14,46,46,48,49,47,47,97,97,35,82,84,84,84,97,60,35,64,59,59,45,45,43,43,58,85,82,90,92,92,37,32],"gold":84,"neow_bonus":"BOSS_RELIC","is_daily":false,"chose_seed":false,"campfire_upgraded":4,"win_rate":0.0,"timestamp":1607979566,"path_taken":["M","$","M","?","M","E","?","R","T","E","$","R","E","M","R","BOSS","M","?","M","?","$","R","E","R","T","M","?","M","?","$","R","BOSS","M","?","?","$","M","E","R","E","T","E","R","M","?","?","R","BOSS","R","$","E","BOSS"],"items_purchased_type":["Relic","Relic","Relic","Card","Relic","Card","Relic","Relic","Relic","Card","Relic","Card"],"build_version":"2020-12-13","purchased_purges":3,"victory":true,"max_hp_per_floor":[75,75,75,75,75,75,75,75,75,75,75,75,85,85,85,85,85,85,85,85,85,85,85,85,90,90,90,90,90,90,97,97,97,97,97,97,97,97,97,97,97,97,97,97,97,97,92,92,92,92,92,92,92,92,92],"relic_stats":{"Lee\u0027s Waffle":35,"Inserter":[60],"counters":[24,121],"Golden Idol":202,"Medical Kit":[11],"Blood Vial":40,"Sozu":5,"OrangePellets":[3],"Nunchaku":[5],"Ornamental Fan":[128],"Gambling Chip":[34],"MealTicket":43,"Art of War":[10],"obtain_stats":[{"Lee\u0027s Waffle":31,"Inserter":0,"Pear":13,"Golden Idol":4,"Oddly Smooth Stone":9,"Vajra":40,"Runic Capacitor":11,"Frozen Egg 2":10,"Bottled Tornado":42,"Medical Kit":2,"Ancient Tea Set":19,"Blood Vial":2,"Sozu":17,"OrangePellets":48,"Bottled Flame":6,"Nunchaku":44,"Anchor":54,"Ornamental Fan":2,"DollysMirror":22,"Gambling Chip":22,"MealTicket":26,"Fusion Hammer":34,"Art of War":24,"Cracked Core":0},{"Lee\u0027s Waffle":14,"Inserter":0,"Pear":6,"Golden Idol":2,"Oddly Smooth Stone":4,"Vajra":18,"Runic Capacitor":5,"Frozen Egg 2":5,"Bottled Tornado":19,"Medical Kit":1,"Ancient Tea Set":9,"Blood Vial":1,"Sozu":8,"OrangePellets":21,"Bottled Flame":4,"Nunchaku":20,"Anchor":23,"Ornamental Fan":1,"DollysMirror":10,"Gambling Chip":10,"MealTicket":11,"Fusion Hammer":15,"Art of War":11,"Cracked Core":0},{"Lee\u0027s Waffle":63,"Inserter":0,"Pear":24,"Golden Idol":8,"Oddly Smooth Stone":15,"Vajra":84,"Runic Capacitor":19,"Frozen Egg 2":19,"Bottled Tornado":89,"Medical Kit":5,"Ancient Tea Set":41,"Blood Vial":5,"Sozu":35,"OrangePellets":98,"Bottled Flame":15,"Nunchaku":94,"Anchor":110,"Ornamental Fan":5,"DollysMirror":45,"Gambling Chip":45,"MealTicket":51,"Fusion Hammer":70,"Art of War":51,"Cracked Core":0}]},"card_choices":[{"not_picked":["Turbo","Scrape"],"picked":"Sweeping Beam","floor":1.0},{"not_picked":["Conserve Battery","Beam Cell"],"picked":"Barrage","floor":3.0},{"not_picked":["Amplify","Conserve Battery"],"picked":"Compile Driver","floor":5.0},{"not_picked":["Storm","Aggregate"],"picked":"Go for the Eyes","floor":6.0},{"not_picked":["Streamline","Redo"],"picked":"Defragment+1","floor":10.0},{"not_picked":["Storm+1","Rebound"],"picked":"Sweeping Beam","floor":13.0},{"not_picked":["Stack","Steam"],"picked":"Conserve Battery","floor":14.0},{"not_picked":["Fission","Reboot"],"picked":"Buffer+1","floor":16.0},{"not_picked":["Sunder","Cold Snap"],"picked":"Loop+1","floor":18.0},{"not_picked":["Heatsinks+1","Stack"],"picked":"Reinforced Body+1","floor":20.0},{"not_picked":["Steam Power+1","Rip and Tear"],"picked":"Compile Driver+1","floor":24.0},{"not_picked":["Stack","Hologram"],"picked":"Ball Lightning","floor":27.0},{"not_picked":["Beam Cell+1","Conserve Battery"],"picked":"Multi-Cast","floor":28.0},{"not_picked":["Redo","Rebound"],"picked":"Consume","floor":29.0},{"not_picked":["Rainbow","Hyperbeam"],"picked":"Echo Form+1","floor":33.0},{"not_picked":["Tempest","Stack","Rebound+1"],"picked":"SKIP","floor":35},{"not_picked":["Rip and Tear","Capacitor"],"picked":"Heatsinks","floor":37},{"not_picked":["Beam Cell","Streamline"],"picked":"Conserve Battery+1","floor":39},{"not_picked":["Lockon+1","Redo+1"],"picked":"Coolheaded+1","floor":40},{"not_picked":["Steam+1","Meteor Strike"],"picked":"Cold Snap","floor":42},{"not_picked":["Go for the Eyes+1","Darkness+1"],"picked":"Defragment+1","floor":44},{"not_picked":["Beam Cell+1","Streamline"],"picked":"Static Discharge+1","floor":46},{"not_picked":["Reprogram+1","Streamline","Stack"],"picked":"SKIP","floor":54}],"player_experience":652693,"relics_obtained":[{"floor":6.0,"key":"Bottled Flame"},{"floor":9.0,"key":"Oddly Smooth Stone"},{"floor":10.0,"key":"Frozen Egg 2"},{"floor":13.0,"key":"Pear"},{"floor":24.0,"key":"Art of War"},{"floor":26.0,"key":"MealTicket"},{"floor":40,"key":"Vajra"},{"floor":42,"key":"Bottled Tornado"},{"floor":44,"key":"Nunchaku"},{"floor":54,"key":"Anchor"}],"event_choices":[{"damage_healed":0.0,"max_hp_gain":0.0,"max_hp_loss":0.0,"gold_gain":0.0,"event_name":"Golden Idol","player_choice":"Take Damage","floor":4.0,"gold_loss":0.0,"damage_taken":18.0,"relics_obtained":["Golden Idol"]},{"cards_removed":["Strike_B"],"damage_healed":0.0,"max_hp_gain":0.0,"max_hp_loss":0.0,"gold_gain":0.0,"event_name":"The Cleric","player_choice":"Card Removal","floor":7.0,"gold_loss":50.0,"damage_taken":0.0},{"damage_healed":0.0,"max_hp_gain":0.0,"max_hp_loss":0.0,"gold_gain":0.0,"event_name":"Addict","player_choice":"Obtained Relic","floor":19.0,"gold_loss":85.0,"damage_taken":0.0,"relics_obtained":["Ancient Tea Set"]},{"damage_healed":0.0,"max_hp_gain":0.0,"max_hp_loss":0.0,"gold_gain":270.0,"event_name":"Knowing Skull","player_choice":"GOLD GOLD GOLD ","floor":21.0,"potions_obtained":[],"gold_loss":0.0,"damage_taken":27.0,"cards_obtained":[]},{"damage_healed":0.0,"max_hp_gain":0.0,"max_hp_loss":0.0,"gold_gain":250.0,"event_name":"The Joust","player_choice":"Bet on Owner","floor":30.0,"gold_loss":50.0,"damage_taken":0.0},{"cards_removed":["Defend_B"],"damage_healed":0,"gold_gain":0,"player_choice":"Removed Skill","damage_taken":0,"max_hp_gain":0,"max_hp_loss":0,"event_name":"Falling","floor":36,"gold_loss":0},{"damage_healed":0,"gold_gain":0,"player_choice":"1","damage_taken":0,"max_hp_gain":0,"max_hp_loss":0,"event_name":"betterMatch:BetterMatch","floor":37,"gold_loss":0,"cards_obtained":["betterMatch:UncommonCard"]},{"damage_healed":0,"gold_gain":0,"player_choice":"Max HP","damage_taken":0,"max_hp_gain":0,"max_hp_loss":5,"event_name":"Winding Halls","floor":47,"gold_loss":0}],"is_beta":false,"boss_relics":[{"not_picked":["Tiny House","Runic Dome"],"picked":"Sozu"},{"not_picked":["Pandora\u0027s Box","Philosopher\u0027s Stone"],"picked":"Fusion Hammer"}],"items_purged_floors":[2,11,31],"is_endless":false,"potions_floor_spawned":[3,10,16,20,27,29,35,46],"ascension_level":9}}