{"host":"pgqkv8mh62pnrbci","time":1607949079,"event":{"mods":["AchievementEnabler","BaseMod","Custom Start","Minty Spire (QoL Compilation)","Replay The Spire","StSLib","SuperFastMode","¡¼?Úª?ø«¡½REMEMod"],"gold_per_floor":[114,130,148,148,148,167,167,250,250,261,280,280,299,314,314,391,391,410,460,73,204,223,223,242,242,242,258,258,269,64,78,78,157,157,168,184,196,136,206,206,256,256,256,256,285,10,22,425,425,425],"floor_reached":51,"playtime":2798,"items_purged":["Strike_B"],"score":1481,"play_id":"99df91d3-9ccc-466a-afe2-553034f2140d","local_time":"20201214213119","is_ascension_mode":true,"campfire_choices":[{"data":"Genetic Algorithm","floor":12.0,"key":"SMITH"},{"data":"ReplayTheSpireMod:Calculation Training","floor":15.0,"key":"SMITH"},{"floor":23.0,"key":"REST"},{"floor":25.0,"key":"REST"},{"data":"Aggregate","floor":28.0,"key":"SMITH"},{"floor":32.0,"key":"REST"},{"floor":40.0,"key":"REST"},{"data":"ReplayTheSpireMod:GoodbyeWorld","floor":42.0,"key":"SMITH"},{"data":"ReplayTheSpireMod:Fabricate Wheel","floor":44.0,"key":"SMITH"},{"floor":49.0,"key":"REST"}],"circlet_count":0,"master_deck":["AscendersBane","Defend_B","Defend_B","Zap","Dualcast","BasicCrystalCard","Defragment+1","Hello World","FTL","Auto Shields","Cold Snap","REME_Shoggoth","Genetic Algorithm+1","Stack","Consume","Leap","Capacitor","Conserve Battery","Sunder","ReplayTheSpireMod:Calculation Training+1","REME_SelfUpgrade","Electrodynamics","BasicCrystalCard+1","Gash","Cold Snap","Writhe","Aggregate+1","Buffer","BasicCrystalCard","Crystallizer","Self Repair","Skim","ReplayTheSpireMod:Calculation Training+1","Hello World","Chaos","Panic Button","REME_ForAll","ReplaySort","Compile Driver","Compile Driver","CurseOfTheBell","Aggregate","REME_SelfUpgrade","Creative AI","ReplayTheSpireMod:GoodbyeWorld+1","Conserve Battery","FTL+1","Aggregate","Chill+1","Glacier","Crystallizer","Pot Of Greed","Pot Of Greed","Pot Of Greed","Pot Of Greed","Pot Of Greed","Chill","Fission","Steam Power+1","Defragment","Panic Button+1","Core Surge","Pot Of Greed","Heatsinks","Defragment","REME_DataAnalysis"],"relics":["Cracked Core","REME_ComplimentaryCards","Boot","Prayer Wheel","SsserpentHead","Prayer Wheel","REME_DuelDisc","Pantograph","Quantum Egg","Carrot","Pear","Calling Bell","Bag of Preparation","Letter Opener","Replay:PocketPolymizer","Grinning Jar","Prayer Wheel","Du-Vu Doll","Mummified Hand","Old Coin"],"acts_visited":["Exordium","TheCity","TheBeyond"],"potions_floor_usage":[50],"damage_taken":[{"damage":4.0,"enemies":"Jaw Worm","floor":1.0,"turns":3.0},{"damage":4.0,"enemies":"Small Slimes","floor":2.0,"turns":4.0},{"damage":10.0,"enemies":"Cultist","floor":3.0,"turns":4.0},{"damage":6.0,"enemies":"2 Fungi Beasts","floor":6.0,"turns":4.0},{"damage":0.0,"enemies":"Gremlin Gang","floor":8.0,"turns":3.0},{"damage":6.0,"enemies":"Exordium Thugs","floor":10.0,"turns":3.0},{"damage":5.0,"enemies":"Large Slime","floor":11.0,"turns":5.0},{"damage":0.0,"enemies":"3 Louse","floor":13.0,"turns":4.0},{"damage":18.0,"enemies":"Exordium Wildlife","floor":14.0,"turns":3.0},{"damage":0.0,"enemies":"Slime Boss","floor":16.0,"turns":5.0},{"damage":24.0,"enemies":"2 Thieves","floor":18.0,"turns":3.0},{"damage":3.0,"enemies":"3 Byrds","floor":22.0,"turns":3.0},{"damage":27.0,"enemies":"Cultist and Chosen","floor":24.0,"turns":8.0},{"damage":13.0,"enemies":"Snecko","floor":27.0,"turns":5.0},{"damage":0.0,"enemies":"Shelled Parasite and Fungi","floor":29.0,"turns":1.0},{"damage":9.0,"enemies":"Snake Plant","floor":31.0,"turns":2.0},{"damage":0.0,"enemies":"Collector","floor":33.0,"turns":2.0},{"damage":19.0,"enemies":"Orb Walker","floor":35.0,"turns":6.0},{"damage":41.0,"enemies":"3 Darklings","floor":36.0,"turns":6.0},{"damage":13.0,"enemies":"4 Shapes","floor":37.0,"turns":2.0},{"damage":0.0,"enemies":"Transient","floor":39.0,"turns":3.0},{"damage":0.0,"enemies":"Reptomancer","floor":45.0,"turns":6.0},{"damage":21.0,"enemies":"Maw","floor":47.0,"turns":9.0},{"damage":0.0,"enemies":"2 Orb Walkers","floor":48.0,"turns":4.0},{"damage":60,"enemies":"Awakened One","floor":50,"turns":10}],"seed_played":"1323362868124130857","potions_obtained":[{"floor":1.0,"key":"Regen Potion"},{"floor":2.0,"key":"ColorlessPotion"},{"floor":11.0,"key":"SpeedPotion"},{"floor":13.0,"key":"Explosive Potion"},{"floor":16.0,"key":"Milkshake"},{"floor":24.0,"key":"Strength Potion"},{"floor":29.0,"key":"SteroidPotion"},{"floor":33.0,"key":"SkillPotion"},{"floor":37.0,"key":"Swift Potion"},{"floor":45.0,"key":"FocusPotion"},{"floor":47.0,"key":"DistilledChaos"}],"is_trial":false,"path_per_floor":["M","M","M","?","?","M","?","M","T","M","M","R","M","M","R","B",null,"M","?","$","?","M","R","M","R","T","M","R","M","$","M","R","B",null,"M","M","M","?","M","R","?","R","T","R","E","$","M","?","R","B",null],"character_chosen":"DEFECT","items_purchased":["Aggregate","Quantum Egg","Pear","Mummified Hand","Defragment"],"campfire_rested":5,"item_purchase_floors":[20,20,30,46,46],"current_hp_per_floor":[60,56,51,56,56,50,50,50,50,44,39,39,39,21,21,21,62,38,38,38,13,10,32,12,34,34,21,21,21,31,22,47,79,84,65,31,18,18,18,43,43,43,43,43,50,50,29,36,61,33],"gold":425,"neow_bonus":"RANDOM_COMMON_RELIC","is_daily":false,"chose_seed":false,"campfire_upgraded":5,"win_rate":0.0,"timestamp":1607949079,"path_taken":["M","M","M","?","?","?","?","?","T","M","M","R","M","M","R","BOSS","M","?","$","?","M","R","M","R","T","M","R","M","?","M","R","BOSS","M","M","M","?","?","R","?","R","T","R","E","$","M","?","R","BOSS"],"items_purchased_type":["Card","Relic","Relic","Relic","Card"],"build_version":"2020-12-13","purchased_purges":1,"victory":true,"max_hp_per_floor":[71,71,71,76,76,76,76,76,76,76,76,76,76,76,76,76,76,76,76,76,76,76,76,76,76,76,76,76,76,86,86,86,86,86,86,86,86,86,86,86,86,86,86,86,86,86,86,86,86,86],"card_choices":[{"not_picked":["Go for the Eyes","Reprogram"],"picked":"BasicCrystalCard","floor":1.0},{"not_picked":["Steam","Sunder"],"picked":"Defragment","floor":2.0},{"not_picked":["Gash","ReplaySolidLightProjector"],"picked":"Hello World","floor":2.0},{"not_picked":["Hello World","Sweeping Beam"],"picked":"FTL","floor":3.0},{"not_picked":["FTL","Leap"],"picked":"Auto Shields","floor":3.0},{"not_picked":["ReplayGash","Redo"],"picked":"Cold Snap","floor":6.0},{"not_picked":["Steam","REME_Whirling","Fusion"],"picked":"SKIP","floor":6.0},{"not_picked":["Steam","REME_Whirling","Fusion"],"picked":"SKIP","floor":6.0},{"not_picked":["Streamline","Beam Cell"],"picked":"REME_Shoggoth","floor":8.0},{"not_picked":["Go for the Eyes","Sweeping Beam","Hologram"],"picked":"SKIP","floor":8.0},{"not_picked":["Go for the Eyes","Sweeping Beam","Hologram"],"picked":"SKIP","floor":8.0},{"not_picked":["Blizzard","BasicCrystalCard"],"picked":"Genetic Algorithm","floor":10.0},{"not_picked":["BasicCrystalCard","Tempest","Turbo"],"picked":"SKIP","floor":10.0},{"not_picked":["Turbo","FTL","Stack"],"picked":"SKIP","floor":10.0},{"not_picked":["Turbo","FTL"],"picked":"Stack","floor":10.0},{"not_picked":["BasicCrystalCard","Tempest","Turbo"],"picked":"SKIP","floor":10.0},{"not_picked":["Ball Lightning","ReplaySort"],"picked":"Consume","floor":11.0},{"not_picked":["Redo","Stack"],"picked":"Leap","floor":11.0},{"not_picked":["Steam","Redo","Rebound"],"picked":"SKIP","floor":11.0},{"not_picked":["Ball Lightning","Time Bomb"],"picked":"Capacitor","floor":13.0},{"not_picked":["Hyperbeam","Melter"],"picked":"Conserve Battery","floor":13.0},{"not_picked":["Go for the Eyes","Reprogram","Leap"],"picked":"SKIP","floor":13.0},{"not_picked":["Melter","Lockon"],"picked":"Sunder","floor":14.0},{"not_picked":["Beam Cell","Fusion"],"picked":"ReplayTheSpireMod:Calculation Training","floor":14.0},{"not_picked":["Turbo","Barrage"],"picked":"REME_SelfUpgrade","floor":14.0},{"not_picked":["Seek","REME_ForAll","ReplayTheSpireMod:Omega Cannon"],"picked":"Electrodynamics","floor":16.0},{"not_picked":["Barrage","Leap+1"],"picked":"BasicCrystalCard+1","floor":18.0},{"not_picked":["Rebound","Steam"],"picked":"Gash","floor":18.0},{"not_picked":["REME_Whirling","Rebound"],"picked":"Cold Snap","floor":18.0},{"not_picked":["Barrage","Cold Snap"],"picked":"Buffer","floor":21.0},{"not_picked":["Gash","Steam+1"],"picked":"BasicCrystalCard","floor":21.0},{"not_picked":["Cold Snap","Beam Cell","Coolheaded"],"picked":"Crystallizer","floor":22.0},{"not_picked":["Streamline","Rebound","Consume"],"picked":"Self Repair","floor":22.0},{"not_picked":["BasicCrystalCard+1","Force Field","Barrage"],"picked":"Skim","floor":22.0},{"not_picked":["Mirror Shield","Cold Snap","Consume"],"picked":"ReplayTheSpireMod:Calculation Training","floor":24.0},{"not_picked":["Stack","Undo","Sweeping Beam"],"picked":"Hello World","floor":24.0},{"not_picked":["Stack","Barrage","Redo"],"picked":"Chaos","floor":24.0},{"not_picked":["Hologram","REME_SelfUpgrade"],"picked":"Panic Button","floor":27.0},{"not_picked":["Turbo","Rebound"],"picked":"REME_ForAll","floor":27.0},{"not_picked":["Cold Snap","Melter","Doom and Gloom"],"picked":"SKIP","floor":27.0},{"not_picked":["ReplayTheSpireMod:Calculation Training","Go for the Eyes","ReplayTheSpireMod:Repulse+1"],"picked":"SKIP","floor":29.0},{"not_picked":["Crystallizer","Panic Button","Stack"],"picked":"SKIP","floor":29.0},{"not_picked":["Cold Snap","Streamline","Crystallizer"],"picked":"SKIP","floor":29.0},{"not_picked":["Electrodynamics","Barrage"],"picked":"ReplaySort","floor":31.0},{"not_picked":["Go for the Eyes","Turbo+1"],"picked":"Compile Driver","floor":31.0},{"not_picked":["Beam Cell","Sweeping Beam"],"picked":"Compile Driver","floor":31.0},{"not_picked":["Creative AI","Core Surge"],"picked":"ReplayTheSpireMod:Fabricate Wheel","floor":33.0},{"not_picked":["ReplayTheSpireMod:Reroute Power","Stack","BasicCrystalCard+1"],"picked":"Aggregate","floor":35.0},{"not_picked":["REME_Whirling","Gash","Go for the Eyes"],"picked":"REME_SelfUpgrade","floor":35.0},{"not_picked":["Steam","Sweeping Beam+1","ReplayTheSpireMod:Repulse","Turbo+1"],"picked":"SKIP","floor":35.0},{"not_picked":["Tempest+1","Gash+1"],"picked":"Creative AI","floor":36.0},{"not_picked":["Rebound","Stack","Ball Lightning"],"picked":"SKIP","floor":36.0},{"not_picked":["Glacier+1","Gash","Compile Driver"],"picked":"SKIP","floor":36.0},{"not_picked":["BasicCrystalCard","Conserve Battery"],"picked":"ReplayTheSpireMod:GoodbyeWorld","floor":37.0},{"not_picked":["ReplaySolidLightProjector","Rebound+1"],"picked":"Conserve Battery","floor":37.0},{"not_picked":["ReplayTheSpireMod:GoodbyeWorld","FTL+1","Undo+1"],"picked":"SKIP","floor":37.0},{"not_picked":["ReplayTheSpireMod:GoodbyeWorld","Undo+1"],"picked":"FTL+1","floor":37.0},{"not_picked":["Stack","BasicCrystalCard","REME_SelfUpgrade"],"picked":"Aggregate","floor":39.0},{"not_picked":["ReplaySort","Hologram","Ball Lightning"],"picked":"Chill+1","floor":39.0},{"not_picked":["Hologram","Beam Cell","Gash","Sweeping Beam"],"picked":"SKIP","floor":39.0},{"not_picked":["ReplayTheSpireMod:Omega Cannon","FTL+1","BootSequence+1","Conserve Battery+1"],"picked":"Steam Power+1","floor":45.0},{"not_picked":["Leap+1","Stack","REME_Compress+1","Steam"],"picked":"Panic Button+1","floor":47.0},{"not_picked":["ReplayTheSpireMod:Repulse+1","Sweeping Beam","Fusion","Hologram"],"picked":"Core Surge","floor":47.0},{"not_picked":["Hologram","Hello World+1","Doom and Gloom","Conserve Battery"],"picked":"Heatsinks","floor":47.0},{"not_picked":["Compile Driver","Rebound","ReplaySolidLightProjector","Go for the Eyes","Barrage"],"picked":"SKIP","floor":47.0},{"not_picked":["Gash+1","Glacier","Redo","Barrage"],"picked":"Defragment","floor":48.0}],"player_experience":548586,"relics_obtained":[{"floor":9.0,"key":"Prayer Wheel"},{"floor":26.0,"key":"Carrot"},{"floor":34.0,"key":"Bag of Preparation"},{"floor":34.0,"key":"Letter Opener"},{"floor":34.0,"key":"Replay:PocketPolymizer"},{"floor":43.0,"key":"Grinning Jar"},{"floor":45.0,"key":"Du-Vu Doll"},{"floor":48.0,"key":"Old Coin"}],"event_choices":[{"damage_healed":0.0,"max_hp_gain":5.0,"max_hp_loss":0.0,"gold_gain":0.0,"event_name":"Big Fish","player_choice":"Donut","floor":4.0,"gold_loss":0.0,"damage_taken":0.0},{"damage_healed":0.0,"max_hp_gain":0.0,"max_hp_loss":0.0,"gold_gain":0.0,"event_name":"Upgrade Shrine","player_choice":"Upgraded","floor":5.0,"gold_loss":0.0,"damage_taken":0.0,"cards_upgraded":["Defragment"]},{"damage_healed":0.0,"max_hp_gain":0.0,"max_hp_loss":0.0,"gold_gain":0.0,"event_name":"FaceTrader","player_choice":"Trade","floor":7.0,"gold_loss":0.0,"damage_taken":0.0,"relics_obtained":["SsserpentHead"]},{"damage_healed":0.0,"max_hp_gain":0.0,"max_hp_loss":0.0,"gold_gain":0.0,"event_name":"The Mausoleum","player_choice":"Opened","floor":19.0,"gold_loss":0.0,"damage_taken":0.0,"relics_obtained":["Pantograph"],"cards_obtained":["Writhe"]},{"cards_removed":["Strike_B"],"damage_healed":0.0,"max_hp_gain":0.0,"max_hp_loss":0.0,"gold_gain":0.0,"event_name":"Designer","player_choice":"Upgrade and Remove","floor":38.0,"gold_loss":110.0,"damage_taken":0.0,"cards_upgraded":["ReplayTheSpireMod:Calculation Training"]},{"damage_healed":0.0,"max_hp_gain":0.0,"max_hp_loss":0.0,"gold_gain":0.0,"event_name":"Tomb of Lord Red Mask","player_choice":"Ignored","floor":41.0,"gold_loss":0.0,"damage_taken":0.0},{"damage_healed":0.0,"max_hp_gain":0.0,"max_hp_loss":0.0,"gold_gain":0.0,"event_name":"Mysterious Sphere","player_choice":"Fight","floor":48.0,"gold_loss":0.0,"damage_taken":0.0}],"is_beta":false,"boss_relics":[{"not_picked":["Runic Dome","Ectoplasm"],"picked":"REME_DuelDisc"},{"not_picked":["Empty Cage","Replay:Ancient Bell"],"picked":"Calling Bell"}],"items_purged_floors":[20],"is_endless":false,"potions_floor_spawned":[1,2,11,13,16,18,24,29,33,37,39,45,47],"ascension_level":15}}