{"host":"nn0usk9aafse27ii","time":1607990127,"event":{"mods":["Act Like it!","BaseMod","Colored Map","Highlight Path","Minty Spire (QoL Compilation)","Replay The Spire","Shop Mod","StSLib"],"gold_per_floor":[111,36,111,111,111,145,161,179,260,260,260,260,260,278,278,289,289,393,393,379,395,395,395,451,451,451],"floor_reached":25,"playtime":2140,"items_purged":["Strike_R"],"score":224,"play_id":"dcc0ec56-03c0-4bcd-ab74-38e6afb14159","local_time":"20201214155527","is_ascension_mode":false,"campfire_choices":[{"data":"Armaments","floor":13.0,"key":"SMITH"},{"floor":15.0,"key":"RECALL"},{"data":"Hemogenesis","floor":17.0,"key":"SMITH"}],"circlet_count":0,"master_deck":["Defend_R","Defend_R","Defend_R","Bash+1","Dropkick","Ghostly Armor","Armaments+1","Hemogenesis+1","Run Through","Uppercut","Demonic Infusion","Regret","ReplayTheSpireMod:Restless Dread","ReplayReversal","Battle Trance","Clumsy","True Grit+1"],"relics":["Burning Blood","NeowsBlessing","Replay:Wax Seal","Mercury Hourglass","Kintsugi","ReplayTheSpireMod:Ring of Addiction","Chameleon Ring","White Beast Statue","Ring of Hypnosis","Paper Frog"],"acts_visited":["Exordium","TheCity"],"potions_floor_usage":[25,25,25],"damage_taken":[{"damage":0.0,"enemies":"Cultist","floor":1.0,"turns":1.0},{"damage":0.0,"enemies":"Lagavulin","floor":6.0,"turns":1.0},{"damage":0.0,"enemies":"2 Louse","floor":7.0,"turns":1.0},{"damage":0.0,"enemies":"Small Slimes","floor":8.0,"turns":3.0},{"damage":0.0,"enemies":"2 Fungi Beasts","floor":14.0,"turns":3.0},{"damage":0.0,"enemies":"3 Louse","floor":16.0,"turns":3.0},{"damage":60.0,"enemies":"Fading Forest","floor":18.0,"turns":11.0},{"damage":28.0,"enemies":"2 Thieves","floor":20.0,"turns":4.0},{"damage":55.0,"enemies":"3 Byrds","floor":21.0,"turns":7.0},{"damage":40,"enemies":"Slavers","floor":25,"turns":4}],"seed_played":"2695341500632269409","potions_obtained":[{"floor":6.0,"key":"FearPotion"},{"floor":12.0,"key":"Fruit Juice"},{"floor":12.0,"key":"HeartOfIron"},{"floor":12.0,"key":"Flashbang"},{"floor":14.0,"key":"Energy Potion"},{"floor":16.0,"key":"LiquidBronze"},{"floor":23.0,"key":"Strength Potion"},{"floor":23.0,"key":"Venom Potion"},{"floor":23.0,"key":"ColorlessPotion"},{"floor":24.0,"key":"BlessingOfTheForge"}],"is_trial":false,"path_per_floor":["M","$","?","?","?","E","M","M","T","PTL","PTL","?","R","M","R","M","R","B",null,"M","M","?","?","?","E"],"character_chosen":"IRONCLAD","items_purchased":[],"campfire_rested":0,"item_purchase_floors":[],"current_hp_per_floor":[80,80,69,69,69,75,80,80,80,80,80,80,80,85,85,85,85,42,85,63,28,28,28,28,0,0],"gold":451,"neow_bonus":"THREE_ENEMY_KILL","is_daily":false,"chose_seed":false,"campfire_upgraded":2,"win_rate":0.0,"timestamp":1607990127,"path_taken":["M","$","?","?","?","E","M","M","T","PTL","PTL","?","R","?","R","M","R","BOSS","M","M","?","?","?","E"],"items_purchased_type":[],"build_version":"2020-12-13","purchased_purges":1,"victory":false,"max_hp_per_floor":[80,80,80,80,80,80,80,80,80,80,80,80,80,85,85,85,85,85,85,85,85,85,85,85,85,85],"card_choices":[{"not_picked":["Warcry","Havoc"],"picked":"Dropkick","floor":1.0},{"not_picked":["Clash","Havoc"],"picked":"Armaments","floor":6.0},{"not_picked":["Clothesline","Body Slam"],"picked":"Hemogenesis","floor":7.0},{"not_picked":["Perfected Strike","Heavy Blade"],"picked":"Run Through","floor":8.0},{"not_picked":["Heavy Blade","Shrug It Off"],"picked":"Uppercut","floor":14.0},{"not_picked":["Havoc","Rampage"],"picked":"Replay:Undeath\u0027s Touch","floor":16.0},{"not_picked":["Juggernaut","Double Tap"],"picked":"Demonic Infusion","floor":18.0},{"not_picked":["Pommel Strike","Heavy Blade+1","Flex"],"picked":"SKIP","floor":20.0},{"not_picked":["Sword Boomerang","Iron Wave"],"picked":"ReplayReversal","floor":21.0},{"not_picked":["Metallicize","Armaments+1"],"picked":"True Grit+1","floor":24.0}],"player_experience":262029,"relics_obtained":[{"floor":6.0,"key":"Replay:Wax Seal"},{"floor":9.0,"key":"Mercury Hourglass"},{"floor":23.0,"key":"ReplayTheSpireMod:Ring of Addiction"},{"floor":23.0,"key":"Chameleon Ring"},{"floor":23.0,"key":"White Beast Statue"},{"floor":23.0,"key":"Ring of Hypnosis"},{"floor":24.0,"key":"Paper Frog"}],"event_choices":[{"damage_healed":0.0,"max_hp_gain":0.0,"max_hp_loss":0.0,"gold_gain":75.0,"event_name":"World of Goop","player_choice":"Gather Gold","floor":3.0,"gold_loss":0.0,"damage_taken":11.0},{"damage_healed":0.0,"max_hp_gain":0.0,"max_hp_loss":0.0,"gold_gain":0.0,"cards_transformed":["Strike_R"],"event_name":"Living Wall","player_choice":"Change","floor":5.0,"gold_loss":0.0,"damage_taken":0.0,"cards_obtained":["Ghostly Armor"]},{"damage_healed":0.0,"max_hp_gain":0.0,"max_hp_loss":0.0,"gold_gain":0.0,"event_name":"Lab","player_choice":"Got Potions","floor":12.0,"gold_loss":0.0,"damage_taken":0.0},{"damage_healed":0.0,"max_hp_gain":0.0,"max_hp_loss":0.0,"gold_gain":0.0,"event_name":"The Library","player_choice":"Read","floor":22.0,"gold_loss":0.0,"damage_taken":0.0,"cards_obtained":["Battle Trance"]}],"is_beta":false,"boss_relics":[{"not_picked":["Sozu","Coffee Dripper"],"picked":"Kintsugi"}],"items_purged_floors":[2],"is_endless":false,"potions_floor_spawned":[6,14,16],"killed_by":"Slavers","ascension_level":0}}