{"host":"eemx8njkng76fu5x","time":1607904291,"event":{"mods":["2.2 Compatiblity","BaseMod","Downfall","Minty Spire (QoL Compilation)","Permanent Neow","StSLib","Unceasing Turn Reminder","Unknown Chances"],"gold_per_floor":[349,374,374,384,309,325,351,276,305,230,230,380,365,383,402,503,503,503,522,522,522,548,548,548,559,559,559,569,329,347,358,376,475,475,475,475,475,475,475,18,18,68,98,98,121,141,386,411,433,445,457,502,229,229,229],"floor_reached":56,"playtime":4660,"items_purged":["champ:Strike","champ:Strike","champ:FaceSlap+1"],"score":1328,"play_id":"89692e00-6b41-4441-a52b-5c2668efa314","local_time":"20201214080451","is_ascension_mode":false,"campfire_choices":[{"floor":1.0,"key":"RECALL"},{"data":"champ:VampiricStrike","floor":5.0,"key":"SMITH"},{"data":"champ:FaceSlap","floor":8.0,"key":"SMITH"},{"data":"champ:FocusedDefense","floor":10.0,"key":"SMITH"},{"data":"champ:HoldFirm","floor":18.0,"key":"SMITH"},{"data":"champ:Circumvent","floor":20.0,"key":"SMITH"},{"data":"champ:Circumvent","floor":26.0,"key":"SMITH"},{"data":"champ:ShieldThrow","floor":35.0,"key":"SMITH"},{"data":"champ:CalledShot","floor":37.0,"key":"SMITH"},{"data":"champ:DefensiveStyle","floor":39.0,"key":"SMITH"},{"data":"champ:DefensiveShout","floor":44,"key":"SMITH"},{"data":"champ:HoldFirm","floor":54,"key":"SMITH"}],"circlet_count":0,"master_deck":["champ:Strike+1","champ:Strike+1","champ:Defend","champ:Defend","champ:Defend","champ:Defend","champ:Execute","champ:Taunt","champ:VampiricStrike+1","champ:Circumvent+1","champ:FocusedDefense+1","champ:Circumvent+1","champ:DefensiveShout+1","champ:HoldFirm+1","champ:BringItOn","champ:BringItOn+1","champ:CalledShot+1","champ:FlashCut+1","champ:DefensiveStyle+1","champ:ShieldThrow+1","champ:ShieldThrow+1","champ:Lariat+1","champ:ViciousMockery","champ:BringItOn+1","champ:HoldFirm+1"],"relics":["champ:ChampionCrown","Tiny Chest","downfall:HeartBlessingRed","downfall:HeartBlessingBlue","Incense Burner","downfall:HeartBlessingGreen","Coffee Dripper","Matryoshka","Red Mask","Spirit Poop","Juzu Bracelet","Vajra","Bag of Preparation","Velvet Choker","Omamori","Turnip","DollysMirror","CaptainsWheel","White Beast Statue","Gambling Chip","Thread and Needle","Whetstone","MawBank","OrangePellets","champ:DefensiveTrainingManual","Membership Card","Oddly Smooth Stone"],"acts_visited":["Exordium","TheCity","TheBeyond","TheEnding"],"potions_floor_usage":[40,55,55],"damage_taken":[{"damage":34.0,"enemies":"Gremlin Nob","floor":2.0,"turns":4.0},{"damage":3.0,"enemies":"Jaw Worm","floor":4.0,"turns":3.0},{"damage":0.0,"enemies":"2 Louse","floor":6.0,"turns":2.0},{"damage":25.0,"enemies":"Lagavulin","floor":9.0,"turns":6.0},{"damage":8.0,"enemies":"downfall:FleeingMerchant","floor":13.0,"turns":4.0},{"damage":0.0,"enemies":"Small Slimes","floor":14.0,"turns":3.0},{"damage":10.0,"enemies":"Exordium Wildlife","floor":15.0,"turns":3.0},{"damage":49.0,"enemies":"downfall:Ironclad","floor":16.0,"turns":9.0},{"damage":12.0,"enemies":"Spheric Guardian","floor":19.0,"turns":4.0},{"damage":11.0,"enemies":"Masked Bandits","floor":22.0,"turns":6.0},{"damage":5.0,"enemies":"Shell Parasite","floor":25.0,"turns":4.0},{"damage":0.0,"enemies":"Sentry and Sphere","floor":28.0,"turns":5.0},{"damage":0.0,"enemies":"downfall:FleeingMerchant","floor":29.0,"turns":4.0},{"damage":5.0,"enemies":"Centurion and Healer","floor":30.0,"turns":4.0},{"damage":8.0,"enemies":"Shelled Parasite and Fungi","floor":31.0,"turns":4.0},{"damage":0.0,"enemies":"3 Cultists","floor":32.0,"turns":5.0},{"damage":14.0,"enemies":"downfall:Silent","floor":33.0,"turns":11.0},{"damage":6,"enemies":"downfall:FleeingMerchant","floor":40,"turns":4},{"damage":14,"enemies":"Mind Bloom Boss Battle","floor":42,"turns":6},{"damage":20,"enemies":"Giant Head","floor":43,"turns":8},{"damage":0,"enemies":"Orb Walker","floor":46,"turns":1},{"damage":5,"enemies":"downfall:FleeingMerchant","floor":47,"turns":3},{"damage":0,"enemies":"3 Darklings","floor":49,"turns":3},{"damage":5,"enemies":"downfall:Defect","floor":50,"turns":5},{"damage":0,"enemies":"downfall:CharBossMerchant","floor":52,"turns":4},{"damage":0,"enemies":"downfall:NeowBoss","floor":55,"turns":21}],"seed_played":"-351584537298026451","potions_obtained":[{"floor":6.0,"key":"Swift Potion"},{"floor":14.0,"key":"SkillPotion"},{"floor":16.0,"key":"DuplicationPotion"},{"floor":22.0,"key":"PowerPotion"},{"floor":42,"key":"sneckomod:MuddlingPotion"},{"floor":43,"key":"ColorlessPotion"},{"floor":49,"key":"LiquidBronze"}],"is_trial":false,"path_per_floor":["R","E","?","M","R","M","T","R","E","R","?","?","$","M","M","B",null,"R","M","R","T","?","?","T","M","R","?","M","$","M","M","M","B",null,"R","T","R","?","R","$","T","?","E","R","T","M","$","?","M","B",null,"E","$","R","B",null],"character_chosen":"THE_CHAMP","items_purchased":["Bag of Preparation","DollysMirror","CaptainsWheel","Membership Card","Oddly Smooth Stone"],"campfire_rested":0,"item_purchase_floors":[29,40,40,53,53],"current_hp_per_floor":[81,57,57,64,64,76,76,86,91,91,91,91,91,91,91,71,91,91,91,91,91,91,91,91,91,91,91,91,91,91,90,91,82,91,91,91,91,91,91,91,91,82,81,81,81,81,81,81,91,91,91,91,91,91,91],"gold":229,"neow_bonus":"TWO_FIFTY_GOLD","is_daily":false,"chose_seed":false,"campfire_upgraded":11,"win_rate":0.0,"timestamp":1607904291,"path_taken":["R","E","?","M","R","M","T","R","E","R","?","?","$","M","M","BOSS","R","M","R","?","?","?","T","M","R","?","M","$","M","M","M","BOSS","R","?","R","?","R","?","T","?","E","R","?","M","$","?","M","BOSS","E","$","R","BOSS"],"items_purchased_type":["Relic","Relic","Relic","Relic","Relic"],"build_version":"2020-11-30","purchased_purges":3,"victory":true,"max_hp_per_floor":[81,81,81,81,81,81,81,91,91,91,91,91,91,91,91,91,91,91,91,91,91,91,91,91,91,91,91,91,91,91,91,91,91,91,91,91,91,91,91,91,91,91,91,91,91,91,91,91,91,91,91,91,91,91,91],"card_choices":[{"not_picked":["champ:CrookedStrike","champ:PerfectedStrike"],"picked":"champ:VampiricStrike","floor":2.0},{"not_picked":["champ:Encircle","champ:PerfectedStrike"],"picked":"champ:Circumvent","floor":4.0},{"not_picked":["champ:CrookedStrike","champ:AdrenalArmor"],"picked":"champ:FaceSlap","floor":6.0},{"not_picked":["champ:SkillfulDodge","champ:Devastate"],"picked":"champ:FocusedDefense","floor":9.0},{"not_picked":["champ:GladiatorsShout","champ:CrookedStrike"],"picked":"champ:Circumvent","floor":13.0},{"not_picked":["champ:Circumvent","champ:Lariat"],"picked":"champ:DefensiveShout","floor":14.0},{"not_picked":["champ:FocusedBerserking","champ:AdrenalArmor","champ:PerfectedStrike"],"picked":"SKIP","floor":15.0},{"not_picked":["champ:HeavySlash","champ:Improvising"],"picked":"champ:HoldFirm","floor":16.0},{"not_picked":["champ:ViciousMockery","champ:BladeFlurry"],"picked":"champ:BringItOn","floor":19.0},{"not_picked":["champ:DefensiveShout","champ:CrookedStrike"],"picked":"champ:BringItOn+1","floor":22.0},{"not_picked":["champ:PerfectedStrike","champ:BladeFlurry","champ:Encircle"],"picked":"SKIP","floor":25.0},{"not_picked":["champ:BringItOn+1","champ:RecklessLeap+1"],"picked":"champ:CalledShot","floor":28.0},{"not_picked":["champ:StanceDance","champ:FightOn"],"picked":"champ:FlashCut+1","floor":29.0},{"not_picked":["champ:StanceDance","champ:BladeFlurry+1"],"picked":"champ:DefensiveStyle","floor":30.0},{"not_picked":["champ:Encircle","champ:FlashCut+1","champ:IgnorePain"],"picked":"SKIP","floor":31.0},{"not_picked":["champ:DefensiveShout","champ:PreciseThrust","champ:BladeFlurry"],"picked":"SKIP","floor":32.0},{"not_picked":["champ:Improvising","champ:SteelEdge"],"picked":"champ:ShieldThrow","floor":33.0},{"not_picked":["champ:TornadoPunch+1","champ:Circumvent","champ:BladeFlurry+1"],"picked":"SKIP","floor":40},{"not_picked":["champ:Balance","champ:BladeFlurry"],"picked":"champ:Lariat+1","floor":42},{"not_picked":["champ:Lariat","champ:Haymaker+1","champ:GutPunch+1"],"picked":"SKIP","floor":43},{"not_picked":["champ:PreciseThrust+1","champ:BerserkersShout"],"picked":"champ:ViciousMockery","floor":46},{"not_picked":["champ:BladeFlurry+1","champ:RisingSlash+1"],"picked":"champ:BringItOn+1","floor":47},{"not_picked":["champ:GladiatorsShout","champ:FocusedGladiator"],"picked":"champ:HoldFirm","floor":49},{"not_picked":["champ:Riposte","champ:Shatter","champ:Encircle+1"],"picked":"SKIP","floor":52}],"player_experience":346566,"relics_obtained":[{"floor":2.0,"key":"Tiny Chest"},{"floor":9.0,"key":"Incense Burner"},{"floor":21.0,"key":"Matryoshka"},{"floor":22.0,"key":"Red Mask"},{"floor":24.0,"key":"Juzu Bracelet"},{"floor":24.0,"key":"Vajra"},{"floor":36.0,"key":"Omamori"},{"floor":36.0,"key":"Turnip"},{"floor":41,"key":"White Beast Statue"},{"floor":42,"key":"Gambling Chip"},{"floor":43,"key":"Thread and Needle"},{"floor":45,"key":"Whetstone"},{"floor":48,"key":"MawBank"},{"floor":52,"key":"OrangePellets"},{"floor":52,"key":"champ:DefensiveTrainingManual"}],"event_choices":[{"damage_healed":0.0,"max_hp_gain":0.0,"max_hp_loss":0.0,"gold_gain":0.0,"event_name":"Masked Bandits","player_choice":"Fought Bandits","floor":22.0,"gold_loss":0.0,"damage_taken":0.0},{"cards_removed":["Slimebound:Icky"],"damage_healed":0.0,"max_hp_gain":0.0,"max_hp_loss":0.0,"gold_gain":0.0,"event_name":"Bonfire Elementals","player_choice":"Offered Curse","floor":23.0,"gold_loss":0.0,"damage_taken":0.0,"relics_obtained":["Spirit Poop"]},{"damage_healed":0.0,"max_hp_gain":0.0,"max_hp_loss":0.0,"gold_gain":0.0,"event_name":"NoteForYourself","player_choice":"Ignored","floor":27.0,"gold_loss":0.0,"damage_taken":0.0}],"is_beta":false,"boss_relics":[{"not_picked":["Ectoplasm","champ:ChampionCrownUpgraded"],"picked":"Coffee Dripper"},{"not_picked":["Philosopher\u0027s Stone","Sozu"],"picked":"Velvet Choker"}],"items_purged_floors":[29,47,53],"is_endless":false,"potions_floor_spawned":[6,14,16,22,28,32,42,43,46,47,49,52],"ascension_level":0}}