{"host":"ugz4vp1q9h8kwbfq","time":1607986723,"event":{"mods":["2.2 Compatiblity","Act Like it!","Aspiration","BaseMod","Better Altar","Better Match","Better Note","Better Sensory Stone","Better Skull","Better Synergies","Better Third Choice","Better Vampires","Block Reminder","Colored Map","Colored Powertips","Colorless Booster Pack","Downfall","Energized Spire","GifTheSpireLib","Googly Eyes","Hubris","Infinite Spire","Jedi Mod","Minty Spire (QoL Compilation)","Potion Indicator Mod","Replay The Spire","SacredBarkPlus","Shop Mod","Spikes Relics","StSLib","Stuff the Spire","The Awakened One except there are too many feathers","The IronCluck","Trackpad","everything is the same but u backflip on backflip","slay the spire mod where everything is the same but ironclad has a cowboy hat","vexMod"],"gold_per_floor":[99,99,133,133,133,153,180,199,224,74,74,90,0,16,29,124,124,124,158,168,168,168,202,202,229,239,164,175,188,208,220,235,338,338,338,371,388,388,151,151,175,175,205,205,216,216,226,226,242,242],"floor_reached":51,"playtime":6127,"items_purged":["Regret"],"score":832,"play_id":"57d99705-a836-4386-8615-aed201fe390a","local_time":"20201214165843","is_ascension_mode":false,"campfire_choices":[{"floor":1,"key":"RECALL"},{"data":"champ:Taunt","floor":10,"key":"SMITH"},{"data":"champ:DefensiveStyle","floor":18,"key":"SMITH"},{"data":"champ:EnragedBash","floor":27,"key":"SMITH"},{"data":"champ:PerfectForm","floor":35,"key":"SMITH"},{"data":"champ:ViciousMockery","floor":40,"key":"SMITH"},{"data":"champ:PreciseThrust","floor":44,"key":"SMITH"}],"circlet_count":0,"master_deck":["champ:Strike","champ:Strike","champ:Strike","champ:Strike","champ:Defend","champ:Defend+1","champ:Defend+1","champ:Defend","champ:Execute","champ:Taunt+1","champ:ShieldWall+1","champ:Circumvent+1","champ:SkillfulDodge+1","champ:BringItOn+1","champ:Circumvent","champ:EndlessRage","champ:DefensiveStyle+1","champ:SteelEdge","champ:CrookedStrike+1","champ:FanOfKnives+1","champ:EnragedBash+1","champ:StrikeOfGenius","champ:BerserkersShout+1","champ:Lariat+1","champ:BladeFlurry+1","champ:ArenaPreparation+1","champ:PerfectForm+1","champ:Riposte+1","champ:RisingSlash+1","champ:PreciseThrust+1","champ:ViciousMockery+1","CBP: ChaoticOffering","champ:HeartStrike+1"],"relics":["StuffTheSpire:OccultApparatus","downfall:HeartsMalice","jedi:crownofsimplicity","infinitespire:Lucky Rock","StuffTheSpire:Experiment12","downfall:HeartBlessingRed","downfall:HeartBlessingGreen","hubris:GrandSneckoEye","champ:FightingForDummies","Vajra","War Paint","Strawberry","downfall:HeartBlessingBlue","Snecko Eye","hubris:DeckOfHolding","hubris:Icosahedron","trackpad:IceCube","Anchor","infinitespire:Joker Card","hubris:64BitClover","trackpad:ByrdBGone"],"acts_visited":["Exordium","TheCity","TheBeyond"],"potions_floor_usage":[13,16],"damage_taken":[{"damage":0,"enemies":"Cultist","floor":2,"turns":1},{"damage":0,"enemies":"3 Sentries","floor":3,"turns":1},{"damage":0,"enemies":"Small Slimes","floor":5,"turns":1},{"damage":6,"enemies":"Jaw Worm","floor":6,"turns":4},{"damage":3,"enemies":"3 Louse","floor":8,"turns":3},{"damage":26,"enemies":"Lagavulin","floor":9,"turns":8},{"damage":5,"enemies":"Blue Slaver","floor":12,"turns":4},{"damage":3,"enemies":"downfall:FleeingMerchant","floor":13,"turns":4},{"damage":0,"enemies":"3 Louse","floor":14,"turns":5},{"damage":11,"enemies":"Exordium Wildlife","floor":15,"turns":4},{"damage":16,"enemies":"downfall:Watcher","floor":16,"turns":11},{"damage":38,"enemies":"Slavers","floor":19,"turns":8},{"damage":0,"enemies":"Chosen","floor":20,"turns":4},{"damage":2,"enemies":"Replay:Snechameleon","floor":23,"turns":8},{"damage":12,"enemies":"3 Byrds","floor":26,"turns":4},{"damage":39,"enemies":"Shelled Parasite and Fungi","floor":28,"turns":6},{"damage":2,"enemies":"Snake Plant","floor":29,"turns":3},{"damage":7,"enemies":"Snecko","floor":30,"turns":6},{"damage":27,"enemies":"Sentry and Sphere","floor":31,"turns":5},{"damage":8,"enemies":"Cultist and Chosen","floor":32,"turns":6},{"damage":114,"enemies":"downfall:Ironclad","floor":33,"turns":8},{"damage":35,"enemies":"Reptomancer","floor":36,"turns":4},{"damage":40,"enemies":"3 Darklings","floor":37,"turns":3},{"damage":31,"enemies":"downfall:FleeingMerchant","floor":39,"turns":4},{"damage":65,"enemies":"Nemesis","floor":43,"turns":5},{"damage":40,"enemies":"Orb Walker","floor":45,"turns":7},{"damage":32,"enemies":"4 Shapes","floor":47,"turns":5},{"damage":42,"enemies":"3 Darklings","floor":49,"turns":5},{"damage":41,"enemies":"downfall:Defect","floor":50,"turns":5}],"seed_played":"-70584522154545854","potions_obtained":[{"floor":6,"key":"sneckomod:MuddlingPotion"},{"floor":8,"key":"jedi:StrikingPotion"},{"floor":9,"key":"SteroidPotion"},{"floor":14,"key":"Fire Potion"},{"floor":16,"key":"Ancient Potion"},{"floor":23,"key":"Energy Potion"}],"is_trial":false,"path_per_floor":["R","M","E","?","M","M","T","M","E","R","?","M","$","M","M","B",null,"R","E","M","?","?","E","T","T","M","R","M","M","M","M","M","B",null,"R","E","M","?","$","R","T","?","E","R","M","T","M","?","M","B",null],"character_chosen":"THE_CHAMP","items_purchased":["champ:ViciousMockery","trackpad:IceCube"],"campfire_rested":0,"item_purchase_floors":[39,39],"current_hp_per_floor":[90,90,90,90,90,87,87,87,76,76,76,71,68,68,63,69,90,90,52,62,47,90,90,90,97,97,107,83,97,103,100,106,72,107,107,107,90,90,107,107,107,107,82,82,77,77,60,60,51,67],"gold":242,"neow_bonus":"THREE_ENEMY_KILL","is_daily":false,"chose_seed":false,"campfire_upgraded":6,"win_rate":0.0,"timestamp":1607986723,"path_taken":["R","M","E","?","?","M","T","M","E","R","?","M","$","M","M","BOSS","R","E","M","?","?","E","T","?","M","R","M","M","M","M","M","BOSS","R","E","M","?","$","R","T","?","E","R","?","?","M","?","M","BOSS"],"items_purchased_type":["Card","Relic"],"build_version":"2020-11-30","purchased_purges":1,"victory":true,"max_hp_per_floor":[90,90,90,90,90,90,90,90,90,90,90,90,90,90,90,90,90,90,90,90,90,90,90,90,97,97,107,107,107,107,107,107,107,107,107,107,107,107,107,107,107,107,107,107,107,107,107,107,107,107],"card_choices":[{"not_picked":["champ:TornadoPunch","champ:BladeFlurry"],"picked":"champ:ShieldWall","floor":2},{"not_picked":["champ:PreciseThrust","champ:BerserkersShout"],"picked":"champ:Circumvent","floor":3},{"not_picked":["champ:StanceDance","champ:Circumvent"],"picked":"champ:SkillfulDodge","floor":5},{"not_picked":["champ:FightOn","champ:Shatter"],"picked":"champ:BringItOn","floor":6},{"not_picked":["champ:BladeFlurry","champ:GladiatorsShout"],"picked":"champ:Circumvent","floor":8},{"not_picked":["champ:Encircle","champ:AdrenalArmor"],"picked":"champ:FocusedGladiator","floor":9},{"not_picked":["champ:FanOfKnives","champ:BringItOn","champ:GutPunch"],"picked":"SKIP","floor":12},{"not_picked":["champ:StanceDance","champ:FocusedBerserking"],"picked":"champ:EndlessRage","floor":13},{"not_picked":["champ:Encircle","champ:BringItOn","champ:BladeFlurry"],"picked":"SKIP","floor":14},{"not_picked":["champ:HeartStrike","champ:SteelEdge"],"picked":"champ:DefensiveStyle","floor":15},{"not_picked":["champ:LastStand","champ:IgnorePain"],"picked":"champ:SteelEdge","floor":16},{"not_picked":["champ:PerfectedStrike","champ:BladeFlurry"],"picked":"champ:CrookedStrike+1","floor":19},{"not_picked":["champ:PerfectedStrike","champ:FlashCut"],"picked":"champ:FanOfKnives+1","floor":20},{"not_picked":["champ:BladeFlurry","champ:RecklessLeap"],"picked":"champ:EnragedBash","floor":23},{"not_picked":["champ:Backstep","champ:Circumvent"],"picked":"champ:StrikeOfGenius","floor":26},{"not_picked":["champ:DefensiveShout+1","champ:BringItOn","champ:FocusedGladiator"],"picked":"SKIP","floor":28},{"not_picked":["champ:PerfectedStrike","champ:DefensiveShout+1"],"picked":"champ:BerserkersShout+1","floor":29},{"not_picked":["champ:CrookedStrike","champ:TornadoPunch"],"picked":"champ:Lariat+1","floor":30},{"not_picked":["champ:FalseCounter","champ:ShieldWall"],"picked":"champ:BladeFlurry+1","floor":31},{"not_picked":["champ:BladeFlurry+1","champ:FightOn"],"picked":"champ:ArenaPreparation+1","floor":32},{"not_picked":["champ:SteelEdge","champ:StrikeOfGenius"],"picked":"champ:PerfectForm","floor":33},{"not_picked":["champ:DefensiveStyle","champ:TornadoPunch+1"],"picked":"champ:Riposte+1","floor":36},{"not_picked":["champ:Circumvent+1","champ:AdrenalArmor"],"picked":"champ:RisingSlash+1","floor":37},{"not_picked":["champ:DefensiveStyle+1","champ:Circumvent+1"],"picked":"champ:PreciseThrust","floor":39},{"not_picked":["expansioncontent:DefensiveMode","StuffTheSpire:FreeRealEstate"],"picked":"CBP: ChaoticOffering","floor":42},{"not_picked":["champ:CrookedStrike+1","champ:Backstep+1","champ:Shatter+1"],"picked":"SKIP","floor":43},{"not_picked":["champ:Encircle+1","champ:FocusedDefense","champ:StanceDance"],"picked":"SKIP","floor":45},{"not_picked":["champ:FocusedDefense+1","champ:Riposte+1"],"picked":"champ:HeartStrike+1","floor":47},{"not_picked":["champ:BerserkersShout+1","champ:FanOfKnives","champ:DeathBlow"],"picked":"SKIP","floor":49}],"player_experience":428118,"relics_obtained":[{"floor":3,"key":"jedi:crownofsimplicity"},{"floor":7,"key":"infinitespire:Lucky Rock"},{"floor":9,"key":"StuffTheSpire:Experiment12"},{"floor":19,"key":"champ:FightingForDummies"},{"floor":23,"key":"War Paint"},{"floor":25,"key":"Strawberry"},{"floor":36,"key":"hubris:DeckOfHolding"},{"floor":41,"key":"Anchor"},{"floor":43,"key":"infinitespire:Joker Card"},{"floor":45,"key":"hubris:64BitClover"},{"floor":46,"key":"trackpad:ByrdBGone"}],"event_choices":[{"damage_healed":0,"gold_gain":0,"player_choice":"Forge","damage_taken":0,"max_hp_gain":0,"max_hp_loss":0,"event_name":"Accursed Blacksmith","floor":4,"gold_loss":0,"cards_upgraded":["champ:Circumvent"]},{"cards_removed":["champ:FocusedGladiator"],"damage_healed":43,"gold_gain":0,"player_choice":"Offered Uncommon","damage_taken":0,"max_hp_gain":0,"max_hp_loss":0,"event_name":"Bonfire Elementals","floor":22,"gold_loss":0},{"damage_healed":0,"gold_gain":3,"player_choice":"1","damage_taken":0,"max_hp_gain":0,"max_hp_loss":0,"event_name":"betterStone:BetterStone","floor":42,"gold_loss":0}],"is_beta":false,"boss_relics":[{"not_picked":["hubris:Backtick","vexMod:MegatonBomb"],"picked":"hubris:GrandSneckoEye"},{"not_picked":["hubris:ScarierMask","Velvet Choker"],"picked":"Snecko Eye"}],"items_purged_floors":[13],"is_endless":false,"potions_floor_spawned":[6,8,9,14,16,23,28,29,31,36,47],"ascension_level":0}}