{"host":"wl5kcyk3ocgwii71","time":1607964310,"event":{"mods":["AchievementEnabler","BaseMod","Better Altar","Better Match","Better Note","Better Sensory Stone","Better Skull","Better Third Choice","Colored Powertips","Downfall","Hermit","Minty Spire (QoL Compilation)","Quick Restart","Replay The Spire","StSLib","The Servant 0.9.4"],"gold_per_floor":[114,114,131,142,67,67,92,92,92,109,121,132,144,144,144,144,144],"floor_reached":16,"playtime":611,"items_purged":["Defend_R"],"score":135,"play_id":"0ff414ca-37e2-42ea-b429-a287252fa7b1","local_time":"20201214084510","is_ascension_mode":true,"campfire_choices":[{"data":"Limit Break","floor":6,"key":"SMITH"},{"floor":8,"key":"REST"},{"floor":15,"key":"REST"}],"circlet_count":0,"master_deck":["Strike_R","Strike_R","Strike_R","Strike_R","Strike_R","Defend_R","Defend_R","Bash","Limit Break+1","Thunderclap","Brutality+1","Ghostly Armor","Flex","Rage","Disarm","Rupture","Iron Wave"],"relics":["Burning Blood","Singing Bowl","InkBottle","NlothsMask"],"acts_visited":["Exordium"],"potions_floor_usage":[13,13],"damage_taken":[{"damage":5,"enemies":"Small Slimes","floor":1,"turns":3},{"damage":12,"enemies":"2 Louse","floor":3,"turns":3},{"damage":2,"enemies":"Cultist","floor":4,"turns":3},{"damage":65,"enemies":"3 Sentries","floor":7,"turns":11},{"damage":16,"enemies":"Exordium Wildlife","floor":10,"turns":5},{"damage":10,"enemies":"Looter","floor":11,"turns":4},{"damage":9,"enemies":"Blue Slaver","floor":12,"turns":5},{"damage":16,"enemies":"Exordium Thugs","floor":13,"turns":4},{"damage":35,"enemies":"Hexaghost","floor":16,"turns":9}],"seed_played":"740589051036953232","potions_obtained":[{"floor":10,"key":"Slimebound:ThreeZeroPotion"},{"floor":11,"key":"Death Potion"},{"floor":12,"key":"Explosive Potion"}],"is_trial":false,"path_per_floor":["M","?","M","M","$","R","E","R","T","M","M","M","M","?","R","B"],"character_chosen":"IRONCLAD","items_purchased":[],"campfire_rested":2,"item_purchase_floors":[],"current_hp_per_floor":[73,73,67,71,71,71,12,36,36,26,22,19,11,11,35,0,0],"gold":144,"neow_bonus":"ONE_RANDOM_RARE_CARD","is_daily":false,"chose_seed":false,"campfire_upgraded":1,"win_rate":0.0,"timestamp":1607964310,"path_taken":["M","?","M","M","$","R","E","R","T","M","M","M","M","?","R","BOSS"],"items_purchased_type":[],"build_version":"2020-12-13","purchased_purges":1,"victory":false,"max_hp_per_floor":[80,80,80,80,80,80,80,80,80,80,80,80,82,82,82,82,82],"card_choices":[{"not_picked":["Clash","Wild Strike"],"picked":"Thunderclap","floor":1},{"not_picked":["Perfected Strike","Anger"],"picked":"Ghostly Armor","floor":3},{"not_picked":["Iron Wave","Anger"],"picked":"Flex","floor":4},{"not_picked":["Uppercut","Carnage"],"picked":"Rage","floor":7},{"not_picked":["Eclipse","Body Slam"],"picked":"Disarm","floor":10},{"not_picked":["Sword Boomerang","Life Link"],"picked":"Rupture","floor":11},{"not_picked":["Armaments","Feel No Pain"],"picked":"Iron Wave","floor":12},{"not_picked":["Twin Strike","Metallicize","Clash"],"picked":"Singing Bowl","floor":13}],"player_experience":351602,"relics_obtained":[{"floor":7,"key":"Singing Bowl"},{"floor":9,"key":"InkBottle"}],"event_choices":[{"damage_healed":0,"gold_gain":0,"player_choice":"Trade","damage_taken":0,"relics_obtained":["NlothsMask"],"max_hp_gain":0,"max_hp_loss":0,"event_name":"FaceTrader","floor":14,"gold_loss":0}],"is_beta":false,"boss_relics":[],"items_purged_floors":[5],"is_endless":false,"potions_floor_spawned":[10,11,12],"killed_by":"Hexaghost","ascension_level":6}}