{"host":"edk8ruzv78x6jv19","time":1607989222,"event":{"mods":["BaseMod","Better Third Choice","Infinite Spire","Lobotomy","Minty Spire (QoL Compilation)","Replay The Spire","StSLib","The Animator","Treasure Hunter"],"gold_per_floor":[117,117,117,66,66,66,66,66,66,104,104,145,27,64,64,194,194,199,199],"floor_reached":18,"playtime":733,"items_purged":[],"score":222,"play_id":"602c816c-e0dd-4776-99f3-014c129f4aed","local_time":"20201214174022","daily_mods":["SealedDeck","Heirloom","Time Dilation","Flight","DeadlyEvents","Elite Swarm","Lethality","Night Terrors"],"is_ascension_mode":false,"campfire_choices":[{"data":"Perfected Strike","floor":6,"key":"SMITH"},{"data":"Inflame","floor":7,"key":"SMITH"},{"data":"Inflame","floor":8,"key":"SMITH"},{"data":"Limit Break","floor":11,"key":"SMITH"},{"data":"TH:CopperCoins","floor":15,"key":"SMITH"}],"circlet_count":0,"master_deck":["Inflame+1","Inflame+1","Pommel Strike","Twin Strike","Twin Strike","Wild Strike","ReplayTheSpireMod:Strike From Hell","Wild Strike","ReplayTheSpireMod:Strike From Hell","Perfected Strike+1","Twin Strike+1","Perfected Strike+1","TH:ArmorSpikes","TH:ArmorSpikes","Limit Break+1","TH:CopperCoins+1","TH:DeckOfManyThings"],"relics":["Burning Blood","Ring of Chaos","Replay:Kaleidoscope","Golden Idol","The Courier","Replay:Towering Pillar of Hats","Akabeko","Membership Card","Strawberry","Black Star"],"acts_visited":["Exordium","TheCity"],"potions_floor_usage":[16,16],"damage_taken":[{"damage":0,"enemies":"Small Slimes","floor":1,"turns":2},{"damage":12,"enemies":"Replay:BlueRogue","floor":10,"turns":3},{"damage":0,"enemies":"Gremlin Nob","floor":12,"turns":2},{"damage":12,"enemies":"Replay:BlueRogue","floor":14,"turns":3},{"damage":34,"enemies":"Fading Forest","floor":16,"turns":9},{"damage":88,"enemies":"3 Byrds","floor":18,"turns":3}],"seed_played":"-4339364616237844158","potions_obtained":[{"floor":12,"key":"Ancient Potion"},{"floor":14,"key":"Strength Potion"}],"is_trial":true,"path_per_floor":["M","?","?","$","?","R","R","R","T","E","R","E","$","E","R","B",null,"M"],"character_chosen":"IRONCLAD","items_purchased":["Perfected Strike","Membership Card"],"campfire_rested":0,"item_purchase_floors":[4,13],"current_hp_per_floor":[80,60,60,60,60,60,60,60,60,54,54,60,60,61,61,45,87,0,0],"gold":199,"neow_bonus":"","is_daily":false,"chose_seed":false,"campfire_upgraded":5,"win_rate":0.0,"timestamp":1607989222,"path_taken":["M","?","?","$","?","R","R","R","T","E","R","?","$","E","R","BOSS","M"],"items_purchased_type":["Card","Relic"],"build_version":"2020-12-13","purchased_purges":0,"victory":false,"max_hp_per_floor":[80,80,80,80,80,80,80,80,80,80,80,80,80,87,87,87,87,87,87],"card_choices":[{"not_picked":["Burning Pact","Abandon"],"picked":"Twin Strike","floor":1},{"not_picked":["TH:TreasureMap"],"picked":"TH:ArmorSpikes","floor":9},{"not_picked":["TH:ElvenBoots"],"picked":"TH:ArmorSpikes","floor":10},{"not_picked":["Barricade","Immolate"],"picked":"Limit Break","floor":10},{"not_picked":["TH:EnergyPotion"],"picked":"TH:CopperCoins","floor":12},{"not_picked":["Demon Form","Brutality","Berserk"],"picked":"SKIP","floor":12},{"not_picked":["TH:ElvenBoots","TH:PixieDust"],"picked":"SKIP","floor":14},{"not_picked":["Impervious","Demonic Infusion","Berserk"],"picked":"SKIP","floor":14},{"not_picked":["TH:ArmorSpikes"],"picked":"TH:DeckOfManyThings","floor":16}],"player_experience":12465,"relics_obtained":[{"floor":9,"key":"The Courier"},{"floor":10,"key":"Replay:Towering Pillar of Hats"},{"floor":12,"key":"Akabeko"},{"floor":14,"key":"Strawberry"}],"event_choices":[{"damage_healed":0,"gold_gain":0,"player_choice":"Take Damage","damage_taken":20,"relics_obtained":["Golden Idol"],"max_hp_gain":0,"max_hp_loss":0,"event_name":"Golden Idol","floor":2,"gold_loss":0},{"damage_healed":0,"gold_gain":0,"player_choice":"Grow","damage_taken":0,"max_hp_gain":0,"max_hp_loss":0,"event_name":"Living Wall","floor":3,"gold_loss":0,"cards_upgraded":["Twin Strike"]},{"damage_healed":0,"gold_gain":0,"player_choice":"Upgraded","damage_taken":0,"max_hp_gain":0,"max_hp_loss":0,"event_name":"Upgrade Shrine","floor":5,"gold_loss":0,"cards_upgraded":["Perfected Strike"]}],"is_beta":false,"boss_relics":[{"not_picked":["Tiny House","infinitespire:Burning Sword"],"picked":"Black Star"}],"items_purged_floors":[],"is_endless":false,"potions_floor_spawned":[12,14],"killed_by":"3 Byrds","ascension_level":0}}