{"host":"6w8aqtnmxc00db5e","time":1607981086,"event":{"mods":["BaseMod","Better Altar","Better Match","Better Note","Better Sensory Stone","Better Skull","Better Third Choice","GifTheSpireLib","GungeonMod","Minty Spire (QoL Compilation)","Replay The Spire","StSLib"],"gold_per_floor":[118,118,118,138,148,178,178,205,228,253,273,282,309,309,318,416,416,436,436,436,456,476,476,519,519,519,536,564,592,297,329,329,434,434,445,457,457,730,730,739,771,789,813,844,853,884,894,107,107,107],"floor_reached":51,"playtime":1451,"items_purged":["Terror"],"score":1464,"play_id":"867635e5-9213-4792-ace0-e42fa35c789c","local_time":"20201214162446","daily_mods":["SealedDeck","Vintage","Heirloom","Time Dilation","DeadlyEvents","Elite Swarm","Uncertain Future"],"is_ascension_mode":false,"campfire_choices":[{"data":"Escape Plan","floor":7,"key":"SMITH"},{"data":"Adrenaline","floor":12,"key":"SMITH"},{"data":"Backstab","floor":15,"key":"SMITH"},{"data":"Riddle With Holes","floor":23,"key":"SMITH"},{"data":"Glass Knife","floor":25,"key":"SMITH"},{"data":"Masterful Stab","floor":32,"key":"SMITH"},{"data":"Escape Plan","floor":40,"key":"SMITH"},{"data":"Die Die Die","floor":45,"key":"SMITH"},{"data":"Dagger Spray","floor":49,"key":"SMITH"}],"circlet_count":0,"master_deck":["Flying Knee","Escape Plan+1","Deflect","Cloak And Dagger","Hidden Blade","Blade Dance+1","Dagger Spray","Riddle With Holes+1","Finisher","Dagger Spray+1","Adrenaline+1","Die Die Die+1","Backstab+1","Escape Plan+1","Glass Knife+1","Masterful Stab+1","Slice","Slice","Backstab+1"],"relics":["Ring of the Snake","replay:Trail_Library","DemoMod:VorpalBullet","DemoMod:JetPack","Snake Skull","DemoMod:GlassGuonStoneRelic","Quantum Egg","Onion Ring","Lantern","Replay:Rubber Ducky","Art of War","CeramicFish","Omamori","Strawberry","DemoMod:RiddleOfLead","Regal Pillow","DemoMod:PoisonVial","PreservedInsect","Potion Belt","Singing Bowl","MealTicket","Matryoshka","DemoMod:MonsterBlood","TwistedFunnel","DemoMod:PartiallyEatenCheese","Replay:Bronze Core","Replay:Wax Seal","Blood Vial","Vajra","Toxic Egg 2","Letter Opener","DemoMod:Metronome","Happy Flower","Anchor","The Courier","Ninja Scroll","Pen Nib","DemoMod:ResourcefulSack","Bronze Scales","Bag of Marbles","DollysMirror","Mummified Hand"],"acts_visited":["Exordium","TheCity","TheBeyond"],"potions_floor_usage":[16,16,24,33,50,50,50,50,50],"damage_taken":[{"damage":0,"enemies":"Jaw Worm","floor":1,"turns":1},{"damage":0,"enemies":"Cultist","floor":4,"turns":1},{"damage":0,"enemies":"2 Louse","floor":5,"turns":1},{"damage":0,"enemies":"Lagavulin","floor":6,"turns":1},{"damage":0,"enemies":"Gremlin Nob","floor":8,"turns":1},{"damage":0,"enemies":"Lagavulin","floor":10,"turns":1},{"damage":0,"enemies":"Exordium Thugs","floor":11,"turns":1},{"damage":0,"enemies":"3 Sentries","floor":13,"turns":1},{"damage":0,"enemies":"Hexaghost","floor":16,"turns":2},{"damage":0,"enemies":"3 Byrds","floor":18,"turns":1},{"damage":0,"enemies":"Spheric Guardian","floor":21,"turns":1},{"damage":0,"enemies":"Centurion and Healer","floor":22,"turns":1},{"damage":0,"enemies":"Gremlin Leader","floor":24,"turns":1},{"damage":0,"enemies":"Snake Plant","floor":27,"turns":1},{"damage":0,"enemies":"Slavers","floor":28,"turns":1},{"damage":0,"enemies":"Gremlin Leader","floor":29,"turns":1},{"damage":0,"enemies":"Book of Stabbing","floor":31,"turns":1},{"damage":0,"enemies":"Collector","floor":33,"turns":2},{"damage":12,"enemies":"3 Shapes","floor":35,"turns":1},{"damage":0,"enemies":"3 Darklings","floor":36,"turns":1},{"damage":0,"enemies":"R_Hoarder","floor":41,"turns":2},{"damage":6,"enemies":"Sphere and 2 Shapes","floor":42,"turns":1},{"damage":0,"enemies":"Giant Head","floor":44,"turns":1},{"damage":0,"enemies":"Nemesis","floor":46,"turns":1},{"damage":0,"enemies":"Jaw Worm Horde","floor":47,"turns":1},{"damage":0,"enemies":"Donu and Deca","floor":50,"turns":1}],"seed_played":"631358246402384519","potions_obtained":[{"floor":4,"key":"Dexterity Potion"},{"floor":5,"key":"Dexterity Potion"},{"floor":20,"key":"Ancient Potion"},{"floor":20,"key":"Ancient Potion"},{"floor":21,"key":"SkillPotion"},{"floor":31,"key":"Ancient Potion"},{"floor":41,"key":"SpeedPotion"},{"floor":42,"key":"AttackPotion"},{"floor":47,"key":"CunningPotion"}],"is_trial":true,"path_per_floor":["M","?","$","M","M","E","R","E","T","E","M","R","E","T","R","B",null,"M","?","?","M","M","R","E","R","T","M","E","E","$","E","R","B",null,"M","M","?","?","T","R","E","M","T","E","R","E","M","$","R","B",null],"character_chosen":"THE_SILENT","items_purchased":["TwistedFunnel","Masterful Stab","DemoMod:ResourcefulSack","Bronze Scales","Bag of Marbles","DollysMirror","Mummified Hand"],"campfire_rested":0,"item_purchase_floors":[30,30,48,48,48,48,48],"current_hp_per_floor":[70,70,70,70,70,70,70,70,70,70,70,70,70,77,77,77,87,87,87,87,87,87,87,87,87,87,87,89,98,98,100,100,102,102,90,90,90,94,94,94,98,94,94,98,98,102,104,112,112,112],"gold":107,"neow_bonus":"","is_daily":false,"chose_seed":false,"campfire_upgraded":9,"win_rate":0.0,"timestamp":1607981086,"path_taken":["M","?","$","M","M","E","R","E","T","E","M","R","?","?","R","BOSS","M","?","?","M","M","R","E","R","T","M","E","?","$","E","R","BOSS","M","M","?","?","?","R","E","M","T","E","R","E","M","$","R","BOSS"],"items_purchased_type":["Relic","Card","Relic","Relic","Relic","Relic","Relic"],"build_version":"2020-12-13","purchased_purges":1,"victory":true,"max_hp_per_floor":[70,70,70,70,70,70,70,70,70,70,70,70,70,77,77,77,87,87,87,87,87,87,87,87,87,87,87,89,98,98,100,100,102,102,102,102,102,106,106,106,108,108,108,110,110,112,112,112,112,112],"card_choices":[{"not_picked":["Malaise","Glass Knife","Poison Darts"],"picked":"SKIP","floor":6},{"not_picked":["Phantasmal Killer","Malaise"],"picked":"Adrenaline","floor":8},{"not_picked":["Tools of the Trade","Doppelganger"],"picked":"Die Die Die","floor":10},{"not_picked":["Bullet Time","Unload","Storm of Steel"],"picked":"SKIP","floor":13},{"not_picked":["ReplayTheSpireMod:From All Sides","Grand Finale"],"picked":"Glass Knife","floor":24},{"not_picked":["ReplayTheSpireMod:From All Sides","Corpse Explosion","Unload"],"picked":"Singing Bowl","floor":28},{"not_picked":["Night Terror","ReplayTheSpireMod:Necrosis","Glass Knife"],"picked":"Singing Bowl","floor":29},{"not_picked":["Unload","Phantasmal Killer","ReplayTheSpireMod:From All Sides"],"picked":"Singing Bowl","floor":31},{"not_picked":["ReplayTheSpireMod:Necrosis","Malaise","Die Die Die"],"picked":"Singing Bowl","floor":33},{"not_picked":["Hidden Blade+1","ReplayTheSpireMod:Tripwire+1","Fluid Movement+1"],"picked":"Singing Bowl","floor":38},{"not_picked":["Cloak And Dagger+1","Deadly Poison","Expertise+1"],"picked":"Singing Bowl","floor":38},{"not_picked":["A Thousand Cuts","Doppelganger+1","Night Terror+1"],"picked":"Singing Bowl","floor":41},{"not_picked":["ReplayTheSpireMod:From All Sides","Die Die Die","Poison Darts+1"],"picked":"Singing Bowl","floor":44},{"not_picked":["ReplayTheSpireMod:From All Sides","A Thousand Cuts","Tools of the Trade"],"picked":"Singing Bowl","floor":46}],"player_experience":527509,"relics_obtained":[{"floor":1,"key":"DemoMod:JetPack"},{"floor":4,"key":"Snake Skull"},{"floor":5,"key":"Quantum Egg"},{"floor":6,"key":"Onion Ring"},{"floor":8,"key":"Lantern"},{"floor":9,"key":"Replay:Rubber Ducky"},{"floor":10,"key":"Art of War"},{"floor":11,"key":"CeramicFish"},{"floor":13,"key":"Omamori"},{"floor":14,"key":"Strawberry"},{"floor":18,"key":"Regal Pillow"},{"floor":21,"key":"DemoMod:PoisonVial"},{"floor":22,"key":"PreservedInsect"},{"floor":24,"key":"Potion Belt"},{"floor":26,"key":"Singing Bowl"},{"floor":27,"key":"MealTicket"},{"floor":28,"key":"Matryoshka"},{"floor":29,"key":"DemoMod:MonsterBlood"},{"floor":31,"key":"DemoMod:PartiallyEatenCheese"},{"floor":35,"key":"Replay:Wax Seal"},{"floor":36,"key":"Blood Vial"},{"floor":38,"key":"Vajra"},{"floor":39,"key":"Toxic Egg 2"},{"floor":39,"key":"Letter Opener"},{"floor":41,"key":"DemoMod:Metronome"},{"floor":42,"key":"Happy Flower"},{"floor":43,"key":"Anchor"},{"floor":44,"key":"The Courier"},{"floor":46,"key":"Ninja Scroll"},{"floor":47,"key":"Pen Nib"}],"event_choices":[{"damage_healed":0,"gold_gain":0,"player_choice":"Forge","damage_taken":0,"max_hp_gain":0,"max_hp_loss":0,"event_name":"Accursed Blacksmith","floor":2,"gold_loss":0,"cards_upgraded":["Blade Dance"]},{"damage_healed":0,"gold_gain":0,"player_choice":"Ignored","damage_taken":0,"max_hp_gain":0,"max_hp_loss":0,"event_name":"betterNote:BetterNote","floor":19,"gold_loss":0,"cards_obtained":["DemoMod:HardPowerCard"]},{"damage_healed":0,"gold_gain":0,"player_choice":"Got Potions","damage_taken":0,"max_hp_gain":0,"max_hp_loss":0,"event_name":"Lab","floor":20,"gold_loss":0},{"damage_healed":0,"gold_gain":0,"player_choice":"Ignored","damage_taken":0,"max_hp_gain":0,"max_hp_loss":0,"event_name":"Tomb of Lord Red Mask","floor":37,"gold_loss":0}],"is_beta":false,"boss_relics":[{"not_picked":["Tiny House","Runic Pyramid"],"picked":"DemoMod:RiddleOfLead"},{"not_picked":["Ring of Chaos","Abe\u0027s Treasure"],"picked":"Replay:Bronze Core"}],"items_purged_floors":[30],"is_endless":false,"potions_floor_spawned":[4,5,8,21,29,31,41,42,47],"ascension_level":0}}