{"host":"hszimsrtxxc2k25w","time":1607982459,"event":{"mods":["AchievementEnabler","BaseMod","Colored Map","DeckTracker","Minty Spire (QoL Compilation)","Rare Cards Sparkle","SuperFastMode"],"gold_per_floor":[110,123,140,25,40,40,55,55,78,78,96,108,108,183,183,283,283,301,201,211,222,222,222,239,239,239,239,262,149,166,199,199,298,298,317,167,167,180,109,137,137,137,160,180,194,205,205,221,221,221],"floor_reached":51,"playtime":1427,"items_purged":["Strike_P","Strike_P","Defend_P","EmptyFist"],"score":1240,"play_id":"fd0b5c21-3c85-426f-a67d-1d18749c4f6f","local_time":"20201215064739","is_ascension_mode":true,"campfire_choices":[{"data":"Eruption","floor":6.0,"key":"SMITH"},{"data":"Adaptation","floor":8.0,"key":"SMITH"},{"data":"WheelKick","floor":10.0,"key":"SMITH"},{"floor":13.0,"key":"REST"},{"data":"Meditate","floor":15.0,"key":"SMITH"},{"floor":23.0,"key":"REST"},{"floor":25.0,"key":"REST"},{"floor":32.0,"key":"REST"},{"floor":42,"key":"REST"},{"floor":49,"key":"REST"}],"circlet_count":0,"master_deck":["AscendersBane","Eruption+1","Vigilance","EmptyFist+1","WheelKick+1","Adaptation+1","Meditate+1","LessonLearned+1","Scrawl+1","FearNoEvil+1","FlurryOfBlows","Halt+1","DeusExMachina","Devotion","Crescendo","CutThroughFate","JustLucky","Tantrum+1","MentalFortress+1","MentalFortress"],"relics":["PureWater","NeowsBlessing","Art of War","Fusion Hammer","Bottled Flame","MawBank","Pen Nib","Pandora\u0027s Box","White Beast Statue","Question Card","Vajra"],"acts_visited":["Exordium","TheCity","TheBeyond"],"potions_floor_usage":[50],"damage_taken":[{"damage":0.0,"enemies":"Cultist","floor":1.0,"turns":1.0},{"damage":0.0,"enemies":"2 Louse","floor":2.0,"turns":1.0},{"damage":0.0,"enemies":"Small Slimes","floor":3.0,"turns":1.0},{"damage":2.0,"enemies":"Exordium Thugs","floor":5.0,"turns":4.0},{"damage":17.0,"enemies":"3 Louse","floor":7.0,"turns":4.0},{"damage":4.0,"enemies":"Red Slaver","floor":11.0,"turns":3.0},{"damage":20.0,"enemies":"Exordium Thugs","floor":12.0,"turns":4.0},{"damage":7.0,"enemies":"Slime Boss","floor":16.0,"turns":5.0},{"damage":0.0,"enemies":"Spheric Guardian","floor":18.0,"turns":1.0},{"damage":30.0,"enemies":"3 Byrds","floor":20.0,"turns":5.0},{"damage":10.0,"enemies":"3 Cultists","floor":21.0,"turns":5.0},{"damage":0.0,"enemies":"Cultist and Chosen","floor":24.0,"turns":4.0},{"damage":14.0,"enemies":"Centurion and Healer","floor":28.0,"turns":2.0},{"damage":0.0,"enemies":"Sentry and Sphere","floor":30.0,"turns":3.0},{"damage":0.0,"enemies":"Book of Stabbing","floor":31.0,"turns":3.0},{"damage":0.0,"enemies":"Collector","floor":33.0,"turns":7.0},{"damage":9.0,"enemies":"3 Shapes","floor":35.0,"turns":2.0},{"damage":22.0,"enemies":"3 Darklings","floor":38.0,"turns":2.0},{"damage":0,"enemies":"Reptomancer","floor":40,"turns":4},{"damage":0,"enemies":"Maw","floor":44,"turns":3},{"damage":0,"enemies":"Spire Growth","floor":45,"turns":2},{"damage":0,"enemies":"Jaw Worm Horde","floor":46,"turns":2},{"damage":15,"enemies":"Sphere and 2 Shapes","floor":48,"turns":4},{"damage":10,"enemies":"Donu and Deca","floor":50,"turns":4}],"seed_played":"395171709169443531","potions_obtained":[{"floor":5.0,"key":"Swift Potion"},{"floor":12.0,"key":"ColorlessPotion"},{"floor":20.0,"key":"Ambrosia"},{"floor":35.0,"key":"Strength Potion"},{"floor":38.0,"key":"Fruit Juice"},{"floor":40,"key":"Weak Potion"},{"floor":45,"key":"DistilledChaos"},{"floor":46,"key":"CultistPotion"}],"is_trial":false,"path_per_floor":["M","M","M","$","M","R","M","R","T","R","M","M","R","?","R","B",null,"M","$","M","M","?","R","M","R","T","?","M","$","M","E","R","B",null,"M","$","?","M","$","E","$","R","T","M","M","M","?","M","R","B",null],"character_chosen":"WATCHER","items_purchased":["Adaptation","MentalFortress"],"campfire_rested":6,"item_purchase_floors":[4,39],"current_hp_per_floor":[65,65,65,65,63,63,46,46,46,46,42,22,43,32,32,25,60,60,60,30,20,7,30,30,53,53,53,39,39,39,39,62,62,73,64,64,64,47,47,47,47,71,71,71,71,71,71,56,80,70],"gold":221,"neow_bonus":"THREE_ENEMY_KILL","is_daily":false,"chose_seed":false,"campfire_upgraded":4,"win_rate":0.0,"timestamp":1607982459,"path_taken":["M","M","M","$","?","R","M","R","T","R","M","M","R","?","R","BOSS","M","$","M","M","?","R","M","R","T","?","M","$","M","E","R","BOSS","M","$","?","M","$","E","?","R","T","M","M","M","?","?","R","BOSS"],"items_purchased_type":["Card","Card"],"build_version":"2020-12-13","purchased_purges":4,"victory":true,"max_hp_per_floor":[72,72,72,72,72,72,72,72,72,72,72,72,72,72,72,72,72,72,72,72,72,77,77,77,77,77,77,77,77,77,77,77,77,77,77,77,77,82,82,82,82,82,82,82,82,82,82,82,82,82],"card_choices":[{"not_picked":["ThirdEye","FlyingSleeves"],"picked":"EmptyFist","floor":1.0},{"not_picked":["Protect","Prostrate","Crescendo"],"picked":"SKIP","floor":2.0},{"not_picked":["ClearTheMind","Study"],"picked":"WheelKick","floor":3.0},{"not_picked":["CutThroughFate","Evaluate","Consecrate"],"picked":"SKIP","floor":5.0},{"not_picked":["Prostrate","Wireheading"],"picked":"Meditate","floor":7.0},{"not_picked":["CutThroughFate","SashWhip"],"picked":"LessonLearned","floor":11.0},{"not_picked":["CutThroughFate","DeceiveReality","Perseverance"],"picked":"SKIP","floor":12.0},{"not_picked":["Brilliance","Blasphemy"],"picked":"Scrawl","floor":16.0},{"not_picked":["BowlingBash","WaveOfTheHand+1","Evaluate"],"picked":"SKIP","floor":18.0},{"not_picked":["Evaluate","CarveReality"],"picked":"FearNoEvil+1","floor":20.0},{"not_picked":["Protect","Halt"],"picked":"FlurryOfBlows","floor":21.0},{"not_picked":["EmptyFist","CrushJoints","SashWhip"],"picked":"SKIP","floor":24.0},{"not_picked":["BattleHymn+1","Nirvana","Indignation+1"],"picked":"SKIP","floor":28.0},{"not_picked":["BowlingBash+1","Vengeance+1"],"picked":"Halt+1","floor":30.0},{"not_picked":["CrushJoints","CutThroughFate+1","Meditate"],"picked":"SKIP","floor":31.0},{"not_picked":["Brilliance","Scrawl"],"picked":"DeusExMachina","floor":33.0},{"not_picked":["EmptyFist+1","ForeignInfluence+1","SashWhip+1"],"picked":"SKIP","floor":35.0},{"not_picked":["InnerPeace","SashWhip"],"picked":"Tantrum+1","floor":38.0},{"not_picked":["Halt+1","CrushJoints+1"],"picked":"MentalFortress","floor":40},{"not_picked":["EmptyFist","ForeignInfluence","BowlingBash+1","CutThroughFate"],"picked":"SKIP","floor":44},{"not_picked":["Vault","Evaluate+1","FlurryOfBlows+1","Halt"],"picked":"SKIP","floor":45},{"not_picked":["Crescendo+1","FlurryOfBlows","Pray","Wireheading"],"picked":"SKIP","floor":46},{"not_picked":["EmptyFist","FollowUp+1","Protect","Crescendo"],"picked":"SKIP","floor":48}],"player_experience":588527,"relics_obtained":[{"floor":9.0,"key":"Art of War"},{"floor":26.0,"key":"Bottled Flame"},{"floor":31.0,"key":"Pen Nib"},{"floor":40,"key":"Question Card"},{"floor":43,"key":"Vajra"}],"event_choices":[{"damage_healed":0.0,"max_hp_gain":0.0,"max_hp_loss":0.0,"gold_gain":75.0,"event_name":"World of Goop","player_choice":"Gather Gold","floor":14.0,"gold_loss":0.0,"damage_taken":11.0},{"damage_healed":0.0,"max_hp_gain":5.0,"max_hp_loss":0.0,"gold_gain":0.0,"event_name":"Forgotten Altar","player_choice":"Shed Blood","floor":22.0,"gold_loss":0.0,"damage_taken":18.0},{"damage_healed":0.0,"max_hp_gain":0.0,"max_hp_loss":0.0,"gold_gain":0.0,"event_name":"The Mausoleum","player_choice":"Opened","floor":27.0,"gold_loss":0.0,"damage_taken":0.0,"relics_obtained":["MawBank"]},{"damage_healed":0.0,"max_hp_gain":0.0,"max_hp_loss":0.0,"gold_gain":0.0,"event_name":"WeMeetAgain","player_choice":"Gave Potion","floor":37.0,"gold_loss":0.0,"damage_taken":0.0,"relics_obtained":["White Beast Statue"]},{"damage_healed":0,"gold_gain":0,"player_choice":"Ignored","damage_taken":0,"max_hp_gain":0,"max_hp_loss":0,"event_name":"SecretPortal","floor":47,"gold_loss":0}],"is_beta":false,"boss_relics":[{"not_picked":["Busted Crown","Ectoplasm"],"picked":"Fusion Hammer"},{"not_picked":["Calling Bell","SacredBark"],"picked":"Pandora\u0027s Box"}],"items_purged_floors":[4,19,29,36],"is_endless":false,"potions_floor_spawned":[5,12,16,18,20,28,30,35,38,40,44,45,46,48],"ascension_level":11}}