{"host":"0tiuc76yumknr6qf","time":1607969124,"event":{"mods":["BaseMod","Highlight Path","Jedi Mod","Minty Spire (QoL Compilation)","StSLib"],"gold_per_floor":[113,129,147,163,182,182,202,202,248,248,258,288,288,308,308,380,380,391,391,391,401,401,401],"floor_reached":22,"playtime":1012,"items_purged":[],"score":380,"play_id":"5fc4ef4a-bace-483a-82db-039ffaffef9a","local_time":"20201214120524","is_ascension_mode":true,"campfire_choices":[{"data":"jedi:pocketpoison","floor":6.0,"key":"SMITH"},{"data":"Night Terror","floor":10.0,"key":"SMITH"},{"floor":15,"key":"REST"}],"circlet_count":0,"master_deck":["AscendersBane","Strike_G","Strike_G","Strike_G","Strike_G","Strike_G","Defend_G","Defend_G","Defend_G","Defend_G","Defend_G","Survivor","Neutralize","Bullet Time","Masterful Stab","Cloak And Dagger","Infinite Blades","Deadly Poison","jedi:pocketpoison+1","Night Terror+1","jedi:collectorvenom","Adrenaline","jedi:poisonivy"],"relics":["Ring of the Snake","Bag of Preparation","Bronze Scales","jedi:hotpepper"],"acts_visited":["Exordium","TheCity"],"potions_floor_usage":[12,16,16],"damage_taken":[{"damage":7.0,"enemies":"Cultist","floor":1.0,"turns":5.0},{"damage":2.0,"enemies":"Jaw Worm","floor":2.0,"turns":5.0},{"damage":2.0,"enemies":"Small Slimes","floor":3.0,"turns":3.0},{"damage":2.0,"enemies":"2 Fungi Beasts","floor":4.0,"turns":5.0},{"damage":9.0,"enemies":"Red Slaver","floor":5.0,"turns":5.0},{"damage":9.0,"enemies":"Lots of Slimes","floor":7.0,"turns":4.0},{"damage":5.0,"enemies":"Exordium Wildlife","floor":11.0,"turns":3.0},{"damage":11,"enemies":"Gremlin Nob","floor":12,"turns":3},{"damage":15,"enemies":"Large Slime","floor":14,"turns":6},{"damage":9,"enemies":"Hexaghost","floor":16,"turns":7},{"damage":5,"enemies":"Shell Parasite","floor":18,"turns":3},{"damage":19,"enemies":"3 Byrds","floor":21,"turns":4},{"damage":18,"enemies":"Snake Plant","floor":22,"turns":2}],"seed_played":"-3076776717430706349","potions_obtained":[{"floor":2.0,"key":"SteroidPotion"},{"floor":5.0,"key":"DuplicationPotion"},{"floor":14,"key":"jedi:tentaclejuice"},{"floor":21,"key":"GamblersBrew"}],"is_trial":false,"path_per_floor":["M","M","M","M","M","R","M","?","T","R","M","E","?","M","R","B",null,"M","?","?","M","M"],"character_chosen":"THE_SILENT","items_purchased":[],"campfire_rested":1,"item_purchase_floors":[],"current_hp_per_floor":[52,50,48,46,37,37,28,28,28,28,23,12,17,2,23,14,43,38,38,32,13,0,0],"gold":401,"neow_bonus":"ONE_RANDOM_RARE_CARD","is_daily":false,"chose_seed":false,"campfire_upgraded":2,"win_rate":0.0,"timestamp":1607969124,"path_taken":["M","M","M","?","?","R","M","?","T","R","M","E","?","M","R","BOSS","M","?","?","M","M"],"items_purchased_type":[],"build_version":"2020-12-13","purchased_purges":0,"victory":false,"max_hp_per_floor":[66,66,66,66,66,66,66,66,66,66,66,66,71,71,71,71,53,53,53,53,53,53,53],"card_choices":[{"not_picked":["PiercingWail","Deadly Poison"],"picked":"Masterful Stab","floor":1.0},{"not_picked":["Concentrate","Prepared"],"picked":"Cloak And Dagger","floor":2.0},{"not_picked":["Dodge and Roll","Prepared"],"picked":"Infinite Blades","floor":3.0},{"not_picked":["Outmaneuver","Slice"],"picked":"Deadly Poison","floor":4.0},{"not_picked":["Prepared","Underhanded Strike"],"picked":"jedi:pocketpoison","floor":5.0},{"not_picked":["Prepared","Slice"],"picked":"Night Terror","floor":7.0},{"not_picked":["jedi:pocketpoison","Setup"],"picked":"jedi:collectorvenom","floor":11.0},{"not_picked":["Outmaneuver","Acrobatics"],"picked":"jedi:collectorvenom","floor":12},{"not_picked":["Outmaneuver","Distraction"],"picked":"jedi:collectorvenom","floor":14},{"not_picked":["jedi:brewingpoison","Envenom"],"picked":"Adrenaline","floor":16},{"not_picked":["Dagger Spray","Accuracy+1"],"picked":"jedi:collectorvenom","floor":18},{"not_picked":["jedi:pocketpoison","Poisoned Stab"],"picked":"jedi:poisonivy","floor":21}],"player_experience":1802882,"relics_obtained":[{"floor":9.0,"key":"Bag of Preparation"},{"floor":12,"key":"Bronze Scales"}],"event_choices":[{"damage_healed":0.0,"max_hp_gain":0.0,"max_hp_loss":0.0,"gold_gain":0.0,"event_name":"Scrap Ooze","player_choice":"Fled","floor":8.0,"gold_loss":0.0,"damage_taken":0.0},{"damage_healed":0,"gold_gain":0,"player_choice":"Donut","damage_taken":0,"max_hp_gain":5,"max_hp_loss":0,"event_name":"Big Fish","floor":13,"gold_loss":0},{"damage_healed":0,"gold_gain":0,"player_choice":"Ignored","damage_taken":0,"max_hp_gain":0,"max_hp_loss":0,"event_name":"Ghosts","floor":19,"gold_loss":0},{"damage_healed":0,"gold_gain":0,"player_choice":"","damage_taken":6,"max_hp_gain":0,"max_hp_loss":0,"event_name":"Knowing Skull","floor":20,"potions_obtained":[],"gold_loss":0,"cards_obtained":[]}],"is_beta":false,"boss_relics":[{"not_picked":["Cursed Key","Ring of the Serpent"],"picked":"jedi:hotpepper"}],"items_purged_floors":[],"is_endless":false,"potions_floor_spawned":[2,5,7,14,21],"killed_by":"Snake Plant","ascension_level":20}}