{"host":"k0kjm4m87pwj4phr","time":1607941445,"event":{"mods":["BaseMod","Colored Map","Colored Powertips","Downfall","Minty Spire (QoL Compilation)","Permanent Neow","Prisma Mod","Quick Restart","Relic Stats","StSLib","óô»ðÖ¸ÄÏ"],"gold_per_floor":[99,117,117,144,144,160,160,190,205,130,40,57,57,85,103,103,103],"floor_reached":16,"playtime":622,"items_purged":["Regret"],"score":110,"play_id":"c2463348-d9d8-4319-bf8d-7ad9038e726e","local_time":"20201214182405","is_ascension_mode":false,"campfire_choices":[{"data":"Guardian:TwinSlam","floor":1.0,"key":"SMITH"},{"data":"Guardian:DecasProtection","floor":3.0,"key":"SMITH"},{"data":"Guardian:MultiBeam","floor":5.0,"key":"SMITH"},{"data":"Guardian:StasisStrike","floor":10,"key":"SMITH"}],"circlet_count":0,"master_deck":["Guardian:Strike_Guardian","Guardian:Strike_Guardian","Guardian:Strike_Guardian","Guardian:Strike_Guardian","Guardian:Defend_Guardian","Guardian:Defend_Guardian","Guardian:Defend_Guardian","Guardian:Defend_Guardian","Guardian:CurlUp","Guardian:TwinSlam+1","Guardian:DecasProtection+1","Guardian:MultiBeam+1","Guardian:StasisStrike+1","Guardian:Gem_Green","Guardian:Gem_Orange","Guardian:Gem_Crimson","Guardian:PrismaticBeam"],"relics":["Guardian:ModeShifter","StrikeDummy","Meat on the Bone","WingedGreaves","downfall:HeartBlessingGreen","Guardian:PickAxe","Odd Mushroom"],"acts_visited":["Exordium"],"potions_floor_usage":[16],"damage_taken":[{"damage":18.0,"enemies":"Jaw Worm","floor":2.0,"turns":4.0},{"damage":12.0,"enemies":"Gremlin Nob","floor":4.0,"turns":4.0},{"damage":0.0,"enemies":"2 Louse","floor":6.0,"turns":2.0},{"damage":20,"enemies":"3 Sentries","floor":8,"turns":6},{"damage":0,"enemies":"Small Slimes","floor":9,"turns":2},{"damage":3,"enemies":"downfall:FleeingMerchant","floor":11,"turns":4},{"damage":0,"enemies":"Blue Slaver","floor":12,"turns":3},{"damage":0,"enemies":"The Mushroom Lair","floor":14,"turns":1},{"damage":10,"enemies":"3 Louse","floor":15,"turns":3},{"damage":43,"enemies":"downfall:Defect","floor":16,"turns":6}],"seed_played":"-5610041388401341057","potions_obtained":[{"floor":2.0,"key":"GamblersBrew"},{"floor":12,"key":"hexamod:EctoCoolerPotion"},{"floor":14,"key":"SkillPotion"}],"is_trial":false,"path_per_floor":["R","M","R","E","R","M","T","E","M","R","$","M","?","?","M","B"],"character_chosen":"GUARDIAN","items_purchased":[],"campfire_rested":0,"item_purchase_floors":[],"current_hp_per_floor":[80,62,62,50,50,50,50,42,42,42,51,51,51,51,41,0,0],"gold":103,"neow_bonus":"THREE_RARE_CARDS","is_daily":false,"chose_seed":false,"campfire_upgraded":4,"win_rate":0.0,"timestamp":1607941445,"path_taken":["R","M","R","E","R","M","T","E","M","R","$","M","?","?","M","BOSS"],"items_purchased_type":[],"build_version":"2020-12-13","purchased_purges":1,"victory":false,"max_hp_per_floor":[80,80,80,80,80,80,80,80,80,80,80,80,80,80,80,80,80],"relic_stats":{"counters":[10,35],"obtain_stats":[{"Guardian:PickAxe":13,"Guardian:ModeShifter":0,"downfall:HeartBlessingGreen":10,"WingedGreaves":8,"Odd Mushroom":14,"StrikeDummy":4,"Meat on the Bone":7},{"Guardian:PickAxe":7,"Guardian:ModeShifter":0,"downfall:HeartBlessingGreen":5,"WingedGreaves":4,"Odd Mushroom":8,"StrikeDummy":2,"Meat on the Bone":3},{"Guardian:PickAxe":25,"Guardian:ModeShifter":0,"downfall:HeartBlessingGreen":18,"WingedGreaves":16,"Odd Mushroom":26,"StrikeDummy":8,"Meat on the Bone":10}],"Meat on the Bone":24},"card_choices":[{"not_picked":["Guardian:FastForward","Guardian:ConstructionForm"],"picked":"Guardian:Gem_Orange","floor":0.0},{"not_picked":["Guardian:ShieldCharger","Guardian:Gem_Red"],"picked":"Guardian:DecasProtection","floor":2.0},{"not_picked":["Guardian:ArmoredProtocol","Guardian:WalkerClaw"],"picked":"Guardian:MultiBeam","floor":4.0},{"not_picked":["Guardian:TimeBomb","Guardian:RefractedBeam","Guardian:PiercingHide"],"picked":"SKIP","floor":6.0},{"not_picked":["Guardian:RollAttack","Guardian:TemporalShield","Guardian:Gem_Cyan"],"picked":"SKIP","floor":8},{"not_picked":["Guardian:Recover","Guardian:Gem_White"],"picked":"Guardian:StasisStrike","floor":9},{"not_picked":["Guardian:TemporalStrike","Guardian:DecasProtection","Guardian:Gem_Lightblue"],"picked":"SKIP","floor":11},{"not_picked":["Guardian:ShieldCharger","Guardian:ShieldSpikes","Guardian:TemporalStrike"],"picked":"SKIP","floor":12},{"not_picked":["Guardian:TemporalStrike","Guardian:ChargeUp"],"picked":"Guardian:PrismaticBeam","floor":14},{"not_picked":["Guardian:Preprogram","Guardian:RefractedBeam","Guardian:ChargeCore"],"picked":"SKIP","floor":15}],"player_experience":424456,"relics_obtained":[{"floor":4.0,"key":"StrikeDummy"},{"floor":7.0,"key":"Meat on the Bone"},{"floor":8,"key":"WingedGreaves"},{"floor":14,"key":"Odd Mushroom"}],"event_choices":[{"damage_healed":0,"gold_gain":0,"player_choice":"Fought Mushrooms","damage_taken":0,"max_hp_gain":0,"max_hp_loss":0,"event_name":"Mushrooms","floor":14,"gold_loss":0}],"is_beta":false,"boss_relics":[],"items_purged_floors":[11],"is_endless":false,"potions_floor_spawned":[2,12,14,15],"killed_by":"downfall:Defect","ascension_level":0}}