{"host":"3z9xbwjeimmg738z","time":1607971057,"event":{"mods":["2.2 Compatiblity","Act Like it!","BaseMod","Colored Powertips","Defuse TimeMaze Blight","Downfall","GifTheSpireLib","Minty Spire (QoL Compilation)","Rare Cards Sparkle","StSLib"],"gold_per_floor":[99,16,46,46,46,78,127,156,170,95,109,125,140,140,154,254,254,254,266,7,107,136,136,182,182,200,225,239,251,262,95,111,213,213,63,78,78,89,106,106,106,138,138,138],"floor_reached":43,"playtime":3384,"items_purged":["champ:Strike"],"score":557,"play_id":"551d9ced-6695-4477-80e0-8c29ec6f5102","local_time":"20201214103737","daily_mods":["ControlledChaos"],"is_ascension_mode":true,"campfire_choices":[{"floor":1,"key":"RECALL"},{"floor":10,"key":"REST"},{"data":"champ:EndlessRage","floor":18,"key":"SMITH"},{"data":"expansioncontent:CaCaw","floor":23,"key":"SMITH"},{"data":"champ:IronFortress","floor":35,"key":"SMITH"},{"floor":40,"key":"REST"}],"circlet_count":0,"master_deck":["champ:Strike","champ:Strike","champ:Strike","champ:Defend","champ:Defend+1","champ:Defend","champ:Defend","champ:Execute","champ:Taunt+1","champ:EndlessRage","champ:IronFortress+1","champ:Control","champ:EndlessRage+1","expansioncontent:CaCaw+1","champ:EndlessRage"],"relics":["champ:ChampionCrown","Frozen Eye","Mango","Pantograph","Anchor","War Paint","downfall:HeartBlessingRed","sneckomod:SneckoTalon","Guardian:PocketSentry","champ:BlackKnightHelmet","Singing Bowl","Eternal Feather","Darkstone Periapt","Busted Crown","downfall:HeartBlessingGreen","downfall:HeartBlessingBlue","Matryoshka","Bag of Marbles","Frozen Egg 2","Strawberry"],"acts_visited":["Exordium","TheCity","TheBeyond"],"potions_floor_usage":[16,16,16,16,16,16,21,21,30,31,43,43],"damage_taken":[{"damage":12,"enemies":"downfall:FleeingMerchant","floor":2,"turns":4},{"damage":0,"enemies":"Cultist","floor":5,"turns":1},{"damage":61,"enemies":"3 Sentries","floor":6,"turns":8},{"damage":61,"enemies":"Gremlin Nob","floor":8,"turns":5},{"damage":4,"enemies":"2 Louse","floor":9,"turns":4},{"damage":2,"enemies":"Small Slimes","floor":11,"turns":3},{"damage":11,"enemies":"Blue Slaver","floor":12,"turns":4},{"damage":21,"enemies":"2 Fungi Beasts","floor":13,"turns":4},{"damage":32,"enemies":"Gremlin Gang","floor":15,"turns":4},{"damage":67,"enemies":"downfall:Silent","floor":16,"turns":13},{"damage":33,"enemies":"Shell Parasite","floor":19,"turns":4},{"damage":32,"enemies":"downfall:FleeingMerchant","floor":20,"turns":4},{"damage":37,"enemies":"downfall:FleeingMerchant","floor":21,"turns":8},{"damage":37,"enemies":"Book of Stabbing","floor":22,"turns":7},{"damage":7,"enemies":"Chosen","floor":26,"turns":4},{"damage":84,"enemies":"Gremlin Leader","floor":27,"turns":9},{"damage":19,"enemies":"Snecko","floor":28,"turns":6},{"damage":28,"enemies":"Snake Plant","floor":29,"turns":4},{"damage":63,"enemies":"3 Cultists","floor":30,"turns":6},{"damage":10,"enemies":"downfall:FleeingMerchant","floor":31,"turns":4},{"damage":23,"enemies":"Centurion and Healer","floor":32,"turns":7},{"damage":40,"enemies":"downfall:Defect","floor":33,"turns":9},{"damage":73,"enemies":"3 Darklings","floor":36,"turns":5},{"damage":15,"enemies":"Orb Walker","floor":38,"turns":4},{"damage":98,"enemies":"Transient","floor":39,"turns":5},{"damage":106,"enemies":"Reptomancer","floor":42,"turns":7},{"damage":52,"enemies":"Sphere and 2 Shapes","floor":43,"turns":3}],"seed_played":"-2207422061856819798","potions_obtained":[{"floor":9,"key":"LiquidMemories"},{"floor":11,"key":"CultistPotion"},{"floor":12,"key":"DistilledChaos"},{"floor":13,"key":"EntropicBrew"},{"floor":16,"key":"Block Potion"},{"floor":19,"key":"Strength Potion"},{"floor":26,"key":"SteroidPotion"},{"floor":29,"key":"SkillPotion"},{"floor":33,"key":"sneckomod:MuddlingPotion"},{"floor":36,"key":"SpeedPotion"}],"is_trial":true,"path_per_floor":["R","$","?","?","M","E","T","E","M","R","M","M","M","?","M","B",null,"R","M","$","?","E","R","T","?","M","E","M","M","M","$","M","B",null,"R","M","T","M","M","R","T","E","M"],"character_chosen":"THE_CHAMP","items_purchased":["champ:EndlessRage","Guardian:PocketSentry","expansioncontent:CaCaw","champ:EndlessRage"],"campfire_rested":2,"item_purchase_floors":[2,20,20,31],"current_hp_per_floor":[90,90,104,104,104,73,73,33,33,64,65,68,63,63,58,104,104,104,104,104,78,66,75,75,75,80,112,114,100,89,87,116,114,124,134,136,136,129,59,110,110,36,0,0],"gold":138,"neow_bonus":"","is_daily":false,"chose_seed":false,"campfire_upgraded":3,"win_rate":0.0,"timestamp":1607971057,"path_taken":["R","$","?","?","M","E","T","E","M","R","M","M","M","?","M","BOSS","R","M","$","?","E","R","T","?","M","E","?","M","M","$","M","BOSS","R","?","?","M","M","R","T","E","M"],"items_purchased_type":["Card","Relic","Card","Card"],"build_version":"2020-12-13","purchased_purges":1,"victory":false,"max_hp_per_floor":[90,90,104,104,104,104,104,104,104,104,104,104,104,104,104,104,104,104,104,104,106,108,108,108,108,110,112,114,116,118,120,122,124,124,134,136,136,138,140,140,140,149,149,149],"card_choices":[{"not_picked":["champ:BerserkerStyle","champ:RecklessLeap","champ:EnGarde"],"picked":"SKIP","floor":2},{"not_picked":["champ:Circumvent","champ:TornadoPunch","champ:Backstep"],"picked":"SKIP","floor":5},{"not_picked":["champ:EnchantShield","champ:BerserkersShout"],"picked":"champ:IronFortress","floor":6},{"not_picked":["champ:ShieldWall","champ:Backstep","champ:Shatter"],"picked":"SKIP","floor":8},{"not_picked":["champ:BringItOn","champ:Circumvent","champ:BladeFlurry"],"picked":"SKIP","floor":9},{"not_picked":["champ:FanOfKnives","champ:Riposte","champ:Haymaker"],"picked":"SKIP","floor":11},{"not_picked":["champ:Encircle","champ:RisingSlash"],"picked":"champ:Control","floor":12},{"not_picked":["champ:PerfectedStrike","champ:GladiatorsShout","champ:ViciousMockery"],"picked":"SKIP","floor":13},{"not_picked":["champ:FightOn","champ:FlashCut"],"picked":"champ:EndlessRage","floor":15},{"not_picked":["champ:FocusedGladiator+1","champ:SwordSigil","champ:FanOfKnives"],"picked":"SKIP","floor":19},{"not_picked":["champ:FocusedGladiator","champ:RageSigil","champ:Encircle"],"picked":"SKIP","floor":20},{"not_picked":["champ:TornadoPunch","champ:PerfectedStrike","champ:BladeFlurry"],"picked":"Singing Bowl","floor":21},{"not_picked":["champ:RageSigil","champ:Duel","champ:LastStand"],"picked":"Singing Bowl","floor":22},{"not_picked":["champ:Riposte","champ:FlashCut","champ:Haymaker+1"],"picked":"Singing Bowl","floor":26},{"not_picked":["champ:Riposte+1","champ:Encircle","champ:Backstep"],"picked":"Singing Bowl","floor":27},{"not_picked":["champ:StanceDance+1","champ:RapidStrikes","champ:BerserkersShout+1"],"picked":"Singing Bowl","floor":28},{"not_picked":["champ:BringItOn+1","champ:BerserkersShout","champ:ShieldThrow"],"picked":"Singing Bowl","floor":29},{"not_picked":["champ:StanceDance+1","champ:Lariat+1","champ:EnragedBash"],"picked":"Singing Bowl","floor":30},{"not_picked":["champ:CheapShot","champ:EnGarde","champ:Balance"],"picked":"Singing Bowl","floor":31},{"not_picked":["champ:BerserkersShout","champ:RapidStrikes","champ:FightOn"],"picked":"Singing Bowl","floor":32},{"not_picked":["champ:Improvising","champ:StrikeOfGenius","champ:HeavySlash"],"picked":"Singing Bowl","floor":33},{"not_picked":["champ:AdrenalArmor+1"],"picked":"Singing Bowl","floor":36},{"not_picked":["champ:FlashCut"],"picked":"Singing Bowl","floor":38},{"not_picked":["champ:Duel+1"],"picked":"Singing Bowl","floor":39},{"not_picked":["champ:DefensiveShout"],"picked":"Singing Bowl","floor":42}],"player_experience":142426,"relics_obtained":[{"floor":6,"key":"Pantograph"},{"floor":7,"key":"Anchor"},{"floor":8,"key":"War Paint"},{"floor":21,"key":"champ:BlackKnightHelmet"},{"floor":21,"key":"Singing Bowl"},{"floor":22,"key":"Eternal Feather"},{"floor":27,"key":"Darkstone Periapt"},{"floor":37,"key":"Matryoshka"},{"floor":41,"key":"Bag of Marbles"},{"floor":41,"key":"Frozen Egg 2"},{"floor":42,"key":"Strawberry"}],"event_choices":[{"damage_healed":0,"gold_gain":0,"player_choice":"Leave","damage_taken":0,"max_hp_gain":0,"max_hp_loss":0,"event_name":"FaceTrader","floor":25,"gold_loss":0}],"is_beta":false,"boss_relics":[{"not_picked":["Snecko Eye","Empty Cage"],"picked":"sneckomod:SneckoTalon"},{"not_picked":["Pandora\u0027s Box","Fusion Hammer"],"picked":"Busted Crown"}],"items_purged_floors":[31],"is_endless":false,"potions_floor_spawned":[9,11,12,13,15,16,19,26,29,33,36],"killed_by":"Sphere and 2 Shapes","ascension_level":1}}