{"host":"9d9dhukr2jywmy0f","time":1607955151,"event":{"mods":["2.2 Compatiblity","AchievementEnabler","Alarm Clock","BaseMod","Bestiary","Block Reminder","Colored Map","Colored Powertips","Curses Come First","DeckTracker","Displayed Cursed Tome","Highlight Path","Key Reminder","Keyboard Shortcuts","Minty Spire (QoL Compilation)","MonsterHotkey","Potion Indicator Mod","Quick Restart","RNG Fix","Rare Cards Sparkle","Relic Sorter","Relic Stats","Spire Birthday Party","StSLib","Synergy Search","Unceasing Turn Reminder","Unknown Chances"],"gold_per_floor":[117,129,142,67,80,80,107,107,133,133,143,17,46,76,76,155,155,168,168,168,34,34,59,78,78,78,78,78,112,12,30,30,107,107,118,129,154,170,170,170,186,186,240,41,41,41,53,69,69,69,69,69,69,69,96,96,96],"floor_reached":56,"playtime":3964,"items_purged":["Strike_P","Strike_P","Defend_P"],"score":1986,"play_id":"43c70e3a-bd63-42a1-99be-b5dff8798507","local_time":"20201214221231","is_ascension_mode":true,"campfire_choices":[{"data":"Eruption","floor":6.0,"key":"SMITH"},{"data":"SignatureMove","floor":8.0,"key":"SMITH"},{"data":"FlurryOfBlows","floor":10.0,"key":"SMITH"},{"data":"Prostrate","floor":15.0,"key":"SMITH"},{"data":"Wallop","floor":25.0,"key":"SMITH"},{"data":"EmptyMind","floor":27.0,"key":"SMITH"},{"floor":32.0,"key":"REST"},{"data":"Vengeance","floor":40.0,"key":"SMITH"},{"data":"TalkToTheHand","floor":42.0,"key":"SMITH"},{"data":"EmptyMind","floor":45.0,"key":"SMITH"},{"data":"MentalFortress","floor":46.0,"key":"SMITH"},{"floor":49.0,"key":"RECALL"},{"data":"Prostrate","floor":53.0,"key":"SMITH"}],"circlet_count":0,"master_deck":["AscendersBane","Strike_P","Strike_P","Defend_P","Defend_P","Defend_P","Eruption+1","Vigilance","FlurryOfBlows+1","Vengeance+1","FlurryOfBlows","Prostrate+1","Prostrate+1","Devotion","Wallop+1","EmptyMind+1","Pray","MentalFortress+1","Brilliance","MentalFortress+1","TalkToTheHand+1","EmptyMind+1","TalkToTheHand+1","FearNoEvil+1","ThirdEye"],"relics":["PureWater","NeowsBlessing","The Courier","Happy Flower","Lantern","Du-Vu Doll","Runic Dome","MutagenicStrength","TheAbacus","Art of War","Gambling Chip","Nunchaku","WingedGreaves","Coffee Dripper","Dead Branch","Medical Kit","Anchor"],"acts_visited":["Exordium","TheCity","TheBeyond","TheEnding"],"potions_floor_usage":[56,56],"damage_taken":[{"damage":0.0,"enemies":"Cultist","floor":1.0,"turns":1.0},{"damage":0.0,"enemies":"2 Louse","floor":2.0,"turns":1.0},{"damage":0.0,"enemies":"Jaw Worm","floor":3.0,"turns":1.0},{"damage":9.0,"enemies":"Red Slaver","floor":5.0,"turns":4.0},{"damage":0.0,"enemies":"Gremlin Nob","floor":7.0,"turns":2.0},{"damage":12.0,"enemies":"Gremlin Gang","floor":11.0,"turns":3.0},{"damage":0.0,"enemies":"3 Sentries","floor":13.0,"turns":6.0},{"damage":24.0,"enemies":"The Guardian","floor":16.0,"turns":9.0},{"damage":6.0,"enemies":"2 Thieves","floor":18.0,"turns":2.0},{"damage":7.0,"enemies":"Gremlin Leader","floor":23.0,"turns":5.0},{"damage":2.0,"enemies":"3 Byrds","floor":24.0,"turns":4.0},{"damage":34.0,"enemies":"Slavers","floor":29.0,"turns":4.0},{"damage":10.0,"enemies":"Centurion and Healer","floor":31.0,"turns":4.0},{"damage":0.0,"enemies":"Automaton","floor":33.0,"turns":8.0},{"damage":0.0,"enemies":"Orb Walker","floor":35.0,"turns":1.0},{"damage":0.0,"enemies":"3 Shapes","floor":36.0,"turns":1.0},{"damage":0.0,"enemies":"Mind Bloom Boss Battle","floor":37.0,"turns":2.0},{"damage":2.0,"enemies":"Writhing Mass","floor":38.0,"turns":4.0},{"damage":0.0,"enemies":"3 Darklings","floor":41.0,"turns":3.0},{"damage":0.0,"enemies":"Transient","floor":47.0,"turns":6.0},{"damage":0.0,"enemies":"Writhing Mass","floor":48.0,"turns":4.0},{"damage":2.0,"enemies":"Awakened One","floor":50.0,"turns":13.0},{"damage":24.0,"enemies":"Donu and Deca","floor":51.0,"turns":7.0},{"damage":25.0,"enemies":"Shield and Spear","floor":55.0,"turns":6.0},{"damage":37,"enemies":"The Heart","floor":56,"turns":6}],"seed_played":"-5347650174724598939","potions_obtained":[{"floor":1.0,"key":"DistilledChaos"},{"floor":7.0,"key":"StancePotion"},{"floor":16.0,"key":"Weak Potion"},{"floor":18.0,"key":"StancePotion"},{"floor":23.0,"key":"FearPotion"},{"floor":31.0,"key":"EssenceOfSteel"},{"floor":36.0,"key":"PowerPotion"},{"floor":41.0,"key":"PowerPotion"}],"is_trial":false,"path_per_floor":["M","M","M","$","M","R","E","R","T","R","M","$","E","?","R","B",null,"M","?","?","$","?","E","M","R","T","R","?","E","$","M","R","B",null,"M","M","?","M","?","R","M","R","T","$","R","R","M","M","R","B","B",null,"R","$","E","B"],"character_chosen":"WATCHER","items_purchased":["Prostrate","TheAbacus","Medical Kit","EmptyMind"],"campfire_rested":1,"item_purchase_floors":[12,21,44,44],"current_hp_per_floor":[61,61,61,61,52,52,52,52,52,52,40,40,40,40,40,16,55,49,49,49,49,68,61,59,59,59,59,59,25,25,15,35,35,60,60,60,60,58,58,58,58,58,58,58,58,58,58,58,58,56,32,59,59,59,34,0,0],"gold":96,"neow_bonus":"THREE_ENEMY_KILL","is_daily":false,"chose_seed":false,"campfire_upgraded":11,"win_rate":0.0,"timestamp":1607955151,"path_taken":["M","M","M","$","M","R","E","R","T","R","M","$","E","?","R","BOSS","M","?","?","$","?","E","?","R","T","R","?","E","?","?","R","BOSS","M","M","?","?","?","R","M","R","T","$","R","R","M","M","R","BOSS","BOSS","R","$","E","BOSS"],"items_purchased_type":["Card","Relic","Relic","Card"],"build_version":"2020-11-30","purchased_purges":3,"victory":false,"max_hp_per_floor":[68,68,68,68,68,68,68,68,68,68,68,68,68,68,68,68,68,68,68,68,68,68,68,68,68,68,68,68,68,68,68,68,68,68,68,68,68,68,68,68,68,68,68,68,68,68,68,68,68,68,68,68,68,68,68,68,68],"relic_stats":{"Nunchaku":[30],"TheAbacus":[144],"Happy Flower":[32],"counters":[25,107],"Gambling Chip":[56],"Dead Branch":[63],"Art of War":[2],"Medical Kit":[10],"obtain_stats":[{"Lantern":13,"NeowsBlessing":0,"Happy Flower":9,"Dead Branch":37,"The Courier":7,"Medical Kit":44,"Du-Vu Doll":14,"keyreminder:keyreminder":29,"Runic Dome":17,"Nunchaku":28,"Anchor":55,"TheAbacus":21,"MutagenicStrength":19,"Gambling Chip":26,"WingedGreaves":29,"Art of War":23,"Coffee Dripper":34,"PureWater":0},{"Lantern":7,"NeowsBlessing":0,"Happy Flower":5,"Dead Branch":17,"The Courier":5,"Medical Kit":19,"Du-Vu Doll":7,"keyreminder:keyreminder":12,"Runic Dome":8,"Nunchaku":11,"Anchor":24,"TheAbacus":9,"MutagenicStrength":9,"Gambling Chip":11,"WingedGreaves":12,"Art of War":10,"Coffee Dripper":14,"PureWater":0},{"Lantern":18,"NeowsBlessing":0,"Happy Flower":9,"Dead Branch":58,"The Courier":9,"Medical Kit":65,"Du-Vu Doll":18,"keyreminder:keyreminder":42,"Runic Dome":27,"Nunchaku":38,"Anchor":101,"TheAbacus":29,"MutagenicStrength":29,"Gambling Chip":38,"WingedGreaves":42,"Art of War":34,"Coffee Dripper":54,"PureWater":0}]},"card_choices":[{"not_picked":["WreathOfFlame","FlyingSleeves","Swivel"],"picked":"SKIP","floor":1.0},{"not_picked":["SashWhip","WreathOfFlame"],"picked":"FlurryOfBlows","floor":2.0},{"not_picked":["Consecrate","FlurryOfBlows"],"picked":"SignatureMove","floor":3.0},{"not_picked":["Crescendo","Judgement"],"picked":"Vengeance","floor":5.0},{"not_picked":["Conclude","EmptyFist"],"picked":"FlurryOfBlows","floor":7.0},{"not_picked":["BowlingBash","ReachHeaven"],"picked":"Prostrate","floor":11.0},{"not_picked":["ForeignInfluence","Swivel","Protect"],"picked":"SKIP","floor":13.0},{"not_picked":["Wish","Ragnarok"],"picked":"Devotion","floor":16.0},{"not_picked":["FlyingSleeves","Protect"],"picked":"Wallop","floor":18.0},{"not_picked":["Evaluate","ClearTheMind"],"picked":"Pray","floor":23.0},{"not_picked":["ThirdEye","Meditate"],"picked":"MentalFortress","floor":24.0},{"not_picked":["CarveReality","Study","FollowUp"],"picked":"SKIP","floor":29.0},{"not_picked":["Weave+1","PathToVictory","JustLucky"],"picked":"SKIP","floor":31.0},{"not_picked":["DeusExMachina","Wish"],"picked":"Brilliance","floor":33.0},{"not_picked":["CutThroughFate","LikeWater"],"picked":"MentalFortress+1","floor":35.0},{"not_picked":["Study","PathToVictory","ClearTheMind"],"picked":"SKIP","floor":36.0},{"not_picked":["Prostrate","JustLucky","Collect"],"picked":"SKIP","floor":38.0},{"not_picked":["WindmillStrike","Protect"],"picked":"TalkToTheHand","floor":41.0},{"not_picked":["Ragnarok","Evaluate+1"],"picked":"TalkToTheHand+1","floor":47.0},{"not_picked":["EmptyFist","CutThroughFate"],"picked":"FearNoEvil+1","floor":48.0},{"not_picked":["Wireheading","FlyingSleeves+1"],"picked":"ThirdEye","floor":55.0}],"player_experience":671778,"relics_obtained":[{"floor":7.0,"key":"The Courier"},{"floor":9.0,"key":"Happy Flower"},{"floor":13.0,"key":"Lantern"},{"floor":23.0,"key":"Art of War"},{"floor":26.0,"key":"Gambling Chip"},{"floor":29.0,"key":"WingedGreaves"},{"floor":37.0,"key":"Dead Branch"},{"floor":55.0,"key":"Anchor"}],"event_choices":[{"damage_healed":0.0,"max_hp_gain":0.0,"max_hp_loss":0.0,"gold_gain":30.0,"event_name":"Dead Adventurer","player_choice":"Searched \u00273\u0027 times","floor":14.0,"gold_loss":0.0,"damage_taken":0.0,"relics_obtained":["Du-Vu Doll"]},{"damage_healed":0.0,"max_hp_gain":0.0,"max_hp_loss":0.0,"gold_gain":0.0,"event_name":"Drug Dealer","player_choice":"Inject Mutagens","floor":19.0,"gold_loss":0.0,"damage_taken":0.0,"relics_obtained":["MutagenicStrength"]},{"damage_healed":0.0,"max_hp_gain":0.0,"max_hp_loss":0.0,"gold_gain":0.0,"event_name":"The Library","player_choice":"Read","floor":20.0,"gold_loss":0.0,"damage_taken":0.0,"cards_obtained":["EmptyMind"]},{"cards_removed":["SignatureMove"],"damage_healed":19.0,"max_hp_gain":0.0,"max_hp_loss":0.0,"gold_gain":0.0,"event_name":"Bonfire Elementals","player_choice":"Offered Uncommon","floor":22.0,"gold_loss":0.0,"damage_taken":0.0},{"damage_healed":0.0,"max_hp_gain":0.0,"max_hp_loss":0.0,"gold_gain":0.0,"event_name":"WeMeetAgain","player_choice":"Gave Potion","floor":28.0,"gold_loss":0.0,"damage_taken":0.0,"relics_obtained":["Nunchaku"]},{"damage_healed":0.0,"max_hp_gain":0.0,"max_hp_loss":0.0,"gold_gain":0.0,"event_name":"MindBloom","player_choice":"Fight","floor":37.0,"gold_loss":0.0,"damage_taken":0.0},{"damage_healed":0.0,"max_hp_gain":0.0,"max_hp_loss":0.0,"gold_gain":0.0,"event_name":"SensoryStone","player_choice":"Memory 1","floor":39.0,"gold_loss":0.0,"damage_taken":0.0}],"is_beta":false,"boss_relics":[{"not_picked":["Ectoplasm","Tiny House"],"picked":"Runic Dome"},{"not_picked":["Velvet Choker","Philosopher\u0027s Stone"],"picked":"Coffee Dripper"}],"items_purged_floors":[4,12,30],"is_endless":false,"potions_floor_spawned":[1,7,16,18,23,31,36,41,47,55],"killed_by":"The Heart","ascension_level":20}}