{"host":"swphzoo6hmc78epl","time":1607922602,"event":{"mods":["BaseMod","Highlight Path","Minty Spire (QoL Compilation)","Quick Restart"],"gold_per_floor":[139,198,232,265,300,300,343,405,475,536,573,94,94,132,132,276,276,300,225,225,76,125,186,186,97,97,97,97,97,97],"floor_reached":29,"playtime":1103,"items_purged":["Strike_P"],"score":386,"play_id":"82354e11-c4e0-48bc-8091-2c37bed15686","local_time":"20201214001002","is_ascension_mode":true,"campfire_choices":[{"data":"HandOfGreed","floor":6,"key":"SMITH"},{"floor":15,"key":"REST"},{"floor":24,"key":"REST"},{"floor":28,"key":"RECALL"}],"circlet_count":0,"master_deck":["Strike_P","Strike_P","Strike_P","Defend_P+1","Defend_P","Defend_P","Defend_P","Eruption","Vigilance","HandOfGreed+1","FlurryOfBlows","FearNoEvil","ReachHeaven","CutThroughFate","Vengeance","InnerPeace","Consecrate","FollowUp","Indignation","ThirdEye+1","Ragnarok","EmptyBody+1","DeceiveReality","Evaluate","DevaForm","SandsOfTime+1","Flash of Steel"],"relics":["PureWater","Mummified Hand","PreservedInsect","Golden Idol","Dream Catcher","SacredBark","War Paint","Sundial","Eternal Feather","Meat on the Bone"],"acts_visited":["Exordium","TheCity"],"potions_floor_usage":[5,5,11,14,18,22,29],"damage_taken":[{"damage":0,"enemies":"Cultist","floor":1,"turns":2},{"damage":4,"enemies":"2 Louse","floor":2,"turns":3},{"damage":0,"enemies":"Small Slimes","floor":3,"turns":3},{"damage":0,"enemies":"3 Louse","floor":4,"turns":2},{"damage":10,"enemies":"Exordium Wildlife","floor":5,"turns":2},{"damage":14,"enemies":"Exordium Thugs","floor":7,"turns":3},{"damage":2,"enemies":"2 Fungi Beasts","floor":8,"turns":3},{"damage":17,"enemies":"Exordium Wildlife","floor":10,"turns":5},{"damage":4,"enemies":"Red Slaver","floor":11,"turns":3},{"damage":0,"enemies":"Lagavulin","floor":14,"turns":2},{"damage":0,"enemies":"Slime Boss","floor":16,"turns":3},{"damage":12,"enemies":"Shell Parasite","floor":18,"turns":2},{"damage":0,"enemies":"Spheric Guardian","floor":22,"turns":3},{"damage":45,"enemies":"Slavers","floor":23,"turns":3},{"damage":52,"enemies":"Book of Stabbing","floor":29,"turns":5}],"seed_played":"6953925057280604816","potions_obtained":[{"floor":3,"key":"Energy Potion"},{"floor":4,"key":"LiquidMemories"},{"floor":8,"key":"Swift Potion"},{"floor":10,"key":"Swift Potion"},{"floor":11,"key":"Energy Potion"},{"floor":14,"key":"BlessingOfTheForge"},{"floor":23,"key":"Swift Potion"}],"is_trial":false,"path_per_floor":["M","M","M","M","M","R","M","M","T","M","M","$","?","E","R","B",null,"M","?","?","$","M","E","R","$","T","T","R","E"],"character_chosen":"WATCHER","items_purchased":["Mummified Hand","PreservedInsect","War Paint","Flash of Steel"],"campfire_rested":2,"item_purchase_floors":[12,12,21,25],"current_hp_per_floor":[65,61,61,61,51,51,37,35,35,18,14,14,14,14,33,33,65,53,53,53,53,53,8,27,27,27,27,42,0,0],"gold":97,"neow_bonus":"RANDOM_COLORLESS_2","is_daily":false,"chose_seed":false,"campfire_upgraded":1,"win_rate":0.0,"timestamp":1607922602,"path_taken":["M","M","M","M","M","R","M","M","T","?","M","$","?","E","R","BOSS","M","?","?","?","?","E","R","$","T","?","R","E"],"items_purchased_type":["Relic","Relic","Relic","Card"],"build_version":"2020-12-13","purchased_purges":1,"victory":false,"max_hp_per_floor":[65,65,65,65,65,65,65,65,65,65,65,65,65,65,65,65,65,65,65,65,65,65,65,65,65,65,65,65,65,65],"card_choices":[{"not_picked":["Secret Technique","Magnetism"],"picked":"HandOfGreed","floor":0},{"not_picked":["Vengeance","Prostrate"],"picked":"FlurryOfBlows","floor":1},{"not_picked":["Vengeance","Nirvana"],"picked":"FearNoEvil","floor":2},{"not_picked":["Indignation","CutThroughFate"],"picked":"ReachHeaven","floor":3},{"not_picked":["Fasting2","BowlingBash"],"picked":"CutThroughFate","floor":4},{"not_picked":["Collect","ThirdEye"],"picked":"Vengeance","floor":5},{"not_picked":["EmptyFist","Protect"],"picked":"InnerPeace","floor":7},{"not_picked":["PathToVictory","SignatureMove"],"picked":"Consecrate","floor":8},{"not_picked":["Protect","CutThroughFate"],"picked":"FollowUp","floor":10},{"not_picked":["WaveOfTheHand","Establishment"],"picked":"Indignation","floor":11},{"not_picked":["FearNoEvil","CutThroughFate"],"picked":"ThirdEye","floor":14},{"not_picked":["Omniscience","DeusExMachina"],"picked":"Ragnarok","floor":16},{"not_picked":["Sanctity","Conclude"],"picked":"EmptyBody+1","floor":18},{"not_picked":["ClearTheMind","Fasting2"],"picked":"Evaluate","floor":22},{"not_picked":["FearNoEvil","Tantrum"],"picked":"DevaForm","floor":23},{"not_picked":["Worship+1","EmptyBody+1"],"picked":"SandsOfTime+1","floor":24}],"player_experience":734810,"relics_obtained":[{"floor":14,"key":"Dream Catcher"},{"floor":23,"key":"Sundial"},{"floor":26,"key":"Eternal Feather"},{"floor":27,"key":"Meat on the Bone"}],"event_choices":[{"damage_healed":0,"gold_gain":0,"player_choice":"Take Wound","damage_taken":0,"relics_obtained":["Golden Idol"],"max_hp_gain":0,"max_hp_loss":0,"event_name":"Golden Idol","floor":13,"gold_loss":0,"cards_obtained":["Injury"]},{"cards_removed":["Injury"],"damage_healed":0,"gold_gain":0,"player_choice":"Gave Gold","damage_taken":0,"max_hp_gain":0,"max_hp_loss":0,"event_name":"Beggar","floor":19,"gold_loss":75},{"damage_healed":0,"gold_gain":0,"player_choice":"Read","damage_taken":0,"max_hp_gain":0,"max_hp_loss":0,"event_name":"The Library","floor":20,"gold_loss":0,"cards_obtained":["DeceiveReality"]}],"is_beta":false,"boss_relics":[{"not_picked":["Runic Pyramid","Tiny House"],"picked":"SacredBark"}],"items_purged_floors":[12],"is_endless":false,"potions_floor_spawned":[3,4,8,10,11,14,23],"killed_by":"Book of Stabbing","ascension_level":4}}