{"host":"jtxptf9isiqyc7jm","time":1607968947,"event":{"mods":["Act Like it!","BaseMod","Bestiary","BetterRewards","Colored Powertips","Custom Start","Downfall","Friendly Minions","Hermit","Hubris","Infinite Spire","Jorbs\u0027s Wanderer Trilogy","Kiyohime????","Koishi","Lobotomy","Marisa????????","Minty Spire (QoL Compilation)","Prisma Mod","Remilia??????","Replay The Spire","Shop Mod","StSLib","The Construct","The Cursed","The Disciple","The Hierophant","The Jungle","The Runesmith","The Senshi","The Servant 0.9.4"],"gold_per_floor":[147,177,210,14,14,14,116,116,140,140,227,227,227],"floor_reached":12,"playtime":487,"items_purged":[],"score":86,"play_id":"e4fd13d3-3657-4572-b072-f0b85d2d142d","local_time":"20201214180227","daily_mods":["Vintage","Heirloom","Time Dilation","DeadlyEvents","Elite Swarm","Lethality","Midas"],"is_ascension_mode":false,"campfire_choices":[{"floor":6,"key":"REST"},{"floor":8,"key":"REST"}],"circlet_count":0,"master_deck":["Strike_B","Strike_B","Strike_B","Strike_B","Defend_B","Defend_B","Defend_B","Defend_B","Zap","Dualcast","Magnetism","Rainbow","Loop","Pain","hubris:SpecializedCircuitry"],"relics":["Cracked Core","replay:Trail_Library","Pocketwatch","Pen Nib","Blue Doll","Question Card","Replay:Bottled Flurry","Ancient Tea Set","MealTicket","WarpedTongs","Bottled Lightning"],"acts_visited":["Exordium"],"potions_floor_usage":[11],"damage_taken":[{"damage":0,"enemies":"Cultist","floor":1,"turns":3},{"damage":3,"enemies":"Small Slimes","floor":2,"turns":3},{"damage":4,"enemies":"Jaw Worm","floor":3,"turns":2},{"damage":36,"enemies":"Gremlin Nob","floor":7,"turns":4},{"damage":34,"enemies":"3 Sentries","floor":11,"turns":7},{"damage":37,"enemies":"Lagavulin","floor":12,"turns":6}],"seed_played":"6708930396043475879","potions_obtained":[{"floor":1,"key":"Adrenaline Potion"},{"floor":2,"key":"EssenceOfSteel"},{"floor":11,"key":"DistilledChaos"}],"is_trial":true,"path_per_floor":["M","M","M","$","T","R","E","R","T","?","E","E"],"character_chosen":"DEFECT","items_purchased":["Magnetism"],"campfire_rested":2,"item_purchase_floors":[4],"current_hp_per_floor":[75,72,68,68,68,75,39,61,61,61,27,0,0],"gold":227,"neow_bonus":"","is_daily":false,"chose_seed":false,"campfire_upgraded":0,"win_rate":0.0,"timestamp":1607968947,"path_taken":["M","M","M","$","?","R","E","R","T","?","E","?"],"items_purchased_type":["Card"],"build_version":"2020-12-13","purchased_purges":0,"victory":false,"max_hp_per_floor":[75,75,75,75,75,75,75,75,75,75,75,75,75],"card_choices":[{"not_picked":["Machine Learning","Seek","hubris:DoWhile"],"picked":"Rainbow","floor":7},{"not_picked":["Hyperbeam","Fission","ReplayRNGCard"],"picked":"hubris:SpecializedCircuitry","floor":11}],"player_experience":88826,"relics_obtained":[{"floor":1,"key":"Pen Nib"},{"floor":2,"key":"Blue Doll"},{"floor":3,"key":"Question Card"},{"floor":5,"key":"Replay:Bottled Flurry"},{"floor":7,"key":"Ancient Tea Set"},{"floor":9,"key":"MealTicket"},{"floor":11,"key":"Bottled Lightning"}],"event_choices":[{"damage_healed":0,"gold_gain":0,"player_choice":"Rummage","damage_taken":0,"relics_obtained":["WarpedTongs"],"max_hp_gain":0,"max_hp_loss":0,"event_name":"Accursed Blacksmith","floor":10,"gold_loss":0,"cards_obtained":["Pain"]}],"is_beta":false,"boss_relics":[],"items_purged_floors":[],"is_endless":false,"potions_floor_spawned":[1,2,11],"killed_by":"Lagavulin","ascension_level":0}}