{"host":"h8bshyl4dp77d6d9","time":1607959596,"event":{"mods":["AchievementEnabler","Aspiration","BaseMod","Better Altar","Better Match","Better Note","Better Sensory Stone","Better Skull","Better Third Choice","BetterRewards","CCEM","Colored Map","Downfall","GifTheSpireLib","Halation","Highlight Path","Hubris","Minty Spire (QoL Compilation)","Permanent Neow","Replay The Spire","Spicy Shops","StSLib","Stuff the Spire","Unceasing Turn Reminder"],"gold_per_floor":[99,115,115,135,154,154,154,204,204,236,246,272,15,15,30,130,130,130,130,130,25,25,25,25,25,25,25,25,25,10,10,10,10,10,10,10,10,10,10,10,10,10,10,10,10,10,10,10,10,10],"floor_reached":51,"playtime":5203,"items_purged":["hubris:Envy"],"score":592,"play_id":"57990907-fda8-4c7a-96ee-7fcff0746263","local_time":"20201214172636","is_ascension_mode":false,"campfire_choices":[{"data":"Guardian:CurlUp","floor":1,"key":"SMITH"},{"data":"Guardian:Emergency","floor":6,"key":"SMITH"},{"data":"Guardian:PiercingHide","floor":9,"key":"SMITH"},{"data":"Guardian:TimeSifter","floor":18,"key":"SMITH"},{"data":"Guardian:StasisField","floor":26,"key":"SMITH"},{"floor":35,"key":"RECALL"},{"data":"Guardian:FastForward","floor":37,"key":"SMITH"}],"circlet_count":0,"master_deck":["Guardian:Strike_Guardian","Guardian:Strike_Guardian","Guardian:Strike_Guardian","Guardian:Defend_Guardian","Guardian:Defend_Guardian","Guardian:Defend_Guardian","Guardian:Defend_Guardian","Guardian:CurlUp+1","Guardian:TwinSlam","Guardian:Recover","Guardian:Emergency+1","Guardian:PiercingHide+1","Hallucinations","Guardian:Incinerate","Guardian:StasisField+1","Parasite","Guardian:TimeSifter+1","Guardian:ShieldCharger","Guardian:Reroute","Guardian:Incinerate","Guardian:SpikerProtocol+1","Guardian:Planning+1","Guardian:TemporalStrike","Guardian:ArmoredProtocol","Guardian:ChargeCore","Guardian:SentryBeam","Guardian:FastForward+1","Guardian:TemporalStrike","Guardian:Planning+1","Guardian:Reroute+1","Guardian:TimeCapacitor","Guardian:Gem_Cyan","Guardian:Gem_Green","Guardian:Gem_Green","Guardian:Gem_Lightblue","Guardian:EvasiveProtocol","Guardian:Suspension+1"],"relics":["Guardian:ModeShifter","Pet Ghost","Garlic","Ring of Greed","Ring of Fury","MealTicket","Blue Doll","aspiration:ChemicalBlood","CCEMRelics:GrindingGear","CCEMRelics:CocoNut","Ectoplasm","Replay:WaspNest","halation:VictoryRuler","Mummified Hand","Honey Jar","ReplayFunnel","Guardian:PickAxe","hubris:Towel"],"acts_visited":["Exordium","TheCity","TheBeyond"],"potions_floor_usage":[16,25,33,33,39,50,50],"damage_taken":[{"damage":2,"enemies":"Jaw Worm","floor":2,"turns":4},{"damage":0,"enemies":"Cultist","floor":4,"turns":4},{"damage":5,"enemies":"Small Slimes","floor":5,"turns":5},{"damage":70,"enemies":"Gremlin Nob","floor":10,"turns":6},{"damage":0,"enemies":"Exordium Wildlife","floor":11,"turns":3},{"damage":0,"enemies":"downfall:FleeingMerchant","floor":13,"turns":4},{"damage":0,"enemies":"Blue Slaver","floor":15,"turns":3},{"damage":16,"enemies":"downfall:Ironclad","floor":16,"turns":8},{"damage":24,"enemies":"Shell Parasite","floor":19,"turns":6},{"damage":0,"enemies":"downfall:FleeingMerchant","floor":21,"turns":4},{"damage":0,"enemies":"Chosen","floor":22,"turns":3},{"damage":0,"enemies":"3 Cultists","floor":23,"turns":4},{"damage":4,"enemies":"Slavers","floor":25,"turns":3},{"damage":0,"enemies":"Replay:Snechameleon","floor":27,"turns":4},{"damage":0,"enemies":"Chosen and Byrds","floor":28,"turns":3},{"damage":8,"enemies":"Snake Plant","floor":29,"turns":3},{"damage":0,"enemies":"downfall:FleeingMerchant","floor":30,"turns":4},{"damage":0,"enemies":"Centurion and Healer","floor":32,"turns":4},{"damage":15,"enemies":"downfall:Silent","floor":33,"turns":6},{"damage":0,"enemies":"3 Shapes","floor":36,"turns":3},{"damage":0,"enemies":"3 Darklings","floor":39,"turns":3},{"damage":0,"enemies":"downfall:FleeingMerchant","floor":40,"turns":3},{"damage":2,"enemies":"Maw","floor":42,"turns":6},{"damage":5,"enemies":"Reptomancer","floor":43,"turns":7},{"damage":2,"enemies":"Writhing Mass","floor":46,"turns":4},{"damage":0,"enemies":"3 Darklings","floor":49,"turns":3}],"seed_played":"-3431094523833789788","potions_obtained":[{"floor":4,"key":"SmokeBomb"},{"floor":5,"key":"SkillPotion"},{"floor":10,"key":"ColorlessPotion"},{"floor":22,"key":"LiquidMemories"},{"floor":23,"key":"Adrenaline Potion"},{"floor":25,"key":"BlessingOfTheForge"},{"floor":33,"key":"Strength Potion"},{"floor":36,"key":"hexamod:EctoCoolerPotion"},{"floor":38,"key":"BlessingOfTheForge"},{"floor":38,"key":"Fruit Juice"},{"floor":42,"key":"Block Potion"},{"floor":49,"key":"Milkshake"},{"floor":50,"key":"LiquidBronze"}],"is_trial":false,"path_per_floor":["R","M","?","M","M","R","T","?","R","E","M","T","$","?","M","B",null,"R","M","?","$","M","M","T","E","R","E","M","M","$","?","M","B",null,"R","M","R","?","M","$","T","M","E","R","?","M","$","?","M","B",null],"character_chosen":"GUARDIAN","items_purchased":["CCEMRelics:CocoNut","Guardian:Incinerate"],"campfire_rested":0,"item_purchase_floors":[13,21],"current_hp_per_floor":[80,78,78,78,73,73,73,73,73,3,3,3,23,44,44,28,85,85,61,61,76,76,76,76,72,72,72,72,64,79,79,79,64,85,85,85,85,64,69,84,84,82,77,77,77,75,90,90,90,74],"gold":10,"neow_bonus":"RANDOM_COMMON_RELIC","is_daily":false,"chose_seed":false,"campfire_upgraded":6,"win_rate":0.0,"timestamp":1607959596,"path_taken":["R","M","?","?","?","R","T","?","R","E","M","?","?","?","M","BOSS","R","M","?","?","M","M","T","E","R","E","M","?","?","?","M","BOSS","R","M","R","?","M","?","T","M","E","R","?","?","$","?","M","BOSS"],"items_purchased_type":["Relic","Card"],"build_version":"2020-12-13","purchased_purges":1,"victory":true,"max_hp_per_floor":[80,80,80,80,80,80,80,80,80,80,80,80,85,85,85,85,85,85,85,85,85,85,85,85,85,85,85,85,85,85,85,85,85,85,85,85,85,85,90,90,90,90,90,90,90,90,90,90,90,90],"card_choices":[{"not_picked":["Guardian:ShieldCharger","Guardian:PrimingBeam"],"picked":"Guardian:Recover","floor":2},{"not_picked":["Guardian:RollAttack","Guardian:TimeBomb"],"picked":"Guardian:Emergency","floor":4},{"not_picked":["Guardian:Recover","Guardian:Repulse"],"picked":"Guardian:PiercingHide","floor":5},{"not_picked":["Guardian:ArmoredProtocol","Guardian:Suspension"],"picked":"Guardian:Gem_Blue","floor":10},{"not_picked":["Guardian:VentSteam","Guardian:HyperBeam_Guardian"],"picked":"Guardian:Incinerate","floor":11},{"not_picked":["Guardian:FloatingOrbs","Guardian:Gem_Cyan"],"picked":"Guardian:StasisField","floor":13},{"not_picked":["Guardian:DonusPower","Guardian:Suspension"],"picked":"Guardian:Gem_Green","floor":15},{"not_picked":["Guardian:HyperBeam_Guardian","Guardian:AncientConstruct"],"picked":"Guardian:TimeSifter","floor":16},{"not_picked":["Guardian:Recover+1","Guardian:ChargeCore+1"],"picked":"Guardian:ShieldCharger","floor":19},{"not_picked":["Guardian:Gem_Blue","Guardian:ShieldCharger"],"picked":"Guardian:Reroute","floor":21},{"not_picked":["Guardian:DonusPower","Guardian:ShieldSpikes"],"picked":"Guardian:SpikerProtocol+1","floor":22},{"not_picked":["Guardian:Gem_Green","Guardian:Recover"],"picked":"Guardian:Planning+1","floor":23},{"not_picked":["Guardian:Gem_Green","Guardian:Incinerate+1"],"picked":"Guardian:TemporalStrike","floor":25},{"not_picked":["Guardian:ShieldCharger","Guardian:Gem_Green"],"picked":"Guardian:ArmoredProtocol","floor":27},{"not_picked":["Guardian:WalkerClaw","Guardian:PiercingHide"],"picked":"Guardian:Gem_Orange","floor":28},{"not_picked":["Guardian:Suspension","Guardian:Incinerate+1"],"picked":"Guardian:Gem_Cyan","floor":29},{"not_picked":["Guardian:ShieldCharger","Guardian:EvasiveProtocol"],"picked":"Guardian:ChargeCore","floor":30},{"not_picked":["Guardian:MultiBeam+1","Guardian:Gem_Purple"],"picked":"Guardian:SentryBeam","floor":32},{"not_picked":["Guardian:Gem_Synthetic","Guardian:ConstructionForm"],"picked":"Guardian:FastForward","floor":33},{"not_picked":["Guardian:VentSteam+1","Guardian:Clone","Guardian:Gem_Red"],"picked":"Guardian:TemporalStrike","floor":36},{"not_picked":["Guardian:Gem_Green","Guardian:Repulse","Guardian:CrystalBeam+1"],"picked":"Guardian:Planning+1","floor":38},{"not_picked":["Guardian:RollAttack","Guardian:ChargeCore","Guardian:Gem_Green"],"picked":"Guardian:Reroute+1","floor":39},{"not_picked":["Guardian:ArmoredProtocol+1","Guardian:PrismaticBeam","Guardian:Harden"],"picked":"Guardian:TimeCapacitor","floor":40},{"not_picked":["Guardian:Suspension","Guardian:BronzeArmor+1","Guardian:RefractedBeam+1"],"picked":"Guardian:Gem_Cyan","floor":42},{"not_picked":["Guardian:CrystalBeam+1","Guardian:Planning+1","Guardian:Preprogram"],"picked":"Guardian:Gem_Green","floor":43},{"not_picked":["Guardian:Planning","Guardian:StasisField","Guardian:PrismaticBarrier"],"picked":"Guardian:EvasiveProtocol","floor":46},{"not_picked":["Guardian:Gem_Red","Guardian:Incinerate","Guardian:TemporalStrike+1"],"picked":"Guardian:Suspension+1","floor":49}],"player_experience":1805,"relics_obtained":[{"floor":7,"key":"Garlic"},{"floor":8,"key":"Ring of Greed"},{"floor":8,"key":"Ring of Fury"},{"floor":8,"key":"MealTicket"},{"floor":8,"key":"Blue Doll"},{"floor":10,"key":"aspiration:ChemicalBlood"},{"floor":12,"key":"CCEMRelics:GrindingGear"},{"floor":24,"key":"Replay:WaspNest"},{"floor":25,"key":"halation:VictoryRuler"},{"floor":27,"key":"Mummified Hand"},{"floor":38,"key":"ReplayFunnel"},{"floor":43,"key":"Guardian:PickAxe"}],"event_choices":[{"cards_removed":["Guardian:Strike_Guardian"],"damage_healed":0,"gold_gain":0,"player_choice":"Offered Basic","damage_taken":0,"max_hp_gain":0,"max_hp_loss":0,"event_name":"Bonfire Elementals","floor":3,"gold_loss":0},{"damage_healed":21,"gold_gain":0,"player_choice":"Healed and dodged fight","damage_taken":0,"max_hp_gain":0,"max_hp_loss":0,"event_name":"Mushrooms","floor":14,"gold_loss":0,"cards_obtained":["Parasite"]},{"cards_removed":["Guardian:ArmoredProtocol"],"damage_healed":0,"gold_gain":0,"player_choice":"Give","damage_taken":0,"max_hp_gain":0,"max_hp_loss":0,"event_name":"betterNote:BetterNote","floor":31,"gold_loss":0,"cards_obtained":["None"]}],"is_beta":false,"boss_relics":[{"not_picked":["Replay:Drink Me","halation:MonkeysPaw"],"picked":"Ectoplasm"},{"not_picked":["aspiration:SilentSkillbook","aspiration:PoetsPen_weak"],"picked":"Honey Jar"}],"items_purged_floors":[21],"is_endless":false,"potions_floor_spawned":[4,5,10,22,23,25,28,29,36,42,49],"ascension_level":0}}