{"host":"pgqkv8mh62pnrbci","time":1607941934,"event":{"mods":["AchievementEnabler","BaseMod","Custom Start","Minty Spire (QoL Compilation)","Replay The Spire","StSLib","SuperFastMode","¡¼?Úª?ø«¡½REMEMod"],"gold_per_floor":[111,122,122,132,147,178,178,195,221,66,85,85,85,95,95,95,95],"floor_reached":16,"playtime":559,"items_purged":["Defend_G"],"score":203,"play_id":"c4985814-63e3-46d4-844c-b04d9869091e","local_time":"20201214193214","is_ascension_mode":true,"campfire_choices":[{"data":"REME_BattleFury","floor":7.0,"key":"SMITH"},{"floor":12.0,"key":"REST"},{"data":"Neutralize","floor":15.0,"key":"SMITH"}],"circlet_count":0,"master_deck":["AscendersBane","Strike_G","Strike_G","Strike_G","Strike_G","Strike_G","Defend_G","Defend_G","Defend_G","Defend_G","Survivor","Neutralize+1","REME_BattleFury+1","ReplayTheSpireMod:Scrap Shanks","Blade Dance","Sneak Up","ReplayTheSpireMod:Scrap Shanks","ReplayTheSpireMod:Speed Training","REME_GreenPollution","Pain"],"relics":["REME_ComplimentaryCards","ReplayTheSpireMod:DimensionalGlitch","FaceOfCleric","Gremlin Horn","Regal Pillow","WarpedTongs"],"acts_visited":["Exordium"],"potions_floor_usage":[16],"damage_taken":[{"damage":0.0,"enemies":"Small Slimes","floor":1.0,"turns":2.0},{"damage":6.0,"enemies":"Cultist","floor":2.0,"turns":3.0},{"damage":12.0,"enemies":"Jaw Worm","floor":4.0,"turns":4.0},{"damage":10.0,"enemies":"Red Slaver","floor":5.0,"turns":6.0},{"damage":24.0,"enemies":"3 Sentries","floor":6.0,"turns":11.0},{"damage":8.0,"enemies":"Blue Slaver","floor":8.0,"turns":4.0},{"damage":1.0,"enemies":"2 Fungi Beasts","floor":11.0,"turns":4.0},{"damage":24.0,"enemies":"Large Slime","floor":14.0,"turns":4.0},{"damage":17,"enemies":"Hexaghost","floor":16,"turns":7}],"seed_played":"1946668149537308014","potions_obtained":[{"floor":1.0,"key":"Milkshake"},{"floor":6.0,"key":"BlessingOfTheForge"},{"floor":8.0,"key":"Flashbang"},{"floor":11.0,"key":"Milkshake"}],"is_trial":false,"path_per_floor":["M","M","?","M","M","E","R","M","T","$","M","R","?","M","R","B"],"character_chosen":"THE_SILENT","items_purchased":["REME_GreenPollution"],"campfire_rested":1,"item_purchase_floors":[10],"current_hp_per_floor":[59,53,53,42,33,10,10,3,3,3,3,39,39,16,16,0,0],"gold":95,"neow_bonus":"BOSS_RELIC","is_daily":false,"chose_seed":false,"campfire_upgraded":2,"win_rate":0.0,"timestamp":1607941934,"path_taken":["M","M","?","?","M","E","R","M","T","$","M","R","?","M","R","BOSS"],"items_purchased_type":["Card"],"build_version":"2020-12-13","purchased_purges":1,"victory":false,"max_hp_per_floor":[66,66,66,67,68,69,69,70,70,70,71,71,71,72,72,72,72],"card_choices":[{"not_picked":["Acrobatics","Deflect"],"picked":"ReplayTheSpireMod:Scrap Shanks","floor":1.0},{"not_picked":["Accuracy","Concentrate"],"picked":"Blade Dance","floor":2.0},{"not_picked":["Outmaneuver","Backflip"],"picked":"Sneak Up","floor":4.0},{"not_picked":["Cloak And Dagger","Sucker Punch"],"picked":"ReplayTheSpireMod:Scrap Shanks","floor":5.0},{"not_picked":["Flechettes","Grand Finale","Cloak And Dagger"],"picked":"SKIP","floor":6.0},{"not_picked":["Flechettes","Grand Finale","Cloak And Dagger"],"picked":"SKIP","floor":6.0},{"not_picked":["Concentrate","Endless Agony"],"picked":"ReplayTheSpireMod:Speed Training","floor":8.0},{"not_picked":["Bane","Catalyst","Sucker Punch"],"picked":"SKIP","floor":11.0},{"not_picked":["Underhanded Strike","Prepared","Bullet Time"],"picked":"SKIP","floor":14.0}],"player_experience":545922,"relics_obtained":[{"floor":6.0,"key":"Gremlin Horn"},{"floor":9.0,"key":"Regal Pillow"}],"event_choices":[{"damage_healed":0.0,"max_hp_gain":0.0,"max_hp_loss":0.0,"gold_gain":0.0,"event_name":"FaceTrader","player_choice":"Trade","floor":3.0,"gold_loss":0.0,"damage_taken":0.0,"relics_obtained":["FaceOfCleric"]},{"damage_healed":0.0,"max_hp_gain":0.0,"max_hp_loss":0.0,"gold_gain":0.0,"event_name":"Accursed Blacksmith","player_choice":"Rummage","floor":13.0,"gold_loss":0.0,"damage_taken":0.0,"relics_obtained":["WarpedTongs"],"cards_obtained":["Pain"]}],"is_beta":false,"boss_relics":[],"items_purged_floors":[10],"is_endless":false,"potions_floor_spawned":[1,6,8,11],"killed_by":"Hexaghost","ascension_level":19}}