{"host":"i3w38rq1z4slkels","time":1607944656,"event":{"mods":["2.2 Compatiblity","Act Like it!","BaseMod","Better Match","Better Vampires","BetterRewards","Conspire","Downfall","Minty Spire (QoL Compilation)","Rare Cards Sparkle","Replay The Spire","StSLib"],"gold_per_floor":[99,111,111,143,143,171,196,46,31,31,45,30,30,30,41,143,143,68,68,68],"floor_reached":19,"playtime":1257,"items_purged":[],"score":231,"play_id":"6aa24d87-191c-4281-9f33-2d5a36a39105","local_time":"20201214181736","is_ascension_mode":true,"campfire_choices":[{"floor":1,"key":"RECALL"},{"data":"champ:Haymaker","floor":8,"key":"SMITH"},{"data":"champ:StrikeOfGenius","floor":10,"key":"SMITH"},{"data":"Envenom","floor":18,"key":"SMITH"}],"circlet_count":0,"master_deck":["champ:Strike","champ:Strike","champ:Defend","champ:Defend","champ:Defend","champ:Execute","champ:Taunt","champ:GladiatorStyle+1","champ:BringItOn+1","champ:TornadoPunch+1","champ:Haymaker+1","champ:Shatter","CommonCold","champ:FocusedGladiator","champ:StrikeOfGenius+1","Pain","Envenom+1"],"relics":["Astrolabe","ReplayTheSpireMod:Ninjato","ReplayTheSpireMod:Ring of Challenge","FossilizedHelix","Vajra","downfall:HeartBlessingRed","downfall:HeartBlessingGreen","PrismaticShard","Ring of Chaos","downfall:HeartBlessingBlue"],"acts_visited":["Exordium","TheCity"],"potions_floor_usage":[4,6,19],"damage_taken":[{"damage":1,"enemies":"Cultist","floor":2,"turns":4},{"damage":0,"enemies":"Gremlin Nob","floor":4,"turns":2},{"damage":38,"enemies":"3 Sentries","floor":6,"turns":8},{"damage":0,"enemies":"downfall:FleeingMerchant","floor":9,"turns":4},{"damage":0,"enemies":"Jaw Worm","floor":11,"turns":4},{"damage":0,"enemies":"downfall:FleeingMerchant","floor":12,"turns":4},{"damage":16,"enemies":"Small Slimes","floor":15,"turns":5},{"damage":51,"enemies":"downfall:Silent","floor":16,"turns":5},{"damage":108,"enemies":"Gremlin Leader","floor":19,"turns":6}],"seed_played":"1398506626260196855","potions_obtained":[{"floor":2,"key":"ColorlessPotion"},{"floor":4,"key":"SteroidPotion"},{"floor":11,"key":"DuplicationPotion"},{"floor":15,"key":"Ancient Potion"}],"is_trial":false,"path_per_floor":["R","M","?","E","?","E","T","R","$","R","M","$","T","?","M","B",null,"R","E"],"character_chosen":"THE_CHAMP","items_purchased":[],"campfire_rested":0,"item_purchase_floors":[],"current_hp_per_floor":[90,89,94,94,94,61,61,61,66,66,66,71,71,71,60,14,95,105,0,0],"gold":68,"neow_bonus":"BOSS_RELIC","is_daily":false,"chose_seed":false,"campfire_upgraded":3,"win_rate":0.0,"timestamp":1607944656,"path_taken":["R","M","?","E","?","E","T","R","$","R","M","?","?","?","M","BOSS","R","E"],"items_purchased_type":[],"build_version":"2020-12-13","purchased_purges":0,"victory":false,"max_hp_per_floor":[90,90,95,95,95,95,95,95,95,95,95,95,95,95,95,95,95,105,105,105],"card_choices":[{"not_picked":["champ:Riposte","champ:Aggression"],"picked":"champ:Haymaker","floor":2},{"not_picked":["champ:RecklessLeap","champ:EndlessRage"],"picked":"champ:Shatter","floor":4},{"not_picked":["champ:AdrenalArmor","champ:Haymaker"],"picked":"champ:FocusedGladiator","floor":6},{"not_picked":["champ:CrookedStrike","champ:BladeFlurry"],"picked":"champ:StrikeOfGenius","floor":9},{"not_picked":["champ:GladiatorStyle","champ:CrookedStrike","champ:RageSigil"],"picked":"SKIP","floor":11},{"not_picked":["champ:GladiatorStyle","champ:ViciousMockery","champ:EnGarde"],"picked":"SKIP","floor":12},{"not_picked":["Headbutt","champ:FlashCut","Hologram"],"picked":"SKIP","floor":15},{"not_picked":["Feed","Corruption"],"picked":"Envenom","floor":16}],"player_experience":414544,"relics_obtained":[{"floor":4,"key":"ReplayTheSpireMod:Ninjato"},{"floor":5,"key":"ReplayTheSpireMod:Ring of Challenge"},{"floor":6,"key":"FossilizedHelix"},{"floor":7,"key":"Vajra"}],"event_choices":[{"damage_healed":0,"gold_gain":0,"player_choice":"Donut","damage_taken":0,"max_hp_gain":5,"max_hp_loss":0,"event_name":"Big Fish","floor":3,"gold_loss":0}],"is_beta":false,"boss_relics":[{"not_picked":["Fusion Hammer","Replay:Wanted Poster"],"picked":"Ring of Chaos"}],"items_purged_floors":[],"is_endless":false,"potions_floor_spawned":[2,4,11,15],"killed_by":"Gremlin Leader","ascension_level":1}}