{"host":"0kwl2uefibxd2nsv","time":1607969847,"event":{"mods":["BaseMod","Better Note","BetterRewards","DeckTracker","Googly Eyes","Minty Spire (QoL Compilation)","StSLib"],"gold_per_floor":[114,130,130,130,7,40,40,56,56,71,89,89,107,7,7,109,109,125,138,138,138,150,184,184,59,59,107,132,132,160,176,176,273,273,284,284,298,112,162,162,162,176,176,210,229,304,323,341,341,341],"floor_reached":51,"playtime":2019,"items_purged":["Strike_G","Strike_G","Strike_G"],"score":1418,"play_id":"96b16ca0-a3aa-47f4-a41a-4090358baeff","local_time":"20201214191727","is_ascension_mode":true,"campfire_choices":[{"floor":7.0,"key":"REST"},{"data":"Noxious Fumes","floor":15.0,"key":"SMITH"},{"data":"Neutralize","floor":24.0,"key":"SMITH"},{"floor":32,"key":"REST"},{"data":"Catalyst","floor":40,"key":"SMITH"},{"floor":49,"key":"REST"}],"circlet_count":0,"master_deck":["AscendersBane","Defend_G","Defend_G","Defend_G","Survivor","Neutralize+1","Deadly Poison","Noxious Fumes+1","Dash+1","Deadly Poison","Footwork","Footwork","Noxious Fumes+1","Bullet Time","Catalyst+1","Dagger Throw+1","Deadly Poison+1","Deflect+1","PiercingWail","Dodge and Roll","Leg Sweep","Adrenaline","Catalyst+1","Madness","Madness","Backflip","Finesse","Cloak And Dagger+1","Parasite"],"relics":["Ring of the Snake","Tiny Chest","Orrery","Pocketwatch","Incense Burner","InkBottle","Astrolabe","Lantern","Frozen Egg 2","Bag of Preparation","Shuriken","Whetstone","Busted Crown","The Specimen","Kunai","StoneCalendar","Gremlin Horn"],"acts_visited":["Exordium","TheCity","TheBeyond"],"potions_floor_usage":[33,33,33,44,44,50],"damage_taken":[{"damage":0.0,"enemies":"Jaw Worm","floor":1.0,"turns":4.0},{"damage":0.0,"enemies":"2 Louse","floor":2.0,"turns":3.0},{"damage":26.0,"enemies":"Gremlin Nob","floor":6.0,"turns":6.0},{"damage":0.0,"enemies":"Cultist","floor":8.0,"turns":4.0},{"damage":2.0,"enemies":"3 Louse","floor":10.0,"turns":5.0},{"damage":3.0,"enemies":"2 Fungi Beasts","floor":11.0,"turns":4.0},{"damage":8.0,"enemies":"Blue Slaver","floor":13.0,"turns":4.0},{"damage":3.0,"enemies":"The Guardian","floor":16.0,"turns":8.0},{"damage":12.0,"enemies":"2 Thieves","floor":18.0,"turns":4.0},{"damage":0.0,"enemies":"Chosen","floor":19.0,"turns":3.0},{"damage":0.0,"enemies":"Sentry and Sphere","floor":22.0,"turns":4.0},{"damage":18.0,"enemies":"Slavers","floor":23.0,"turns":6.0},{"damage":1.0,"enemies":"Gremlin Leader","floor":28.0,"turns":5.0},{"damage":11.0,"enemies":"Slavers","floor":30.0,"turns":5.0},{"damage":11.0,"enemies":"Centurion and Healer","floor":31.0,"turns":7.0},{"damage":31,"enemies":"Collector","floor":33,"turns":7},{"damage":0,"enemies":"Orb Walker","floor":35,"turns":5},{"damage":0,"enemies":"3 Shapes","floor":37,"turns":6},{"damage":0,"enemies":"Mind Bloom Boss Battle","floor":39,"turns":7},{"damage":0,"enemies":"Maw","floor":42,"turns":6},{"damage":41,"enemies":"Reptomancer","floor":44,"turns":5},{"damage":0,"enemies":"Sphere and 2 Shapes","floor":45,"turns":3},{"damage":0,"enemies":"4 Shapes","floor":47,"turns":5},{"damage":0,"enemies":"Writhing Mass","floor":48,"turns":3},{"damage":25,"enemies":"Time Eater","floor":50,"turns":8}],"seed_played":"7339553599175154059","potions_obtained":[{"floor":1.0,"key":"GamblersBrew"},{"floor":11.0,"key":"SkillPotion"},{"floor":16.0,"key":"Explosive Potion"},{"floor":19.0,"key":"BlessingOfTheForge"},{"floor":20.0,"key":"Strength Potion"},{"floor":20.0,"key":"Poison Potion"},{"floor":20.0,"key":"DistilledChaos"},{"floor":22.0,"key":"Energy Potion"},{"floor":30.0,"key":"SpeedPotion"},{"floor":33,"key":"Fire Potion"},{"floor":37,"key":"SpeedPotion"}],"is_trial":false,"path_per_floor":["M","M","?","?","$","E","R","M","T","M","M","T","M","$","R","B",null,"M","M","?","?","M","E","R","$","T","T","E","$","E","M","R","B",null,"M","?","M","$","?","R","?","M","T","E","M","T","M","M","R","B",null],"character_chosen":"THE_SILENT","items_purchased":["Tiny Chest","Deadly Poison","Noxious Fumes","Orrery","Deadly Poison","Backflip","Finesse","Explosive Potion"],"campfire_rested":3,"item_purchase_floors":[0,0,0,0,5,38,38,38],"current_hp_per_floor":[43,43,48,48,48,22,44,44,44,42,39,39,31,31,31,28,63,51,51,51,51,51,33,33,33,33,33,32,32,21,10,32,1,57,57,48,48,48,48,48,48,48,48,7,7,7,7,7,29,4],"gold":341,"neow_bonus":"","is_daily":false,"chose_seed":false,"campfire_upgraded":3,"win_rate":0.0,"timestamp":1607969847,"path_taken":["M","M","?","?","$","E","R","M","T","?","M","?","M","$","R","BOSS","M","M","?","?","?","E","R","$","T","?","E","$","E","M","R","BOSS","M","?","M","$","?","R","?","M","T","E","M","?","M","M","R","BOSS"],"items_purchased_type":["Relic","Card","Card","Relic","Card","Card","Card","Potion"],"build_version":"2020-12-13","purchased_purges":3,"victory":true,"max_hp_per_floor":[70,70,75,75,75,75,75,75,75,75,75,75,75,75,75,75,75,75,75,75,75,75,75,75,75,75,75,75,75,75,75,75,75,75,75,75,75,75,75,75,75,75,75,75,75,75,75,75,75,75],"card_choices":[{"not_picked":["Dagger Throw","Poisoned Stab"],"picked":"Dash","floor":0.0},{"not_picked":["Concentrate","Flechettes"],"picked":"Deadly Poison","floor":0.0},{"not_picked":["Blade Dance","Caltrops","Outmaneuver"],"picked":"SKIP","floor":1.0},{"not_picked":["Caltrops","Slice"],"picked":"Footwork","floor":2.0},{"not_picked":["Cloak And Dagger","Blade Dance"],"picked":"Footwork","floor":6.0},{"not_picked":["Deadly Poison","Dagger Throw","Flying Knee"],"picked":"SKIP","floor":8.0},{"not_picked":["Heel Hook","Infinite Blades","Doppelganger"],"picked":"SKIP","floor":10.0},{"not_picked":["Leg Sweep","Deadly Poison"],"picked":"Noxious Fumes","floor":11.0},{"not_picked":["Deadly Poison","Distraction","Flying Knee"],"picked":"SKIP","floor":13.0},{"not_picked":["Doppelganger","Die Die Die"],"picked":"Bullet Time","floor":16.0},{"not_picked":["Bouncing Flask+1","Backstab","Slice"],"picked":"SKIP","floor":18.0},{"not_picked":["Underhanded Strike+1","Slice","Outmaneuver"],"picked":"SKIP","floor":19.0},{"not_picked":["Distraction","Skewer"],"picked":"Deflect+1","floor":22.0},{"not_picked":["Bouncing Flask","Phantasmal Killer"],"picked":"PiercingWail","floor":23.0},{"not_picked":["Expertise","Poisoned Stab"],"picked":"Dodge and Roll","floor":28.0},{"not_picked":["Deadly Poison","Acrobatics+1","Grand Finale"],"picked":"SKIP","floor":30.0},{"not_picked":["Prepared","Deflect"],"picked":"Leg Sweep","floor":31.0},{"not_picked":["Envenom+1","Malaise"],"picked":"Adrenaline","floor":33},{"not_picked":[],"picked":"Catalyst","floor":35},{"not_picked":["Quick Slash+1"],"picked":"SKIP","floor":37},{"not_picked":["Predator"],"picked":"SKIP","floor":42},{"not_picked":[],"picked":"Cloak And Dagger+1","floor":44},{"not_picked":["Calculated Gamble"],"picked":"SKIP","floor":45},{"not_picked":["Deadly Poison"],"picked":"SKIP","floor":47},{"not_picked":["Phantasmal Killer"],"picked":"SKIP","floor":48}],"player_experience":1997752,"relics_obtained":[{"floor":6.0,"key":"Pocketwatch"},{"floor":9.0,"key":"Incense Burner"},{"floor":12.0,"key":"InkBottle"},{"floor":23.0,"key":"Lantern"},{"floor":26.0,"key":"Frozen Egg 2"},{"floor":27.0,"key":"Bag of Preparation"},{"floor":28.0,"key":"Shuriken"},{"floor":30.0,"key":"Whetstone"},{"floor":39,"key":"The Specimen"},{"floor":43,"key":"Kunai"},{"floor":44,"key":"StoneCalendar"},{"floor":46,"key":"Gremlin Horn"}],"event_choices":[{"damage_healed":0.0,"max_hp_gain":5.0,"max_hp_loss":0.0,"gold_gain":0.0,"event_name":"Big Fish","player_choice":"Donut","floor":3.0,"gold_loss":0.0,"damage_taken":0.0},{"damage_healed":0.0,"max_hp_gain":0.0,"max_hp_loss":0.0,"gold_gain":0.0,"event_name":"Upgrade Shrine","player_choice":"Upgraded","floor":4.0,"gold_loss":0.0,"damage_taken":0.0,"cards_upgraded":["Noxious Fumes"]},{"damage_healed":0.0,"max_hp_gain":0.0,"max_hp_loss":0.0,"gold_gain":0.0,"event_name":"Lab","player_choice":"Got Potions","floor":20.0,"gold_loss":0.0,"damage_taken":0.0},{"cards_removed":["Defend_G"],"damage_healed":0.0,"max_hp_gain":0.0,"max_hp_loss":0.0,"gold_gain":0.0,"event_name":"Purifier","player_choice":"Purged","floor":21.0,"gold_loss":0.0,"damage_taken":0.0},{"damage_healed":0,"gold_gain":0,"player_choice":"Embrace Madness","damage_taken":9,"max_hp_gain":0,"max_hp_loss":0,"event_name":"Winding Halls","floor":36,"gold_loss":0,"cards_obtained":["Madness","Madness"]},{"damage_healed":0,"gold_gain":0,"player_choice":"Fight","damage_taken":0,"max_hp_gain":0,"max_hp_loss":0,"event_name":"MindBloom","floor":39,"gold_loss":0},{"cards_removed":["Deadly Poison"],"damage_healed":0,"gold_gain":0,"player_choice":"Removed Skill","damage_taken":0,"max_hp_gain":0,"max_hp_loss":0,"event_name":"Falling","floor":41,"gold_loss":0}],"is_beta":false,"boss_relics":[{"not_picked":["Runic Dome","SlaversCollar"],"picked":"Astrolabe"},{"not_picked":["Runic Pyramid","Sozu"],"picked":"Busted Crown"}],"items_purged_floors":[5,14,25],"is_endless":false,"potions_floor_spawned":[1,11,16,19,22,30,31,33,37,42],"ascension_level":10}}