{"host":"2yqfi47fogfu1ic4","time":1607987681,"event":{"mods":["AchievementEnabler","BaseMod","Colored Map","Colored Powertips","Highlight Path","Minty Spire (QoL Compilation)","Permanent Neow","Relic Stats","StSLib"],"gold_per_floor":[115,126,144,164,164,164,191,191,191,207,78,99,99,112,112,191,191,202,212,227,5,15,15,15,15,15,34,60,71,71,87,87,164,164,183,199,199,199,219,219,247,247,322,336,353,32,32,63,63,63,63,63,63,10,37,37],"floor_reached":57,"playtime":5980,"items_purged":["Strike_G","Strike_G"],"score":2697,"play_id":"9e529fa2-2461-4663-bf90-eede2fc7f3f1","local_time":"20201215001441","is_ascension_mode":true,"campfire_choices":[{"data":"Noxious Fumes","floor":6.0,"key":"SMITH"},{"data":"Flechettes","floor":8.0,"key":"SMITH"},{"data":"Caltrops","floor":15,"key":"SMITH"},{"data":"Wraith Form v2","floor":23,"key":"SMITH"},{"data":"Footwork","floor":32,"key":"SMITH"},{"floor":40,"key":"RECALL"},{"data":"Acrobatics","floor":42,"key":"SMITH"},{"data":"Bouncing Flask","floor":49,"key":"SMITH"},{"data":"Expertise","floor":53,"key":"SMITH"}],"circlet_count":0,"master_deck":["AscendersBane","Defend_G","Defend_G","Defend_G","Survivor","Neutralize","Blade Dance","Flechettes+1","PiercingWail","Noxious Fumes+1","After Image","Expertise+1","Backflip","Blade Dance","Caltrops+1","Wraith Form v2+1","Envenom+1","All Out Attack+1","Calculated Gamble+1","PiercingWail+1","Acrobatics+1","Footwork+1","Flechettes","Eviscerate+1","Eviscerate","Well Laid Plans+1","Caltrops+1","PiercingWail","Wraith Form v2+1","Acrobatics+1","Well Laid Plans+1","Noxious Fumes+1","Tools of the Trade+1","Wraith Form v2+1","Catalyst+1","Bouncing Flask+1","Prepared+1"],"relics":["Coffee Dripper","Mummified Hand","Pantograph","Odd Mushroom","Astrolabe","Frozen Egg 2","Boot","Runic Dome","Du-Vu Doll","DollysMirror","Prayer Wheel","Eternal Feather"],"acts_visited":["Exordium","TheCity","TheBeyond","TheEnding"],"potions_floor_usage":[18,18,20,33,41,44,51,56],"damage_taken":[{"damage":0.0,"enemies":"Cultist","floor":1.0,"turns":4.0},{"damage":4.0,"enemies":"Small Slimes","floor":2.0,"turns":3.0},{"damage":3.0,"enemies":"Jaw Worm","floor":3.0,"turns":4.0},{"damage":4.0,"enemies":"Blue Slaver","floor":4.0,"turns":4.0},{"damage":29.0,"enemies":"Lagavulin","floor":7.0,"turns":8.0},{"damage":1.0,"enemies":"Exordium Wildlife","floor":10.0,"turns":5.0},{"damage":0,"enemies":"The Mushroom Lair","floor":12,"turns":4},{"damage":3,"enemies":"Looter","floor":14,"turns":3},{"damage":20,"enemies":"Hexaghost","floor":16,"turns":9},{"damage":0,"enemies":"3 Byrds","floor":18,"turns":5},{"damage":0,"enemies":"Spheric Guardian","floor":19,"turns":5},{"damage":13,"enemies":"Snake Plant","floor":20,"turns":3},{"damage":0,"enemies":"3 Cultists","floor":22,"turns":4},{"damage":27,"enemies":"Cultist and Chosen","floor":27,"turns":6},{"damage":4,"enemies":"Gremlin Leader","floor":28,"turns":6},{"damage":3,"enemies":"Centurion and Healer","floor":29,"turns":3},{"damage":8,"enemies":"Snake Plant","floor":31,"turns":5},{"damage":24,"enemies":"Automaton","floor":33,"turns":8},{"damage":9,"enemies":"3 Darklings","floor":35,"turns":5},{"damage":0,"enemies":"3 Shapes","floor":36,"turns":6},{"damage":0,"enemies":"Sphere and 2 Shapes","floor":39,"turns":5},{"damage":1,"enemies":"Nemesis","floor":41,"turns":7},{"damage":1,"enemies":"Writhing Mass","floor":44,"turns":5},{"damage":12,"enemies":"4 Shapes","floor":45,"turns":6},{"damage":0,"enemies":"Giant Head","floor":48,"turns":6},{"damage":51,"enemies":"Awakened One","floor":50,"turns":10},{"damage":21,"enemies":"Time Eater","floor":51,"turns":10},{"damage":9,"enemies":"Shield and Spear","floor":55,"turns":6},{"damage":8,"enemies":"The Heart","floor":56,"turns":8}],"seed_played":"5910692132154284299","potions_obtained":[{"floor":3.0,"key":"DistilledChaos"},{"floor":4.0,"key":"Fruit Juice"},{"floor":7.0,"key":"Swift Potion"},{"floor":10.0,"key":"SneckoOil"},{"floor":14,"key":"Swift Potion"},{"floor":16,"key":"Poison Potion"},{"floor":19,"key":"Poison Potion"},{"floor":27,"key":"Energy Potion"},{"floor":29,"key":"PowerPotion"},{"floor":41,"key":"Regen Potion"},{"floor":45,"key":"SmokeBomb"}],"is_trial":false,"path_per_floor":["M","M","M","M","?","R","E","R","T","M","$","?","?","M","R","B",null,"M","M","M","$","M","R","?","?","T","M","E","M","$","M","R","B",null,"M","M","?","?","M","R","E","R","T","M","M","$","?","E","R","B","B",null,"R","$","E","B",null],"character_chosen":"THE_SILENT","items_purchased":["Backflip","Footwork","Flechettes","DollysMirror","Catalyst","LiquidMemories","Fire Potion"],"campfire_rested":0,"item_purchase_floors":[11,21,21,46,46,46,54],"current_hp_per_floor":[59,55,52,48,53,53,24,24,24,28,28,28,28,25,25,30,65,65,65,52,52,52,52,52,52,52,25,21,18,18,10,10,11,60,51,51,51,51,51,51,50,50,50,63,51,51,51,51,51,25,29,64,64,64,55,68],"gold":37,"neow_bonus":"BOSS_RELIC","is_daily":false,"chose_seed":false,"campfire_upgraded":8,"win_rate":0.0,"timestamp":1607987681,"path_taken":["M","M","M","M","?","R","E","R","T","M","$","?","?","M","R","BOSS","M","M","M","$","M","R","?","?","T","M","E","M","?","M","R","BOSS","M","M","?","?","?","R","E","R","T","M","M","$","?","E","R","BOSS","BOSS","R","$","E","BOSS"],"items_purchased_type":["Card","Card","Card","Relic","Card","Potion","Potion"],"build_version":"2020-12-13","purchased_purges":2,"victory":true,"max_hp_per_floor":[66,66,66,66,71,71,71,71,71,76,76,76,76,76,76,76,76,76,76,76,76,76,76,76,76,76,76,76,76,76,76,76,76,76,76,76,76,76,76,76,76,76,76,76,76,76,76,76,76,76,76,76,76,76,76,76],"relic_stats":{"counters":[29,163],"Mummified Hand":[230],"Pantograph":121,"Astrolabe":["Envenom","All Out Attack","Calculated Gamble"],"Prayer Wheel":0,"Eternal Feather":0,"Boot":[137],"obtain_stats":[{"Astrolabe":17,"Eternal Feather":55,"Odd Mushroom":12,"Frozen Egg 2":26,"Boot":28,"Du-Vu Doll":41,"Runic Dome":34,"Mummified Hand":7,"DollysMirror":46,"Pantograph":9,"Prayer Wheel":48,"Coffee Dripper":0,"Ring of the Snake":0},{"Astrolabe":9,"Eternal Feather":28,"Odd Mushroom":7,"Frozen Egg 2":13,"Boot":15,"Du-Vu Doll":22,"Runic Dome":18,"Mummified Hand":5,"DollysMirror":24,"Pantograph":5,"Prayer Wheel":25,"Coffee Dripper":0,"Ring of the Snake":0},{"Astrolabe":44,"Eternal Feather":155,"Odd Mushroom":32,"Frozen Egg 2":61,"Boot":73,"Du-Vu Doll":112,"Runic Dome":89,"Mummified Hand":23,"DollysMirror":123,"Pantograph":23,"Prayer Wheel":129,"Coffee Dripper":0,"Ring of the Snake":0}]},"card_choices":[{"not_picked":["Slice","Eviscerate"],"picked":"Blade Dance","floor":1.0},{"not_picked":["Slice","Flying Knee"],"picked":"Flechettes","floor":2.0},{"not_picked":["Heel Hook","Acrobatics"],"picked":"PiercingWail","floor":3.0},{"not_picked":["PiercingWail","Dodge and Roll"],"picked":"Noxious Fumes","floor":4.0},{"not_picked":["Setup","Heel Hook"],"picked":"After Image","floor":7.0},{"not_picked":["Deadly Poison","Calculated Gamble"],"picked":"Expertise","floor":10.0},{"not_picked":["Prepared","Slice"],"picked":"Blade Dance","floor":12},{"not_picked":["Cloak And Dagger","Poisoned Stab"],"picked":"Caltrops","floor":14},{"not_picked":["Venomology","Phantasmal Killer"],"picked":"Wraith Form v2","floor":16},{"not_picked":["Dash","Slice"],"picked":"PiercingWail+1","floor":18},{"not_picked":["Escape Plan","Flechettes"],"picked":"Acrobatics+1","floor":19},{"not_picked":["Quick Slash","Riddle With Holes","Skewer"],"picked":"SKIP","floor":20},{"not_picked":["Quick Slash","Riddle With Holes","Skewer"],"picked":"SKIP","floor":20},{"not_picked":["Escape Plan","Flying Knee+1"],"picked":"Eviscerate+1","floor":22},{"not_picked":["Skewer","Deadly Poison","Quick Slash"],"picked":"SKIP","floor":27},{"not_picked":["Concentrate","Cloak And Dagger+1"],"picked":"Well Laid Plans+1","floor":28},{"not_picked":["Flying Knee","Expertise"],"picked":"Caltrops+1","floor":29},{"not_picked":["Deflect","Dagger Spray+1"],"picked":"PiercingWail","floor":31},{"not_picked":["Night Terror","A Thousand Cuts+1"],"picked":"Wraith Form v2+1","floor":33},{"not_picked":["Sucker Punch","Dodge and Roll"],"picked":"Acrobatics","floor":35},{"not_picked":["Poisoned Stab","Deadly Poison","Slice+1"],"picked":"SKIP","floor":36},{"not_picked":["Bane","Cloak And Dagger"],"picked":"Well Laid Plans+1","floor":39},{"not_picked":["Flying Knee","Dagger Spray+1"],"picked":"Noxious Fumes+1","floor":41},{"not_picked":["Predator","Dagger Spray"],"picked":"Tools of the Trade+1","floor":44},{"not_picked":["Prepared","Crippling Poison","Backstab"],"picked":"SKIP","floor":45},{"not_picked":["Deflect","PiercingWail"],"picked":"Bouncing Flask","floor":48},{"not_picked":["Bouncing Flask","Deflect"],"picked":"Prepared+1","floor":55}],"player_experience":1770643,"relics_obtained":[{"floor":7.0,"key":"Mummified Hand"},{"floor":9.0,"key":"Pantograph"},{"floor":12,"key":"Odd Mushroom"},{"floor":26,"key":"Frozen Egg 2"},{"floor":28,"key":"Boot"},{"floor":41,"key":"Du-Vu Doll"},{"floor":48,"key":"Prayer Wheel"},{"floor":55,"key":"Eternal Feather"}],"event_choices":[{"damage_healed":0.0,"max_hp_gain":5.0,"max_hp_loss":0.0,"gold_gain":0.0,"event_name":"Big Fish","player_choice":"Donut","floor":5.0,"gold_loss":0.0,"damage_taken":0.0},{"damage_healed":0,"gold_gain":0,"player_choice":"Fought Mushrooms","damage_taken":0,"max_hp_gain":0,"max_hp_loss":0,"event_name":"Mushrooms","floor":12,"gold_loss":0},{"damage_healed":0,"gold_gain":0,"player_choice":"Searched \u00270\u0027 times","damage_taken":0,"max_hp_gain":0,"max_hp_loss":0,"event_name":"Dead Adventurer","floor":13,"gold_loss":0},{"damage_healed":0,"gold_gain":0,"cards_transformed":["Defend_G","Defend_G"],"player_choice":"Became Test Subject","damage_taken":0,"max_hp_gain":0,"max_hp_loss":0,"event_name":"Drug Dealer","floor":24,"gold_loss":0,"cards_obtained":["Eviscerate","Heel Hook"]},{"damage_healed":0,"gold_gain":0,"player_choice":"Ignored","damage_taken":0,"max_hp_gain":0,"max_hp_loss":0,"event_name":"The Mausoleum","floor":25,"gold_loss":0},{"damage_healed":0,"gold_gain":0,"player_choice":"Ignored","damage_taken":0,"max_hp_gain":0,"max_hp_loss":0,"event_name":"Tomb of Lord Red Mask","floor":37,"gold_loss":0},{"cards_removed":["Heel Hook"],"damage_healed":0,"gold_gain":0,"player_choice":"Purged","damage_taken":0,"max_hp_gain":0,"max_hp_loss":0,"event_name":"Purifier","floor":38,"gold_loss":0},{"damage_healed":0,"gold_gain":0,"player_choice":"Forge","damage_taken":0,"max_hp_gain":0,"max_hp_loss":0,"event_name":"Accursed Blacksmith","floor":47,"gold_loss":0,"cards_upgraded":["Catalyst"]}],"is_beta":false,"boss_relics":[{"not_picked":["Ectoplasm","Sozu"],"picked":"Astrolabe"},{"not_picked":["SacredBark","Black Star"],"picked":"Runic Dome"}],"items_purged_floors":[11,21],"is_endless":false,"potions_floor_spawned":[3,4,7,10,14,16,19,27,29,41,45],"ascension_level":20}}