{"host":"cgv4xfjbrthxr81g","time":1607915878,"event":{"mods":["2.2 Compatiblity","Act Like it!","BaseMod","Better Altar","Better Match","Better Note","Better Sensory Stone","Better Skull","Better Third Choice","BetterRewards","Block Reminder","Card Forge","Clawfect","Colored Map","Colored Powertips","DeckTracker","Defuse TimeMaze Blight","Downfall","Energized Spire","Friendly Minions","Highlight Path","Hubris","Infinite Spire","Mimic Mod","Minty Spire (QoL Compilation)","Permanent Neow","Quick Restart","Rare Cards Sparkle","Relic Sorter","Relic Stats","Replay The Spire","Shop Mod","StSLib","SuperFastMode","The Construct","The Jungle","TheVacant","Uncapped","Wandering Minibosses"],"gold_per_floor":[99,116,116,10,10,41,41,41,41,68,68,68,68,101,101,200,300,313,0,0,17,221,221,221,221,221,221,221],"floor_reached":27,"playtime":1061,"items_purged":[],"score":253,"play_id":"5a59a2d7-19d5-47cd-aedd-ed8e87d51f61","local_time":"20201213221758","daily_mods":["Vintage","Allstar","Colorless Cards","Heirloom","Flight","DeadlyEvents","Elite Swarm"],"is_ascension_mode":true,"campfire_choices":[{"data":"construct:DefenseMode","floor":7.0,"key":"SMITH"},{"floor":8.0,"key":"REST"},{"data":"construct:Autoturret","floor":8.0,"key":"SMITH"},{"data":"construct:BatteryCore","floor":11.0,"key":"SMITH"},{"data":"expansioncontent:AwakenDeath","floor":12.0,"key":"SMITH"},{"floor":13.0,"key":"REST"},{"floor":15,"key":"REST"},{"data":"construct:Strike_Gold","floor":15,"key":"SMITH"},{"floor":23,"key":"REST"},{"data":"Panacea","floor":23,"key":"SMITH"},{"data":"ReplayUltimateDefense","floor":24,"key":"SMITH"},{"floor":25,"key":"REST"}],"circlet_count":0,"master_deck":["construct:Strike_Gold","construct:Strike_Gold","construct:Strike_Gold","construct:Strike_Gold","construct:Strike_Gold","construct:Defend_Gold","construct:Defend_Gold","construct:Defend_Gold","construct:Defend_Gold","construct:Defend_Gold","construct:AttackMode+1","construct:DefenseMode+1","expansioncontent:Hexaburn","ReplayTheSpireMod:Trickstab","expansioncontent:GoopSpray","expansioncontent:AwakenDeath+1","expansioncontent:Torchfire","construct:Autoturret+1","construct:BatteryCore+1","construct:BatteryCore+1","construct:ForceCore+1","construct:FlameCore+1","construct:GuardCore+1","construct:LaserCore+1","construct:ScopeCore+1","ReplayUltimateDefense+1","Panacea+1"],"relics":["Hammer of Thor","Seething Fire","Anvil of the Gods","infinitespire:Magic Flask","Replay:Antivirus Software","infinitespire:Satchel","Replay:Rubber Ducky","hubris:FunFungus","Replay:Baseball","Simple Rune","Replay:Wanted Poster","Gremlin Food","hubris:MedicalManual","betterThird:NestCultRelic","White Beast Statue","StoneCalendar","infinitespire:Bottled Soul"],"acts_visited":["Exordium","TheCity"],"potions_floor_usage":[],"damage_taken":[{"damage":10.0,"enemies":"2 Louse","floor":2.0,"turns":3.0},{"damage":12.0,"enemies":"Gremlin Nob","floor":6.0,"turns":3.0},{"damage":29.0,"enemies":"Lagavulin","floor":10.0,"turns":5.0},{"damage":33.0,"enemies":"3 Sentries","floor":14.0,"turns":5.0},{"damage":48,"enemies":"Hexaghost","floor":16,"turns":4},{"damage":7,"enemies":"2 Thieves","floor":18,"turns":3},{"damage":18,"enemies":"Shell Parasite","floor":21,"turns":7},{"damage":88,"enemies":"Gremlin Leader","floor":27,"turns":5}],"seed_played":"-7064395481557810966","potions_obtained":[{"floor":2.0,"key":"SpeedPotion"},{"floor":6.0,"key":"SkillPotion"},{"floor":16,"key":"Energy Potion"}],"is_trial":true,"path_per_floor":["?","M","?","$","?","E","R","R","T","E","R","R","R","E","R","B",null,"M","$","?","M","?","R","R","R","T","E"],"character_chosen":"THE_CONSTRUCT_MOD","items_purchased":["construct:Autoturret","construct:Reinforce","hubris:MedicalManual"],"campfire_rested":5,"item_purchase_floors":[4,4,19],"current_hp_per_floor":[85,75,75,75,80,68,68,90,90,61,61,61,88,55,82,34,90,83,83,83,69,33,60,60,87,87,4,4],"gold":221,"neow_bonus":"","is_daily":false,"chose_seed":false,"campfire_upgraded":7,"win_rate":0.0,"timestamp":1607915878,"path_taken":["?","M","?","$","?","E","R","R","T","E","R","R","R","E","R","BOSS","M","$","?","?","?","R","R","R","T","E"],"items_purchased_type":["Card","Card","Relic"],"build_version":"2020-12-13","purchased_purges":0,"victory":false,"max_hp_per_floor":[85,85,85,85,90,90,90,90,90,90,90,90,90,90,90,90,90,90,90,90,90,90,90,90,90,90,90,90],"relic_stats":{"counters":[8,35],"StoneCalendar":[0],"obtain_stats":[{"Gremlin Food":18,"StoneCalendar":26,"Hammer of Thor":0,"hubris:MedicalManual":19,"betterThird:NestCultRelic":20,"Seething Fire":0,"infinitespire:Magic Flask":0,"White Beast Statue":21,"Replay:Rubber Ducky":6,"Replay:Wanted Poster":17,"Replay:Baseball":10,"Anvil of the Gods":0,"infinitespire:Bottled Soul":27,"construct:Cogwheel":0,"infinitespire:Satchel":2,"Simple Rune":14,"hubris:FunFungus":9,"Replay:Antivirus Software":1},{"Gremlin Food":6,"StoneCalendar":7,"Hammer of Thor":0,"hubris:MedicalManual":6,"betterThird:NestCultRelic":6,"Seething Fire":0,"infinitespire:Magic Flask":0,"White Beast Statue":7,"Replay:Rubber Ducky":2,"Replay:Wanted Poster":5,"Replay:Baseball":3,"Anvil of the Gods":0,"infinitespire:Bottled Soul":8,"construct:Cogwheel":0,"infinitespire:Satchel":1,"Simple Rune":4,"hubris:FunFungus":2,"Replay:Antivirus Software":0},{"Gremlin Food":23,"StoneCalendar":30,"Hammer of Thor":0,"hubris:MedicalManual":23,"betterThird:NestCultRelic":23,"Seething Fire":0,"infinitespire:Magic Flask":0,"White Beast Statue":30,"Replay:Rubber Ducky":6,"Replay:Wanted Poster":20,"Replay:Baseball":11,"Anvil of the Gods":0,"infinitespire:Bottled Soul":35,"construct:Cogwheel":0,"infinitespire:Satchel":3,"Simple Rune":16,"hubris:FunFungus":6,"Replay:Antivirus Software":0}]},"card_choices":[{"not_picked":["construct:PanicFire","expansioncontent:StudyTheSpire","Thinking Ahead"],"picked":"SKIP","floor":6.0},{"not_picked":["Sadistic Nature","expansioncontent:DashGenerateEvil"],"picked":"construct:BatteryCore","floor":10.0},{"not_picked":["Midas Touch","expansioncontent:QuickStudy","Chrysalis"],"picked":"SKIP","floor":14.0},{"not_picked":["construct:HammerDown","construct:HastyRepair"],"picked":"ReplayUltimateDefense","floor":16},{"not_picked":["Dramatic Entrance","construct:Boost+1"],"picked":"Panacea","floor":22}],"player_experience":81899,"relics_obtained":[{"floor":2.0,"key":"infinitespire:Satchel"},{"floor":6.0,"key":"Replay:Rubber Ducky"},{"floor":9.0,"key":"hubris:FunFungus"},{"floor":10.0,"key":"Replay:Baseball"},{"floor":14.0,"key":"Simple Rune"},{"floor":18,"key":"Gremlin Food"},{"floor":21,"key":"White Beast Statue"},{"floor":26,"key":"StoneCalendar"},{"floor":27,"key":"infinitespire:Bottled Soul"}],"event_choices":[{"damage_healed":0.0,"max_hp_gain":5.0,"max_hp_loss":0.0,"gold_gain":0.0,"event_name":"Big Fish","player_choice":"Donut","floor":5.0,"gold_loss":0.0,"damage_taken":0.0},{"damage_healed":0,"gold_gain":0,"player_choice":"Madness","damage_taken":0,"relics_obtained":["betterThird:NestCultRelic"],"max_hp_gain":0,"max_hp_loss":0,"event_name":"betterThird:BetterNest","floor":20,"gold_loss":0}],"is_beta":false,"boss_relics":[{"not_picked":["Replay:Grab Bag","Busted Crown"],"picked":"Replay:Wanted Poster"}],"items_purged_floors":[],"is_endless":false,"potions_floor_spawned":[2,6,16,27],"killed_by":"Gremlin Leader","ascension_level":1}}