{"host":"k8gerrcpv9xe1nxe","time":1607925597,"event":{"mods":["2.2 Compatiblity","AchievementEnabler","BaseMod","Bestiary","Minty Spire (QoL Compilation)","Relic Stats","StSLib"],"gold_per_floor":[118,136,82,82,157,157,184,184,184,200,210,220,255,272,272,272,272],"floor_reached":16,"playtime":655,"items_purged":[],"score":118,"play_id":"89cd570f-49f0-4f09-ac7d-0794b676f7f3","local_time":"20201214005957","is_ascension_mode":true,"campfire_choices":[{"data":"Blasphemy","floor":6,"key":"SMITH"},{"data":"Conclude","floor":8,"key":"SMITH"},{"data":"FlurryOfBlows","floor":15,"key":"SMITH"}],"circlet_count":0,"master_deck":["Eruption","Vigilance","Establishment","DeceiveReality","ThirdEye","Ragnarok","ClearTheMind","Judgement","Blasphemy+1","WaveOfTheHand","BowlingBash","FlurryOfBlows+1","Conclude+1","EmptyBody","FearNoEvil","CutThroughFate"],"relics":["Pandora\u0027s Box","Ice Cream","Frozen Egg 2","Sundial","Blood Vial"],"acts_visited":["Exordium"],"potions_floor_usage":[16],"damage_taken":[{"damage":0,"enemies":"Cultist","floor":1,"turns":2},{"damage":0,"enemies":"Small Slimes","floor":2,"turns":3},{"damage":3,"enemies":"3 Sentries","floor":7,"turns":4},{"damage":7,"enemies":"Jaw Worm","floor":10,"turns":2},{"damage":0,"enemies":"Exordium Wildlife","floor":11,"turns":2},{"damage":0,"enemies":"Exordium Thugs","floor":12,"turns":3},{"damage":10,"enemies":"Lagavulin","floor":13,"turns":6},{"damage":5,"enemies":"Blue Slaver","floor":14,"turns":4},{"damage":100035,"enemies":"Slime Boss","floor":16,"turns":8}],"seed_played":"6215550350508160512","potions_obtained":[{"floor":1,"key":"Ancient Potion"},{"floor":13,"key":"Ancient Potion"}],"is_trial":false,"path_per_floor":["M","M","$","T","?","R","E","R","T","M","M","M","E","M","R","B"],"character_chosen":"WATCHER","items_purchased":["FlurryOfBlows"],"campfire_rested":0,"item_purchase_floors":[3],"current_hp_per_floor":[72,72,72,72,61,61,58,58,58,51,51,51,41,38,38,0,0],"gold":272,"neow_bonus":"BOSS_RELIC","is_daily":false,"chose_seed":false,"campfire_upgraded":3,"win_rate":0.0,"timestamp":1607925597,"path_taken":["M","M","$","?","?","R","E","R","T","M","M","M","E","M","R","BOSS"],"items_purchased_type":["Card"],"build_version":"2020-12-13","purchased_purges":0,"victory":false,"max_hp_per_floor":[72,72,72,72,72,72,72,72,72,72,72,72,72,72,72,72,72],"relic_stats":{"Blood Vial":4,"counters":[9,33],"Sundial":[2],"Pandora\u0027s Box":["Establishment","DeceiveReality","ThirdEye","Ragnarok","ClearTheMind","Judgement","Blasphemy","WaveOfTheHand"],"obtain_stats":[{"Ice Cream":4,"Blood Vial":13,"Sundial":9,"Pandora\u0027s Box":0,"PureWater":0,"Frozen Egg 2":7},{"Ice Cream":2,"Blood Vial":7,"Sundial":3,"Pandora\u0027s Box":0,"PureWater":0,"Frozen Egg 2":3},{"Ice Cream":5,"Blood Vial":22,"Sundial":9,"Pandora\u0027s Box":0,"PureWater":0,"Frozen Egg 2":9}]},"card_choices":[{"not_picked":["WreathOfFlame","SashWhip","ThirdEye"],"picked":"SKIP","floor":1},{"not_picked":["EmptyBody","Crescendo"],"picked":"BowlingBash","floor":2},{"not_picked":["Pray","SashWhip"],"picked":"Conclude","floor":7},{"not_picked":["ThirdEye","Study+1"],"picked":"EmptyBody","floor":10},{"not_picked":["InnerPeace","Evaluate"],"picked":"FearNoEvil","floor":11},{"not_picked":["Consecrate","Prostrate","Omniscience"],"picked":"SKIP","floor":12},{"not_picked":["PathToVictory","FollowUp","Weave"],"picked":"SKIP","floor":13},{"not_picked":["BowlingBash","ReachHeaven"],"picked":"CutThroughFate","floor":14}],"player_experience":50994,"relics_obtained":[{"floor":4,"key":"Ice Cream"},{"floor":7,"key":"Frozen Egg 2"},{"floor":9,"key":"Sundial"},{"floor":13,"key":"Blood Vial"}],"event_choices":[{"damage_healed":0,"gold_gain":75,"player_choice":"Gather Gold","damage_taken":11,"max_hp_gain":0,"max_hp_loss":0,"event_name":"World of Goop","floor":5,"gold_loss":0}],"is_beta":false,"boss_relics":[],"items_purged_floors":[],"is_endless":false,"potions_floor_spawned":[1,13],"killed_by":"Slime Boss","ascension_level":1}}