{"host":"5w5nlj9te6rhm47m","time":1607959657,"event":{"mods":["BaseMod","Downfall","Hermit","Minty Spire (QoL Compilation)","Replay The Spire","Shop Mod","StSLib"],"gold_per_floor":[158,158,158,158,158,158,181,181,193,228,228,213,213,223,243,345,345,270,290,290,290,307,307,307,326,339,264,279,279,289,274,290,290,290],"floor_reached":33,"playtime":1877,"items_purged":[],"score":245,"play_id":"12b2cc27-9842-4a4c-b45e-ca597b5ccf5d","local_time":"20201214232737","is_ascension_mode":false,"campfire_choices":[{"data":"Slimebound:SplitLeeching","floor":6,"key":"SMITH"},{"data":"Slimebound:Gluttony","floor":8,"key":"SMITH"},{"floor":18,"key":"RECALL"},{"floor":21,"key":"REST"},{"data":"Slimebound:Split","floor":27,"key":"SMITH"}],"circlet_count":0,"master_deck":["Slimebound:Strike_Slimebound","Slimebound:Strike_Slimebound+1","Slimebound:Strike_Slimebound","Slimebound:Tackle","Slimebound:Defend_Slimebound","Slimebound:Defend_Slimebound","Slimebound:Defend_Slimebound","Slimebound:Defend_Slimebound","Slimebound:Split+1","Slimebound:CorrosiveSpit","Slimebound:LeechingTouch","Slimebound:Gluttony+1","Slimebound:SplitLeeching+1","Slimebound:Dissolve","Slimebound:LevelUp","Slimebound:LeechLife","Slimebound:AcidTongue","Slimebound:LeechEnergy","Slimebound:MassRepurpose","AbeCurse","Slimebound:GoopSpray+1","Slimebound:GrowthPunch","Slimebound:SplitLeeching","Slimebound:MegaLick+1","Slimebound:RainOfGoop","Slimebound:PressTheAttack","Slimebound:RainOfGoop+1","Slimebound:SplitBruiser","Slimebound:GoopSpray"],"relics":["Slimebound:AbsorbEndCombat","downfall:HeartsMalice","Nunchaku","Letter Opener","Replay:Bottled Flurry","Abe\u0027s Treasure","downfall:HeartBlessingGreen","Replay:Accelerometer","downfall:HeartBlessingRed"],"acts_visited":["Exordium","TheCity"],"potions_floor_usage":[16,16,33],"damage_taken":[{"damage":0,"enemies":"downfall:FleeingMerchant","floor":2,"turns":1},{"damage":0,"enemies":"2 Louse","floor":3,"turns":1},{"damage":0,"enemies":"Cultist","floor":5,"turns":1},{"damage":14,"enemies":"Jaw Worm","floor":9,"turns":4},{"damage":28,"enemies":"Lagavulin","floor":10,"turns":7},{"damage":21,"enemies":"downfall:FleeingMerchant","floor":12,"turns":4},{"damage":15,"enemies":"3 Louse","floor":14,"turns":3},{"damage":5,"enemies":"Exordium Wildlife","floor":15,"turns":3},{"damage":55,"enemies":"downfall:Silent","floor":16,"turns":7},{"damage":73,"enemies":"3 Byrds","floor":19,"turns":6},{"damage":20,"enemies":"Chosen","floor":22,"turns":4},{"damage":12,"enemies":"3 Cultists","floor":25,"turns":4},{"damage":40,"enemies":"Centurion and Healer","floor":26,"turns":5},{"damage":34,"enemies":"Snake Plant","floor":28,"turns":4},{"damage":64,"enemies":"Cultist and Chosen","floor":30,"turns":7},{"damage":4,"enemies":"downfall:FleeingMerchant","floor":31,"turns":4},{"damage":37,"enemies":"Shelled Parasite and Fungi","floor":32,"turns":3},{"damage":51,"enemies":"downfall:Watcher","floor":33,"turns":4}],"seed_played":"4275962739346826317","potions_obtained":[{"floor":9,"key":"FearPotion"},{"floor":10,"key":"DuplicationPotion"},{"floor":14,"key":"Adrenaline Potion"},{"floor":22,"key":"Fire Potion"},{"floor":28,"key":"LifebloodPotion"},{"floor":30,"key":"Explosive Potion"}],"is_trial":false,"path_per_floor":["R","$","M","?","M","R","T","R","M","E","T","$","?","M","M","B",null,"R","M","?","R","M","?","T","M","M","R","M","?","M","$","M","B"],"character_chosen":"SLIMEBOUND","items_purchased":[],"campfire_rested":1,"item_purchase_floors":[],"current_hp_per_floor":[60,60,60,60,60,60,60,60,58,60,60,58,58,60,60,60,60,60,7,7,25,41,41,41,60,48,48,52,52,21,52,51,0,0],"gold":290,"neow_bonus":"THREE_ENEMY_KILL","is_daily":false,"chose_seed":false,"campfire_upgraded":3,"win_rate":0.0,"timestamp":1607959657,"path_taken":["R","$","M","?","?","R","T","R","?","E","?","?","?","M","M","BOSS","R","M","?","R","M","?","T","M","M","R","?","?","M","$","M","BOSS"],"items_purchased_type":[],"build_version":"2020-12-13","purchased_purges":0,"victory":false,"max_hp_per_floor":[60,60,60,60,60,60,60,60,60,60,60,60,60,60,60,60,60,60,60,60,60,60,60,60,60,60,60,60,60,60,60,60,60,60],"card_choices":[{"not_picked":["Slimebound:SlimeSpikes","Slimebound:Prepare"],"picked":"Slimebound:LeechingTouch","floor":2},{"not_picked":["Slimebound:MegaLick","Slimebound:DisruptingSlam"],"picked":"Slimebound:Gluttony","floor":3},{"not_picked":["Slimebound:SplitBruiser","Slimebound:FormOfPuddle"],"picked":"Slimebound:SplitLeeching","floor":5},{"not_picked":["Slimebound:ViciousTackle","Slimebound:SamplingLick"],"picked":"Slimebound:Dissolve","floor":9},{"not_picked":["Slimebound:HauntingLick","Slimebound:SplitLeeching"],"picked":"Slimebound:LevelUp","floor":10},{"not_picked":["Slimebound:SplitMire","Slimebound:LeechEnergy"],"picked":"Slimebound:LeechLife","floor":12},{"not_picked":["Slimebound:ViciousTackle","Slimebound:FormOfPuddle"],"picked":"Slimebound:AcidTongue","floor":14},{"not_picked":["Slimebound:Grow","Slimebound:ComboTackle"],"picked":"Slimebound:LeechEnergy","floor":15},{"not_picked":["Slimebound:Teamwork","Slimebound:MassFeed"],"picked":"Slimebound:MassRepurpose","floor":16},{"not_picked":["Slimebound:Chomp","Slimebound:GoopTackle+1"],"picked":"Slimebound:GoopSpray+1","floor":19},{"not_picked":["Slimebound:GoopSpray","Slimebound:FinishingTackle+1"],"picked":"Slimebound:GrowthPunch","floor":22},{"not_picked":["Slimebound:LivingWall","Slimebound:LeechingTouch+1"],"picked":"Slimebound:MegaLick+1","floor":25},{"not_picked":["Slimebound:FinishingTackle","Slimebound:Chomp"],"picked":"Slimebound:RainOfGoop","floor":26},{"not_picked":["Slimebound:LeadByExample","Slimebound:LevelUp"],"picked":"Slimebound:PressTheAttack","floor":28},{"not_picked":["Slimebound:TongueLash","Slimebound:FlameTackle"],"picked":"Slimebound:RainOfGoop+1","floor":30},{"not_picked":["Slimebound:DisruptingSlam","Slimebound:FlameTackle"],"picked":"Slimebound:SplitBruiser","floor":31},{"not_picked":["Slimebound:Prepare","Slimebound:HauntingLick"],"picked":"Slimebound:GoopSpray","floor":32}],"player_experience":142784,"relics_obtained":[{"floor":7,"key":"Nunchaku"},{"floor":10,"key":"Letter Opener"},{"floor":11,"key":"Replay:Bottled Flurry"},{"floor":24,"key":"Replay:Accelerometer"}],"event_choices":[{"damage_healed":0,"gold_gain":0,"player_choice":"Ignored","damage_taken":0,"max_hp_gain":0,"max_hp_loss":0,"event_name":"NoteForYourself","floor":4,"gold_loss":0},{"damage_healed":0,"gold_gain":0,"player_choice":"Read","damage_taken":0,"max_hp_gain":0,"max_hp_loss":0,"event_name":"The Library","floor":23,"gold_loss":0,"cards_obtained":["Slimebound:SplitLeeching"]},{"damage_healed":0,"gold_gain":0,"player_choice":"Ignored","damage_taken":0,"max_hp_gain":0,"max_hp_loss":0,"event_name":"Ghosts","floor":29,"gold_loss":0}],"is_beta":false,"boss_relics":[{"not_picked":["Empty Cage","Velvet Choker"],"picked":"Abe\u0027s Treasure"}],"items_purged_floors":[],"is_endless":false,"potions_floor_spawned":[9,10,14,22,28,30,32],"killed_by":"downfall:Watcher","ascension_level":0}}