{"host":"br1k745010e75u9o","time":1607971610,"event":{"mods":["BaseMod","CCEM","Conspire","Downfall","Hubris","Minty Spire (QoL Compilation)","Replay The Spire","StSLib"],"gold_per_floor":[114,121,147,167,184,184,184,184,184,203,203,203,219,235,247,260,260,357,357,372,372,372,372],"floor_reached":22,"playtime":1046,"items_purged":[],"score":178,"play_id":"aaac59ec-4507-4acf-a76b-ea724d565edc","local_time":"20201214184650","is_ascension_mode":false,"campfire_choices":[{"data":"Storm","floor":6,"key":"SMITH"},{"floor":9,"key":"REST"},{"data":"Recycle","floor":17,"key":"SMITH"}],"circlet_count":0,"master_deck":["Strike_B","Strike_B","Strike_B","Strike_B","Defend_B","Defend_B","Defend_B","Defend_B","Zap","Dualcast","Storm+1","Undo","Recycle+1","Panic Button","Loop","hubris:SpecializedCircuitry","Leap+1","Spreading Infection"],"relics":["Cracked Core","ReplayTheSpireMod:CursedCoin","hubris:BallOfYels","CaptainsWheel","hubris:PeanutButter","Philosopher\u0027s Stone"],"acts_visited":["Exordium","TheCity"],"potions_floor_usage":[5,15,18,18,18],"damage_taken":[{"damage":2,"enemies":"Small Slimes","floor":1,"turns":4},{"damage":11,"enemies":"Jaw Worm","floor":4,"turns":4},{"damage":4,"enemies":"Cultist","floor":5,"turns":3},{"damage":22,"enemies":"Large Slime","floor":10,"turns":7},{"damage":0,"enemies":"Red Slaver","floor":13,"turns":5},{"damage":0,"enemies":"Looter","floor":14,"turns":3},{"damage":0,"enemies":"Exordium Thugs","floor":15,"turns":6},{"damage":10,"enemies":"3 Louse","floor":16,"turns":4},{"damage":59,"enemies":"Hexaghost","floor":18,"turns":13},{"damage":65,"enemies":"conspire:FuzzyDice","floor":20,"turns":9},{"damage":11,"enemies":"3 Byrds","floor":22,"turns":2}],"seed_played":"8216042764607657124","potions_obtained":[{"floor":0,"key":"Energy Potion"},{"floor":0,"key":"Guardian:BlockOnCardUsePotion"},{"floor":0,"key":"Fire Potion"},{"floor":4,"key":"AttackPotion"},{"floor":10,"key":"Energy Potion"},{"floor":15,"key":"AttackPotion"},{"floor":20,"key":"CultistPotion"}],"is_trial":false,"path_per_floor":["M","$","?","M","M","R","PTL","PTL","R","M","T","?","M","M","M","M","R","B",null,"M","?","M"],"character_chosen":"DEFECT","items_purchased":["ReplayTheSpireMod:CursedCoin","hubris:BallOfYels"],"campfire_rested":1,"item_purchase_floors":[2,2],"current_hp_per_floor":[73,73,73,62,58,58,58,58,75,53,53,75,75,75,75,65,65,6,75,10,10,0,0],"gold":372,"neow_bonus":"THREE_SMALL_POTIONS","is_daily":false,"chose_seed":false,"campfire_upgraded":2,"win_rate":0.0,"timestamp":1607971610,"path_taken":["M","$","?","M","?","R","PTL","PTL","R","M","T","?","M","?","M","M","R","BOSS","M","?","M"],"items_purchased_type":["Relic","Relic"],"build_version":"2020-12-13","purchased_purges":0,"victory":false,"max_hp_per_floor":[75,75,75,75,75,75,75,75,75,75,75,75,75,75,75,75,75,75,75,75,75,75,75],"card_choices":[{"not_picked":["Turbo","Hologram"],"picked":"Storm","floor":1},{"not_picked":["Crystallizer","Sweeping Beam","FTL"],"picked":"SKIP","floor":4},{"not_picked":["Leap","Redo"],"picked":"Undo","floor":5},{"not_picked":["Sweeping Beam","All For One"],"picked":"Recycle","floor":10},{"not_picked":["Reinforced Body","Blizzard"],"picked":"Panic Button","floor":13},{"not_picked":["Cold Snap","Streamline","Rebound"],"picked":"SKIP","floor":14},{"not_picked":["Go for the Eyes","Leap"],"picked":"Loop","floor":15},{"not_picked":["conspire:Rain","Rebound","BasicCrystalCard"],"picked":"SKIP","floor":16},{"not_picked":["hubris:Prefetch","Multi-Cast"],"picked":"hubris:SpecializedCircuitry","floor":18},{"not_picked":["Hologram+1","ReplaySort"],"picked":"Leap+1","floor":20}],"player_experience":32445,"relics_obtained":[{"floor":3,"key":"CaptainsWheel"},{"floor":11,"key":"hubris:PeanutButter"}],"event_choices":[{"damage_healed":22,"gold_gain":0,"player_choice":"Full Heal","damage_taken":0,"max_hp_gain":0,"max_hp_loss":0,"event_name":"Wheel of Change","floor":12,"gold_loss":0},{"damage_healed":0,"gold_gain":0,"cards_transformed":["Pain"],"player_choice":"Transformed","damage_taken":0,"max_hp_gain":0,"max_hp_loss":0,"event_name":"Transmorgrifier","floor":21,"gold_loss":0,"cards_obtained":["Spreading Infection"]}],"is_beta":false,"boss_relics":[{"not_picked":["Ring of Chaos","Calling Bell"],"picked":"Philosopher\u0027s Stone"}],"items_purged_floors":[],"is_endless":false,"potions_floor_spawned":[4,10,13,15,20],"killed_by":"3 Byrds","ascension_level":0}}