{"host":"jm9833yuloeli2yd","time":1607978584,"event":{"mods":["AchievementEnabler","BaseMod","Better Altar","Better Match","Better Note","Better Sensory Stone","Better Skull","Better Vampires","Colored Map","Colored Powertips","DeckTracker","Minty Spire (QoL Compilation)","Permanent Neow","Quick Restart","Replay The Spire","StSLib","SuperFastMode"],"gold_per_floor":[116,130,1,1,14,45,45,45,45,59,74,74,94,130,130,130,130],"floor_reached":16,"playtime":342,"items_purged":["Strike_B"],"score":224,"play_id":"adc95ace-2b1c-450c-a8f3-bccc01b4636f","local_time":"20201214154304","is_ascension_mode":true,"campfire_choices":[{"data":"Doom and Gloom","floor":8,"key":"SMITH"},{"data":"Coolheaded","floor":12,"key":"SMITH"}],"circlet_count":0,"master_deck":["AscendersBane","Strike_B","Strike_B","Strike_B","Defend_B","Defend_B","Defend_B","Defend_B","Zap","Dualcast","Hologram+1","ReplayTheSpireMod:Calculation Training","Doom and Gloom+1","Coolheaded+1","ReplayTheSpireMod:Calculation Training","Chill","BasicCrystalCard"],"relics":["Coffee Dripper","Golden Idol","Torii","FaceOfCleric","Letter Opener","Art of War"],"acts_visited":["Exordium"],"potions_floor_usage":[6,14,16],"damage_taken":[{"damage":3,"enemies":"2 Louse","floor":1,"turns":3},{"damage":1,"enemies":"Cultist","floor":2,"turns":4},{"damage":5,"enemies":"Small Slimes","floor":5,"turns":3},{"damage":32,"enemies":"Gremlin Nob","floor":6,"turns":4},{"damage":0,"enemies":"3 Louse","floor":10,"turns":2},{"damage":11,"enemies":"Looter","floor":11,"turns":4},{"damage":0,"enemies":"Exordium Thugs","floor":13,"turns":4},{"damage":2,"enemies":"3 Sentries","floor":14,"turns":3},{"damage":38,"enemies":"Hexaghost","floor":16,"turns":9}],"seed_played":"-676709006732131405","potions_obtained":[{"floor":2,"key":"Doom Potion"},{"floor":6,"key":"Strength Potion"},{"floor":13,"key":"DuplicationPotion"}],"is_trial":false,"path_per_floor":["M","M","$","?","M","E","?","R","T","M","M","R","M","E","R_BF","B"],"character_chosen":"DEFECT","items_purchased":["AttackPotion"],"campfire_rested":0,"item_purchase_floors":[3],"current_hp_per_floor":[61,60,60,60,55,23,23,23,23,24,14,14,15,14,34,0,0],"gold":130,"neow_bonus":"BOSS_RELIC","is_daily":false,"chose_seed":false,"campfire_upgraded":2,"win_rate":0.0,"timestamp":1607978584,"path_taken":["M","M","$","?","M","E","?","R","T","M","?","R","M","E","R_BF","BOSS"],"items_purchased_type":["Potion"],"build_version":"2020-12-13","purchased_purges":1,"victory":false,"max_hp_per_floor":[71,71,71,64,64,64,64,64,64,65,66,66,67,68,68,68,68],"card_choices":[{"not_picked":["Barrage","Tempest"],"picked":"Hologram","floor":1},{"not_picked":["Reprogram","Beam Cell"],"picked":"ReplayTheSpireMod:Calculation Training","floor":2},{"not_picked":["Leap","BasicCrystalCard"],"picked":"Doom and Gloom","floor":5},{"not_picked":["Stack","Rebound"],"picked":"Coolheaded","floor":6},{"not_picked":["Rainbow","Scrape"],"picked":"ReplayTheSpireMod:Calculation Training","floor":10},{"not_picked":["Steam","Blizzard"],"picked":"Chill","floor":11},{"not_picked":["Heatsinks","Panic Button"],"picked":"BasicCrystalCard","floor":13},{"not_picked":["Redo","Gash","Panic Button"],"picked":"SKIP","floor":14}],"player_experience":1057534,"relics_obtained":[{"floor":6,"key":"Torii"},{"floor":9,"key":"Letter Opener"},{"floor":14,"key":"Art of War"}],"event_choices":[{"damage_healed":0,"gold_gain":0,"player_choice":"Lose Max HP","damage_taken":0,"relics_obtained":["Golden Idol"],"max_hp_gain":0,"max_hp_loss":7,"event_name":"Golden Idol","floor":4,"gold_loss":0},{"damage_healed":0,"gold_gain":0,"player_choice":"Trade","damage_taken":0,"relics_obtained":["FaceOfCleric"],"max_hp_gain":0,"max_hp_loss":0,"event_name":"FaceTrader","floor":7,"gold_loss":0}],"is_beta":false,"boss_relics":[],"items_purged_floors":[3],"is_endless":false,"potions_floor_spawned":[2,6,10,13],"killed_by":"Hexaghost","ascension_level":20}}