{"host":"hfxp6ue4pvwo3fit","time":1607906159,"event":{"mods":["AchievementEnabler","BaseMod","Colored Map","Colored Powertips","Highlight Path","Minty Spire (QoL Compilation)","StSLib","SuperFastMode"],"gold_per_floor":[117,117,131,150,225,254,254,14,14,14,14,14,47,67,67,140,140,156,156,156,171,188,188,188],"floor_reached":23,"playtime":809,"items_purged":["Entrench"],"score":398,"play_id":"ec5b71bc-8332-47c9-9125-47c29bed5e0c","local_time":"20201213183559","is_ascension_mode":true,"campfire_choices":[{"data":"Pommel Strike","floor":7,"key":"SMITH"},{"data":"Uppercut","floor":10,"key":"SMITH"},{"data":"Dual Wield","floor":12,"key":"SMITH"},{"data":"True Grit","floor":15,"key":"SMITH"}],"circlet_count":0,"master_deck":["AscendersBane","Strike_R","Defend_R+1","Defend_R","Defend_R","Defend_R","Bash+1","Cleave","Pommel Strike+1","Twin Strike","Dual Wield+1","Uppercut+1","Disarm+1","True Grit+1","Fiend Fire","Flame Barrier+1","Power Through+1","Barricade+1","Shrug It Off","Body Slam"],"relics":["Burning Blood","Akabeko","Singing Bowl","War Paint","Astrolabe","Champion Belt"],"acts_visited":["Exordium","TheCity"],"potions_floor_usage":[6,21,23,23],"damage_taken":[{"damage":3,"enemies":"2 Louse","floor":1,"turns":4},{"damage":1,"enemies":"Cultist","floor":3,"turns":3},{"damage":9,"enemies":"Small Slimes","floor":4,"turns":4},{"damage":32,"enemies":"Gremlin Nob","floor":6,"turns":4},{"damage":20,"enemies":"Lagavulin","floor":13,"turns":7},{"damage":4,"enemies":"Blue Slaver","floor":14,"turns":3},{"damage":9,"enemies":"The Guardian","floor":16,"turns":14},{"damage":18,"enemies":"3 Byrds","floor":18,"turns":6},{"damage":13,"enemies":"Spheric Guardian","floor":21,"turns":8},{"damage":42,"enemies":"Cultist and Chosen","floor":22,"turns":12},{"damage":10,"enemies":"Slavers","floor":23,"turns":3}],"seed_played":"3462128198676569515","potions_obtained":[{"floor":3,"key":"LiquidMemories"},{"floor":6,"key":"SkillPotion"},{"floor":14,"key":"SpeedPotion"},{"floor":16,"key":"Dexterity Potion"},{"floor":22,"key":"SneckoOil"}],"is_trial":false,"path_per_floor":["M","?","M","M","?","E","R","$","T","R","$","R","E","M","R","B",null,"M","?","T","M","M","E"],"character_chosen":"IRONCLAD","items_purchased":["Dual Wield","Uppercut"],"campfire_rested":0,"item_purchase_floors":[8,8],"current_hp_per_floor":[71,71,75,72,61,35,35,35,35,35,35,35,21,23,23,20,61,49,49,49,44,8,0,0],"gold":188,"neow_bonus":"UPGRADE_CARD","is_daily":false,"chose_seed":false,"campfire_upgraded":4,"win_rate":0.0,"timestamp":1607906159,"path_taken":["M","?","M","?","?","E","R","$","T","R","$","R","E","M","R","BOSS","M","?","?","M","M","E"],"items_purchased_type":["Card","Card"],"build_version":"2020-12-13","purchased_purges":1,"victory":false,"max_hp_per_floor":[75,75,75,75,75,75,75,75,75,75,75,75,75,75,75,75,75,75,75,75,77,77,77,77],"card_choices":[{"not_picked":["Twin Strike","Warcry"],"picked":"Cleave","floor":1},{"not_picked":["Sword Boomerang","Seeing Red"],"picked":"Pommel Strike","floor":3},{"not_picked":["Thunderclap","Body Slam"],"picked":"Twin Strike","floor":4},{"not_picked":["Second Wind","Clash","Perfected Strike"],"picked":"SKIP","floor":6},{"not_picked":["Cleave","Dual Wield"],"picked":"Disarm","floor":13},{"not_picked":["Infernal Blade","Anger"],"picked":"True Grit","floor":14},{"not_picked":["Bludgeon","Brutality"],"picked":"Fiend Fire","floor":16},{"not_picked":["Iron Wave","Rampage"],"picked":"Shrug It Off","floor":18},{"not_picked":["Anger","Iron Wave","Infernal Blade"],"picked":"Singing Bowl","floor":21},{"not_picked":["Armaments+1","Seeing Red"],"picked":"Body Slam","floor":22}],"player_experience":372971,"relics_obtained":[{"floor":6,"key":"Akabeko"},{"floor":9,"key":"Singing Bowl"},{"floor":13,"key":"War Paint"},{"floor":20,"key":"Champion Belt"}],"event_choices":[{"damage_healed":0,"gold_gain":0,"cards_transformed":["Strike_R"],"player_choice":"Transformed","damage_taken":0,"max_hp_gain":0,"max_hp_loss":0,"event_name":"Transmorgrifier","floor":2,"gold_loss":0,"cards_obtained":["Entrench"]},{"damage_healed":0,"gold_gain":75,"player_choice":"Gather Gold","damage_taken":11,"max_hp_gain":0,"max_hp_loss":0,"event_name":"World of Goop","floor":5,"gold_loss":0},{"damage_healed":0,"gold_gain":0,"player_choice":"Ignored","damage_taken":0,"max_hp_gain":0,"max_hp_loss":0,"event_name":"The Mausoleum","floor":19,"gold_loss":0}],"is_beta":false,"boss_relics":[{"not_picked":["Fusion Hammer","Calling Bell"],"picked":"Astrolabe"}],"items_purged_floors":[8],"is_endless":false,"potions_floor_spawned":[3,6,14,16,22],"killed_by":"Slavers","ascension_level":20}}