{"host":"acw864156wjp8gcv","time":1607959364,"event":{"mods":["2.2 Compatiblity","AchievementEnabler","Aspiration","BaseMod","Beaked The Cultist","Better Altar","Better Match","Better Note","Better Sensory Stone","Better Silent Start","Better Skull","Better Third Choice","Better Vampires","Challenge The Spire","Colored Map","Colored Powertips","Conspire","Downfall","Energized Spire","Halation","Hubris","Infinite Spire","Ironclad Rager","Jedi Mod","Mimic Mod","Minty Spire (QoL Compilation)","Relic Sorter","Replay The Spire","Shop Mod","Spicy Shops","Spikes Relics","StSLib","The Construct","The Jungle","Wandering Minibosses","everything is the same but u backflip on backflip","vexMod"],"gold_per_floor":[114,114,144,144],"floor_reached":7,"playtime":83,"items_purged":[],"score":537,"play_id":"aa4ccc7f-8f46-480d-b2ca-1541c492a781","local_time":"20201214092244","daily_mods":["downfall:ChampStances","downfall:Jewelcrafting","downfall:ExchangeController"],"is_ascension_mode":false,"campfire_choices":[],"circlet_count":0,"master_deck":["hexamod:Strike","hexamod:Strike","hexamod:Strike","hexamod:Strike","hexamod:Defend","hexamod:Defend","hexamod:Defend","hexamod:Defend","hexamod:Sear","hexamod:Float","Guardian:ExploitGems","Guardian:ExploitGems"],"relics":["hexamod:SpiritBrand","Guardian:PickAxe","champ:ChampStancesModRelic","downfall:NeowBlessing_Player","infinitespire:Lucky Rock"],"acts_visited":["Exordium","TheEnding"],"potions_floor_usage":[],"damage_taken":[{"damage":15,"enemies":"Cultist","floor":1,"turns":4},{"damage":0,"enemies":"Shield and Spear","floor":5,"turns":1},{"damage":0,"enemies":"The Heart","floor":6,"turns":2}],"seed_played":"1880613833527945180","potions_obtained":[],"is_trial":false,"path_per_floor":["M","$","E","B",null],"character_chosen":"THE_SPIRIT","items_purchased":[],"campfire_rested":0,"item_purchase_floors":[],"current_hp_per_floor":[270,270,270,270],"gold":144,"neow_bonus":"","is_daily":true,"chose_seed":false,"campfire_upgraded":0,"win_rate":0.0,"timestamp":1607959364,"path_taken":["M","$","E","BOSS"],"items_purchased_type":[],"build_version":"2020-12-13","purchased_purges":0,"victory":true,"max_hp_per_floor":[270,270,270,270],"card_choices":[{"not_picked":["hexamod:NightmareStrike","hexamod:ShieldOfDarkness","hexamod:Rewind"],"picked":"SKIP","floor":1},{"not_picked":["hexamod:Rewind","hexamod:GhostOfSpireFuture","hexamod:FourthSeal"],"picked":"SKIP","floor":5}],"player_experience":115636,"relics_obtained":[{"floor":5,"key":"infinitespire:Lucky Rock"}],"event_choices":[],"is_beta":false,"boss_relics":[],"items_purged_floors":[],"is_endless":false,"potions_floor_spawned":[],"ascension_level":0}}