{"host":"acw864156wjp8gcv","time":1607962417,"event":{"mods":["2.2 Compatiblity","AchievementEnabler","Aspiration","BaseMod","Beaked The Cultist","Better Altar","Better Match","Better Note","Better Sensory Stone","Better Silent Start","Better Skull","Better Third Choice","Better Vampires","Challenge The Spire","Colored Map","Colored Powertips","Conspire","Downfall","Energized Spire","Halation","Hubris","Infinite Spire","Ironclad Rager","Jedi Mod","Mimic Mod","Minty Spire (QoL Compilation)","Relic Sorter","Replay The Spire","Shop Mod","Spicy Shops","Spikes Relics","StSLib","The Construct","The Jungle","Wandering Minibosses","everything is the same but u backflip on backflip","vexMod"],"gold_per_floor":[18,18,31,49,60,60,94,94,119,119,138,171,190,208,208,312,312,330,345,355,372,384,384,411,411,442,442,467,478,478,497,497,630,630,630,630,630,630,630,630,630,630,630,630,630,630,630,630,630,630,630,630,408,462,484],"floor_reached":56,"playtime":1281,"items_purged":[],"score":1893,"play_id":"320ec580-2764-4749-bab4-9e4d5075a08a","local_time":"20201214101337","is_ascension_mode":true,"campfire_choices":[{"data":"Loop","floor":6,"key":"SMITH"},{"data":"ReplayGash","floor":8,"key":"SMITH"},{"data":"Capacitor","floor":10,"key":"SMITH"},{"data":"Dualcast","floor":15,"key":"SMITH"},{"data":"Zap","floor":23,"key":"SMITH"},{"data":"hubris:Ukulele","floor":25,"key":"SMITH"},{"data":"Redo","floor":32,"key":"SMITH"},{"floor":44,"key":"REST"},{"floor":49,"key":"REST"},{"floor":52,"key":"REST"}],"circlet_count":0,"master_deck":["Zap+1","Dualcast+1","Ball Lightning","Cold Snap+1","Ball Lightning+1","Cold Snap","Leap","Leap","Leap","Leap+1","Capacitor+1","Loop+1","ReplayGash+1","hubris:Ukulele+1","hubris:Ukulele","Redo+1","Machine Learning","Defragment"],"relics":["Cracked Core","wanderingMiniBosses:AbyssPearl","halation:Toothbrush","Gremlin Food","Snack Pack","conspire:RunicOctahedron","Sozu","aspiration:Lifesprig","Mirror","Counterbalance","infinitespire:EvilPickle","aspiration:RandomNobGenerator","aspiration:TomeofQuesting","infinitespire:Midas Blood"],"acts_visited":["Exordium","TheCity","TheBeyond","TheEnding"],"potions_floor_usage":[],"damage_taken":[{"damage":9,"enemies":"Jaw Worm","floor":1,"turns":2},{"damage":0,"enemies":"Cultist","floor":3,"turns":2},{"damage":0,"enemies":"2 Louse","floor":4,"turns":6},{"damage":2,"enemies":"Blue Slaver","floor":5,"turns":3},{"damage":0,"enemies":"3 Sentries","floor":7,"turns":6},{"damage":0,"enemies":"Looter","floor":11,"turns":3},{"damage":3,"enemies":"Lagavulin","floor":12,"turns":5},{"damage":22,"enemies":"Gremlin Gang","floor":13,"turns":4},{"damage":4,"enemies":"Red Slaver","floor":14,"turns":3},{"damage":10,"enemies":"The Guardian","floor":16,"turns":7},{"damage":0,"enemies":"Chosen","floor":18,"turns":4},{"damage":0,"enemies":"Spheric Guardian","floor":19,"turns":3},{"damage":6,"enemies":"Shelled Parasite and Fungi","floor":20,"turns":4},{"damage":2,"enemies":"Snecko","floor":21,"turns":4},{"damage":20,"enemies":"3 Cultists","floor":22,"turns":4},{"damage":1,"enemies":"conspire:Head Lice","floor":24,"turns":5},{"damage":0,"enemies":"Sentry and Sphere","floor":26,"turns":4},{"damage":5,"enemies":"conspire:SneckoGhost","floor":28,"turns":6},{"damage":5,"enemies":"Sentry and Sphere","floor":29,"turns":5},{"damage":11,"enemies":"Snake Plant","floor":31,"turns":3},{"damage":0,"enemies":"Pondfish","floor":33,"turns":5},{"damage":0,"enemies":"3 Darklings","floor":35,"turns":1},{"damage":0,"enemies":"Orb Walker","floor":36,"turns":1},{"damage":0,"enemies":"Spire Growth","floor":37,"turns":1},{"damage":0,"enemies":"Reptomancer","floor":40,"turns":1},{"damage":0,"enemies":"4 Shapes","floor":41,"turns":1},{"damage":0,"enemies":"Nemesis","floor":42,"turns":1},{"damage":0,"enemies":"Jaw Worm Horde","floor":45,"turns":1},{"damage":0,"enemies":"Spire Growth","floor":46,"turns":1},{"damage":0,"enemies":"3 Darklings","floor":48,"turns":1},{"damage":0,"enemies":"conspire:OrnateMirror","floor":50,"turns":1},{"damage":0,"enemies":"Shield and Spear","floor":54,"turns":1},{"damage":22,"enemies":"The Heart","floor":55,"turns":2}],"seed_played":"1560655052630568308","potions_obtained":[{"floor":4,"key":"Toxic Potion"},{"floor":5,"key":"FocusPotion"},{"floor":14,"key":"Strength Potion"}],"is_trial":false,"path_per_floor":["M","?","M","M","M","R","E","R","T","R","M","E","M","M","R","B",null,"M","M","M","M","M","R","E","R","MIM","?","E","M","?","M","R","B",null,"M","M","M","?","?","E","M","E","T","R","M","M","$","M","R","B",null,"R","$","E","B",null],"character_chosen":"DEFECT","items_purchased":["aspiration:TomeofQuesting","Defragment"],"campfire_rested":3,"item_purchase_floors":[53,53],"current_hp_per_floor":[41,41,41,41,39,39,39,39,39,39,39,36,16,14,14,6,68,68,68,64,62,48,48,51,51,53,53,52,49,56,47,47,49,68,68,68,68,68,68,68,68,68,68,68,68,68,68,68,68,68,68,68,68,68,46],"gold":484,"neow_bonus":"DEFECT_STORMLORD","is_daily":false,"chose_seed":false,"campfire_upgraded":7,"win_rate":0.0,"timestamp":1607962417,"path_taken":["M","?","?","M","M","R","E","R","T","R","?","E","M","M","R","BOSS","M","M","M","M","M","R","E","R","MIM","?","E","M","?","M","R","BOSS","M","M","M","?","?","E","M","E","T","R","M","?","$","M","R","BOSS","R","$","E","BOSS"],"items_purchased_type":["Relic","Card"],"build_version":"2020-12-13","purchased_purges":0,"victory":true,"max_hp_per_floor":[68,68,68,68,68,68,68,68,68,68,68,68,68,68,68,68,68,68,68,68,68,68,68,68,68,68,68,68,68,68,68,68,68,68,68,68,68,68,68,68,68,68,68,68,68,68,68,68,68,68,68,68,68,68,68],"card_choices":[{"not_picked":["jedi:hex","Compile Driver","Hologram"],"picked":"SKIP","floor":1},{"not_picked":["Aggregate","Turbo"],"picked":"Capacitor","floor":3},{"not_picked":["Leap","jedi:blockon","Beam Cell"],"picked":"SKIP","floor":4},{"not_picked":["Auto Shields","jedi:darknesscall"],"picked":"Loop","floor":5},{"not_picked":["Cold Snap","Steam Power"],"picked":"ReplayGash","floor":7},{"not_picked":["Sweeping Beam","jedi:blockon"],"picked":"hubris:Ukulele","floor":11},{"not_picked":["jedi:markofdeath","ReplayTheSpireMod:Repulse","Go for the Eyes"],"picked":"SKIP","floor":12},{"not_picked":["Aggregate","Barrage","Rebound"],"picked":"SKIP","floor":13},{"not_picked":["Streamline","Go for the Eyes","Stack"],"picked":"SKIP","floor":14},{"not_picked":["Auto Shields+1","Glacier","Leap"],"picked":"SKIP","floor":18},{"not_picked":["jedi:BurstFrost","Tempest","Coolheaded"],"picked":"SKIP","floor":19},{"not_picked":["Coolheaded+1","jedi:BurstLightning","Barrage"],"picked":"SKIP","floor":20},{"not_picked":["jedi:BurstFrost","Panic Button","jedi:markofdeath+1"],"picked":"SKIP","floor":21},{"not_picked":["jedi:BurstFrost","Compile Driver","Panic Button"],"picked":"SKIP","floor":22},{"not_picked":["Panic Button","Streamline","Conserve Battery"],"picked":"SKIP","floor":24},{"not_picked":["Blizzard","Hologram+1"],"picked":"hubris:Ukulele","floor":28},{"not_picked":["Recycle","Reprogram"],"picked":"Redo","floor":29},{"not_picked":["jedi:reiji","Cold Snap","FTL+1"],"picked":"SKIP","floor":31},{"not_picked":["Thunder Strike","Rainbow"],"picked":"Machine Learning","floor":33},{"not_picked":["Consume+1","Stack","Rebound+1"],"picked":"SKIP","floor":35},{"not_picked":["Panic Button","ReplayTheSpireMod:Repulse+1","Fusion"],"picked":"SKIP","floor":36},{"not_picked":["Ball Lightning","hubris:Ukulele+1","jedi:BurstLightning+1"],"picked":"SKIP","floor":37},{"not_picked":["Chaos","Time Bomb+1","Panic Button"],"picked":"SKIP","floor":40},{"not_picked":["Panic Button","Sweeping Beam+1","Static Discharge"],"picked":"SKIP","floor":41},{"not_picked":["jedi:BurstLightning","Cold Snap","Turbo+1"],"picked":"SKIP","floor":42},{"not_picked":["Skim","Coolheaded","Sweeping Beam+1"],"picked":"SKIP","floor":45},{"not_picked":["jedi:BurstLightning","jedi:reiji","Redo"],"picked":"SKIP","floor":46},{"not_picked":["jedi:BurstLightning+1","Heatsinks+1","Darkness+1"],"picked":"SKIP","floor":48},{"not_picked":["ReplaySolidLightProjector","Leap","Rebound+1"],"picked":"SKIP","floor":54}],"player_experience":117315,"relics_obtained":[{"floor":4,"key":"wanderingMiniBosses:AbyssPearl"},{"floor":7,"key":"halation:Toothbrush"},{"floor":9,"key":"Gremlin Food"},{"floor":12,"key":"Snack Pack"},{"floor":24,"key":"aspiration:Lifesprig"},{"floor":26,"key":"Mirror"},{"floor":28,"key":"Counterbalance"},{"floor":54,"key":"infinitespire:Midas Blood"}],"event_choices":[{"cards_removed":["ReplayTheSpireMod:Doomed"],"damage_healed":0,"gold_gain":0,"player_choice":"Removed Curses","damage_taken":0,"max_hp_gain":0,"max_hp_loss":0,"event_name":"Fountain of Cleansing","floor":2,"gold_loss":0},{"damage_healed":0,"gold_gain":0,"player_choice":"Ignored","damage_taken":0,"max_hp_gain":0,"max_hp_loss":0,"event_name":"betterNote:BetterNote","floor":27,"gold_loss":0,"cards_obtained":["Strike_G"]},{"damage_healed":0,"gold_gain":0,"player_choice":"Ignored","damage_taken":0,"max_hp_gain":0,"max_hp_loss":0,"event_name":"WeMeetAgain","floor":39,"gold_loss":0}],"is_beta":false,"boss_relics":[{"not_picked":["vexMod:FluxCapacitor","Astrolabe"],"picked":"conspire:RunicOctahedron"},{"not_picked":["aspiration:RitualDagger","Calling Bell"],"picked":"aspiration:RandomNobGenerator"}],"items_purged_floors":[],"is_endless":false,"potions_floor_spawned":[4,5,14,16,19,21,22,29,33,37,40,42,45,54],"ascension_level":1}}