{"host":"pgiw9wkmtk74e1ic","time":1607926459,"event":{"mods":["BaseMod","Colored Map","Colored Powertips","Marisa????????","Minty Spire (QoL Compilation)","Replay The Spire","StSLib"],"gold_per_floor":[109,169,169,185,198,198,226,226,252,270,270,282,342,400,400,503,503,516,536,536,536,551,582,582,601,601,618,630,630,630,186,186,283,283,295,295,179,199,212,247,247,262,262,262,287,300,300,319,319,319,319,319,24,49,49,49],"floor_reached":55,"playtime":4448,"items_purged":[],"score":724,"play_id":"586adb8e-3ed8-4d09-beb5-6e8523362a30","local_time":"20201213231419","is_ascension_mode":false,"campfire_choices":[{"data":"Skewer","floor":6,"key":"SMITH"},{"data":"Replay:Bag of Tricks","floor":8,"key":"SMITH"},{"data":"Infinite Blades","floor":11,"key":"SMITH"},{"data":"Deadly Poison","floor":15,"key":"SMITH"},{"floor":24,"key":"REST"},{"data":"A Thousand Cuts","floor":29,"key":"SMITH"},{"floor":32,"key":"DIG"},{"floor":41,"key":"RECALL"},{"floor":49,"key":"REST"},{"data":"Envenom","floor":52,"key":"SMITH"}],"circlet_count":0,"master_deck":["Strike_G","Strike_G","Strike_G+1","Strike_G","Strike_G","Defend_G","Defend_G","Defend_G","Defend_G","Defend_G","Survivor","Neutralize","Glass Knife+1","Deadly Poison+1","ReplayTheSpireMod:Speed Training","Skewer+1","Replay:Bag of Tricks+1","Infinite Blades+1","A Thousand Cuts+1","Heel Hook+1","Dodge and Roll","Adrenaline","Crippling Poison","ReplayTheSpireMod:Speed Training","Finisher+1","Bane","Outmaneuver","Fluid Movement+1","Phantasmal Killer","CurseOfTheBell","Accuracy+1","Replay:BasicMightCard","Accuracy","Bane+1","Poisoned Stab+1","Replay:Poison Smokescreen","Dagger Throw+1","Adrenaline","Envenom+1","Fluid Movement+1","Bouncing Flask+1","Infinite Blades","Poisoned Stab+1","Bane+1","Chrysalis","ReplayTheSpireMod:Private Reserves","Replay:Parry+1","Footwork+1"],"relics":["Ring of the Snake","Mercury Hourglass","ReplayTheSpireMod:Lightbulb","Garlic","Painkiller Herb","MutagenicStrength","Bronze Scales","Pantograph","Enchiridion","Whetstone","PreservedInsect","Replay:Multitool","Calling Bell","ReplayTheSpireMod:TigerMarble","Letter Opener","Vampiric Spirits","Replay:Wax Seal","Molten Egg 2","Anchor","ReplayTheSpireMod:ShopPack","Centennial Puzzle"],"acts_visited":["Exordium","TheCity","TheBeyond","TheEnding"],"potions_floor_usage":[16,23,33,45,50,50,55],"damage_taken":[{"damage":1,"enemies":"2 Louse","floor":1,"turns":2},{"damage":0,"enemies":"Small Slimes","floor":4,"turns":3},{"damage":0,"enemies":"Cultist","floor":5,"turns":2},{"damage":10,"enemies":"3 Sentries","floor":7,"turns":6},{"damage":0,"enemies":"Blue Slaver","floor":10,"turns":2},{"damage":4,"enemies":"3 Louse","floor":12,"turns":2},{"damage":20,"enemies":"Gremlin Nob","floor":13,"turns":4},{"damage":10,"enemies":"Slime Boss","floor":16,"turns":6},{"damage":12,"enemies":"2 Thieves","floor":18,"turns":3},{"damage":16,"enemies":"3 Byrds","floor":19,"turns":4},{"damage":0,"enemies":"Cultist and Chosen","floor":22,"turns":4},{"damage":19,"enemies":"Slavers","floor":23,"turns":5},{"damage":4,"enemies":"Snecko","floor":25,"turns":4},{"damage":1,"enemies":"3 Cultists","floor":27,"turns":4},{"damage":0,"enemies":"Snake Plant","floor":28,"turns":2},{"damage":41,"enemies":"Collector","floor":33,"turns":7},{"damage":0,"enemies":"Orb Walker","floor":35,"turns":3},{"damage":4,"enemies":"3 Darklings","floor":38,"turns":3},{"damage":0,"enemies":"Transient","floor":39,"turns":5},{"damage":26,"enemies":"Nemesis","floor":40,"turns":5},{"damage":15,"enemies":"Maw","floor":42,"turns":6},{"damage":23,"enemies":"R_Hoarder","floor":45,"turns":4},{"damage":29,"enemies":"Writhing Mass","floor":46,"turns":6},{"damage":10,"enemies":"Sphere and 2 Shapes","floor":48,"turns":4},{"damage":53,"enemies":"Donu and Deca","floor":50,"turns":9},{"damage":76,"enemies":"Shield and Spear","floor":54,"turns":6},{"damage":56,"enemies":"The Heart","floor":55,"turns":3}],"seed_played":"6638586932423620075","potions_obtained":[{"floor":1,"key":"Adrenaline Potion"},{"floor":4,"key":"Strength Potion"},{"floor":12,"key":"ColorlessPotion"},{"floor":16,"key":"Elixir"},{"floor":18,"key":"FairyPotion"},{"floor":22,"key":"Energy Potion"},{"floor":27,"key":"Swift Potion"},{"floor":33,"key":"Energy Potion"},{"floor":46,"key":"SkillPotion"},{"floor":47,"key":"GhostInAJar"},{"floor":47,"key":"EssenceOfSteel"},{"floor":54,"key":"LiquidMemories"}],"is_trial":false,"path_per_floor":["M","?","?","M","M","R","E","R","T","M","R","M","?","?","R","B",null,"?","?","?","?","?","E","T","?","T","?","?","T","?","T","T","B",null,"?","?","T","?","?","E","T","?","T","T","E","?","?","?","T","B",null,"T","T","E","B"],"character_chosen":"THE_SILENT","items_purchased":["Whetstone","Bane","Outmaneuver","Fluid Movement","PreservedInsect","Accuracy","Bane+1","Infinite Blades","Poisoned Stab+1","Bane+1","ReplayTheSpireMod:ShopPack"],"campfire_rested":2,"item_purchase_floors":[31,31,31,31,31,37,37,53,53,53,53],"current_hp_per_floor":[69,69,70,70,70,70,60,60,60,60,60,56,36,36,36,26,70,58,42,42,42,42,23,44,40,40,39,39,39,23,23,23,7,70,70,70,70,66,70,44,44,35,35,56,44,15,15,13,34,14,70,70,70,21,0,0],"gold":49,"neow_bonus":"ONE_RANDOM_RARE_CARD","is_daily":false,"chose_seed":false,"campfire_upgraded":6,"win_rate":0.0,"timestamp":1607926459,"path_taken":["M","?","?","M","M","R","E","R","T","M","R","?","?","?","R","BOSS","?","?","?","?","?","E","T","?","T","?","?","T","?","T","T","BOSS","?","?","T","?","?","E","T","?","T","T","E","?","?","?","T","BOSS","T","T","E","BOSS"],"items_purchased_type":["Relic","Card","Card","Card","Relic","Card","Card","Card","Card","Card","Relic"],"build_version":"2020-12-13","purchased_purges":0,"victory":false,"max_hp_per_floor":[70,70,70,70,70,70,70,70,70,70,70,70,70,70,70,70,70,70,70,70,70,70,70,70,70,70,70,70,70,70,70,70,70,70,70,70,70,70,70,70,70,70,70,70,70,70,70,70,70,70,70,70,70,70,70,70],"card_choices":[{"not_picked":["Masterful Stab","Dodge and Roll"],"picked":"Deadly Poison","floor":1},{"not_picked":["Dodge and Roll","Underhanded Strike"],"picked":"ReplayTheSpireMod:Speed Training","floor":2},{"not_picked":["Flying Knee","Acrobatics"],"picked":"Reflex","floor":2},{"not_picked":["ReplayTheSpireMod:Shiv Toss","Sucker Punch"],"picked":"Skewer","floor":4},{"not_picked":["ReplayTheSpireMod:Exploit Weakness","PiercingWail","Finisher"],"picked":"SKIP","floor":5},{"not_picked":["Accuracy","Slice"],"picked":"Replay:Bag of Tricks","floor":7},{"not_picked":["Backflip","Outmaneuver"],"picked":"Infinite Blades","floor":10},{"not_picked":["Distraction","Masterful Stab","Flying Knee"],"picked":"SKIP","floor":12},{"not_picked":["Bullet Time","Tools of the Trade"],"picked":"A Thousand Cuts","floor":16},{"not_picked":["Dagger Spray","Leg Sweep"],"picked":"Heel Hook+1","floor":18},{"not_picked":["Prepared","PiercingWail+1"],"picked":"Dodge and Roll","floor":19},{"not_picked":["Dash","Dagger Spray","Backflip"],"picked":"SKIP","floor":22},{"not_picked":["Dagger Throw","ReplayTheSpireMod:The Works"],"picked":"Adrenaline","floor":23},{"not_picked":["Bane","Dodge and Roll"],"picked":"Crippling Poison","floor":25},{"not_picked":["Endless Agony","Tactician"],"picked":"ReplayTheSpireMod:Speed Training","floor":27},{"not_picked":["Terror","Eviscerate"],"picked":"Finisher+1","floor":28},{"not_picked":["Venomology","ReplayTheSpireMod:Necrosis"],"picked":"Phantasmal Killer","floor":33},{"not_picked":["Well Laid Plans+1","Flechettes"],"picked":"Accuracy+1","floor":35},{"not_picked":["Transmutation","Thinking Ahead"],"picked":"Replay:BasicMightCard","floor":36},{"not_picked":["Prepared","ReplayTheSpireMod:The Works+1"],"picked":"Poisoned Stab+1","floor":38},{"not_picked":["Backflip","Dodge and Roll"],"picked":"Replay:Poison Smokescreen","floor":39},{"not_picked":["Prepared","Flying Knee"],"picked":"Dagger Throw+1","floor":40},{"not_picked":["Masterful Stab","Dagger Spray+1"],"picked":"Adrenaline","floor":42},{"not_picked":["Outmaneuver+1","Replay:Poison Smokescreen"],"picked":"Envenom","floor":45},{"not_picked":["Prepared+1","Masterful Stab+1"],"picked":"Fluid Movement+1","floor":46},{"not_picked":["Acrobatics","Hidden Blade"],"picked":"Bouncing Flask+1","floor":48},{"not_picked":["The Bomb","ReplayTheSpireMod:Necrogeddon"],"picked":"Chrysalis","floor":53},{"not_picked":["Madness","Enlightenment"],"picked":"ReplayTheSpireMod:Private Reserves","floor":53},{"not_picked":["ReplayTheSpireMod:Trickstab","Survey Options"],"picked":"Replay:Parry","floor":53},{"not_picked":["Crippling Poison","Corpse Explosion"],"picked":"Footwork+1","floor":54}],"player_experience":255240,"relics_obtained":[{"floor":2,"key":"Mercury Hourglass"},{"floor":7,"key":"ReplayTheSpireMod:Lightbulb"},{"floor":13,"key":"Garlic"},{"floor":23,"key":"Bronze Scales"},{"floor":26,"key":"Pantograph"},{"floor":30,"key":"Enchiridion"},{"floor":32,"key":"Replay:Multitool"},{"floor":34,"key":"ReplayTheSpireMod:TigerMarble"},{"floor":34,"key":"Letter Opener"},{"floor":34,"key":"Vampiric Spirits"},{"floor":40,"key":"Replay:Wax Seal"},{"floor":43,"key":"Molten Egg 2"},{"floor":45,"key":"Anchor"},{"floor":54,"key":"Centennial Puzzle"}],"event_choices":[{"cards_removed":["Reflex"],"damage_healed":1,"gold_gain":0,"player_choice":"Offered Uncommon","damage_taken":0,"max_hp_gain":0,"max_hp_loss":0,"event_name":"Bonfire Elementals","floor":3,"gold_loss":0},{"damage_healed":0,"gold_gain":30,"player_choice":"Searched \u00273\u0027 times","damage_taken":0,"max_hp_gain":0,"max_hp_loss":0,"event_name":"Dead Adventurer","floor":13,"gold_loss":0},{"damage_healed":0,"gold_gain":58,"player_choice":"Gained Gold","damage_taken":0,"max_hp_gain":0,"max_hp_loss":0,"event_name":"Golden Wing","floor":14,"gold_loss":0},{"damage_healed":0,"gold_gain":0,"player_choice":"Inject Mutagens","damage_taken":0,"relics_obtained":["MutagenicStrength"],"max_hp_gain":0,"max_hp_loss":0,"event_name":"Drug Dealer","floor":20,"gold_loss":0},{"damage_healed":0,"gold_gain":0,"player_choice":"Ignored","damage_taken":0,"max_hp_gain":0,"max_hp_loss":0,"event_name":"Ghosts","floor":21,"gold_loss":0},{"damage_healed":0,"gold_gain":0,"player_choice":"Obtained Book","damage_taken":16,"max_hp_gain":0,"max_hp_loss":0,"event_name":"Cursed Tome","floor":30,"gold_loss":0},{"damage_healed":0,"gold_gain":0,"player_choice":"Memory 1","damage_taken":0,"max_hp_gain":0,"max_hp_loss":0,"event_name":"SensoryStone","floor":36,"gold_loss":0},{"damage_healed":0,"gold_gain":0,"player_choice":"Got Potions","damage_taken":0,"max_hp_gain":0,"max_hp_loss":0,"event_name":"Lab","floor":47,"gold_loss":0}],"is_beta":false,"boss_relics":[{"not_picked":["Philosopher\u0027s Stone","Replay:Bronze Core"],"picked":"Painkiller Herb"},{"not_picked":["SlaversCollar","ChewingGum"],"picked":"Calling Bell"}],"items_purged_floors":[],"is_endless":false,"potions_floor_spawned":[1,4,12,16,18,22,27,28,33,38,39,40,46,54],"killed_by":"The Heart","ascension_level":0}}