{"host":"jlz4is0nf6zo9oab","time":1607986874,"event":{"mods":["AchievementEnabler","BaseMod","Colored Map","Colored Powertips","Highlight Path","Minty Spire (QoL Compilation)","StSLib"],"gold_per_floor":[113,129,140,140,157,157,171,171,196,51,51,65,65,100,100,100,100],"floor_reached":16,"playtime":380,"items_purged":["Strike_B"],"score":163,"play_id":"d8d6a665-4266-4362-9878-4abd81547460","local_time":"20201215000114","is_ascension_mode":true,"campfire_choices":[{"data":"Dualcast","floor":6,"key":"SMITH"},{"data":"Zap","floor":8,"key":"SMITH"},{"floor":13,"key":"REST"},{"floor":15,"key":"REST"}],"circlet_count":0,"master_deck":["AscendersBane","Strike_B","Strike_B","Strike_B","Defend_B","Defend_B","Defend_B","Defend_B","Zap+1","Dualcast+1","Cold Snap","Sweeping Beam","Streamline","Self Repair"],"relics":["Cracked Core","NeowsBlessing","Regal Pillow","Boot","Smiling Mask"],"acts_visited":["Exordium"],"potions_floor_usage":[14,14,16],"damage_taken":[{"damage":0,"enemies":"Cultist","floor":1,"turns":1},{"damage":0,"enemies":"Jaw Worm","floor":2,"turns":1},{"damage":0,"enemies":"Small Slimes","floor":3,"turns":1},{"damage":14,"enemies":"Blue Slaver","floor":5,"turns":3},{"damage":7,"enemies":"Red Slaver","floor":7,"turns":3},{"damage":7,"enemies":"Looter","floor":12,"turns":3},{"damage":38,"enemies":"3 Sentries","floor":14,"turns":9},{"damage":75,"enemies":"Hexaghost","floor":16,"turns":12}],"seed_played":"-6927335729583065283","potions_obtained":[{"floor":3,"key":"Dexterity Potion"},{"floor":5,"key":"Dexterity Potion"},{"floor":14,"key":"FearPotion"}],"is_trial":false,"path_per_floor":["M","M","M","?","M","R","M","R","T","$","?","M","R","E","R","B"],"character_chosen":"DEFECT","items_purchased":["Self Repair"],"campfire_rested":2,"item_purchase_floors":[10],"current_hp_per_floor":[68,68,68,68,54,54,47,47,47,47,35,35,72,41,75,0,0],"gold":100,"neow_bonus":"THREE_ENEMY_KILL","is_daily":false,"chose_seed":false,"campfire_upgraded":2,"win_rate":0.0,"timestamp":1607986874,"path_taken":["M","?","M","?","M","R","M","R","T","$","?","M","R","E","R","BOSS"],"items_purchased_type":["Card"],"build_version":"2020-12-13","purchased_purges":1,"victory":false,"max_hp_per_floor":[75,75,75,75,75,75,75,75,75,75,75,75,75,75,75,75,75],"card_choices":[{"not_picked":["Darkness","Steam"],"picked":"Cold Snap","floor":1},{"not_picked":["Hologram","Coolheaded"],"picked":"Sweeping Beam","floor":2},{"not_picked":["Fusion","Rebound"],"picked":"Streamline","floor":3},{"not_picked":["Steam","Go for the Eyes","Coolheaded"],"picked":"SKIP","floor":5},{"not_picked":["Redo","Ball Lightning","Conserve Battery"],"picked":"SKIP","floor":7},{"not_picked":["Sunder","Cold Snap","Coolheaded"],"picked":"SKIP","floor":12},{"not_picked":["Aggregate","Turbo","Skim"],"picked":"SKIP","floor":14}],"player_experience":938388,"relics_obtained":[{"floor":9,"key":"Regal Pillow"},{"floor":14,"key":"Smiling Mask"}],"event_choices":[{"damage_healed":0,"gold_gain":0,"player_choice":"Ignored","damage_taken":0,"max_hp_gain":0,"max_hp_loss":0,"event_name":"Liars Game","floor":4,"gold_loss":0},{"damage_healed":0,"gold_gain":0,"player_choice":"Success","damage_taken":12,"relics_obtained":["Boot"],"max_hp_gain":0,"max_hp_loss":0,"event_name":"Scrap Ooze","floor":11,"gold_loss":0}],"is_beta":false,"boss_relics":[],"items_purged_floors":[10],"is_endless":false,"potions_floor_spawned":[3,5,12,14],"killed_by":"Hexaghost","ascension_level":12}}