{"host":"qw1m3zcvi888b4j7","time":1607910566,"event":{"mods":["AchievementEnabler","BaseMod","Block Reminder","Colored Map","Colored Powertips","DeckTracker","Highlight Path","Minty Spire (QoL Compilation)","Quick Restart","Rare Cards Sparkle","Relic Sorter","Relic Stats"],"gold_per_floor":[110,126,138,138,157,157,174,174,245,257,287,287,318,318,318,422,422,440,460,473,493,493,493,493,493],"floor_reached":24,"playtime":1471,"items_purged":[],"score":249,"play_id":"7423c918-186e-4680-82a0-d8dc7ec39d0a","local_time":"20201214024926","is_ascension_mode":true,"campfire_choices":[{"floor":6,"key":"RECALL"},{"data":"Neutralize","floor":8,"key":"SMITH"},{"floor":12,"key":"REST"},{"floor":15,"key":"REST"},{"floor":23,"key":"REST"}],"circlet_count":0,"master_deck":["Strike_G","Strike_G","Strike_G","Strike_G","Strike_G","Defend_G","Defend_G","Survivor","Neutralize+1","Bane","Outmaneuver","Flying Knee","Deadly Poison","Dagger Spray","Accuracy","Dagger Spray","Leg Sweep","Corpse Explosion","Bouncing Flask+1","Well Laid Plans+1","Venomology+1","Dodge and Roll+1","Cloak And Dagger","Sucker Punch+1","Backflip+1"],"relics":["Ring of the Snake","NeowsBlessing","GremlinMask","Paper Crane","Shovel","Vajra","Astrolabe"],"acts_visited":["Exordium","TheCity"],"potions_floor_usage":[10,10,13,16,16,16,19,20,21,22,22,24],"damage_taken":[{"damage":0,"enemies":"Cultist","floor":1,"turns":1},{"damage":0,"enemies":"2 Louse","floor":2,"turns":1},{"damage":0,"enemies":"Small Slimes","floor":3,"turns":1},{"damage":9,"enemies":"Looter","floor":5,"turns":4},{"damage":27,"enemies":"Exordium Thugs","floor":7,"turns":6},{"damage":0,"enemies":"Blue Slaver","floor":10,"turns":3},{"damage":31,"enemies":"3 Sentries","floor":11,"turns":10},{"damage":10,"enemies":"Lagavulin","floor":13,"turns":5},{"damage":9,"enemies":"Slime Boss","floor":16,"turns":10},{"damage":0,"enemies":"Chosen","floor":18,"turns":4},{"damage":29,"enemies":"3 Byrds","floor":19,"turns":4},{"damage":22,"enemies":"Centurion and Healer","floor":20,"turns":5},{"damage":9,"enemies":"Snecko","floor":21,"turns":4},{"damage":24,"enemies":"Shelled Parasite and Fungi","floor":22,"turns":5},{"damage":28,"enemies":"Gremlin Leader","floor":24,"turns":6}],"seed_played":"-3319552527779844711","potions_obtained":[{"floor":5,"key":"Swift Potion"},{"floor":7,"key":"DuplicationPotion"},{"floor":11,"key":"ColorlessPotion"},{"floor":13,"key":"SpeedPotion"},{"floor":14,"key":"EssenceOfSteel"},{"floor":14,"key":"AttackPotion"},{"floor":14,"key":"SkillPotion"},{"floor":21,"key":"PowerPotion"}],"is_trial":false,"path_per_floor":["M","M","M","?","M","R","M","R","T","M","E","R","E","?","R","B",null,"M","M","M","M","M","R","E"],"character_chosen":"THE_SILENT","items_purchased":[],"campfire_rested":3,"item_purchase_floors":[],"current_hp_per_floor":[70,70,70,70,61,61,34,34,34,34,3,24,14,14,35,26,70,70,41,34,25,1,22,0,0],"gold":493,"neow_bonus":"THREE_ENEMY_KILL","is_daily":false,"chose_seed":false,"campfire_upgraded":1,"win_rate":0.0,"timestamp":1607910566,"path_taken":["M","M","?","?","M","R","M","R","T","?","E","R","E","?","R","BOSS","M","M","?","M","M","R","E"],"items_purchased_type":[],"build_version":"2020-12-13","purchased_purges":0,"victory":false,"max_hp_per_floor":[70,70,70,70,70,70,70,70,70,70,70,70,70,70,70,70,70,70,70,70,70,70,70,70,70],"relic_stats":{"Shovel":0,"counters":[15,69],"Astrolabe":["Bouncing Flask","Well Laid Plans","Venomology"],"obtain_stats":[{"Shovel":11,"NeowsBlessing":0,"Astrolabe":17,"Vajra":13,"GremlinMask":4,"Paper Crane":9,"Ring of the Snake":0},{"Shovel":7,"NeowsBlessing":0,"Astrolabe":9,"Vajra":8,"GremlinMask":3,"Paper Crane":5,"Ring of the Snake":0},{"Shovel":26,"NeowsBlessing":0,"Astrolabe":41,"Vajra":31,"GremlinMask":3,"Paper Crane":13,"Ring of the Snake":0}],"Ring of the Snake":[30]},"card_choices":[{"not_picked":["Quick Slash","Flechettes"],"picked":"Bane","floor":1},{"not_picked":["Riddle With Holes","Well Laid Plans"],"picked":"Outmaneuver","floor":2},{"not_picked":["Blade Dance","Dash"],"picked":"Flying Knee","floor":3},{"not_picked":["Quick Slash","Catalyst"],"picked":"Deadly Poison","floor":5},{"not_picked":["Prepared","Riddle With Holes"],"picked":"Dagger Spray","floor":7},{"not_picked":["Expertise","Deadly Poison"],"picked":"Accuracy","floor":10},{"not_picked":["Tactician","Riddle With Holes"],"picked":"Dagger Spray","floor":11},{"not_picked":["Catalyst","Dagger Spray"],"picked":"Leg Sweep","floor":13},{"not_picked":["Tools of the Trade","Glass Knife"],"picked":"Corpse Explosion","floor":16},{"not_picked":["Reflex","Tactician"],"picked":"Dodge and Roll+1","floor":18},{"not_picked":["Terror+1","Dodge and Roll+1"],"picked":"Cloak And Dagger","floor":19},{"not_picked":["Backflip+1","Catalyst"],"picked":"Sucker Punch+1","floor":20},{"not_picked":["Expertise+1","Quick Slash"],"picked":"Backflip+1","floor":21}],"player_experience":58921,"relics_obtained":[{"floor":9,"key":"Paper Crane"},{"floor":11,"key":"Shovel"},{"floor":13,"key":"Vajra"}],"event_choices":[{"damage_healed":0,"gold_gain":0,"player_choice":"Trade","damage_taken":0,"relics_obtained":["GremlinMask"],"max_hp_gain":0,"max_hp_loss":0,"event_name":"FaceTrader","floor":4,"gold_loss":0},{"damage_healed":0,"gold_gain":0,"player_choice":"Got Potions","damage_taken":0,"max_hp_gain":0,"max_hp_loss":0,"event_name":"Lab","floor":14,"gold_loss":0}],"is_beta":false,"boss_relics":[{"not_picked":["Runic Dome","Fusion Hammer"],"picked":"Astrolabe"}],"items_purged_floors":[],"is_endless":false,"potions_floor_spawned":[5,7,11,13,21,22],"killed_by":"Gremlin Leader","ascension_level":1}}