{"host":"oihpulxxofncj7su","time":1607989329,"event":{"mods":["AchievementEnabler","BaseMod","Bestiary","BetterRewards","Colored Powertips","Highlight Path","Minty Spire (QoL Compilation)","Quick Restart","Spicy Shops","StSLib","The Cursed","The Servant 0.9.4"],"gold_per_floor":[110,123,123,123,139,139,14,14,14,32,32,47,81,106,106,226,226,246,64,64,47,47,47,78,78,78,103,128,142,156,171,171,171,171],"floor_reached":33,"playtime":7969,"items_purged":["Strike_S","Strike_S"],"score":346,"play_id":"f101cc01-5513-4d8b-b1d3-b1e28736dbe3","local_time":"20201214184209","is_ascension_mode":false,"campfire_choices":[{"floor":6,"key":"REST"},{"floor":15,"key":"REST"},{"floor":23,"key":"REST"},{"data":"Exchange","floor":25,"key":"SMITH"},{"floor":32,"key":"REST"}],"circlet_count":0,"master_deck":["Strike_S","Defend_S+1","Defend_S","Defend_S","Defend_S","KidneyShot","Exchange+1","FastForward+1","Revamp","SilverBlades","Snipe","ShatteredReality","InstantArmor","ShatteredReality","FlawlessForm","ShatteredReality","Barrier","ShatteredReality+1","DoubleEdge+1","DualDimension+1","Ricochet","ShiftingGears+1","Contraction"],"relics":["Uniform","Golden Idol","Singing Bowl","Turnip","Bag of Marbles","MysterySword","Regal Pillow"],"acts_visited":["Exordium","TheCity"],"potions_floor_usage":[5,12,13,24,24,29,31],"damage_taken":[{"damage":1,"enemies":"Small Slimes","floor":1,"turns":3},{"damage":2,"enemies":"2 Louse","floor":2,"turns":4},{"damage":8,"enemies":"Jaw Worm","floor":5,"turns":3},{"damage":1,"enemies":"Blue Slaver","floor":10,"turns":4},{"damage":0,"enemies":"Exordium Thugs","floor":12,"turns":5},{"damage":0,"enemies":"Lagavulin","floor":13,"turns":4},{"damage":11,"enemies":"Lots of Slimes","floor":14,"turns":3},{"damage":2,"enemies":"Slime Boss","floor":16,"turns":8},{"damage":9,"enemies":"Shell Parasite","floor":18,"turns":6},{"damage":19,"enemies":"2 Thieves","floor":21,"turns":4},{"damage":0,"enemies":"Book of Stabbing","floor":24,"turns":5},{"damage":16,"enemies":"Cultist and Chosen","floor":27,"turns":7},{"damage":0,"enemies":"Shelled Parasite and Fungi","floor":28,"turns":5},{"damage":10,"enemies":"Snake Plant","floor":29,"turns":5},{"damage":14,"enemies":"Centurion and Healer","floor":30,"turns":6},{"damage":0,"enemies":"Sentry and Sphere","floor":31,"turns":6},{"damage":70,"enemies":"Automaton","floor":33,"turns":12}],"seed_played":"-2174789481231625327","potions_obtained":[{"floor":1,"key":"LiquidMemories"},{"floor":10,"key":"SpeedPotion"},{"floor":12,"key":"AttackPotion"},{"floor":16,"key":"SteroidPotion"},{"floor":21,"key":"ColorlessPotion"},{"floor":27,"key":"SpeedPotion"},{"floor":30,"key":"Weak Potion"}],"is_trial":false,"path_per_floor":["M","M","?","?","M","R","$","?","T","M","?","M","E","M","R","B",null,"M","$","?","M","?","R","E","R","T","M","M","M","M","M","R","B"],"character_chosen":"THE_SERVANT","items_purchased":["ShatteredReality","Barrier"],"campfire_rested":4,"item_purchase_floors":[7,19],"current_hp_per_floor":[64,62,46,33,25,44,44,26,26,27,20,20,20,11,31,29,69,60,60,60,41,41,61,61,61,61,47,47,37,23,23,59,0,0],"gold":171,"neow_bonus":"THREE_CARDS","is_daily":false,"chose_seed":false,"campfire_upgraded":1,"win_rate":0.0,"timestamp":1607989329,"path_taken":["M","M","?","?","M","R","$","?","T","M","?","M","E","M","R","BOSS","M","$","?","M","?","R","E","R","T","M","M","M","M","M","R","BOSS"],"items_purchased_type":["Card","Card"],"build_version":"2020-12-13","purchased_purges":2,"victory":false,"max_hp_per_floor":[65,65,65,65,65,65,65,65,65,67,67,67,67,69,69,69,69,69,69,69,69,69,69,69,69,69,71,71,71,71,71,71,71,71],"card_choices":[{"not_picked":["Spin","BottledTime"],"picked":"FastForward","floor":0},{"not_picked":["Collapse","Spin"],"picked":"Revamp","floor":1},{"not_picked":["BottledTime","Spin"],"picked":"SilverBlades","floor":2},{"not_picked":["Gouge","Shuttle"],"picked":"Snipe","floor":5},{"not_picked":["Spin","TimeWarp","StarChef"],"picked":"Singing Bowl","floor":10},{"not_picked":["Luminosity","DoubleEdge"],"picked":"InstantArmor","floor":12},{"not_picked":["Misdirection","SoulSculpture"],"picked":"ShatteredReality","floor":13},{"not_picked":["Moonlight","Alleviate","TimeWarp"],"picked":"Singing Bowl","floor":14},{"not_picked":["PendulumOfEternity","LightFlow"],"picked":"FlawlessForm","floor":16},{"not_picked":["Unruled","Rewind"],"picked":"ShatteredReality","floor":18},{"not_picked":["Rewind","Potential+1"],"picked":"ShatteredReality+1","floor":21},{"not_picked":["FastForward","Comet+1"],"picked":"DoubleEdge+1","floor":24},{"not_picked":["Starlight","Alleviate","Potential"],"picked":"Singing Bowl","floor":27},{"not_picked":["FastForward","ShatteredReality"],"picked":"DualDimension+1","floor":28},{"not_picked":["Hightail","TimeWarp"],"picked":"Ricochet","floor":29},{"not_picked":["Starlight","Defy+1"],"picked":"ShiftingGears+1","floor":30},{"not_picked":["Rewind+1","KillingDoll"],"picked":"Contraction","floor":31}],"player_experience":392548,"relics_obtained":[{"floor":9,"key":"Turnip"},{"floor":13,"key":"Bag of Marbles"},{"floor":24,"key":"Regal Pillow"}],"event_choices":[{"damage_healed":0,"gold_gain":0,"player_choice":"Take Damage","damage_taken":16,"relics_obtained":["Golden Idol"],"max_hp_gain":0,"max_hp_loss":0,"event_name":"Golden Idol","floor":3,"gold_loss":0},{"damage_healed":0,"gold_gain":0,"player_choice":"Entered Light","damage_taken":13,"max_hp_gain":0,"max_hp_loss":0,"event_name":"Shining Light","floor":4,"gold_loss":0,"cards_upgraded":["FastForward","Defend_S"]},{"damage_healed":0,"gold_gain":0,"player_choice":"Success","damage_taken":18,"relics_obtained":["Singing Bowl"],"max_hp_gain":0,"max_hp_loss":0,"event_name":"Scrap Ooze","floor":8,"gold_loss":0},{"cards_removed":["Strike_S"],"damage_healed":0,"gold_gain":0,"player_choice":"Card Removal","damage_taken":7,"max_hp_gain":0,"max_hp_loss":0,"event_name":"Golden Wing","floor":11,"gold_loss":0},{"damage_healed":0,"gold_gain":0,"player_choice":"Ignored","damage_taken":0,"max_hp_gain":0,"max_hp_loss":0,"event_name":"Cursed Tome","floor":20,"gold_loss":0},{"damage_healed":0,"gold_gain":0,"player_choice":"Ignored","damage_taken":0,"max_hp_gain":0,"max_hp_loss":0,"event_name":"Ghosts","floor":22,"gold_loss":0}],"is_beta":false,"boss_relics":[{"not_picked":["Velvet Choker","Fusion Hammer"],"picked":"MysterySword"}],"items_purged_floors":[7,19],"is_endless":false,"potions_floor_spawned":[1,10,12,16,21,27,30],"killed_by":"Automaton","ascension_level":0}}