{"host":"x6tlfgqpy55vgxdn","time":1607971668,"event":{"mods":["AchievementEnabler","BaseMod","DeckTracker","Minty Spire (QoL Compilation)","Permanent Neow","StSLib","SuperFastMode"],"gold_per_floor":[118,118,118,118,118,118,132,155,155,188,188,232,256,299,299,392,392,415,415,178,178,201,219,219,250,250,291,291,12,12,25,25,99,99,115,15,33,58,70,98,98,113,113,143,143,178,178,224,224,224],"floor_reached":51,"playtime":1856,"items_purged":["Strike_P","Strike_P"],"score":1650,"play_id":"c0a46958-61c4-47c8-bd38-d409f681fe76","local_time":"20201215034748","is_ascension_mode":true,"campfire_choices":[{"data":"Eruption","floor":6.0,"key":"SMITH"},{"data":"ForeignInfluence","floor":11.0,"key":"SMITH"},{"data":"SignatureMove","floor":15.0,"key":"SMITH"},{"data":"Scrawl","floor":24.0,"key":"SMITH"},{"data":"Vault","floor":32.0,"key":"SMITH"},{"data":"Scrawl","floor":41.0,"key":"SMITH"},{"data":"Vault","floor":47.0,"key":"SMITH"},{"data":"Ragnarok","floor":49.0,"key":"SMITH"}],"circlet_count":0,"master_deck":["AscendersBane","Strike_P","Defend_P","Defend_P","Defend_P","Eruption+1","Vigilance","CrushJoints","JustLucky","ForeignInfluence+1","SignatureMove+1","Adaptation","Scrawl+1","Vengeance","Ragnarok+1","Vault+1","Necronomicurse","Scrawl+1","DevaForm","Mayhem","Vault+1"],"relics":["PureWater","Prayer Wheel","Bloody Idol","Gremlin Horn","Thread and Needle","Blood Vial","Dream Catcher","InkBottle","Sozu","Art of War","Ice Cream","TeardropLocket","Lantern","Sundial","Necronomicon","SlaversCollar","Gambling Chip","Bottled Tornado","Calipers","Pear","Centennial Puzzle"],"acts_visited":["Exordium","TheCity","TheBeyond"],"potions_floor_usage":[],"damage_taken":[{"damage":7.0,"enemies":"Jaw Worm","floor":1.0,"turns":4.0},{"damage":4.0,"enemies":"2 Louse","floor":7.0,"turns":2.0},{"damage":0.0,"enemies":"Cultist","floor":8.0,"turns":2.0},{"damage":0.0,"enemies":"Lagavulin","floor":10.0,"turns":3.0},{"damage":8.0,"enemies":"3 Sentries","floor":12.0,"turns":3.0},{"damage":2.0,"enemies":"Looter","floor":13.0,"turns":2.0},{"damage":0.0,"enemies":"Lagavulin","floor":14.0,"turns":4.0},{"damage":25.0,"enemies":"Hexaghost","floor":16.0,"turns":5.0},{"damage":10.0,"enemies":"2 Thieves","floor":18.0,"turns":2.0},{"damage":0.0,"enemies":"Spheric Guardian","floor":22.0,"turns":2.0},{"damage":0.0,"enemies":"Snecko","floor":23.0,"turns":2.0},{"damage":12.0,"enemies":"Gremlin Leader","floor":25.0,"turns":3.0},{"damage":3.0,"enemies":"Slavers","floor":27.0,"turns":2.0},{"damage":0.0,"enemies":"Chosen and Byrds","floor":31.0,"turns":1.0},{"damage":2.0,"enemies":"Champ","floor":33.0,"turns":5.0},{"damage":0.0,"enemies":"3 Shapes","floor":35.0,"turns":2.0},{"damage":0.0,"enemies":"Orb Walker","floor":37.0,"turns":1.0},{"damage":0.0,"enemies":"Mind Bloom Boss Battle","floor":38.0,"turns":2.0},{"damage":7.0,"enemies":"4 Shapes","floor":39.0,"turns":1.0},{"damage":0.0,"enemies":"Giant Head","floor":40.0,"turns":2.0},{"damage":0.0,"enemies":"Maw","floor":42.0,"turns":2.0},{"damage":0.0,"enemies":"Nemesis","floor":44.0,"turns":2.0},{"damage":0.0,"enemies":"Giant Head","floor":46.0,"turns":2.0},{"damage":27,"enemies":"Awakened One","floor":50,"turns":5}],"seed_played":"-6708601903617569080","potions_obtained":[{"floor":7.0,"key":"Swift Potion"},{"floor":12.0,"key":"GamblersBrew"}],"is_trial":false,"path_per_floor":["M","?","?","?","?","R","M","M","T","E","R","E","M","E","R","B",null,"M","?","$","?","M","M","R","E","T","E","?","$","?","M","R","B",null,"M","$","M","?","M","E","R","M","T","E","?","E","R","T","R","B",null],"character_chosen":"WATCHER","items_purchased":["Art of War","Sundial"],"campfire_rested":0,"item_purchase_floors":[20,29],"current_hp_per_floor":[54,54,47,47,36,36,32,32,32,32,32,26,26,28,28,5,43,35,46,46,66,66,66,66,54,54,53,53,53,32,39,39,44,61,66,66,66,66,64,66,66,66,66,66,56,73,73,76,76,49],"gold":224,"neow_bonus":"ONE_RARE_RELIC","is_daily":false,"chose_seed":false,"campfire_upgraded":8,"win_rate":0.0,"timestamp":1607971668,"path_taken":["M","?","?","?","?","R","?","M","T","E","R","E","M","E","R","BOSS","M","?","$","?","?","M","R","E","T","E","?","$","?","M","R","BOSS","M","$","M","?","M","E","R","M","T","E","?","E","R","?","R","BOSS"],"items_purchased_type":["Relic","Relic"],"build_version":"2020-12-13","purchased_purges":2,"victory":true,"max_hp_per_floor":[62,56,56,56,56,56,56,56,56,56,56,56,56,56,56,56,56,56,56,56,66,66,66,66,66,66,66,66,66,66,66,66,66,66,66,66,66,66,66,66,66,66,66,66,66,76,76,76,76,76],"card_choices":[{"not_picked":["Prostrate","FlyingSleeves"],"picked":"CrushJoints","floor":1.0},{"not_picked":["Protect","WaveOfTheHand"],"picked":"JustLucky","floor":1.0},{"not_picked":["CrushJoints","EmptyBody"],"picked":"ForeignInfluence","floor":7.0},{"not_picked":["Collect","Crescendo","Worship"],"picked":"SKIP","floor":7.0},{"not_picked":["WindmillStrike","Wallop"],"picked":"SignatureMove","floor":8.0},{"not_picked":["ClearTheMind","JustLucky","Protect"],"picked":"SKIP","floor":8.0},{"not_picked":["WaveOfTheHand","CutThroughFate","BattleHymn"],"picked":"SKIP","floor":10.0},{"not_picked":["InnerPeace","BowlingBash"],"picked":"Adaptation","floor":12.0},{"not_picked":["ClearTheMind","CutThroughFate"],"picked":"Scrawl","floor":13.0},{"not_picked":["Nirvana","CutThroughFate","JustLucky"],"picked":"SKIP","floor":13.0},{"not_picked":["Vengeance","Meditate","EmptyBody"],"picked":"SKIP","floor":14.0},{"not_picked":["Meditate","EmptyBody"],"picked":"Vengeance","floor":14.0},{"not_picked":["Brilliance","MasterReality"],"picked":"Ragnarok","floor":16.0},{"not_picked":["Consecrate+1","FlurryOfBlows","BattleHymn"],"picked":"SKIP","floor":18.0},{"not_picked":["Sanctity","Crescendo","FlyingSleeves"],"picked":"SKIP","floor":18.0},{"not_picked":["Wireheading","EmptyFist","Worship"],"picked":"SKIP","floor":22.0},{"not_picked":["EmptyFist","PathToVictory","ThirdEye"],"picked":"SKIP","floor":22.0},{"not_picked":["Wireheading","Prostrate","FlyingSleeves"],"picked":"SKIP","floor":23.0},{"not_picked":["Halt","PathToVictory","ThirdEye+1"],"picked":"SKIP","floor":23.0},{"not_picked":["Wireheading","Prostrate","FlyingSleeves"],"picked":"SKIP","floor":23.0},{"not_picked":["Halt","PathToVictory","ThirdEye+1"],"picked":"SKIP","floor":23.0},{"not_picked":["Crescendo+1","WindmillStrike","Consecrate"],"picked":"SKIP","floor":25.0},{"not_picked":["Wallop+1","Wireheading"],"picked":"Vault","floor":27.0},{"not_picked":["FollowUp","Adaptation","CrushJoints"],"picked":"SKIP","floor":31.0},{"not_picked":["Protect","JustLucky","Halt"],"picked":"SKIP","floor":31.0},{"not_picked":["Devotion","ConjureBlade"],"picked":"Scrawl","floor":33.0},{"not_picked":["TalkToTheHand","JustLucky+1","BowlingBash"],"picked":"SKIP","floor":35.0},{"not_picked":["FlyingSleeves+1","CrushJoints","Sanctity"],"picked":"SKIP","floor":35.0},{"not_picked":["Adaptation","JustLucky+1","Consecrate+1"],"picked":"SKIP","floor":37.0},{"not_picked":["FlurryOfBlows","LikeWater","Weave"],"picked":"SKIP","floor":37.0},{"not_picked":["BowlingBash+1","FlurryOfBlows+1"],"picked":"DevaForm","floor":39.0},{"not_picked":["Consecrate","Swivel","EmptyFist+1"],"picked":"SKIP","floor":39.0},{"not_picked":["Meditate","Wallop","Worship"],"picked":"SKIP","floor":40.0},{"not_picked":["LikeWater+1","WheelKick","Adaptation"],"picked":"SKIP","floor":42.0},{"not_picked":["SashWhip+1","EmptyFist","Collect"],"picked":"SKIP","floor":42.0},{"not_picked":["ClearTheMind+1","WheelKick","CarveReality"],"picked":"SKIP","floor":44.0},{"not_picked":["HandOfGreed","Flash of Steel"],"picked":"Mayhem","floor":45.0},{"not_picked":["EmptyMind+1","JustLucky"],"picked":"Vault","floor":46.0}],"player_experience":162602,"relics_obtained":[{"floor":9.0,"key":"Thread and Needle"},{"floor":10.0,"key":"Blood Vial"},{"floor":12.0,"key":"Dream Catcher"},{"floor":14.0,"key":"InkBottle"},{"floor":25.0,"key":"Ice Cream"},{"floor":26.0,"key":"TeardropLocket"},{"floor":27.0,"key":"Lantern"},{"floor":30.0,"key":"Necronomicon"},{"floor":38.0,"key":"Gambling Chip"},{"floor":43.0,"key":"Bottled Tornado"},{"floor":44.0,"key":"Calipers"},{"floor":46.0,"key":"Pear"},{"floor":48.0,"key":"Centennial Puzzle"}],"event_choices":[{"damage_healed":0.0,"max_hp_gain":0.0,"max_hp_loss":6.0,"gold_gain":0.0,"event_name":"Golden Idol","player_choice":"Lose Max HP","floor":2.0,"gold_loss":0.0,"damage_taken":0.0,"relics_obtained":["Golden Idol"]},{"cards_removed":["Defend_P"],"damage_healed":0.0,"max_hp_gain":0.0,"max_hp_loss":0.0,"gold_gain":0.0,"event_name":"Golden Wing","player_choice":"Card Removal","floor":3.0,"gold_loss":0.0,"damage_taken":7.0},{"damage_healed":0.0,"max_hp_gain":0.0,"max_hp_loss":0.0,"gold_gain":0.0,"cards_transformed":["Strike_P"],"event_name":"Living Wall","player_choice":"Change","floor":4.0,"gold_loss":0.0,"damage_taken":0.0,"cards_obtained":["DevaForm"]},{"damage_healed":0.0,"max_hp_gain":0.0,"max_hp_loss":0.0,"gold_gain":0.0,"event_name":"Scrap Ooze","player_choice":"Success","floor":5.0,"gold_loss":0.0,"damage_taken":11.0,"relics_obtained":["Gremlin Horn"]},{"damage_healed":11.0,"max_hp_gain":0.0,"max_hp_loss":0.0,"gold_gain":0.0,"event_name":"The Library","player_choice":"Heal","floor":19.0,"gold_loss":0.0,"damage_taken":0.0},{"cards_removed":["DevaForm"],"damage_healed":10.0,"max_hp_gain":10.0,"max_hp_loss":0.0,"gold_gain":0.0,"event_name":"Bonfire Elementals","player_choice":"Offered Rare","floor":21.0,"gold_loss":0.0,"damage_taken":0.0},{"damage_healed":0.0,"max_hp_gain":0.0,"max_hp_loss":0.0,"gold_gain":0.0,"event_name":"Forgotten Altar","player_choice":"Gave Idol","floor":28.0,"relics_lost":["Golden Idol"],"gold_loss":0.0,"damage_taken":0.0,"relics_obtained":["Bloody Idol"]},{"damage_healed":0.0,"max_hp_gain":0.0,"max_hp_loss":0.0,"gold_gain":0.0,"event_name":"Cursed Tome","player_choice":"Obtained Book","floor":30.0,"gold_loss":0.0,"damage_taken":21.0},{"damage_healed":0.0,"max_hp_gain":0.0,"max_hp_loss":0.0,"gold_gain":0.0,"event_name":"MindBloom","player_choice":"Fight","floor":38.0,"gold_loss":0.0,"damage_taken":0.0},{"damage_healed":0.0,"max_hp_gain":0.0,"max_hp_loss":0.0,"gold_gain":0.0,"event_name":"SensoryStone","player_choice":"Memory 3","floor":45.0,"gold_loss":0.0,"damage_taken":10.0}],"is_beta":false,"boss_relics":[{"not_picked":["Pandora\u0027s Box","Empty Cage"],"picked":"Sozu"},{"not_picked":["Snecko Eye","Velvet Choker"],"picked":"SlaversCollar"}],"items_purged_floors":[20,36],"is_endless":false,"potions_floor_spawned":[7,12,18,25,27,31,38],"ascension_level":16}}