{"host":"Sumable","time":1607913294,"event":{"mods":["AchievementEnabler","BaseMod","Better Note","BetterRewards","Googly Eyes","Hermit","Minty Spire (QoL Compilation)","Quick Restart","Shop Mod","StSLib","The Cursed","everything is the same but u backflip on backflip","slay the spire mod where everything is the same but ironclad has a cowboy hat"],"gold_per_floor":[113,113,78,88,263,263,263],"floor_reached":6,"playtime":411,"items_purged":[],"score":43,"play_id":"f384c880-202e-470b-9e3e-e4d5086f54d2","local_time":"20201213193454","is_ascension_mode":true,"campfire_choices":[],"circlet_count":0,"master_deck":["Strike_B","Strike_B","Strike_B","Strike_B+1","Defend_B","Defend_B","Defend_B","Defend_B+1","Zap","Dualcast","Redo","Loop","Storm","Doubt"],"relics":["Cracked Core"],"acts_visited":["Exordium"],"potions_floor_usage":[6],"damage_taken":[{"damage":7,"enemies":"Small Slimes","floor":1,"turns":3},{"damage":12,"enemies":"Jaw Worm","floor":4,"turns":2},{"damage":63,"enemies":"3 Sentries","floor":6,"turns":6}],"seed_played":"-6391877408865493316","potions_obtained":[{"floor":1,"key":"SneckoOil"}],"is_trial":false,"path_per_floor":["M","?","?","M","?","E"],"character_chosen":"DEFECT","items_purchased":[],"campfire_rested":0,"item_purchase_floors":[],"current_hp_per_floor":[68,53,71,59,59,0,0],"gold":263,"neow_bonus":"THREE_CARDS","is_daily":false,"chose_seed":false,"campfire_upgraded":0,"win_rate":0.0,"timestamp":1607913294,"path_taken":["M","?","?","M","?","E"],"items_purchased_type":[],"build_version":"2020-12-07","purchased_purges":0,"victory":false,"max_hp_per_floor":[75,75,75,75,75,75,75],"card_choices":[{"not_picked":["Go for the Eyes","FTL"],"picked":"Redo","floor":0},{"not_picked":["Coolheaded","Leap"],"picked":"Loop","floor":1},{"not_picked":["Redo","Ball Lightning"],"picked":"Storm","floor":4}],"player_experience":955574,"relics_obtained":[],"event_choices":[{"damage_healed":0,"gold_gain":0,"player_choice":"Entered Light","damage_taken":15,"max_hp_gain":0,"max_hp_loss":0,"event_name":"Shining Light","floor":2,"gold_loss":0,"cards_upgraded":["Strike_B","Defend_B"]},{"damage_healed":18,"gold_gain":0,"player_choice":"Healed","damage_taken":0,"max_hp_gain":0,"max_hp_loss":0,"event_name":"The Cleric","floor":3,"gold_loss":35},{"damage_healed":0,"gold_gain":175,"player_choice":"AGREE","damage_taken":0,"max_hp_gain":0,"max_hp_loss":0,"event_name":"Liars Game","floor":5,"gold_loss":0,"cards_obtained":["Doubt"]}],"is_beta":true,"boss_relics":[],"items_purged_floors":[],"is_endless":false,"potions_floor_spawned":[1],"killed_by":"3 Sentries","ascension_level":5}}