{"host":"6qo42zgaknezulyg","time":1607952556,"event":{"mods":["2.2 Compatiblity","BaseMod","Keyboard Shortcuts","Minty Spire (QoL Compilation)","Permanent Neow","Quick Restart","StSLib","SuperFastMode","The Cursed"],"gold_per_floor":[115,115,127,144,161,194,194,229,252,402,402,428,444,67,67,141,141,152,167,167,75,75,75,106,106,130,180,180,219,134,158,158,240,240,263,263,274,294,294,322,322,369,369,380,396,396,396,420,420,420],"floor_reached":51,"playtime":2739,"items_purged":["TheCursedMod:Strike_TheCursed","TheCursedMod:Strike_TheCursed"],"score":1503,"play_id":"cab25f45-89fd-43a3-a4dd-863a1e6dad06","local_time":"20201214222916","is_ascension_mode":true,"campfire_choices":[{"data":"TheCursedMod:StingEye","floor":7.0,"key":"SMITH"},{"data":"TheCursedMod:LuckyCharm","floor":11.0,"key":"SMITH"},{"data":"TheCursedMod:ForbiddenAlchemy","floor":15.0,"key":"SMITH"},{"data":"TheCursedMod:CursedRelics","floor":23.0,"key":"SMITH"},{"data":"TheCursedMod:HellsGateOpen","floor":25.0,"key":"SMITH"},{"floor":28.0,"key":"REST"},{"data":"TheCursedMod:ReleasedStrength","floor":32.0,"key":"SMITH"},{"data":"TheCursedMod:VoidForm","floor":46,"key":"SMITH"},{"floor":49,"key":"REST"}],"circlet_count":0,"master_deck":["AscendersBane","TheCursedMod:Defend_TheCursed","TheCursedMod:Defend_TheCursed","TheCursedMod:Defend_TheCursed","TheCursedMod:Defend_TheCursed","TheCursedMod:CursedWand","TheCursedMod:CleanUpWorkshop","TheCursedMod:Dregs","TheCursedMod:SoulReap","TheCursedMod:CursedAmulet","TheCursedMod:StingEye+1","TheCursedMod:WearCloak","TheCursedMod:LuckyCharm+1","TheCursedMod:FleshFromBone","Doubt","TheCursedMod:ForbiddenAlchemy+1","TheCursedMod:CursedRelics+1","TheCursedMod:SpitefulStrike","TheCursedMod:CursedSpellbook","TheCursedMod:HellsGateOpen+1","TheCursedMod:NeowsMight","TheCursedMod:AshesToAshes+1","TheCursedMod:ReleasedStrength+1","TheCursedMod:VoidForm+1","TheCursedMod:CursedAmulet+1","TheCursedMod:VoidForm+1","TheCursedMod:CursedSpellbook+1"],"relics":["TheCursedMod:BlackMagic101","TheCursedMod:SoulVessel","TheCursedMod:BloodyHarpoon","Smiling Mask","Potion Belt","Bag of Marbles","Art of War","Strange Spoon","Runic Dome","Enchiridion","Tiny Chest","CeramicFish","Blue Candle","Vajra","Empty Cage","Nunchaku","Darkstone Periapt","Centennial Puzzle","TheCursedMod:Tack"],"acts_visited":["Exordium","TheCity","TheBeyond"],"potions_floor_usage":[44,44,44,44,50,50,50,50,50,50,50,50,50,50,50],"damage_taken":[{"damage":2.0,"enemies":"Small Slimes","floor":1.0,"turns":5.0},{"damage":2.0,"enemies":"Jaw Worm","floor":3.0,"turns":5.0},{"damage":0.0,"enemies":"2 Louse","floor":4.0,"turns":4.0},{"damage":2.0,"enemies":"Exordium Wildlife","floor":5.0,"turns":5.0},{"damage":24.0,"enemies":"3 Sentries","floor":6.0,"turns":11.0},{"damage":25.0,"enemies":"Gremlin Nob","floor":8.0,"turns":6.0},{"damage":30.0,"enemies":"Lagavulin","floor":12.0,"turns":12.0},{"damage":10.0,"enemies":"Red Slaver","floor":13.0,"turns":4.0},{"damage":13.0,"enemies":"Hexaghost","floor":16.0,"turns":14.0},{"damage":7.0,"enemies":"Shell Parasite","floor":18.0,"turns":7.0},{"damage":5.0,"enemies":"Chosen","floor":19.0,"turns":5.0},{"damage":11.0,"enemies":"Gremlin Leader","floor":24.0,"turns":5.0},{"damage":21.0,"enemies":"Book of Stabbing","floor":29.0,"turns":4.0},{"damage":0.0,"enemies":"3 Cultists","floor":31.0,"turns":2.0},{"damage":0.0,"enemies":"Automaton","floor":33.0,"turns":6.0},{"damage":5.0,"enemies":"Orb Walker","floor":35.0,"turns":3.0},{"damage":5.0,"enemies":"3 Darklings","floor":37.0,"turns":4.0},{"damage":23.0,"enemies":"Transient","floor":38.0,"turns":6.0},{"damage":29.0,"enemies":"Nemesis","floor":40.0,"turns":9.0},{"damage":20,"enemies":"Jaw Worm Horde","floor":44,"turns":2},{"damage":17,"enemies":"4 Shapes","floor":45,"turns":4},{"damage":29,"enemies":"Maw","floor":48,"turns":5},{"damage":57,"enemies":"Time Eater","floor":50,"turns":8}],"seed_played":"2506445906540557117","potions_obtained":[{"floor":3.0,"key":"Explosive Potion"},{"floor":4.0,"key":"Explosive Potion"},{"floor":12.0,"key":"LiquidMemories"},{"floor":19.0,"key":"DistilledChaos"},{"floor":29.0,"key":"LiquidMemories"},{"floor":33.0,"key":"Energy Potion"},{"floor":44,"key":"Dexterity Potion"}],"is_trial":false,"path_per_floor":["M","?","M","M","M","E","R","E","T","?","R","E","M","$","R","B",null,"M","M","?","$","?","R","E","R","T","?","R","E","?","M","R","B",null,"M","T","M","M","?","E","?","T","T","M","M","R","?","M","R","B",null],"character_chosen":"THE_CURSED","items_purchased":["Art of War","Strange Spoon","TheCursedMod:HellsGateOpen"],"campfire_rested":2,"item_purchase_floors":[14,14,21],"current_hp_per_floor":[48,53,60,67,72,54,54,37,37,37,37,14,14,14,14,16,61,75,73,52,52,52,52,50,50,50,50,72,54,54,67,67,76,76,75,75,76,70,70,68,68,68,68,66,70,70,70,47,68,47],"gold":420,"neow_bonus":"ONE_RARE_RELIC","is_daily":false,"chose_seed":false,"campfire_upgraded":7,"win_rate":0.0,"timestamp":1607952556,"path_taken":["M","?","M","M","M","E","R","E","T","?","R","E","M","$","R","BOSS","M","M","?","$","?","R","E","R","T","?","R","E","?","?","R","BOSS","M","?","M","?","?","E","?","?","T","M","M","R","?","M","R","BOSS"],"items_purchased_type":["Relic","Relic","Card"],"build_version":"2020-12-13","purchased_purges":2,"victory":true,"max_hp_per_floor":[71,76,76,76,76,76,76,76,76,76,76,76,76,76,76,76,76,76,76,76,76,76,76,76,76,76,76,76,76,76,76,76,76,76,76,76,76,76,76,76,76,76,76,76,76,76,72,72,72,72],"card_choices":[{"not_picked":["TheCursedMod:VitalStrike","TheCursedMod:CircleOfFlame"],"picked":"TheCursedMod:SoulReap","floor":1.0},{"not_picked":["TheCursedMod:Obscuration","TheCursedMod:SoulReap"],"picked":"TheCursedMod:CursedAmulet","floor":3.0},{"not_picked":["TheCursedMod:CursedAmulet","TheCursedMod:RavingStaff"],"picked":"TheCursedMod:StingEye","floor":4.0},{"not_picked":["TheCursedMod:CursedAmulet","TheCursedMod:FleshFromBone"],"picked":"TheCursedMod:WearCloak","floor":5.0},{"not_picked":["TheCursedMod:CursedArmor","TheCursedMod:CircleOfFocus"],"picked":"TheCursedMod:LuckyCharm","floor":6.0},{"not_picked":["TheCursedMod:RavingStaff","TheCursedMod:CursedAmulet"],"picked":"TheCursedMod:FleshFromBone","floor":8.0},{"not_picked":["TheCursedMod:EmpowerCircles","TheCursedMod:CursedShiv","TheCursedMod:Evocation"],"picked":"SKIP","floor":12.0},{"not_picked":["TheCursedMod:SpitefulStrike","TheCursedMod:TacticalStrike"],"picked":"TheCursedMod:ForbiddenAlchemy","floor":13.0},{"not_picked":["TheCursedMod:ManaCirculation","TheCursedMod:ForbiddenAlchemy"],"picked":"TheCursedMod:CursedRelics","floor":16.0},{"not_picked":["TheCursedMod:SpitefulPray","TheCursedMod:LuckyCharm"],"picked":"TheCursedMod:SpitefulStrike","floor":18.0},{"not_picked":["TheCursedMod:Mangle","TheCursedMod:VitalStrike"],"picked":"TheCursedMod:CursedSpellbook","floor":19.0},{"not_picked":["TheCursedMod:CursedSpellbook","TheCursedMod:ReleasedStrength"],"picked":"TheCursedMod:NeowsMight","floor":24.0},{"not_picked":["TheCursedMod:Mangle+1","TheCursedMod:OutForBlood"],"picked":"TheCursedMod:AshesToAshes+1","floor":29.0},{"not_picked":["TheCursedMod:TroublousMinions","TheCursedMod:CursedAmulet"],"picked":"TheCursedMod:ReleasedStrength","floor":31.0},{"not_picked":["TheCursedMod:NeowsMight","TheCursedMod:DemonicPact"],"picked":"TheCursedMod:VoidForm","floor":33.0},{"not_picked":["TheCursedMod:FleshFromBone+1","TheCursedMod:CircleOfCorruption"],"picked":"TheCursedMod:CursedAmulet+1","floor":35.0},{"not_picked":["TheCursedMod:HellsGateOpen+1","TheCursedMod:CursedBoomerang","TheCursedMod:CursedShiv"],"picked":"SKIP","floor":37.0},{"not_picked":["TheCursedMod:Wield","TheCursedMod:HellfireBreathing"],"picked":"TheCursedMod:VoidForm","floor":38.0},{"not_picked":["TheCursedMod:CircleOfCorruption","TheCursedMod:SpitefulStrike+1","TheCursedMod:CursedSpellbook"],"picked":"SKIP","floor":40.0},{"not_picked":["TheCursedMod:EmpowerCircles","TheCursedMod:Torture","TheCursedMod:Stretching"],"picked":"SKIP","floor":44},{"not_picked":["TheCursedMod:CircleOfAmplification+1","TheCursedMod:ManaBullet","TheCursedMod:CursedArmor"],"picked":"SKIP","floor":45},{"not_picked":["TheCursedMod:ReleasedKnowledge+1","TheCursedMod:Evocation"],"picked":"TheCursedMod:CursedSpellbook+1","floor":48}],"player_experience":785507,"relics_obtained":[{"floor":6.0,"key":"TheCursedMod:BloodyHarpoon"},{"floor":8.0,"key":"Smiling Mask"},{"floor":9.0,"key":"Potion Belt"},{"floor":12.0,"key":"Bag of Marbles"},{"floor":20.0,"key":"Enchiridion"},{"floor":24.0,"key":"Tiny Chest"},{"floor":26.0,"key":"CeramicFish"},{"floor":29.0,"key":"Blue Candle"},{"floor":36.0,"key":"Nunchaku"},{"floor":40.0,"key":"Darkstone Periapt"},{"floor":42.0,"key":"Centennial Puzzle"},{"floor":43.0,"key":"TheCursedMod:Tack"}],"event_choices":[{"damage_healed":0.0,"max_hp_gain":5.0,"max_hp_loss":0.0,"gold_gain":0.0,"event_name":"Big Fish","player_choice":"Donut","floor":2.0,"gold_loss":0.0,"damage_taken":0.0},{"damage_healed":0.0,"max_hp_gain":0.0,"max_hp_loss":0.0,"gold_gain":150.0,"event_name":"Liars Game","player_choice":"AGREE","floor":10.0,"gold_loss":0.0,"damage_taken":0.0,"cards_obtained":["Doubt"]},{"damage_healed":0.0,"max_hp_gain":0.0,"max_hp_loss":0.0,"gold_gain":0.0,"event_name":"Cursed Tome","player_choice":"Obtained Book","floor":20.0,"gold_loss":0.0,"damage_taken":21.0},{"damage_healed":0.0,"max_hp_gain":0.0,"max_hp_loss":0.0,"gold_gain":0.0,"event_name":"Vampires","player_choice":"Ignored","floor":22.0,"gold_loss":0.0,"damage_taken":0.0},{"damage_healed":0.0,"max_hp_gain":0.0,"max_hp_loss":0.0,"gold_gain":50.0,"event_name":"Nest","player_choice":"Stole From Cult","floor":27.0,"gold_loss":0.0,"damage_taken":0.0},{"damage_healed":0.0,"max_hp_gain":0.0,"max_hp_loss":0.0,"gold_gain":0.0,"event_name":"Addict","player_choice":"Obtained Relic","floor":30.0,"gold_loss":85.0,"damage_taken":0.0,"relics_obtained":["Vajra"]},{"damage_healed":0.0,"max_hp_gain":0.0,"max_hp_loss":0.0,"gold_gain":0.0,"event_name":"Mysterious Sphere","player_choice":"Ignored","floor":39.0,"gold_loss":0.0,"damage_taken":0.0},{"damage_healed":0.0,"max_hp_gain":0.0,"max_hp_loss":0.0,"gold_gain":0.0,"event_name":"Accursed Blacksmith","player_choice":"Forge","floor":41.0,"gold_loss":0.0,"damage_taken":0.0,"cards_upgraded":["TheCursedMod:VoidForm"]},{"damage_healed":0,"gold_gain":0,"player_choice":"Max HP","damage_taken":0,"max_hp_gain":0,"max_hp_loss":4,"event_name":"Winding Halls","floor":47,"gold_loss":0}],"is_beta":false,"boss_relics":[{"not_picked":["SlaversCollar","Fusion Hammer"],"picked":"Runic Dome"},{"not_picked":["SacredBark","Pandora\u0027s Box"],"picked":"Empty Cage"}],"items_purged_floors":[14,21],"is_endless":false,"potions_floor_spawned":[3,4,12,19,29,33,38,44,45,48],"ascension_level":19}}