{"host":"1tl36azeqm6yhdgj","time":1607957461,"event":{"mods":["AchievementEnabler","BaseMod","Minty Spire (QoL Compilation)","StSLib","The IronCluck","everything is the same but u backflip on backflip"],"gold_per_floor":[119,294,311,311,311,344,419,439,492,20,39,65,76,95,95,191,191,209,209,226,501,512,512,512,512],"floor_reached":24,"playtime":776,"items_purged":[],"score":361,"play_id":"fec383c9-322b-4ac4-b998-c40cc869d552","local_time":"20201214095101","is_ascension_mode":true,"campfire_choices":[{"data":"Seeing Red","floor":15.0,"key":"SMITH"},{"floor":23,"key":"REST"}],"circlet_count":0,"master_deck":["AscendersBane","Strike_R","Strike_R","Strike_R","Strike_R+1","Strike_R","Defend_R","Defend_R","Defend_R","Defend_R","Bash","Anger+1","Impervious","Thunderclap","Pommel Strike","Panache","Trip","Warcry","Seeing Red+1","Entrench","Cleave","Immolate","Juggernaut","Infernal Blade+1","Intimidate+1","Regret"],"relics":["Burning Blood","NeowsBlessing","Anchor","Orichalcum","Whetstone","Black Star","MutagenicStrength"],"acts_visited":["Exordium","TheCity"],"potions_floor_usage":[24],"damage_taken":[{"damage":0.0,"enemies":"Small Slimes","floor":1.0,"turns":1.0},{"damage":0.0,"enemies":"2 Louse","floor":3.0,"turns":2.0},{"damage":0.0,"enemies":"Lagavulin","floor":6.0,"turns":1.0},{"damage":1.0,"enemies":"Cultist","floor":8.0,"turns":3.0},{"damage":4.0,"enemies":"Red Slaver","floor":11.0,"turns":3.0},{"damage":16.0,"enemies":"3 Sentries","floor":12.0,"turns":9.0},{"damage":0.0,"enemies":"3 Louse","floor":13.0,"turns":4.0},{"damage":0.0,"enemies":"Looter","floor":14.0,"turns":3.0},{"damage":50.0,"enemies":"The Guardian","floor":16.0,"turns":11.0},{"damage":1.0,"enemies":"2 Thieves","floor":18.0,"turns":2.0},{"damage":21,"enemies":"Spheric Guardian","floor":20,"turns":4},{"damage":25,"enemies":"Centurion and Healer","floor":22,"turns":8},{"damage":72,"enemies":"Gremlin Leader","floor":24,"turns":9}],"seed_played":"-6750616935418951459","potions_obtained":[{"floor":8.0,"key":"EssenceOfSteel"},{"floor":11.0,"key":"SkillPotion"},{"floor":13.0,"key":"DuplicationPotion"},{"floor":16.0,"key":"SteroidPotion"},{"floor":22,"key":"ColorlessPotion"}],"is_trial":false,"path_per_floor":["M","?","M","?","?","E","?","M","T","$","M","E","M","M","R","B",null,"M","?","M","?","M","R","E"],"character_chosen":"IRONCLAD","items_purchased":["Orichalcum","Panache","Trip","Warcry"],"campfire_rested":1,"item_purchase_floors":[10,10,10,10],"current_hp_per_floor":[78,78,80,73,73,79,71,76,76,76,78,68,74,80,80,36,69,74,74,59,59,40,64,0,0],"gold":512,"neow_bonus":"THREE_ENEMY_KILL","is_daily":false,"chose_seed":false,"campfire_upgraded":1,"win_rate":0.0,"timestamp":1607957461,"path_taken":["M","?","M","?","?","E","?","M","T","$","M","E","?","M","R","BOSS","M","?","M","?","M","R","E"],"items_purchased_type":["Relic","Card","Card","Card"],"build_version":"2020-12-13","purchased_purges":0,"victory":false,"max_hp_per_floor":[80,80,80,80,80,80,80,80,80,80,80,80,80,80,80,80,80,80,80,80,80,80,80,80,80],"card_choices":[{"not_picked":["Armaments","Headbutt"],"picked":"Anger","floor":1.0},{"not_picked":["Carnage","Feel No Pain"],"picked":"Impervious","floor":3.0},{"not_picked":["Wild Strike","Iron Wave"],"picked":"Thunderclap","floor":6.0},{"not_picked":["Warcry","Dark Embrace"],"picked":"Pommel Strike","floor":8.0},{"not_picked":["True Grit","Sword Boomerang"],"picked":"Seeing Red","floor":11.0},{"not_picked":["Hemokinesis","Warcry"],"picked":"Entrench","floor":12.0},{"not_picked":["Anger","Dual Wield"],"picked":"Cleave","floor":13.0},{"not_picked":["Clash","Armaments"],"picked":"Immolate","floor":14.0},{"not_picked":["Exhume","Demon Form"],"picked":"Juggernaut","floor":16.0},{"not_picked":["Sword Boomerang","Dark Embrace+1"],"picked":"Infernal Blade+1","floor":18.0},{"not_picked":["Thunderclap+1","Warcry"],"picked":"Intimidate+1","floor":20},{"not_picked":["Perfected Strike+1","Sword Boomerang","Searing Blow"],"picked":"SKIP","floor":22}],"player_experience":1929703,"relics_obtained":[{"floor":6.0,"key":"Anchor"},{"floor":12.0,"key":"Whetstone"}],"event_choices":[{"damage_healed":0.0,"max_hp_gain":0.0,"max_hp_loss":0.0,"gold_gain":175.0,"event_name":"Liars Game","player_choice":"AGREE","floor":2.0,"gold_loss":0.0,"damage_taken":0.0,"cards_obtained":["Doubt"]},{"cards_removed":["Doubt"],"damage_healed":0.0,"max_hp_gain":0.0,"max_hp_loss":0.0,"gold_gain":0.0,"event_name":"Golden Wing","player_choice":"Card Removal","floor":4.0,"gold_loss":0.0,"damage_taken":7.0},{"damage_healed":0.0,"max_hp_gain":0.0,"max_hp_loss":0.0,"gold_gain":0.0,"event_name":"Shining Light","player_choice":"Ignored","floor":5.0,"gold_loss":0.0,"damage_taken":0.0},{"damage_healed":0.0,"max_hp_gain":0.0,"max_hp_loss":0.0,"gold_gain":75.0,"event_name":"FaceTrader","player_choice":"Touch","floor":7.0,"gold_loss":0.0,"damage_taken":8.0},{"damage_healed":0,"gold_gain":0,"player_choice":"Inject Mutagens","damage_taken":0,"relics_obtained":["MutagenicStrength"],"max_hp_gain":0,"max_hp_loss":0,"event_name":"Drug Dealer","floor":19,"gold_loss":0},{"damage_healed":0,"gold_gain":275,"player_choice":"Desecrate","damage_taken":0,"max_hp_gain":0,"max_hp_loss":0,"event_name":"Golden Shrine","floor":21,"gold_loss":0,"cards_obtained":["Regret"]}],"is_beta":false,"boss_relics":[{"not_picked":["Runic Pyramid","Velvet Choker"],"picked":"Black Star"}],"items_purged_floors":[],"is_endless":false,"potions_floor_spawned":[8,11,13,16,22],"killed_by":"Gremlin Leader","ascension_level":11}}