{"host":"0tiuc76yumknr6qf","time":1607973333,"event":{"mods":["BaseMod","Highlight Path","Jedi Mod","Minty Spire (QoL Compilation)","StSLib"],"gold_per_floor":[119,134,153,164,129,129,161,174,174,184,184,196,196,209,209,286,286,305,14,29,42,42,42],"floor_reached":22,"playtime":1712,"items_purged":[],"score":384,"play_id":"a6081bad-8a51-4c2f-bdeb-e2d468f8684f","local_time":"20201214131533","is_ascension_mode":true,"campfire_choices":[{"data":"Skewer","floor":6.0,"key":"SMITH"},{"floor":11.0,"key":"DIG"},{"floor":13.0,"key":"REST"},{"floor":15.0,"key":"DIG"}],"circlet_count":0,"master_deck":["AscendersBane","Strike_G","Strike_G","Strike_G","Strike_G","Strike_G","Defend_G","Defend_G","Defend_G","Defend_G","Defend_G","Survivor","Neutralize","Sucker Punch","Skewer+1","Blur","Deadly Poison","Poisoned Stab","Blur","Concentrate","Tools of the Trade","jedi:unstablefumes","Backflip","Doppelganger","Footwork","Leg Sweep","jedi:pocketpoison+1","Cloak And Dagger+1"],"relics":["Ring of the Snake","Pocketwatch","Shovel","The Courier","Lizard Tail","jedi:battlestandard","Membership Card","jedi:catwich"],"acts_visited":["Exordium","TheCity"],"potions_floor_usage":[22],"damage_taken":[{"damage":0.0,"enemies":"Small Slimes","floor":1.0,"turns":5.0},{"damage":17.0,"enemies":"Jaw Worm","floor":2.0,"turns":6.0},{"damage":0.0,"enemies":"2 Louse","floor":3.0,"turns":4.0},{"damage":6.0,"enemies":"Large Slime","floor":4.0,"turns":7.0},{"damage":34.0,"enemies":"Lagavulin","floor":7.0,"turns":7.0},{"damage":4.0,"enemies":"3 Louse","floor":8.0,"turns":5.0},{"damage":0.0,"enemies":"Red Slaver","floor":10.0,"turns":4.0},{"damage":18.0,"enemies":"Exordium Thugs","floor":12.0,"turns":6.0},{"damage":0.0,"enemies":"Large Slime","floor":14.0,"turns":4.0},{"damage":67.0,"enemies":"Slime Boss","floor":16.0,"turns":12.0},{"damage":19.0,"enemies":"Chosen","floor":18.0,"turns":5.0},{"damage":15,"enemies":"2 Thieves","floor":20,"turns":5},{"damage":11,"enemies":"Snecko","floor":21,"turns":7},{"damage":9,"enemies":"Sentry and Sphere","floor":22,"turns":6}],"seed_played":"2280138542240087828","potions_obtained":[{"floor":1.0,"key":"jedi:holywater"},{"floor":7.0,"key":"GamblersBrew"},{"floor":10.0,"key":"Regen Potion"},{"floor":14.0,"key":"Regen Potion"},{"floor":16.0,"key":"jedi:wingpotion"},{"floor":20,"key":"Swift Potion"}],"is_trial":false,"path_per_floor":["M","M","M","M","?","R","E","M","T","M","R","M","R","M","R","B",null,"M","$","M","M","M"],"character_chosen":"THE_SILENT","items_purchased":["Membership Card","Footwork","jedi:catwich","Leg Sweep"],"campfire_rested":1,"item_purchase_floors":[19,19,19,19],"current_hp_per_floor":[59,42,42,36,52,52,18,14,14,14,14,11,30,30,30,16,54,35,35,20,9,0,0],"gold":42,"neow_bonus":"THREE_CARDS","is_daily":false,"chose_seed":false,"campfire_upgraded":1,"win_rate":0.0,"timestamp":1607973333,"path_taken":["M","M","M","M","?","R","E","M","T","M","R","M","R","M","R","BOSS","M","$","M","M","M"],"items_purchased_type":["Relic","Card","Relic","Card"],"build_version":"2020-12-13","purchased_purges":0,"victory":false,"max_hp_per_floor":[66,66,66,66,66,66,66,66,66,66,66,66,66,66,66,66,66,66,66,66,66,66,66],"card_choices":[{"not_picked":["Escape Plan","Heel Hook"],"picked":"Sucker Punch","floor":0.0},{"not_picked":["Eviscerate","Endless Agony"],"picked":"Skewer","floor":1.0},{"not_picked":["Well Laid Plans","Tactician"],"picked":"Blur","floor":2.0},{"not_picked":["Sucker Punch","PiercingWail"],"picked":"Deadly Poison","floor":3.0},{"not_picked":["Outmaneuver","Finisher"],"picked":"Poisoned Stab","floor":4.0},{"not_picked":["Acrobatics","Quick Slash"],"picked":"Blur","floor":7.0},{"not_picked":["Underhanded Strike","Dagger Throw"],"picked":"Concentrate","floor":8.0},{"not_picked":["PiercingWail","Quick Slash"],"picked":"Tools of the Trade","floor":10.0},{"not_picked":["Leg Sweep","Bane"],"picked":"jedi:unstablefumes","floor":12.0},{"not_picked":["Flying Knee","Finisher"],"picked":"Backflip","floor":14.0},{"not_picked":["Storm of Steel","A Thousand Cuts"],"picked":"Doppelganger","floor":16.0},{"not_picked":["jedi:acidrain","Bane","Deadly Poison"],"picked":"SKIP","floor":18.0},{"not_picked":["Malaise","Expertise"],"picked":"jedi:pocketpoison+1","floor":20},{"not_picked":["Prepared","Sucker Punch"],"picked":"Cloak And Dagger+1","floor":21}],"player_experience":1806336,"relics_obtained":[{"floor":7.0,"key":"Pocketwatch"},{"floor":9.0,"key":"Shovel"},{"floor":11.0,"key":"The Courier"},{"floor":15.0,"key":"Lizard Tail"}],"event_choices":[{"damage_healed":16.0,"max_hp_gain":0.0,"max_hp_loss":0.0,"gold_gain":0.0,"event_name":"The Cleric","player_choice":"Healed","floor":5.0,"gold_loss":35.0,"damage_taken":0.0}],"is_beta":false,"boss_relics":[{"not_picked":["Cursed Key","Velvet Choker"],"picked":"jedi:battlestandard"}],"items_purged_floors":[],"is_endless":false,"potions_floor_spawned":[1,7,10,14,16,20],"killed_by":"Sentry and Sphere","ascension_level":20}}