{"host":"jm9833yuloeli2yd","time":1607989347,"event":{"mods":["AchievementEnabler","BaseMod","Better Altar","Better Match","Better Note","Better Sensory Stone","Better Skull","Better Vampires","Colored Map","Colored Powertips","DeckTracker","Minty Spire (QoL Compilation)","Permanent Neow","Quick Restart","Replay The Spire","StSLib","SuperFastMode"],"gold_per_floor":[111,130,79,90,90,115,128,128,155,181,216,239,34,77,77,186,186,206,215,215,215],"floor_reached":20,"playtime":506,"items_purged":["Strike_R"],"score":326,"play_id":"1632c531-9ca7-4c83-ac14-1246b8ca0434","local_time":"20201214184227","is_ascension_mode":true,"campfire_choices":[{"data":"Whirlwind","floor":8,"key":"SMITH"},{"data":"Whirlwind","floor":15,"key":"SMITH"}],"circlet_count":0,"master_deck":["AscendersBane","Strike_R","Strike_R","Strike_R","Strike_R","Defend_R","Defend_R","Defend_R","Defend_R","Bash+1","Whirlwind+1","Shockwave","Replay:Undeath\u0027s Touch","Replay:Undeath\u0027s Touch","Replay:Undeath\u0027s Touch","Flex","Juggernaut","ReplayTheSpireMod:Muscle Training","Replay:Undeath\u0027s Touch","Flex","Whirlwind+1","Demon Form","True Grit+1","Amnesia"],"relics":["Black Blood","Lantern","CeramicFish","Gremlin Food","Membership Card","Ancient Tea Set","Ring of Panic"],"acts_visited":["Exordium","TheCity"],"potions_floor_usage":[14,16,18],"damage_taken":[{"damage":11.0,"enemies":"Cultist","floor":1.0,"turns":4.0},{"damage":1.0,"enemies":"2 Louse","floor":2.0,"turns":2.0},{"damage":4.0,"enemies":"Small Slimes","floor":4.0,"turns":4.0},{"damage":32,"enemies":"3 Sentries","floor":6,"turns":9},{"damage":1,"enemies":"2 Fungi Beasts","floor":7,"turns":4},{"damage":7,"enemies":"Exordium Thugs","floor":10,"turns":3},{"damage":36,"enemies":"Replay:BlueRogue","floor":11,"turns":5},{"damage":0,"enemies":"Large Slime","floor":12,"turns":5},{"damage":12,"enemies":"Gremlin Nob","floor":14,"turns":3},{"damage":43,"enemies":"Fading Forest","floor":16,"turns":11},{"damage":50,"enemies":"Chosen","floor":18,"turns":7}],"seed_played":"-4246635009131108765","potions_obtained":[{"floor":1.0,"key":"Dexterity Potion"},{"floor":6,"key":"SkillPotion"},{"floor":12,"key":"DistilledChaos"},{"floor":14,"key":"Elixir"},{"floor":16,"key":"BlessingOfTheForge"},{"floor":18,"key":"BlessingOfTheForge"}],"is_trial":false,"path_per_floor":["M","M","$","M","?","E","M","R","T","M","E","M","$","E","R","B",null,"M","?","?"],"character_chosen":"IRONCLAD","items_purchased":["Replay:Undeath\u0027s Touch","Membership Card","Replay:Undeath\u0027s Touch","Flex"],"campfire_rested":0,"item_purchase_floors":[3,13,13,13],"current_hp_per_floor":[67,72,72,74,74,48,53,53,53,52,22,28,28,22,22,9,62,24,24,0,0],"gold":215,"neow_bonus":"UPGRADE_CARD","is_daily":false,"chose_seed":false,"campfire_upgraded":2,"win_rate":0.0,"timestamp":1607989347,"path_taken":["M","M","?","M","?","E","M","R","T","M","E","M","$","E","R","BOSS","M","?","?"],"items_purchased_type":["Card","Relic","Card","Card"],"build_version":"2020-12-13","purchased_purges":1,"victory":false,"max_hp_per_floor":[80,80,80,80,80,80,80,80,80,80,80,80,80,80,80,80,80,80,80,80,80],"card_choices":[{"not_picked":["Massacre","Headbutt"],"picked":"Whirlwind","floor":1.0},{"not_picked":["Wild Strike","Sentinel"],"picked":"Shockwave","floor":2.0},{"not_picked":["Perfected Strike","Spot Weakness","Abandon"],"picked":"SKIP","floor":4.0},{"not_picked":["Anger","Dual Wield"],"picked":"Replay:Undeath\u0027s Touch","floor":6},{"not_picked":["Pommel Strike","ReplayTheSpireMod:Corrosion Curse"],"picked":"Replay:Undeath\u0027s Touch","floor":7},{"not_picked":["Defy Death","True Grit"],"picked":"Flex","floor":10},{"not_picked":["Brutality","Twin Strike"],"picked":"Juggernaut","floor":11},{"not_picked":["Armaments","Wild Strike"],"picked":"ReplayTheSpireMod:Muscle Training","floor":12},{"not_picked":["Cleave","Iron Wave"],"picked":"Whirlwind","floor":14},{"not_picked":["Juggernaut","Berserk"],"picked":"Demon Form","floor":16},{"not_picked":["Clothesline","Iron Wave"],"picked":"True Grit+1","floor":18}],"player_experience":1068503,"relics_obtained":[{"floor":6,"key":"Lantern"},{"floor":9,"key":"CeramicFish"},{"floor":11,"key":"Gremlin Food"},{"floor":14,"key":"Ancient Tea Set"},{"floor":19,"key":"Ring of Panic"}],"event_choices":[{"damage_healed":0.0,"max_hp_gain":0.0,"max_hp_loss":0.0,"gold_gain":0.0,"event_name":"Liars Game","player_choice":"Ignored","floor":5.0,"gold_loss":0.0,"damage_taken":0.0}],"is_beta":false,"boss_relics":[{"not_picked":["Electric Blood","SlaversCollar"],"picked":"Black Blood"}],"items_purged_floors":[13],"is_endless":false,"potions_floor_spawned":[1,6,10,12,14,16,18],"ascension_level":11}}