{"host":"Squid","time":1607962500,"event":{"mods":["BaseMod","Minty Spire (QoL Compilation)","StSLib"],"gold_per_floor":[112,112,130,150,169,169,199,199,199,226,240,266,266,231,231,305,305,272,272,288,37,37,37,37,37],"floor_reached":24,"playtime":1036,"items_purged":[],"score":378,"play_id":"c3a4c849-c59b-4007-8561-0b305e8ae825","local_time":"20201214111500","is_ascension_mode":true,"campfire_choices":[{"data":"Noxious Fumes","floor":6,"key":"SMITH"},{"floor":8,"key":"REST"},{"floor":13,"key":"REST"},{"data":"Night Terror","floor":15,"key":"SMITH"},{"data":"Envenom","floor":23,"key":"SMITH"}],"circlet_count":0,"master_deck":["AscendersBane","Strike_G","Strike_G","Strike_G","Strike_G","Defend_G","Defend_G","Defend_G","Defend_G","Defend_G","Survivor","Neutralize","Flying Knee","Underhanded Strike","Blade Dance","Noxious Fumes+1","Night Terror+1","Prepared","Dagger Throw","Envenom+1","CurseOfTheBell","Dodge and Roll","Ghostly","Ghostly","Ghostly","Ghostly","Ghostly","Dodge and Roll"],"relics":["Ring of the Snake","Peace Pipe","FossilizedHelix","Turnip","Meat on the Bone","Calling Bell","Centennial Puzzle","Mummified Hand","Calipers","HornCleat","MutagenicStrength"],"acts_visited":["Exordium","TheCity"],"potions_floor_usage":[7,12,12],"damage_taken":[{"damage":1,"enemies":"Jaw Worm","floor":1,"turns":5},{"damage":0,"enemies":"Cultist","floor":3,"turns":4},{"damage":1,"enemies":"Small Slimes","floor":4,"turns":4},{"damage":0,"enemies":"Blue Slaver","floor":5,"turns":3},{"damage":22,"enemies":"Gremlin Nob","floor":7,"turns":4},{"damage":26,"enemies":"Lagavulin","floor":10,"turns":8},{"damage":0,"enemies":"Large Slime","floor":11,"turns":6},{"damage":9,"enemies":"3 Sentries","floor":12,"turns":6},{"damage":28,"enemies":"Hexaghost","floor":16,"turns":9},{"damage":33,"enemies":"2 Thieves","floor":18,"turns":5},{"damage":2,"enemies":"Spheric Guardian","floor":20,"turns":7},{"damage":32,"enemies":"Book of Stabbing","floor":24,"turns":9}],"seed_played":"5194830184017294398","potions_obtained":[{"floor":1,"key":"Swift Potion"},{"floor":10,"key":"SpeedPotion"},{"floor":11,"key":"BlessingOfTheForge"}],"is_trial":false,"path_per_floor":["M","?","M","M","M","R","E","R","T","E","M","E","R","?","R","B",null,"M","?","M","$","?","R","E"],"character_chosen":"THE_SILENT","items_purchased":["HornCleat"],"campfire_rested":2,"item_purchase_floors":[21],"current_hp_per_floor":[44,44,44,43,43,43,21,42,42,16,16,7,28,45,45,29,60,39,35,33,33,33,33,1,1],"gold":37,"neow_bonus":"ONE_RARE_RELIC","is_daily":false,"chose_seed":false,"campfire_upgraded":3,"win_rate":0.0,"timestamp":1607962500,"path_taken":["M","?","?","?","M","R","E","R","T","E","M","E","R","?","R","BOSS","M","?","M","$","?","R","E"],"items_purchased_type":["Relic"],"build_version":"2020-12-07","purchased_purges":0,"victory":false,"max_hp_per_floor":[70,70,70,70,70,70,70,70,70,70,70,70,70,70,70,70,70,70,35,35,35,35,35,35,35],"card_choices":[{"not_picked":["Distraction","Backflip"],"picked":"Flying Knee","floor":1},{"not_picked":["Bane","Endless Agony"],"picked":"Underhanded Strike","floor":3},{"not_picked":["Dodge and Roll","Slice"],"picked":"Blade Dance","floor":4},{"not_picked":["Flying Knee","Cloak And Dagger"],"picked":"Noxious Fumes","floor":5},{"not_picked":["Poisoned Stab","Prepared"],"picked":"Night Terror","floor":7},{"not_picked":["Underhanded Strike","Terror"],"picked":"Prepared","floor":10},{"not_picked":["Flying Knee","Outmaneuver"],"picked":"Dagger Throw","floor":11},{"not_picked":["Underhanded Strike","Infinite Blades","Slice"],"picked":"SKIP","floor":12},{"not_picked":["Storm of Steel","Burst"],"picked":"Envenom","floor":16},{"not_picked":["Accuracy","Slice"],"picked":"Dodge and Roll","floor":18},{"not_picked":["Flechettes","Poisoned Stab+1"],"picked":"Dodge and Roll","floor":20}],"player_experience":830964,"relics_obtained":[{"floor":9,"key":"FossilizedHelix"},{"floor":10,"key":"Turnip"},{"floor":12,"key":"Meat on the Bone"},{"floor":17,"key":"Centennial Puzzle"},{"floor":17,"key":"Mummified Hand"},{"floor":17,"key":"Calipers"}],"event_choices":[{"cards_removed":["Strike_G"],"damage_healed":0,"gold_gain":0,"player_choice":"Purged","damage_taken":0,"max_hp_gain":0,"max_hp_loss":0,"event_name":"Purifier","floor":2,"gold_loss":0},{"damage_healed":17,"gold_gain":0,"player_choice":"Healed","damage_taken":0,"max_hp_gain":0,"max_hp_loss":0,"event_name":"The Cleric","floor":14,"gold_loss":35},{"damage_healed":0,"gold_gain":0,"player_choice":"Became a Ghost","damage_taken":0,"max_hp_gain":0,"max_hp_loss":35,"event_name":"Ghosts","floor":19,"gold_loss":0,"cards_obtained":["Ghostly","Ghostly","Ghostly","Ghostly","Ghostly"]},{"damage_healed":0,"gold_gain":0,"player_choice":"Inject Mutagens","damage_taken":0,"relics_obtained":["MutagenicStrength"],"max_hp_gain":0,"max_hp_loss":0,"event_name":"Drug Dealer","floor":22,"gold_loss":0}],"is_beta":true,"boss_relics":[{"not_picked":["Empty Cage","Black Star"],"picked":"Calling Bell"}],"items_purged_floors":[],"is_endless":false,"potions_floor_spawned":[1,10,11],"killed_by":"Book of Stabbing","ascension_level":13}}