{"host":"eyd8pf3bw1xm0qjv","time":1607981872,"event":{"mods":["AchievementEnabler","Aspiration","Bard","BaseMod","Beaked The Cultist","BetterRewards","CCEM","Challenge The Spire","Clawfect","Colored Map","Conspire","Downfall","Duelist Mod","Ekko","GifTheSpireLib","Glutton Mod","Googly Eyes","Halation","Hermit","Highlight Path","Hubris","Jedi Mod","Jorbs\u0027s Wanderer Trilogy","Mad Scientist","Marisa????????","Mimic Mod","Minty Spire (QoL Compilation)","Permanent Neow","Potionbrewer","Relic Sorter","Replay The Spire","StSLib","Stuff the Spire","The Administrix","The Animator","The Blackbeard","The Bug Knight","The Construct","The Cursed","The Dragon Tamer","The Florist","The Gatherer","The Hierophant","The IronCluck","The Jungle","The Mystic","The Necromancer","The Problem Sleuth","The Runesmith","The Servant 0.9.4","The Spell Scribe","vexMod"],"gold_per_floor":[111,121,140,140,140,140,140,140,180,200,6,6,6,23,23,127,127,149,167,14,28,28,28,28,60,60,60,79,112,112,4,4,4,4],"floor_reached":33,"playtime":1436,"items_purged":["Defend_B","expansioncontent:Corrupt+1"],"score":348,"play_id":"d0481736-16d1-4283-b0b6-a5c47cf2624b","local_time":"20201214163752","is_ascension_mode":false,"campfire_choices":[{"floor":6,"key":"REST"},{"data":"Panache","floor":8,"key":"SMITH"},{"floor":13,"key":"REST"},{"data":"expansioncontent:Corrupt","floor":15,"key":"SMITH"},{"floor":23,"key":"REST"},{"floor":27,"key":"REST"},{"data":"Self Repair","floor":30,"key":"SMITH"},{"floor":32,"key":"REST"}],"circlet_count":0,"master_deck":["Gash","Gash","Gash","Gash","Gash","Defend_B","Defend_B+1","Clawfect:ClawSnap","ReplayTheSpireMod:Calculation Training+1","Clawfect:ClawingBeam","Clawfect:ClawSnap","jedi:reiji+1","Consume","Loop","Clawfect:ClawLightning","Clawfect:ClawAndTear","Heatsinks","Fission","Clawfect:Clawline","Self Repair+1","Clawfect:ClawForTheEyes","Chill","Decay","Clawfect:ScrapingClaw","Steam","BootSequence","hubris:DuctTapeCard","Self Repair","aspiration:Polymerization"],"relics":["Clawfect:DRClaw","vexMod:TimeEaterHat","StuffTheSpire:NeowsTribute","potionbrewer:WarMedal","Bronze Scales","jedi:angrymask","vexMod:MemoryStick","BargainBundle","Tiny Chest","Black Star","Bottled Tornado","Replay:Wax Seal","Replay:Kaleidoscope","hubris:DuctTape"],"acts_visited":["Exordium","theJungle:Jungle"],"potions_floor_usage":[2,16,18,21,25,25,33],"damage_taken":[{"damage":1,"enemies":"2 Louse","floor":1,"turns":2},{"damage":1,"enemies":"Small Slimes","floor":2,"turns":5},{"damage":10,"enemies":"Jaw Worm","floor":3,"turns":4},{"damage":11,"enemies":"Exordium Thugs","floor":9,"turns":5},{"damage":13,"enemies":"Exordium Thugs","floor":10,"turns":4},{"damage":9,"enemies":"Blue Slaver","floor":14,"turns":2},{"damage":0,"enemies":"The Guardian","floor":16,"turns":8},{"damage":23,"enemies":"theJungle:MUSHROOMGANG","floor":18,"turns":5},{"damage":25,"enemies":"theJungle:GiantWrat","floor":19,"turns":4},{"damage":25,"enemies":"theJungle:Lyon","floor":21,"turns":4},{"damage":4,"enemies":"theJungle:2_Phrogs","floor":25,"turns":4},{"damage":8,"enemies":"theJungle:JungleHuntersEncounter","floor":28,"turns":4},{"damage":35,"enemies":"theJungle:Cassacara","floor":29,"turns":6},{"damage":45,"enemies":"theJungle:TotemBoss","floor":33,"turns":4}],"seed_played":"-1148585488518102658","potions_obtained":[{"floor":1,"key":"ColorlessPotion"},{"floor":2,"key":"DuplicationPotion"},{"floor":3,"key":"Slimebound:ThreeZeroPotion"},{"floor":19,"key":"AttackPotion"},{"floor":21,"key":"PowerPotion"},{"floor":29,"key":"Adrenaline Potion"}],"is_trial":false,"path_per_floor":["M","M","M","?","?","R","?","R","MIM","M","$","?","R","M","R","B",null,"M","M","$","M","?","R","$","E","T","R","M","E","R","$","R","B"],"character_chosen":"DEFECT","items_purchased":["Panache","vexMod:TimeEaterHat","BargainBundle","jedi:reiji+1","Consume","Loop","Clawfect:ClawLightning","Clawfect:ClawAndTear","potionbrewer:MidasPotion","Clawfect:ClawForTheEyes","Self Repair","aspiration:Polymerization"],"campfire_rested":5,"item_purchase_floors":[0,0,11,11,11,11,11,11,11,20,31,31],"current_hp_per_floor":[39,38,28,28,13,35,35,35,32,19,19,12,34,25,25,25,75,52,27,27,9,9,31,31,27,27,49,48,20,20,20,42,0,0],"gold":4,"neow_bonus":"","is_daily":false,"chose_seed":false,"campfire_upgraded":3,"win_rate":0.0,"timestamp":1607981872,"path_taken":["M","M","M","?","?","R","?","R","MIM","?","?","?","R","M","R","BOSS","M","M","$","M","?","R","$","E","T","R","M","E","R","$","R","BOSS"],"items_purchased_type":["Card","Relic","Relic","Card","Card","Card","Card","Card","Potion","Card","Card","Card"],"build_version":"2020-12-13","purchased_purges":2,"victory":false,"max_hp_per_floor":[75,75,75,75,75,75,75,75,75,75,75,75,75,75,75,75,75,75,75,75,75,75,75,75,75,75,75,75,75,75,75,75,75,75],"card_choices":[{"not_picked":["Clawfect:Clawrage","hubris:Ukulele"],"picked":"Clawfect:ClawSnap","floor":1},{"not_picked":["StuffTheSpire:CleanHardDrive","Conserve Battery"],"picked":"ReplayTheSpireMod:Calculation Training","floor":2},{"not_picked":["Rebound","ReplayTheSpireMod:GoodbyeWorld"],"picked":"Clawfect:ClawingBeam","floor":3},{"not_picked":["conspire:Rain","BasicCrystalCard"],"picked":"Clawfect:ClawSnap","floor":9},{"not_picked":["ReplayTheSpireMod:Dual Polarity","jedi:BurstFrost"],"picked":"StuffTheSpire:ShieldGenerator","floor":10},{"not_picked":["ReplayTheSpireMod:GoodbyeWorld","jedi:sharpshooter"],"picked":"Heatsinks","floor":14},{"not_picked":["hubris:Prefetch","ReplayRNGCard"],"picked":"Fission","floor":16},{"not_picked":["Clawfect:ClawingBeam+1","jedi:blockon"],"picked":"Clawfect:Clawline","floor":18},{"not_picked":["Clawfect:ClawCell","Conserve Battery+1"],"picked":"Self Repair","floor":19},{"not_picked":["StuffTheSpire:ShieldGenerator+1","Sunder"],"picked":"Chill","floor":21},{"not_picked":["Seek","Coolheaded+1"],"picked":"Clawfect:ScrapingClaw","floor":25},{"not_picked":["Redo","Loop"],"picked":"Steam","floor":28},{"not_picked":["Clawfect:ClawpileDriver","FTL+1"],"picked":"BootSequence","floor":29}],"player_experience":153093,"relics_obtained":[{"floor":9,"key":"vexMod:MemoryStick"},{"floor":25,"key":"Bottled Tornado"},{"floor":25,"key":"Replay:Wax Seal"},{"floor":29,"key":"Replay:Kaleidoscope"},{"floor":29,"key":"hubris:DuctTape"}],"event_choices":[{"damage_healed":0,"gold_gain":0,"player_choice":"Entered Light","damage_taken":15,"max_hp_gain":0,"max_hp_loss":0,"event_name":"Shining Light","floor":5,"gold_loss":0,"cards_upgraded":["Defend_B","ReplayTheSpireMod:Calculation Training"]},{"cards_removed":["Defend_B"],"damage_healed":0,"gold_gain":0,"player_choice":"Purged","damage_taken":0,"max_hp_gain":0,"max_hp_loss":0,"event_name":"Purifier","floor":7,"gold_loss":0},{"damage_healed":0,"gold_gain":0,"player_choice":"Success","damage_taken":7,"relics_obtained":["Tiny Chest"],"max_hp_gain":0,"max_hp_loss":0,"event_name":"Scrap Ooze","floor":12,"gold_loss":0},{"damage_healed":0,"gold_gain":0,"player_choice":"Cursed","damage_taken":0,"max_hp_gain":0,"max_hp_loss":0,"event_name":"Wheel of Change","floor":22,"gold_loss":0,"cards_obtained":["Decay"]}],"is_beta":false,"boss_relics":[{"not_picked":["Replay:Fungal Core","conspire:SlowCooker"],"picked":"Black Star"}],"items_purged_floors":[11,20],"is_endless":false,"potions_floor_spawned":[1,2,3,19,21,29],"killed_by":"theJungle:TotemBoss","ascension_level":0}}