{"host":"zftkeu5v9gqs3wr3","time":1607943977,"event":{"mods":["Act Like it!","Bard","BaseMod","CapriCore","Elementarium","Gensokyo","Jorbs\u0027s Wanderer Trilogy","Mad Scientist","Minty Spire (QoL Compilation)","Potionbrewer","Rare Cards Sparkle","Shade Mod","StSLib","The Cursed","The Immortal","The Runesmith","TheSwordswoman"],"gold_per_floor":[117,135,148,163,181,206,206,224,272,272,32,52,52,74,74,179,179,195,195,39,139,36,36,50,50,74,74,94,114,33,62,62,62,62],"floor_reached":33,"playtime":2526,"items_purged":[],"score":267,"play_id":"d7fb53ad-9245-4b85-abef-acae1f727d15","local_time":"20201214110617","is_ascension_mode":false,"campfire_choices":[{"data":"Infinite Blades","floor":7,"key":"SMITH"},{"data":"Terror","floor":10,"key":"SMITH"},{"data":"Die Die Die","floor":13,"key":"SMITH"},{"floor":15,"key":"REST"},{"data":"Crippling Poison","floor":23,"key":"SMITH"},{"data":"Deflect","floor":25,"key":"SMITH"},{"data":"Blade Dance","floor":27,"key":"SMITH"},{"floor":32,"key":"REST"}],"circlet_count":0,"master_deck":["Strike_G","Strike_G+1","Strike_G","Strike_G","Strike_G","Defend_G","Defend_G","Defend_G+1","Defend_G","Defend_G","Survivor","Neutralize","Blade Dance","Sucker Punch","Terror+1","Dodge and Roll","Leg Sweep","Infinite Blades+1","Blade Dance+1","Unload","Noxious Fumes","Finisher","Die Die Die+1","Deflect+1","Doppelganger","Distraction","Backflip","Crippling Poison+1","Skewer","PiercingWail+1","Dash+1","Well Laid Plans","Blade Dance","Acrobatics+1"],"relics":["WristBlade","InkBottle","PreservedInsect","Odd Mushroom","SacredBark","Lee\u0027s Waffle","Kunai"],"acts_visited":["Exordium","TheCity"],"potions_floor_usage":[16,18,18,28,28,31,31],"damage_taken":[{"damage":0,"enemies":"Cultist","floor":1,"turns":4},{"damage":0,"enemies":"Jaw Worm","floor":2,"turns":3},{"damage":1,"enemies":"2 Louse","floor":3,"turns":3},{"damage":5,"enemies":"Blue Slaver","floor":4,"turns":2},{"damage":13,"enemies":"Red Slaver","floor":5,"turns":2},{"damage":14,"enemies":"Gremlin Nob","floor":6,"turns":4},{"damage":9,"enemies":"2 Fungi Beasts","floor":8,"turns":3},{"damage":0,"enemies":"Exordium Wildlife","floor":12,"turns":3},{"damage":22,"enemies":"The Mushroom Lair","floor":14,"turns":3},{"damage":8,"enemies":"Hexaghost","floor":16,"turns":5},{"damage":17,"enemies":"2 Thieves","floor":18,"turns":2},{"damage":14,"enemies":"Spheric Guardian","floor":24,"turns":4},{"damage":21,"enemies":"Snake Plant","floor":28,"turns":2},{"damage":0,"enemies":"3 Cultists","floor":29,"turns":3},{"damage":37,"enemies":"Slavers","floor":31,"turns":6},{"damage":59,"enemies":"Automaton","floor":33,"turns":6}],"seed_played":"2177251634869684671","potions_obtained":[{"floor":2,"key":"potionbrewer:DiscountPotion"},{"floor":6,"key":"SteroidPotion"},{"floor":12,"key":"Explosive Potion"},{"floor":14,"key":"potionbrewer:HastePotion"},{"floor":16,"key":"potionbrewer:BarricadePotion"},{"floor":18,"key":"BlessingOfTheForge"},{"floor":24,"key":"SteroidPotion"},{"floor":28,"key":"potionbrewer:BlacksmithPotion"}],"is_trial":false,"path_per_floor":["M","M","M","M","M","E","R","M","T","R","$","M","R","?","R","B",null,"M","?","$","?","$","R","M","R","T","R","M","M","$","E","R","B"],"character_chosen":"THE_SILENT","items_purchased":["Unload","Noxious Fumes","Finisher","Lee\u0027s Waffle","Backflip","Crippling Poison","Well Laid Plans","Blade Dance"],"campfire_rested":2,"item_purchase_floors":[11,11,11,20,22,22,30,30],"current_hp_per_floor":[70,70,69,64,51,37,37,28,28,28,28,28,28,6,27,19,70,53,40,82,82,82,82,68,68,68,68,47,47,47,10,34,0,0],"gold":62,"neow_bonus":"BOSS_RELIC","is_daily":false,"chose_seed":false,"campfire_upgraded":6,"win_rate":0.0,"timestamp":1607943977,"path_taken":["M","?","?","M","M","E","R","M","T","R","$","M","R","?","R","BOSS","M","?","$","?","$","R","M","R","T","R","M","?","?","E","R","BOSS"],"items_purchased_type":["Card","Card","Card","Relic","Card","Card","Card","Card"],"build_version":"2020-12-13","purchased_purges":0,"victory":false,"max_hp_per_floor":[70,70,70,70,70,70,70,70,70,70,70,70,70,70,70,70,70,70,75,82,82,82,82,82,82,82,82,82,82,82,82,82,82,82],"card_choices":[{"not_picked":["Poisoned Stab","Outmaneuver"],"picked":"Blade Dance","floor":1},{"not_picked":["Acrobatics","Heel Hook"],"picked":"Sucker Punch","floor":2},{"not_picked":["Caltrops","Bane"],"picked":"Terror","floor":3},{"not_picked":["Malaise","Caltrops"],"picked":"Dodge and Roll","floor":4},{"not_picked":["Sucker Punch","Deflect"],"picked":"Leg Sweep","floor":5},{"not_picked":["Slice","Reflex"],"picked":"Infinite Blades","floor":6},{"not_picked":["Caltrops","Finisher"],"picked":"Blade Dance","floor":8},{"not_picked":["Blade Dance","Outmaneuver"],"picked":"Die Die Die","floor":12},{"not_picked":["Distraction","Tactician"],"picked":"Deflect","floor":14},{"not_picked":["Night Terror","Phantasmal Killer"],"picked":"Doppelganger","floor":16},{"not_picked":["Bane","Riddle With Holes"],"picked":"Distraction","floor":18},{"not_picked":["Calculated Gamble+1","Terror"],"picked":"Skewer","floor":24},{"not_picked":["Deflect","Dash"],"picked":"PiercingWail+1","floor":28},{"not_picked":["Noxious Fumes","Backflip+1"],"picked":"Dash+1","floor":29},{"not_picked":["Finisher+1","Dodge and Roll"],"picked":"Acrobatics+1","floor":31}],"player_experience":48693,"relics_obtained":[{"floor":6,"key":"InkBottle"},{"floor":9,"key":"PreservedInsect"},{"floor":14,"key":"Odd Mushroom"},{"floor":31,"key":"Kunai"}],"event_choices":[{"damage_healed":0,"gold_gain":0,"player_choice":"Fought Mushrooms","damage_taken":0,"max_hp_gain":0,"max_hp_loss":0,"event_name":"Mushrooms","floor":14,"gold_loss":0},{"damage_healed":0,"gold_gain":0,"player_choice":"Shed Blood","damage_taken":18,"max_hp_gain":5,"max_hp_loss":0,"event_name":"Forgotten Altar","floor":19,"gold_loss":0},{"damage_healed":0,"gold_gain":100,"player_choice":"Pray","damage_taken":0,"max_hp_gain":0,"max_hp_loss":0,"event_name":"Golden Shrine","floor":21,"gold_loss":0}],"is_beta":false,"boss_relics":[{"not_picked":["Cursed Key","Empty Cage"],"picked":"SacredBark"}],"items_purged_floors":[],"is_endless":false,"potions_floor_spawned":[2,6,12,14,16,18,24,28],"killed_by":"Automaton","ascension_level":0}}