{"host":"63yhhrjweyj22b0v","time":1607932349,"event":{"mods":["BaseMod","Minty Spire (QoL Compilation)","Quick Restart"],"gold_per_floor":[114,39,49,49,49,76,151,151,151,151,7,41,41,53,53,155,155,167,167,177,23,23,23,23,23,23,36,56,56,74,92,92,190,190,207,226,82,0,19,19,29,29,80,80,98,114,148,48,48,48,48],"floor_reached":50,"playtime":1860,"items_purged":["Strike_B","Strike_B"],"score":580,"play_id":"c1f3d080-ee1a-4ff0-b659-7980cf899818","local_time":"20201214015229","is_ascension_mode":true,"campfire_choices":[{"data":"Ball Lightning","floor":8,"key":"SMITH"},{"data":"Dualcast","floor":10,"key":"SMITH"},{"data":"Redo","floor":13,"key":"SMITH"},{"floor":15,"key":"REST"},{"floor":23,"key":"REST"},{"data":"Seek","floor":25,"key":"SMITH"},{"floor":32,"key":"REST"},{"data":"Rainbow","floor":40,"key":"SMITH"},{"data":"Static Discharge","floor":42,"key":"SMITH"},{"data":"Redo","floor":44,"key":"SMITH"},{"floor":49,"key":"REST"}],"circlet_count":0,"master_deck":["Strike_B","Strike_B","Defend_B","Defend_B+1","Defend_B","Defend_B","Zap+1","Dualcast+1","Leap","Ball Lightning+1","Leap","Self Repair","Beam Cell","Leap","Redo+1","Beam Cell","Seek+1","Ball Lightning","Redo+1","Redo","Scrape+1","Self Repair","Static Discharge+1","Melter+1","Rainbow+1","Ball Lightning","Defragment+1","Parasite","Beam Cell+1","Redo+1","Beam Cell+1"],"relics":["Cracked Core","NeowsBlessing","Bronze Scales","Ornamental Fan","Bottled Flame","SlaversCollar","Ancient Tea Set","MutagenicStrength","Emotion Chip","Pen Nib","SacredBark","Lee\u0027s Waffle","Red Mask","Happy Flower","Symbiotic Virus"],"acts_visited":["Exordium","TheCity","TheBeyond"],"potions_floor_usage":[12,16,33,36,46,47],"damage_taken":[{"damage":0,"enemies":"2 Louse","floor":1,"turns":1},{"damage":0,"enemies":"Small Slimes","floor":3,"turns":1},{"damage":0,"enemies":"Lagavulin","floor":6,"turns":1},{"damage":13,"enemies":"3 Sentries","floor":12,"turns":5},{"damage":2,"enemies":"Jaw Worm","floor":14,"turns":2},{"damage":41,"enemies":"Slime Boss","floor":16,"turns":9},{"damage":26,"enemies":"2 Thieves","floor":18,"turns":3},{"damage":18,"enemies":"Shell Parasite","floor":20,"turns":3},{"damage":4,"enemies":"3 Cultists","floor":27,"turns":4},{"damage":16,"enemies":"Snecko","floor":28,"turns":4},{"damage":24,"enemies":"Centurion and Healer","floor":30,"turns":6},{"damage":12,"enemies":"Shelled Parasite and Fungi","floor":31,"turns":3},{"damage":61,"enemies":"Automaton","floor":33,"turns":9},{"damage":16,"enemies":"3 Shapes","floor":35,"turns":4},{"damage":36,"enemies":"3 Darklings","floor":36,"turns":5},{"damage":23,"enemies":"Writhing Mass","floor":39,"turns":5},{"damage":7,"enemies":"4 Shapes","floor":41,"turns":5},{"damage":19,"enemies":"Maw","floor":45,"turns":6},{"damage":21,"enemies":"Writhing Mass","floor":46,"turns":4},{"damage":39,"enemies":"Giant Head","floor":47,"turns":7},{"damage":77,"enemies":"Time Eater","floor":50,"turns":6}],"seed_played":"7876675273851829359","potions_obtained":[{"floor":3,"key":"Swift Potion"},{"floor":14,"key":"Explosive Potion"},{"floor":16,"key":"LiquidBronze"},{"floor":30,"key":"DuplicationPotion"},{"floor":33,"key":"GamblersBrew"},{"floor":39,"key":"LiquidMemories"},{"floor":45,"key":"Block Potion"},{"floor":46,"key":"Weak Potion"}],"is_trial":false,"path_per_floor":["M","$","M","?","?","E","?","R","T","R","$","E","R","M","R","B",null,"M","?","M","$","?","R","?","R","T","M","M","?","M","M","R","B",null,"M","M","$","?","M","R","M","R","T","R","M","M","E","$","R","B"],"character_chosen":"DEFECT","items_purchased":["Self Repair","Beam Cell","Leap","Ancient Tea Set","Lee\u0027s Waffle"],"campfire_rested":4,"item_purchase_floors":[11,11,11,21,37],"current_hp_per_floor":[75,75,75,80,64,64,53,53,53,53,53,47,47,52,76,42,80,61,61,43,43,43,67,67,67,67,70,61,61,44,46,70,9,80,78,56,87,87,78,78,78,78,78,78,73,66,41,41,67,0,0],"gold":48,"neow_bonus":"THREE_ENEMY_KILL","is_daily":false,"chose_seed":false,"campfire_upgraded":7,"win_rate":0.0,"timestamp":1607932349,"path_taken":["M","$","M","?","?","E","?","R","T","R","$","E","R","M","R","BOSS","M","?","M","$","?","R","?","R","T","?","M","?","M","M","R","BOSS","M","M","$","?","M","R","M","R","T","R","M","M","E","$","R","BOSS"],"items_purchased_type":["Card","Card","Card","Relic","Relic"],"build_version":"2020-12-13","purchased_purges":2,"victory":false,"max_hp_per_floor":[75,75,75,80,80,80,80,80,80,80,80,80,80,80,80,80,80,80,80,80,80,80,80,80,80,80,80,80,80,80,80,80,80,80,80,80,87,87,87,87,87,87,87,87,87,87,87,87,87,87,87],"card_choices":[{"not_picked":["Rebound","Hologram"],"picked":"Leap","floor":1},{"not_picked":["Steam","Heatsinks"],"picked":"Ball Lightning","floor":3},{"not_picked":["Rebound","Creative AI"],"picked":"Leap","floor":6},{"not_picked":["Consume","Recycle"],"picked":"Redo","floor":12},{"not_picked":["Stack","Steam Power"],"picked":"Beam Cell","floor":14},{"not_picked":["Core Surge","Amplify"],"picked":"Seek","floor":16},{"not_picked":["Stack","Compile Driver"],"picked":"Ball Lightning","floor":18},{"not_picked":["Barrage","Coolheaded"],"picked":"Redo","floor":20},{"not_picked":["Barrage","Cold Snap"],"picked":"Scrape+1","floor":27},{"not_picked":["Coolheaded","Reprogram"],"picked":"Self Repair","floor":28},{"not_picked":["Double Energy+1","Reinforced Body"],"picked":"Static Discharge","floor":30},{"not_picked":["Rip and Tear","Blizzard+1"],"picked":"Melter+1","floor":31},{"not_picked":["Amplify","All For One"],"picked":"Rainbow","floor":33},{"not_picked":["Turbo","Hologram"],"picked":"Ball Lightning","floor":35},{"not_picked":["Barrage+1","Ball Lightning+1"],"picked":"Defragment+1","floor":36},{"not_picked":["Lockon+1","Glacier+1"],"picked":"Beam Cell+1","floor":39},{"not_picked":["Stack+1","Scrape"],"picked":"Redo+1","floor":41},{"not_picked":["Defragment","Ball Lightning","Sweeping Beam+1"],"picked":"SKIP","floor":45},{"not_picked":["Hologram","Turbo+1"],"picked":"Beam Cell+1","floor":46},{"not_picked":["Compile Driver","Reprogram","Multi-Cast"],"picked":"SKIP","floor":47}],"player_experience":582017,"relics_obtained":[{"floor":6,"key":"Bronze Scales"},{"floor":9,"key":"Ornamental Fan"},{"floor":12,"key":"Bottled Flame"},{"floor":26,"key":"Pen Nib"},{"floor":43,"key":"Happy Flower"},{"floor":47,"key":"Symbiotic Virus"}],"event_choices":[{"damage_healed":0,"gold_gain":0,"player_choice":"Donut","damage_taken":0,"max_hp_gain":5,"max_hp_loss":0,"event_name":"Big Fish","floor":4,"gold_loss":0},{"damage_healed":0,"gold_gain":0,"player_choice":"Entered Light","damage_taken":16,"max_hp_gain":0,"max_hp_loss":0,"event_name":"Shining Light","floor":5,"gold_loss":0,"cards_upgraded":["Defend_B","Zap"]},{"damage_healed":0,"gold_gain":75,"player_choice":"Gather Gold","damage_taken":11,"max_hp_gain":0,"max_hp_loss":0,"event_name":"World of Goop","floor":7,"gold_loss":0},{"damage_healed":0,"gold_gain":0,"player_choice":"Read","damage_taken":0,"max_hp_gain":0,"max_hp_loss":0,"event_name":"The Library","floor":19,"gold_loss":0,"cards_obtained":["Redo"]},{"damage_healed":0,"gold_gain":0,"player_choice":"Inject Mutagens","damage_taken":0,"relics_obtained":["MutagenicStrength"],"max_hp_gain":0,"max_hp_loss":0,"event_name":"Drug Dealer","floor":22,"gold_loss":0},{"damage_healed":0,"gold_gain":0,"player_choice":"Gave Potion","damage_taken":0,"relics_obtained":["Emotion Chip"],"max_hp_gain":0,"max_hp_loss":0,"event_name":"WeMeetAgain","floor":24,"gold_loss":0},{"damage_healed":0,"gold_gain":0,"player_choice":"Paid","damage_taken":0,"relics_obtained":["Red Mask"],"max_hp_gain":0,"max_hp_loss":0,"event_name":"Tomb of Lord Red Mask","floor":38,"gold_loss":82}],"is_beta":false,"boss_relics":[{"not_picked":["FrozenCore","Snecko Eye"],"picked":"SlaversCollar"},{"not_picked":["Cursed Key","Velvet Choker"],"picked":"SacredBark"}],"items_purged_floors":[2,48],"is_endless":false,"potions_floor_spawned":[3,14,16,30,33,39,45,46],"killed_by":"Time Eater","ascension_level":1}}