{"host":"ul103bh19qas5vs8","time":1607910875,"event":{"mods":["BaseMod","Downfall","Googly Eyes","Minty Spire (QoL Compilation)","Replay The Spire","Shop Mod","StSLib"],"gold_per_floor":[99,133,133,133,133,163,163,179,214,89,100,120,131,154,171,268,268,143,53,87,106,206,206,206],"floor_reached":23,"playtime":1025,"items_purged":["Slimebound:Strike_Slimebound"],"score":291,"play_id":"4e64ec49-4ab3-4abc-bd72-57c0eab7529c","local_time":"20201214095435","is_ascension_mode":true,"campfire_choices":[{"data":"Slimebound:Split","floor":1,"key":"SMITH"},{"data":"Slimebound:LevelUp","floor":3,"key":"SMITH"},{"floor":10,"key":"RECALL"},{"data":"Slimebound:MinionMaster","floor":18,"key":"SMITH"}],"circlet_count":0,"master_deck":["Slimebound:Strike_Slimebound","Slimebound:Strike_Slimebound","Slimebound:Tackle","Slimebound:Defend_Slimebound+1","Slimebound:Defend_Slimebound+1","Slimebound:Defend_Slimebound+1","Slimebound:Defend_Slimebound+1","Slimebound:Split+1","Slimebound:CorrosiveSpit","Slimebound:LevelUp+1","Slimebound:FinishingTackle","Slimebound:DouseInSlime","Slimebound:SplitBruiser","Slimebound:ProtectTheBoss","Slimebound:SplitAcid","Slimebound:MinionMaster+1","Slimebound:SplitBruiser","Slimebound:SlimeBrawl","Slimebound:SamplingLick+1"],"relics":["Slimebound:AbsorbEndCombat","downfall:HeartsMalice","Pet Ghost","Slimebound:GreedOozeRelic","Replay:Bottled Eggs","Sundial","downfall:HeartBlessingBlue","Odd Mushroom","Coffee Dripper","downfall:HeartBlessingRed","Counterbalance","Pocketwatch","Blue Candle"],"acts_visited":["Exordium","TheCity"],"potions_floor_usage":[20,20,20,22],"damage_taken":[{"damage":0,"enemies":"Lagavulin","floor":2,"turns":1},{"damage":0,"enemies":"Jaw Worm","floor":5,"turns":1},{"damage":0,"enemies":"3 Sentries","floor":6,"turns":1},{"damage":13,"enemies":"2 Louse","floor":8,"turns":2},{"damage":24,"enemies":"Gremlin Nob","floor":9,"turns":4},{"damage":11,"enemies":"Small Slimes","floor":11,"turns":4},{"damage":8,"enemies":"2 Fungi Beasts","floor":12,"turns":3},{"damage":8,"enemies":"3 Louse","floor":13,"turns":3},{"damage":23,"enemies":"The Mushroom Lair","floor":14,"turns":5},{"damage":19,"enemies":"Large Slime","floor":15,"turns":3},{"damage":41,"enemies":"downfall:Silent","floor":16,"turns":8},{"damage":28,"enemies":"downfall:FleeingMerchant","floor":19,"turns":4},{"damage":51,"enemies":"Slavers","floor":20,"turns":3},{"damage":32,"enemies":"Shell Parasite","floor":21,"turns":4},{"damage":37,"enemies":"Colosseum Nobs","floor":22,"turns":4},{"damage":24,"enemies":"Book of Stabbing","floor":23,"turns":1}],"seed_played":"-8896520296446495516","potions_obtained":[{"floor":6,"key":"Fire Potion"},{"floor":12,"key":"PowerPotion"},{"floor":15,"key":"Swift Potion"},{"floor":21,"key":"SkillPotion"}],"is_trial":false,"path_per_floor":["R","E","R","?","M","E","T","M","E","R","M","M","M","?","M","B",null,"R","$","E","M","?","E"],"character_chosen":"SLIMEBOUND","items_purchased":[],"campfire_rested":0,"item_purchase_floors":[],"current_hp_per_floor":[60,60,60,60,60,60,60,59,48,58,59,59,59,52,53,36,70,70,65,34,30,17,0,0],"gold":206,"neow_bonus":"THREE_ENEMY_KILL","is_daily":false,"chose_seed":false,"campfire_upgraded":3,"win_rate":0.0,"timestamp":1607910875,"path_taken":["R","E","R","?","M","E","T","M","E","R","M","M","M","?","M","BOSS","R","$","E","M","?","E"],"items_purchased_type":[],"build_version":"2020-12-13","purchased_purges":1,"victory":false,"max_hp_per_floor":[60,60,60,60,60,60,60,60,60,70,70,70,70,70,70,70,70,70,70,70,70,70,70,70],"card_choices":[{"not_picked":["Slimebound:SamplingLick","Slimebound:SlimeSpikes"],"picked":"Slimebound:LevelUp","floor":2},{"not_picked":["Slimebound:ServeAndProtect","Slimebound:Dissolve","Slimebound:Schlurp"],"picked":"SKIP","floor":5},{"not_picked":["Slimebound:LeechingTouch","Slimebound:Schlurp"],"picked":"Slimebound:FinishingTackle","floor":6},{"not_picked":["Slimebound:Equalize","Slimebound:PressTheAttack","Slimebound:SlimeSpikes"],"picked":"SKIP","floor":8},{"not_picked":["Slimebound:SamplingLick","Slimebound:Schlurp","Slimebound:SlimeSpikes"],"picked":"SKIP","floor":9},{"not_picked":["Slimebound:LeechEnergy","Slimebound:SplitBruiser"],"picked":"Slimebound:DouseInSlime","floor":11},{"not_picked":["Slimebound:GrowthPunch","Slimebound:PressTheAttack"],"picked":"Slimebound:SplitBruiser","floor":12},{"not_picked":["Slimebound:LeechEnergy","Slimebound:LeechingTouch"],"picked":"Slimebound:ProtectTheBoss","floor":13},{"not_picked":["Slimebound:Schlurp","Slimebound:SplitSpecialist"],"picked":"Slimebound:SplitAcid","floor":14},{"not_picked":["Slimebound:Gluttony","Slimebound:OneTwoCombo","Slimebound:GoopTackle"],"picked":"SKIP","floor":15},{"not_picked":["Slimebound:PrepareCrush","Slimebound:SlimeSlap"],"picked":"Slimebound:MinionMaster","floor":16},{"not_picked":["Slimebound:RollThrough","Slimebound:Darklings"],"picked":"Slimebound:SplitBruiser","floor":19},{"not_picked":["Slimebound:Darklings","Slimebound:CheckThePlaybook"],"picked":"Slimebound:SlimeBrawl","floor":20},{"not_picked":["Slimebound:LeechingTouch","Slimebound:Gluttony+1","Slimebound:SplitBruiser"],"picked":"SKIP","floor":21},{"not_picked":["Slimebound:AcidTongue","Slimebound:PressTheAttack"],"picked":"Slimebound:SamplingLick+1","floor":22}],"player_experience":100485,"relics_obtained":[{"floor":2,"key":"Pet Ghost"},{"floor":6,"key":"Replay:Bottled Eggs"},{"floor":9,"key":"Sundial"},{"floor":14,"key":"Odd Mushroom"},{"floor":20,"key":"Counterbalance"},{"floor":22,"key":"Pocketwatch"},{"floor":22,"key":"Blue Candle"}],"event_choices":[{"damage_healed":0,"gold_gain":0,"player_choice":"Fought Mushrooms","damage_taken":0,"max_hp_gain":0,"max_hp_loss":0,"event_name":"Mushrooms","floor":14,"gold_loss":0}],"is_beta":false,"boss_relics":[{"not_picked":["Runic Pyramid","Abe\u0027s Treasure"],"picked":"Coffee Dripper"}],"items_purged_floors":[19],"is_endless":false,"potions_floor_spawned":[6,12,15,16,21],"killed_by":"Book of Stabbing","ascension_level":1}}