{"host":"i9wanet4r0ff4t9y","time":1607966184,"event":{"mods":["2.2 Compatiblity","Act Like it!","BaseMod","Better Altar","Better Match","Better Note","Better Sensory Stone","Better Skull","Better Third Choice","Better Vampires","BetterRewards","CapriCore","Downfall","Minty Spire (QoL Compilation)","READ ME - Guardian Mod","READ ME - Snecko Mod","Relic Stats","Replay The Spire","Spicy Shops","StSLib","The Disciple","Waifu the Spire"],"gold_per_floor":[114,132,132,132,151,151,182,237,237,237,316,316,8,23,23,172,172,185,132,132,148,163,191,191,191,191,0,19,19,36,36,36,131,131,141,141,180,0,1017,1026,176,204,204,230,251,251,280,50,59,59],"floor_reached":51,"playtime":1805,"items_purged":["sneckomod:Bewildered","Normality"],"score":777,"play_id":"19b03f00-883a-4a93-9725-d50cff79ce3e","local_time":"20201214181624","is_ascension_mode":false,"campfire_choices":[{"floor":6.0,"key":"REST"},{"data":"Blade Dance","floor":12.0,"key":"SMITH"},{"data":"After Image","floor":15.0,"key":"SMITH"},{"floor":25,"key":"REST"},{"floor":29,"key":"REST"},{"floor":32,"key":"REST"},{"data":"Replay:Bag of Tricks","floor":40,"key":"SMITH"},{"floor":46,"key":"REST"},{"data":"Corpse Explosion","floor":49,"key":"SMITH"}],"circlet_count":0,"master_deck":["Strike_G","Strike_G","Strike_G","Defend_G+1","Defend_G","Defend_G","Survivor+1","Neutralize","Dagger Spray","Cloak And Dagger+1","Blade Dance+1","Noxious Fumes","Bane","Footwork","After Image+1","Reflex","Corpse Explosion+1","Leg Sweep","Cloak And Dagger+1","Poisoned Stab","Leg Sweep","Sneak Up","Outmaneuver+1","Predator","Replay:Bag of Tricks+1","CurseOfTheBell","Dagger Spray","Chrysalis","Mayhem","PiercingWail+1","sneckomod:Bewildered","Dagger Throw","Flechettes","Deflect","Dodge and Roll","Caltrops+1","HandOfGreed","Replay:SS_hec_4","PiercingWail","Flying Knee","PiercingWail+1","Infinite Blades+1","expansioncontent:HyperBeam","Quick Slash"],"relics":["Ring of the Snake","Anchor","Paper Crane","Bag of Preparation","White Beast Statue","Chemical X","ReplayTheSpireMod:Ring of Challenge","ReplayTheSpireMod:Ring of Collecting","Meat on the Bone","Ring of Hypnosis","Quantum Egg","betterThird:SlimedRelic","Shuriken","ReplayTheSpireMod:CursedCoin","Replay:PocketPolymizer","Replay:Drink Me","Orichalcum","Ring of Fury","Replay:Bottled Eggs","Calling Bell","War Paint","Garlic","Torii","CeramicFish","Red Mask","BargainBundle","Divine Protection","Frozen Egg 2","Replay:Rubber Ducky","ReplayTheSpireMod:Ring of Exchange","Bottled Lightning","Sling"],"acts_visited":["Exordium","TheCity","TheBeyond"],"potions_floor_usage":[16,18,22,23,28,30,33,33,35,42,44,44,47,50,50],"damage_taken":[{"damage":1.0,"enemies":"Cultist","floor":1.0,"turns":4.0},{"damage":0.0,"enemies":"Small Slimes","floor":2.0,"turns":4.0},{"damage":0.0,"enemies":"Jaw Worm","floor":5.0,"turns":2.0},{"damage":4.0,"enemies":"3 Sentries","floor":7.0,"turns":7.0},{"damage":3.0,"enemies":"Blue Slaver","floor":8.0,"turns":3.0},{"damage":11.0,"enemies":"Lagavulin","floor":11.0,"turns":8.0},{"damage":0.0,"enemies":"Lots of Slimes","floor":14.0,"turns":3.0},{"damage":4,"enemies":"Slime Boss","floor":16,"turns":10},{"damage":0,"enemies":"2 Thieves","floor":18,"turns":1},{"damage":0,"enemies":"3 Byrds","floor":21,"turns":3},{"damage":12,"enemies":"Snake Plant","floor":22,"turns":5},{"damage":40,"enemies":"Slavers","floor":23,"turns":5},{"damage":0,"enemies":"Cultist and Chosen","floor":28,"turns":3},{"damage":0,"enemies":"Centurion and Healer","floor":30,"turns":4},{"damage":38,"enemies":"Champ","floor":33,"turns":12},{"damage":0,"enemies":"3 Darklings","floor":35,"turns":3},{"damage":21,"enemies":"3 Shapes","floor":37,"turns":5},{"damage":0,"enemies":"3 Darklings","floor":42,"turns":3},{"damage":0,"enemies":"4 Shapes","floor":44,"turns":2},{"damage":0,"enemies":"Writhing Mass","floor":45,"turns":6},{"damage":1,"enemies":"Sphere and 2 Shapes","floor":47,"turns":4},{"damage":32,"enemies":"Time Eater","floor":50,"turns":14}],"seed_played":"8120161570635915288","potions_obtained":[{"floor":1.0,"key":"Venom Potion"},{"floor":2.0,"key":"Doom Potion"},{"floor":5.0,"key":"SpeedPotion"},{"floor":7.0,"key":"SkillPotion"},{"floor":8.0,"key":"Toxic Potion"},{"floor":11.0,"key":"Swift Potion"},{"floor":14.0,"key":"FairyPotion"},{"floor":16,"key":"SkillPotion"},{"floor":18,"key":"Energy Potion"},{"floor":22,"key":"Weak Potion"},{"floor":23,"key":"Toxic Potion"},{"floor":28,"key":"Languid Potion"},{"floor":30,"key":"Slimebound:ThreeZeroPotion"},{"floor":33,"key":"Energy Potion"},{"floor":35,"key":"Block Potion"},{"floor":37,"key":"PowerPotion"},{"floor":42,"key":"Fire Potion"},{"floor":44,"key":"BlessingOfTheForge"},{"floor":45,"key":"EssenceOfSteel"},{"floor":47,"key":"GamblersBrew"}],"is_trial":false,"path_per_floor":["M","M","?","?","M","R","E","M","T","?","E","R","$","M","R","B",null,"M","$","?","M","M","E","?","R","T","?","M","R","M","$","R","B",null,"M","?","M","?","?","R","$","M","T","M","M","R","M","$","R","B",null],"character_chosen":"THE_SILENT","items_purchased":["Anchor","Paper Crane","Bag of Preparation","White Beast Statue","Chemical X","ReplayTheSpireMod:CursedCoin","Replay:PocketPolymizer","Footwork","Cloak And Dagger","BargainBundle","Divine Protection","Frozen Egg 2","Replay:Rubber Ducky","Dagger Throw","Flechettes","Deflect","Dodge and Roll","Caltrops+1","HandOfGreed","Replay:SS_hec_4","Sling","expansioncontent:HyperBeam"],"campfire_rested":5,"item_purchase_floors":[0,0,0,0,0,13,13,13,19,41,41,41,41,41,41,41,41,41,41,41,48,48],"current_hp_per_floor":[37,37,37,37,37,58,54,51,51,40,41,41,41,41,41,37,53,53,53,53,53,41,13,13,28,28,28,28,43,43,43,53,27,53,53,53,32,32,32,32,32,32,32,32,32,47,46,46,46,26],"gold":59,"neow_bonus":"","is_daily":false,"chose_seed":false,"campfire_upgraded":4,"win_rate":0.0,"timestamp":1607966184,"path_taken":["M","?","?","?","M","R","E","?","T","?","E","R","$","M","R","BOSS","M","$","?","M","?","E","?","R","T","?","M","R","M","$","R","BOSS","M","?","M","?","?","R","?","M","T","M","M","R","?","$","R","BOSS"],"items_purchased_type":["Relic","Relic","Relic","Relic","Relic","Relic","Relic","Card","Card","Relic","Relic","Relic","Relic","Card","Card","Card","Card","Card","Card","Card","Relic","Card"],"build_version":"2020-12-13","purchased_purges":2,"victory":true,"max_hp_per_floor":[70,70,70,70,70,70,70,70,70,70,70,70,70,70,70,70,53,53,53,53,53,53,53,53,53,53,53,53,53,53,53,53,53,53,53,53,53,53,53,53,53,53,53,53,53,53,53,53,53,53],"relic_stats":{"Torii":4,"counters":[233,899],"Shuriken":[47],"CeramicFish":153,"Bag of Preparation":[30],"Chemical X":[2],"Orichalcum":[24],"War Paint":["Survivor","Defend_G"],"obtain_stats":[{"TwistedFunnel":0,"Replay:Accelerometer":42,"Vampiric Spirits":0,"Whetstone":24,"Sling":0,"Boot":23,"Replay:Wanted Poster":17,"Sundial":43,"Replay:Bronze Core":17,"MealTicket":7,"Replay:Bottled Flurry":27,"HandDrill":30,"Kunai":0,"Replay:Bottled Steam":7,"Pear":44,"ReplayTheSpireMod:Ring of Addiction":46,"Counterbalance":47,"Pen Nib":37,"Paper Crane":0,"Akabeko":13,"ReplayTheSpireMod:Ring of Collecting":2,"Ring of the Serpent":17,"Regal Pillow":24,"Singing Bowl":9,"Torii":34,"Painkiller Herb":34,"StoneCalendar":53,"Blue Doll":25,"Bag of Preparation":6,"Replay:Multitool":27,"Ancient Tea Set":25,"Cursed Key":34,"Smiling Mask":45,"Pet Ghost":9,"Replay:Rubber Ducky":41,"BranchBurnRelic":15,"Ring of Fangs":46,"Matryoshka":27,"WristBlade":17,"Ninja Scroll":21,"Chemical X":37,"Ring of Panic":5,"Replay:Bottled Eggs":26,"InkBottle":44,"Ring of the Snake":0,"Lee\u0027s Waffle":0,"NeowsBlessing":0,"Circlet":0,"Thread and Needle":26,"betterThird:NestCultRelic":21,"The Courier":45,"PreservedInsect":0,"Omamori":9,"Frozen Egg 2":26,"MawBank":2,"Ornamental Fan":36,"betterThird:SlimedRelic":2,"Turnip":7,"Art of War":26,"Garlic":29,"Bottled Lightning":43,"ReplayTheSpireMod:Onyx Gauntlets":17,"ReplayTheSpireMod:Ring of Challenge":3,"Toy Ornithopter":46,"Ice Cream":0,"Divine Protection":9,"Tiny House":34,"Gremlin Horn":6,"CeramicFish":8,"Vajra":22,"Centennial Puzzle":43,"Lizard Tail":47,"Strawberry":37,"Honey Jar":34,"Philosopher\u0027s Stone":17,"Prayer Wheel":0,"Toxic Egg 2":26,"Happy Flower":43,"Ring of Hypnosis":9,"ReplayTheSpireMod:CursedCoin":24,"Dead Branch":0,"Replay:Grab Bag":17,"Oddly Smooth Stone":20,"Ring of Chaos":34,"Replay:Kaleidoscope":0,"War Paint":26,"WarpedTongs":29,"Replay:Baseball":11,"Bottled Flame":30,"ReplayTheSpireMod:Shallot":11,"Shuriken":9,"Onion Ring":40,"Simple Rune":24,"Black Star":17,"ReplayTheSpireMod:TigerMarble":0,"Grinning Jar":6,"Pocketwatch":44,"Meat on the Bone":7,"Darkstone Periapt":0,"ReplayTheSpireMod:Ring of Exchange":2,"Replay:PocketPolymizer":17,"SacredBark":46,"Snake Skull":25,"Juzu Bracelet":0,"Incense Burner":28,"ClockworkSouvenir":25,"Nunchaku":9,"Replay:Bandana":43,"Tough Bandages":0,"Dream Catcher":8,"Chameleon Ring":0,"Mummified Hand":37,"Pantograph":37,"Gambling Chip":36,"Tiny Chest":0,"Red Mask":19,"Replay:Drink Me":17,"Gremlin Food":30,"BargainBundle":53,"ReplayTheSpireMod:Ninjato":7,"Guide Book":37,"Quantum Egg":30,"Replay:WaspNest":37,"Orichalcum":5,"Odd Mushroom":10,"Medical Kit":47,"White Beast Statue":0,"Calling Bell":17,"Anchor":23,"CaptainsWheel":37,"Pondfish Scales":54,"Ring of Fury":26,"Bag of Marbles":44,"Membership Card":0,"ReplayTheSpireMod:ShopPack":0},{"TwistedFunnel":76,"Replay:Accelerometer":122,"Vampiric Spirits":170,"Whetstone":61,"Sling":26,"Boot":113,"Replay:Wanted Poster":84,"Sundial":70,"Replay:Bronze Core":34,"MealTicket":53,"Replay:Bottled Flurry":39,"HandDrill":41,"Kunai":185,"Replay:Bottled Steam":175,"Pear":71,"ReplayTheSpireMod:Ring of Addiction":48,"Counterbalance":150,"Pen Nib":66,"Paper Crane":211,"Akabeko":7,"ReplayTheSpireMod:Ring of Collecting":186,"Ring of the Serpent":132,"Regal Pillow":209,"Singing Bowl":128,"Torii":226,"Painkiller Herb":140,"StoneCalendar":152,"Blue Doll":166,"Bag of Preparation":3,"Replay:Multitool":39,"Ancient Tea Set":15,"Cursed Key":18,"Smiling Mask":97,"Pet Ghost":105,"Replay:Rubber Ducky":228,"BranchBurnRelic":33,"Ring of Fangs":48,"Matryoshka":89,"WristBlade":58,"Ninja Scroll":59,"Chemical X":66,"Ring of Panic":104,"Replay:Bottled Eggs":223,"InkBottle":71,"Ring of the Snake":0,"Lee\u0027s Waffle":49,"NeowsBlessing":0,"Circlet":0,"Thread and Needle":37,"betterThird:NestCultRelic":36,"The Courier":48,"PreservedInsect":154,"Omamori":4,"Frozen Egg 2":88,"MawBank":1,"Ornamental Fan":93,"betterThird:SlimedRelic":102,"Turnip":128,"Art of War":15,"Garlic":137,"Bottled Lightning":229,"ReplayTheSpireMod:Onyx Gauntlets":58,"ReplayTheSpireMod:Ring of Challenge":213,"Toy Ornithopter":48,"Ice Cream":188,"Divine Protection":159,"Tiny House":43,"Gremlin Horn":158,"CeramicFish":80,"Vajra":12,"Centennial Puzzle":22,"Lizard Tail":24,"Strawberry":45,"Honey Jar":117,"Philosopher\u0027s Stone":9,"Prayer Wheel":49,"Toxic Egg 2":113,"Happy Flower":122,"Ring of Hypnosis":216,"ReplayTheSpireMod:CursedCoin":113,"Dead Branch":26,"Replay:Grab Bag":58,"Oddly Smooth Stone":110,"Ring of Chaos":92,"Replay:Kaleidoscope":26,"War Paint":135,"WarpedTongs":62,"Replay:Baseball":31,"Bottled Flame":90,"ReplayTheSpireMod:Shallot":31,"Shuriken":80,"Onion Ring":69,"Simple Rune":165,"Black Star":58,"ReplayTheSpireMod:TigerMarble":101,"Grinning Jar":201,"Pocketwatch":23,"Meat on the Bone":215,"Darkstone Periapt":49,"ReplayTheSpireMod:Ring of Exchange":186,"Replay:PocketPolymizer":162,"SacredBark":48,"Snake Skull":37,"Juzu Bracelet":26,"Incense Burner":40,"ClockworkSouvenir":37,"Nunchaku":30,"Replay:Bandana":97,"Tough Bandages":126,"Dream Catcher":159,"Chameleon Ring":76,"Mummified Hand":66,"Pantograph":66,"Gambling Chip":119,"Tiny Chest":76,"Red Mask":11,"Replay:Drink Me":219,"Gremlin Food":41,"BargainBundle":75,"ReplayTheSpireMod:Ninjato":80,"Guide Book":45,"Quantum Egg":63,"Replay:WaspNest":119,"Orichalcum":28,"Odd Mushroom":31,"Medical Kit":150,"White Beast Statue":211,"Calling Bell":162,"Anchor":13,"CaptainsWheel":20,"Pondfish Scales":76,"Ring of Fury":223,"Bag of Marbles":148,"Membership Card":26,"ReplayTheSpireMod:ShopPack":101},{"TwistedFunnel":283,"Replay:Accelerometer":422,"Vampiric Spirits":616,"Whetstone":237,"Sling":101,"Boot":394,"Replay:Wanted Poster":313,"Sundial":265,"Replay:Bronze Core":127,"MealTicket":209,"Replay:Bottled Flurry":144,"HandDrill":153,"Kunai":680,"Replay:Bottled Steam":635,"Pear":268,"ReplayTheSpireMod:Ring of Addiction":186,"Counterbalance":534,"Pen Nib":253,"Paper Crane":788,"Akabeko":19,"ReplayTheSpireMod:Ring of Collecting":684,"Ring of the Serpent":465,"Regal Pillow":780,"Singing Bowl":446,"Torii":862,"Painkiller Herb":500,"StoneCalendar":544,"Blue Doll":600,"Bag of Preparation":3,"Replay:Multitool":144,"Ancient Tea Set":54,"Cursed Key":66,"Smiling Mask":346,"Pet Ghost":367,"Replay:Rubber Ducky":870,"BranchBurnRelic":118,"Ring of Fangs":186,"Matryoshka":324,"WristBlade":230,"Ninja Scroll":232,"Chemical X":253,"Ring of Panic":365,"Replay:Bottled Eggs":843,"InkBottle":268,"Ring of the Snake":0,"Lee\u0027s Waffle":194,"NeowsBlessing":0,"Circlet":0,"Thread and Needle":137,"betterThird:NestCultRelic":133,"The Courier":186,"PreservedInsect":556,"Omamori":7,"Frozen Egg 2":320,"MawBank":1,"Ornamental Fan":335,"betterThird:SlimedRelic":361,"Turnip":446,"Art of War":54,"Garlic":486,"Bottled Lightning":873,"ReplayTheSpireMod:Onyx Gauntlets":230,"ReplayTheSpireMod:Ring of Challenge":796,"Toy Ornithopter":186,"Ice Cream":699,"Divine Protection":573,"Tiny House":164,"Gremlin Horn":570,"CeramicFish":298,"Vajra":42,"Centennial Puzzle":78,"Lizard Tail":88,"Strawberry":173,"Honey Jar":408,"Philosopher\u0027s Stone":30,"Prayer Wheel":194,"Toxic Egg 2":394,"Happy Flower":422,"Ring of Hypnosis":808,"ReplayTheSpireMod:CursedCoin":394,"Dead Branch":101,"Replay:Grab Bag":230,"Oddly Smooth Stone":381,"Ring of Chaos":332,"Replay:Kaleidoscope":101,"War Paint":477,"WarpedTongs":240,"Replay:Baseball":114,"Bottled Flame":326,"ReplayTheSpireMod:Shallot":114,"Shuriken":298,"Onion Ring":262,"Simple Rune":598,"Black Star":230,"ReplayTheSpireMod:TigerMarble":360,"Grinning Jar":747,"Pocketwatch":83,"Meat on the Bone":805,"Darkstone Periapt":194,"ReplayTheSpireMod:Ring of Exchange":684,"Replay:PocketPolymizer":589,"SacredBark":186,"Snake Skull":137,"Juzu Bracelet":101,"Incense Burner":148,"ClockworkSouvenir":137,"Nunchaku":111,"Replay:Bandana":346,"Tough Bandages":437,"Dream Catcher":573,"Chameleon Ring":283,"Mummified Hand":253,"Pantograph":253,"Gambling Chip":415,"Tiny Chest":283,"Red Mask":38,"Replay:Drink Me":829,"Gremlin Food":153,"BargainBundle":280,"ReplayTheSpireMod:Ninjato":298,"Guide Book":173,"Quantum Egg":243,"Replay:WaspNest":415,"Orichalcum":106,"Odd Mushroom":114,"Medical Kit":534,"White Beast Statue":788,"Calling Bell":589,"Anchor":46,"CaptainsWheel":72,"Pondfish Scales":283,"Ring of Fury":843,"Bag of Marbles":526,"Membership Card":101,"ReplayTheSpireMod:ShopPack":360}],"Ring of the Snake":[160],"Meat on the Bone":48},"card_choices":[{"not_picked":["Backflip","Underhanded Strike"],"picked":"Dagger Spray","floor":1.0},{"not_picked":["Quick Slash","Slice"],"picked":"Cloak And Dagger","floor":2.0},{"not_picked":["Deflect","Dodge and Roll"],"picked":"Blade Dance","floor":5.0},{"not_picked":["Deflect","Deadly Poison"],"picked":"Noxious Fumes","floor":7.0},{"not_picked":["Expertise","Prepared"],"picked":"Flechettes","floor":8.0},{"not_picked":["Reflex","Underhanded Strike"],"picked":"Bane","floor":11.0},{"not_picked":["Predator","Deflect"],"picked":"After Image","floor":14.0},{"not_picked":["Burst","After Image"],"picked":"Corpse Explosion","floor":16},{"not_picked":["Sneak Up","Concentrate"],"picked":"Leg Sweep","floor":18},{"not_picked":["Bane","Deadly Poison+1"],"picked":"Poisoned Stab","floor":21},{"not_picked":["Deadly Poison","PiercingWail"],"picked":"Leg Sweep","floor":22},{"not_picked":["Wraith Form v2","Tools of the Trade"],"picked":"Sneak Up","floor":23},{"not_picked":["Prepared+1","Quick Slash"],"picked":"Outmaneuver+1","floor":28},{"not_picked":["Deadly Poison","Poisoned Stab"],"picked":"Predator","floor":30},{"not_picked":["Storm of Steel","Doppelganger"],"picked":"Replay:Bag of Tricks","floor":33},{"not_picked":["Backflip","Bane+1"],"picked":"Dagger Spray","floor":35},{"not_picked":["Transmutation","Trip"],"picked":"Chrysalis","floor":36},{"not_picked":["ReplayUltimateDefense","Finesse"],"picked":"Mayhem","floor":36},{"not_picked":["Bouncing Flask","Outmaneuver"],"picked":"PiercingWail+1","floor":37},{"not_picked":["Dagger Throw+1","Concentrate"],"picked":"PiercingWail","floor":42},{"not_picked":["Deadly Poison+1","Quick Slash+1"],"picked":"Flying Knee","floor":44},{"not_picked":["Bane+1","Skewer"],"picked":"PiercingWail+1","floor":45},{"not_picked":["PiercingWail+1","Dagger Throw"],"picked":"Infinite Blades+1","floor":47}],"player_experience":349666,"relics_obtained":[{"floor":3.0,"key":"ReplayTheSpireMod:Ring of Challenge"},{"floor":3.0,"key":"ReplayTheSpireMod:Ring of Collecting"},{"floor":7.0,"key":"Meat on the Bone"},{"floor":9.0,"key":"Ring of Hypnosis"},{"floor":9.0,"key":"Quantum Egg"},{"floor":11.0,"key":"Shuriken"},{"floor":23,"key":"Orichalcum"},{"floor":26,"key":"Ring of Fury"},{"floor":26,"key":"Replay:Bottled Eggs"},{"floor":34,"key":"War Paint"},{"floor":34,"key":"Garlic"},{"floor":34,"key":"Torii"},{"floor":37,"key":"CeramicFish"},{"floor":43,"key":"ReplayTheSpireMod:Ring of Exchange"},{"floor":43,"key":"Bottled Lightning"}],"event_choices":[{"damage_healed":0.0,"max_hp_gain":0.0,"max_hp_loss":0.0,"gold_gain":0.0,"event_name":"Upgrade Shrine","player_choice":"Upgraded","floor":4.0,"gold_loss":0.0,"damage_taken":0.0,"cards_upgraded":["Cloak And Dagger"]},{"damage_healed":0.0,"max_hp_gain":1.0,"max_hp_loss":0.0,"gold_gain":0.0,"event_name":"betterThird:BetterGoop","player_choice":"Slimed","floor":10.0,"gold_loss":0.0,"damage_taken":11.0},{"damage_healed":3,"gold_gain":0,"player_choice":"LEAVE ","damage_taken":0,"relics_obtained":[],"max_hp_gain":0,"max_hp_loss":0,"event_name":"betterSkull:BetterSkull","floor":20,"gold_loss":0,"cards_upgraded":[]},{"damage_healed":0,"gold_gain":0,"player_choice":"Ignored","damage_taken":0,"max_hp_gain":0,"max_hp_loss":0,"event_name":"betterNote:BetterNote","floor":24,"gold_loss":0,"cards_obtained":["A Thousand Cuts"]},{"damage_healed":0,"gold_gain":0,"player_choice":"Paid Fearfully","damage_taken":0,"max_hp_gain":0,"max_hp_loss":0,"event_name":"Masked Bandits","floor":27,"gold_loss":191},{"damage_healed":0,"gold_gain":3,"player_choice":"1","damage_taken":0,"max_hp_gain":0,"max_hp_loss":0,"event_name":"betterStone:BetterStone","floor":36,"gold_loss":0},{"damage_healed":0,"gold_gain":0,"player_choice":"Paid","damage_taken":0,"relics_obtained":["Red Mask"],"max_hp_gain":0,"max_hp_loss":0,"event_name":"Tomb of Lord Red Mask","floor":38,"gold_loss":180},{"damage_healed":0,"gold_gain":999,"player_choice":"Gold","damage_taken":0,"max_hp_gain":0,"max_hp_loss":0,"event_name":"MindBloom","floor":39,"gold_loss":0,"cards_obtained":["Normality","Normality"]}],"is_beta":false,"boss_relics":[{"not_picked":["Ring of the Serpent","Astrolabe"],"picked":"Replay:Drink Me"},{"not_picked":["Pandora\u0027s Box","Kintsugi"],"picked":"Calling Bell"}],"items_purged_floors":[13,41],"is_endless":false,"potions_floor_spawned":[1,2,5,7,8,11,14,16,18,21,22,23,28,30,33,35,37,42,44,45,47],"ascension_level":0}}