{"host":"951sez6ulsv0fw1i","time":1607979992,"event":{"mods":["2.2 Compatiblity","Aspiration","BaseMod","Better Third Choice","BetterRewards","CCEM","CapriCore","Conspire","Downfall","Googly Eyes","Hermit","Infinite Spire","JesterMod","Luminous","Mari Mod (Legacy)","Mari\u0027s V1 Patch","Marisa????????","Minty Spire (QoL Compilation)","Potionbrewer","Reimu??????","Shade Mod","StSLib","The Bug Knight","The Cursed","The Forsaken","The Immortal","The Mystic","The Poker Player","The Runesmith","The Servant 0.9.4","TheBandit","TheSwordswoman"],"gold_per_floor":[113,113,113,129,9,9,9,42,42,42,53,83,97,10,10,107,107,125,200,475,12,12,43,43,55,106,106,140,158,172,199,199,300,300,312,312,312,331,349,349,383,383,383,383,402,402,431,431,431,431,431,431,61,93,193],"floor_reached":56,"playtime":3685,"items_purged":["Injury","Regret","TheCursedMod:Dregs","infinitespire:Pacifist"],"score":1369,"play_id":"521e1701-9855-4ef3-aa5e-2a02ef41dd4f","local_time":"20201214220632","is_ascension_mode":false,"campfire_choices":[{"data":"HollowMod:FocusHealStart","floor":6,"key":"SMITH"},{"data":"HollowMod:ElderbugsWisdom","floor":10,"key":"SMITH"},{"data":"HollowMod:ZotesMagnificence","floor":15,"key":"SMITH"},{"data":"HollowMod:MidwifesHunger","floor":24,"key":"SMITH"},{"data":"Mayhem","floor":32,"key":"SMITH"},{"floor":40,"key":"RECALL"},{"data":"HollowMod:SlysStrikes","floor":44,"key":"SMITH"},{"data":"HollowMod:DashSlash","floor":46,"key":"SMITH"},{"data":"HollowMod:LifebloodCocoon+1","floor":49,"key":"SMITH"},{"data":"HollowMod:LifebloodCocoon+1","floor":52,"key":"SMITH"}],"circlet_count":0,"master_deck":["HollowMod:NailStrikeStart","HollowMod:NailStrikeStart","HollowMod:NailStrikeStart","HollowMod:NailStrikeStart","HollowMod:QuickDashStart","HollowMod:QuickDashStart+1","HollowMod:QuickDashStart","HollowMod:QuickDashStart","HollowMod:FocusHealStart+1","HollowMod:PogoStrike+1","HollowMod:SoulSplash","HollowMod:DoubleDash+1","HollowMod:CornifersMapStart+1","HollowMod:ElderbugsWisdom+1","HollowMod:GoodIntentions+1","HollowMod:ZotesMagnificence+1","HollowMod:LifebloodCocoon+1","expansioncontent:ChargeUp+1","HollowMod:theNailsmith+1","HollowMod:NewLittleFool","HollowMod:LifebloodCocoon+2","Mayhem+1","HollowMod:MidwifesHunger+1","HollowMod:RecoilStrike+1","HollowMod:DashSlash+1","HollowMod:PerfectDash+1","infinitespire:Fortify+1","HollowMod:SoulSplash+1","HollowMod:SlysStrikes+1","HollowMod:LifebloodCocoon+2","Madness+1","Madness+1","HollowMod:ChannelNail+1","HollowMod:RecoilStrike+1","HollowMod:GrimmsGift+1","HollowMod:CloakDash+1","HollowMod:SiblingsSouls+1","Discovery+1","HollowMod:SiblingsShadow+1","HollowMod:LifebloodCore+1","HollowMod:ElderbugsWisdom"],"relics":["HollowMod:VesselMask","Toxic Egg 2","Runesmith:AutoHammer","HollowMod:LumaflyLanternRelic","Juzu Bracelet","Cursed Key","Sling","CCEMRelics:CocoNut","Smiling Mask","CCEMRelics:FryingPan","CCEMRelics:SpiritsEdge","Black Star","conspire:InfiniteJournal","Dream Catcher","InkBottle","Pen Nib","infinitespire:Beetle Shell","potionbrewer:DrinkingBird","Tea:ReiMu"],"acts_visited":["Exordium","TheCity","TheBeyond","TheEnding"],"potions_floor_usage":[12,28,38,50,54,55,55],"damage_taken":[{"damage":0,"enemies":"2 Louse","floor":1,"turns":3},{"damage":0,"enemies":"Small Slimes","floor":4,"turns":3},{"damage":0,"enemies":"HollowMod:MossKnight","floor":8,"turns":5},{"damage":1,"enemies":"Jaw Worm","floor":11,"turns":5},{"damage":56,"enemies":"Gremlin Nob","floor":12,"turns":6},{"damage":4,"enemies":"Red Slaver","floor":13,"turns":3},{"damage":7,"enemies":"The Guardian","floor":16,"turns":13},{"damage":9,"enemies":"2 Thieves","floor":18,"turns":4},{"damage":0,"enemies":"conspire:SneckoGhost","floor":23,"turns":6},{"damage":0,"enemies":"Chosen","floor":25,"turns":3},{"damage":9,"enemies":"Gremlin Leader","floor":28,"turns":5},{"damage":0,"enemies":"Centurion and Healer","floor":29,"turns":4},{"damage":0,"enemies":"3 Cultists","floor":30,"turns":5},{"damage":7,"enemies":"Nightmare","floor":31,"turns":8},{"damage":3,"enemies":"HollowMod:NKGrimm","floor":33,"turns":9},{"damage":1,"enemies":"Orb Walker","floor":35,"turns":2},{"damage":21,"enemies":"3 Darklings","floor":38,"turns":6},{"damage":2,"enemies":"Spire Growth","floor":39,"turns":4},{"damage":0,"enemies":"Nemesis","floor":41,"turns":5},{"damage":15,"enemies":"Transient","floor":45,"turns":5},{"damage":0,"enemies":"Giant Head","floor":47,"turns":5},{"damage":41,"enemies":"Donu and Deca","floor":50,"turns":10},{"damage":12,"enemies":"Shield and Spear","floor":54,"turns":6},{"damage":117,"enemies":"The Heart","floor":55,"turns":10}],"seed_played":"4116250044422214050","potions_obtained":[{"floor":1,"key":"Block Potion"},{"floor":12,"key":"Regen Potion"},{"floor":13,"key":"PowerPotion"},{"floor":16,"key":"BlessingOfTheForge"},{"floor":29,"key":"Weak Potion"},{"floor":33,"key":"Swift Potion"},{"floor":39,"key":"Explosive Potion"}],"is_trial":false,"path_per_floor":["M","?","?","M","$","R","?","E","T","R","M","E","M","$","R","B",null,"M","?","?","$","?","E","R","M","T","AVR","E","M","M","NM","R","B",null,"M","?","?","M","M","R","E","?","T","R","M","R","E","?","R","B",null,"R","$","E","B",null],"character_chosen":"THE_BUGKNIGHT","items_purchased":["HollowMod:CornifersMapStart+1","expansioncontent:ChargeUp+1","Sling","HollowMod:LifebloodCocoon+1","Mayhem","HollowMod:SiblingsSouls+1","Discovery+1","FairyPotion","HollowMod:SiblingsShadow+1"],"campfire_rested":0,"item_purchase_floors":[5,14,21,21,21,53,53,53,53],"current_hp_per_floor":[82,66,66,72,72,72,72,82,82,82,81,31,33,33,33,32,82,79,71,71,71,71,82,82,87,87,87,84,87,87,86,86,87,87,86,86,75,64,62,62,68,97,97,97,88,88,94,94,94,53,97,97,97,93,1],"gold":193,"neow_bonus":"TEN_PERCENT_HP_BONUS","is_daily":false,"chose_seed":false,"campfire_upgraded":9,"win_rate":0.0,"timestamp":1607979992,"path_taken":["M","?","?","M","$","R","?","E","T","R","?","E","M","?","R","BOSS","M","?","?","?","?","E","R","M","T","AVR","E","M","M","NM","R","BOSS","M","?","?","M","M","R","E","?","T","R","M","R","E","?","R","BOSS","R","$","E","BOSS"],"items_purchased_type":["Card","Card","Relic","Card","Card","Card","Card","Potion","Card"],"build_version":"2020-12-13","purchased_purges":4,"victory":true,"max_hp_per_floor":[82,82,82,82,82,82,82,82,82,82,82,82,82,82,82,82,82,82,82,82,82,82,87,87,87,87,87,87,87,87,87,87,87,87,87,87,87,87,87,87,87,97,97,97,97,97,97,97,97,97,97,97,97,97,97],"card_choices":[{"not_picked":["HollowMod:CycloneSlash","HollowMod:SiblingsSouls"],"picked":"HollowMod:SoulSplash","floor":1},{"not_picked":["HollowMod:Grubsong","HollowMod:DescendingDark"],"picked":"HollowMod:DoubleDash+1","floor":4},{"not_picked":["HollowMod:VengefulVoid","HollowMod:CornifersMapStart+1"],"picked":"HollowMod:ElderbugsWisdom","floor":8},{"not_picked":["HollowMod:FallenFury","HollowMod:DesolateDive"],"picked":"HollowMod:GoodIntentions+1","floor":11},{"not_picked":["HollowMod:DesolateDive","HollowMod:Grubsong"],"picked":"HollowMod:ZotesMagnificence","floor":12},{"not_picked":["HollowMod:SoulStrike","HollowMod:HowlingWraiths"],"picked":"HollowMod:LifebloodCocoon+1","floor":13},{"not_picked":["HollowMod:HornetsHelp","HollowMod:AwokenDreamNail"],"picked":"HollowMod:theNailsmith+1","floor":16},{"not_picked":["HollowMod:GoodIntentions+1","HollowMod:CycloneSlash"],"picked":"HollowMod:NewLittleFool","floor":18},{"not_picked":["HollowMod:HowlingWraiths","HollowMod:CycloneSlash"],"picked":"HollowMod:MidwifesHunger","floor":23},{"not_picked":["HollowMod:CrystalDash+1","HollowMod:PureNailStrike"],"picked":"HollowMod:RecoilStrike+1","floor":25},{"not_picked":["HollowMod:CrystalDash+1","HollowMod:DescendingDark","HollowMod:AbyssShriek"],"picked":"SKIP","floor":28},{"not_picked":["HollowMod:CycloneSlash","HollowMod:SoulVessel+1"],"picked":"HollowMod:DashSlash","floor":29},{"not_picked":["HollowMod:HeavyBlow+1","HollowMod:VengefulSpirit+1"],"picked":"HollowMod:PerfectDash+1","floor":30},{"not_picked":["infinitespire:UltimateForm","infinitespire:FutureSight"],"picked":"infinitespire:Fortify","floor":31},{"not_picked":["HollowMod:VengefulSpirit+1","HollowMod:SharpenedNail"],"picked":"HollowMod:SoulSplash+1","floor":31},{"not_picked":["HollowMod:VoidDash+1","HollowMod:HornetsHelp"],"picked":"HollowMod:SlysStrikes","floor":33},{"not_picked":["HollowMod:DoubleDash+1","HollowMod:TaintedHusks+1","HollowMod:HeavyBlow+1"],"picked":"SKIP","floor":35},{"not_picked":["HollowMod:SoulStrike+1","HollowMod:CycloneSlash+1"],"picked":"HollowMod:ChannelNail+1","floor":38},{"not_picked":["HollowMod:MothsMistake","HollowMod:CoiledNail+1"],"picked":"HollowMod:RecoilStrike+1","floor":39},{"not_picked":["HollowMod:SoulSplash+1","HollowMod:TaintedHusks+1"],"picked":"HollowMod:Weaversong","floor":41},{"not_picked":["HollowMod:SharpenedNail","HollowMod:CoiledNail"],"picked":"HollowMod:GrimmsGift+1","floor":45},{"not_picked":["HollowMod:GoodIntentions+1","HollowMod:NewJinnsSoul+1"],"picked":"HollowMod:CloakDash+1","floor":47},{"not_picked":["HollowMod:PerfectDash+1","HollowMod:SharpenedNail"],"picked":"HollowMod:LifebloodCore+1","floor":54},{"not_picked":["HollowMod:VoidDash+1","HollowMod:AwokenDreamNail"],"picked":"HollowMod:ElderbugsWisdom","floor":55}],"player_experience":502408,"relics_obtained":[{"floor":8,"key":"Runesmith:AutoHammer"},{"floor":9,"key":"HollowMod:LumaflyLanternRelic"},{"floor":12,"key":"Juzu Bracelet"},{"floor":23,"key":"CCEMRelics:CocoNut"},{"floor":28,"key":"CCEMRelics:FryingPan"},{"floor":31,"key":"CCEMRelics:SpiritsEdge"},{"floor":41,"key":"conspire:InfiniteJournal"},{"floor":41,"key":"Dream Catcher"},{"floor":43,"key":"InkBottle"},{"floor":47,"key":"Pen Nib"},{"floor":47,"key":"infinitespire:Beetle Shell"},{"floor":54,"key":"potionbrewer:DrinkingBird"},{"floor":54,"key":"Tea:ReiMu"}],"event_choices":[{"damage_healed":82,"gold_gain":0,"player_choice":"Upgrade","damage_taken":16,"max_hp_gain":0,"max_hp_loss":82,"event_name":"betterThird:BetterShining","floor":2,"gold_loss":0,"cards_upgraded":["HollowMod:QuickDashStart","HollowMod:PogoStrike"]},{"damage_healed":0,"gold_gain":0,"player_choice":"Leave","damage_taken":0,"max_hp_gain":0,"max_hp_loss":0,"event_name":"conspire:Investor","floor":7,"gold_loss":0},{"damage_healed":0,"gold_gain":75,"player_choice":"Touch","damage_taken":8,"max_hp_gain":0,"max_hp_loss":0,"event_name":"FaceTrader","floor":19,"gold_loss":0},{"damage_healed":0,"gold_gain":275,"player_choice":"Desecrate","damage_taken":0,"max_hp_gain":0,"max_hp_loss":0,"event_name":"Golden Shrine","floor":20,"gold_loss":0,"cards_obtained":["Regret"]},{"damage_healed":0,"gold_gain":0,"player_choice":"1 cards matched","damage_taken":0,"max_hp_gain":0,"max_hp_loss":0,"event_name":"Match and Keep!","floor":36,"gold_loss":0,"cards_obtained":["HollowMod:LifebloodCocoon"]},{"damage_healed":0,"gold_gain":0,"player_choice":"Embrace Madness","damage_taken":11,"max_hp_gain":0,"max_hp_loss":0,"event_name":"Winding Halls","floor":37,"gold_loss":0,"cards_obtained":["Madness","Madness"]},{"cards_removed":["HollowMod:Weaversong"],"damage_healed":19,"gold_gain":0,"player_choice":"Offered Rare","damage_taken":0,"max_hp_gain":10,"max_hp_loss":0,"event_name":"Bonfire Elementals","floor":42,"gold_loss":0},{"damage_healed":0,"gold_gain":0,"player_choice":"Ignored","damage_taken":0,"max_hp_gain":0,"max_hp_loss":0,"event_name":"Tomb of Lord Red Mask","floor":48,"gold_loss":0}],"is_beta":false,"boss_relics":[{"not_picked":["Snecko Eye","aspiration:DefectSkillbook"],"picked":"Cursed Key"},{"not_picked":["aspiration:SecretTechniqueScroll","aspiration:FutureDiary"],"picked":"Black Star"}],"items_purged_floors":[5,21,27,53],"is_endless":true,"potions_floor_spawned":[1,12,13,16,18,29,33,39,45,47],"ascension_level":0}}