{"host":"ryuep8ewa00k39z9","time":1607965127,"event":{"mods":["AchievementEnabler","BaseMod","Best Route Mod","Colored Map","Colored Powertips","Displayed Cursed Tome","Highlight Path","Minty Spire (QoL Compilation)","Quick Restart","SuperFastMode"],"gold_per_floor":[155,21,21,57,57,57,165,165,165,165,210,266,304,364,364,467,517,525,541,37,49,49,49,49,84,155,198,238,238,238,238,238,335,335,355,355,374,374,389,441,441,493,518,518,572,572,635,15,15,15,15,15,15,68,68,68],"floor_reached":55,"playtime":3147,"items_purged":["Strike_R","Strike_R","Strike_R"],"score":1394,"play_id":"9f14293b-bb9d-437f-9282-18705ee6b2eb","local_time":"20201214105847","is_ascension_mode":true,"campfire_choices":[{"data":"HandOfGreed","floor":6.0,"key":"SMITH"},{"data":"Demon Form","floor":8.0,"key":"SMITH"},{"floor":10.0,"key":"REST"},{"data":"Double Tap","floor":15.0,"key":"SMITH"},{"floor":23.0,"key":"REST"},{"floor":29.0,"key":"REST"},{"floor":32.0,"key":"REST"},{"data":"Dual Wield","floor":41.0,"key":"SMITH"},{"floor":44.0,"key":"RECALL"},{"data":"Demon Form","floor":49.0,"key":"SMITH"},{"data":"Inflame","floor":52.0,"key":"SMITH"}],"circlet_count":0,"master_deck":["AscendersBane","Strike_R","Strike_R+1","Defend_R+1","Defend_R","Defend_R","Defend_R","Bash","HandOfGreed+1","Headbutt+1","Demon Form+1","Double Tap+1","Corruption","Reaper","Dual Wield+1","Juggernaut","Demon Form+1","Reaper","Inflame+1","Blood for Blood+1"],"relics":["Burning Blood","Blood Vial","Gremlin Horn","Mummified Hand","Singing Bowl","Tiny House","Chemical X","Bird Faced Urn","Shuriken","Busted Crown","Mango","Bottled Tornado","Ancient Tea Set","Paper Frog","Medical Kit","Bag of Marbles","Calipers"],"acts_visited":["Exordium","TheCity","TheBeyond","TheEnding"],"potions_floor_usage":[55],"damage_taken":[{"damage":3.0,"enemies":"Small Slimes","floor":1.0,"turns":4.0},{"damage":2.0,"enemies":"Jaw Worm","floor":4.0,"turns":3.0},{"damage":10.0,"enemies":"3 Sentries","floor":7.0,"turns":6.0},{"damage":0.0,"enemies":"Cultist","floor":11.0,"turns":2.0},{"damage":20.0,"enemies":"Lagavulin","floor":12.0,"turns":5.0},{"damage":11.0,"enemies":"Looter","floor":13.0,"turns":3.0},{"damage":0.0,"enemies":"3 Louse","floor":14.0,"turns":2.0},{"damage":48.0,"enemies":"The Guardian","floor":16.0,"turns":8.0},{"damage":13.0,"enemies":"2 Thieves","floor":18.0,"turns":4.0},{"damage":7.0,"enemies":"Chosen","floor":19.0,"turns":4.0},{"damage":39.0,"enemies":"Snake Plant","floor":21.0,"turns":5.0},{"damage":28.0,"enemies":"Book of Stabbing","floor":25.0,"turns":3.0},{"damage":45.0,"enemies":"Cultist and Chosen","floor":27.0,"turns":5.0},{"damage":22.0,"enemies":"Sentry and Sphere","floor":28.0,"turns":4.0},{"damage":80.0,"enemies":"Automaton","floor":33.0,"turns":8.0},{"damage":41.0,"enemies":"Orb Walker","floor":35.0,"turns":4.0},{"damage":11.0,"enemies":"3 Shapes","floor":37.0,"turns":4.0},{"damage":41.0,"enemies":"Maw","floor":39.0,"turns":7.0},{"damage":48.0,"enemies":"Nemesis","floor":40.0,"turns":5.0},{"damage":84.0,"enemies":"Reptomancer","floor":42.0,"turns":6.0},{"damage":101.0,"enemies":"Giant Head","floor":45.0,"turns":7.0},{"damage":16.0,"enemies":"Jaw Worm Horde","floor":47.0,"turns":4.0},{"damage":133.0,"enemies":"Donu and Deca","floor":50.0,"turns":7.0},{"damage":204,"enemies":"Shield and Spear","floor":54,"turns":6},{"damage":79,"enemies":"The Heart","floor":55,"turns":2}],"seed_played":"6855955928605462883","potions_obtained":[{"floor":1.0,"key":"DuplicationPotion"},{"floor":4.0,"key":"Strength Potion"},{"floor":12.0,"key":"SkillPotion"},{"floor":14.0,"key":"Strength Potion"},{"floor":17.0,"key":"Dexterity Potion"},{"floor":21.0,"key":"Dexterity Potion"},{"floor":27.0,"key":"EssenceOfSteel"},{"floor":28.0,"key":"Energy Potion"},{"floor":37.0,"key":"Weak Potion"},{"floor":39.0,"key":"Dexterity Potion"},{"floor":45.0,"key":"SkillPotion"},{"floor":54,"key":"LiquidMemories"}],"is_trial":false,"path_per_floor":["M","$","?","M","T","R","E","R","T","R","M","E","M","M","R","B",null,"M","M","$","M","$","R","$","E","T","M","M","R","?","?","R","B",null,"M","?","M","?","M","E","R","E","T","R","E","T","M","$","R","B",null,"R","$","E","B"],"character_chosen":"IRONCLAD","items_purchased":["Headbutt","Reaper","Dual Wield","Chemical X","Medical Kit","Inflame","Bag of Marbles","DuplicationPotion"],"campfire_rested":4,"item_purchase_floors":[2,20,20,20,48,48,48,48],"current_hp_per_floor":[53,53,30,34,34,34,32,32,32,54,62,50,49,59,59,19,71,68,71,71,42,42,69,69,49,49,23,17,45,45,45,73,24,78,64,64,100,100,102,78,78,50,50,50,118,118,124,124,124,96,117,117,117,32,0,0],"gold":68,"neow_bonus":"RANDOM_COLORLESS_2","is_daily":false,"chose_seed":false,"campfire_upgraded":6,"win_rate":0.0,"timestamp":1607965127,"path_taken":["M","$","?","M","?","R","E","R","T","R","M","E","?","M","R","BOSS","M","M","$","M","$","R","$","E","T","M","M","R","?","?","R","BOSS","M","?","M","?","?","E","R","E","T","R","E","?","?","$","R","BOSS","R","$","E","BOSS"],"items_purchased_type":["Card","Card","Card","Relic","Relic","Card","Relic","Potion"],"build_version":"2020-12-13","purchased_purges":3,"victory":false,"max_hp_per_floor":[75,75,75,75,75,75,75,75,75,75,75,75,77,79,79,79,86,88,90,90,92,92,92,92,92,92,94,96,96,96,96,96,96,96,98,98,100,100,102,118,118,120,120,120,122,122,124,124,124,124,124,124,124,124,124,124],"card_choices":[{"not_picked":["Mayhem","Magnetism"],"picked":"HandOfGreed","floor":0.0},{"not_picked":["Armaments","Warcry","Shrug It Off"],"picked":"SKIP","floor":1.0},{"not_picked":["Warcry","True Grit","Headbutt"],"picked":"SKIP","floor":4.0},{"not_picked":["Pummel","Sever Soul"],"picked":"Demon Form","floor":7.0},{"not_picked":["Anger","Havoc","Warcry"],"picked":"SKIP","floor":11.0},{"not_picked":["Ghostly Armor","Evolve"],"picked":"Double Tap","floor":12.0},{"not_picked":["Flex","True Grit","Disarm"],"picked":"Singing Bowl","floor":13.0},{"not_picked":["Burning Pact","True Grit","Cleave"],"picked":"Singing Bowl","floor":14.0},{"not_picked":["Fiend Fire","Exhume"],"picked":"Corruption","floor":16.0},{"not_picked":["Perfected Strike","Intimidate","True Grit"],"picked":"Singing Bowl","floor":17.0},{"not_picked":["Iron Wave","True Grit","Entrench"],"picked":"Singing Bowl","floor":18.0},{"not_picked":["Battle Trance","Body Slam","Combust"],"picked":"Singing Bowl","floor":19.0},{"not_picked":["Ghostly Armor","Body Slam+1","Wild Strike"],"picked":"Singing Bowl","floor":21.0},{"not_picked":["Havoc","Clash"],"picked":"Juggernaut","floor":25.0},{"not_picked":["Evolve","Thunderclap","Clothesline"],"picked":"Singing Bowl","floor":27.0},{"not_picked":["Sever Soul+1","Flex","Fire Breathing"],"picked":"Singing Bowl","floor":28.0},{"not_picked":["Brutality","Exhume"],"picked":"Demon Form","floor":33.0},{"not_picked":["Warcry+1"],"picked":"Singing Bowl","floor":35.0},{"not_picked":["True Grit"],"picked":"Singing Bowl","floor":37.0},{"not_picked":["Cleave"],"picked":"Singing Bowl","floor":39.0},{"not_picked":["Intimidate"],"picked":"Singing Bowl","floor":40.0},{"not_picked":["Rage+1"],"picked":"Singing Bowl","floor":42.0},{"not_picked":["Cleave"],"picked":"Singing Bowl","floor":45.0},{"not_picked":["Twin Strike"],"picked":"Singing Bowl","floor":47.0},{"not_picked":[],"picked":"Blood for Blood+1","floor":54}],"player_experience":3142037,"relics_obtained":[{"floor":5.0,"key":"Blood Vial"},{"floor":7.0,"key":"Gremlin Horn"},{"floor":9.0,"key":"Mummified Hand"},{"floor":12.0,"key":"Singing Bowl"},{"floor":25.0,"key":"Bird Faced Urn"},{"floor":26.0,"key":"Shuriken"},{"floor":40.0,"key":"Mango"},{"floor":42.0,"key":"Bottled Tornado"},{"floor":45.0,"key":"Ancient Tea Set"},{"floor":46.0,"key":"Paper Frog"},{"floor":54,"key":"Calipers"}],"event_choices":[{"damage_healed":0.0,"max_hp_gain":0.0,"max_hp_loss":0.0,"gold_gain":0.0,"event_name":"Shining Light","player_choice":"Entered Light","floor":3.0,"gold_loss":0.0,"damage_taken":23.0,"cards_upgraded":["Headbutt","Defend_R"]},{"damage_healed":0.0,"max_hp_gain":0.0,"max_hp_loss":0.0,"gold_gain":0.0,"event_name":"Cursed Tome","player_choice":"Ignored","floor":30.0,"gold_loss":0.0,"damage_taken":0.0},{"damage_healed":0.0,"max_hp_gain":0.0,"max_hp_loss":0.0,"gold_gain":0.0,"event_name":"Ghosts","player_choice":"Ignored","floor":31.0,"gold_loss":0.0,"damage_taken":0.0},{"damage_healed":0.0,"max_hp_gain":0.0,"max_hp_loss":0.0,"gold_gain":0.0,"event_name":"Tomb of Lord Red Mask","player_choice":"Ignored","floor":36.0,"gold_loss":0.0,"damage_taken":0.0},{"damage_healed":0.0,"max_hp_gain":0.0,"max_hp_loss":0.0,"gold_gain":0.0,"event_name":"Duplicator","player_choice":"Copied","floor":38.0,"gold_loss":0.0,"damage_taken":0.0,"cards_obtained":["Reaper"]}],"is_beta":false,"boss_relics":[{"not_picked":["Runic Cube","Coffee Dripper"],"picked":"Tiny House"},{"not_picked":["Velvet Choker","SacredBark"],"picked":"Busted Crown"}],"items_purged_floors":[2,20,48],"is_endless":false,"potions_floor_spawned":[1,4,12,14,21,27,28,37,39,45,54],"killed_by":"The Heart","ascension_level":16}}