{"host":"rtzugiook38pfdmd","time":1607957752,"event":{"mods":["Abigail Mod","Act Like it!","BaseMod","Bestiary","CapriCore","Colored Powertips","Conspire","Dota2Spire","Downfall","Filter the Spire","Friendly Minions","GifTheSpireLib","GungeonMod","HololiveMod","Hubris","KinomotoSakuraMod(木之本樱)","Kiyohime（清姬）","Koishi","KomeijiMod","Marisa（F雨　魔理沙）","Minty Spire (QoL Compilation)","MostiFishMod","Prisma Mod","Reimu（博丽灵梦）","Replay The Spire","RumiaBox-露米娅的神秘盒子","Spicy Shops","Spire Birthday Party","StSLib","TestMod","The Alterego","The Bug Knight","The Immortal","Waifu the Spire","WarShipGirlsR/战舰少女R mod","Youmu（魂魄妖梦）","Yuyuko","vexMod","【东方二次创作】八云紫mod","【功能Mod】聪明的最终Boss","【遗物卡牌】REMEMod"],"gold_per_floor":[111,11,12,12,27,57,74,74,99,115,115,65,116,129,129,245,245,266,266,176,190,30,30,40,40,40,59,94,94,94,121,121,220,220,432,644,9,231,49,76,76,76,76],"floor_reached":42,"playtime":3174,"items_purged":["Regret","Normality","Spreading Infection","Voices"],"score":559,"play_id":"d34732eb-9abf-4fac-a19f-90a62cd953b0","local_time":"20201214225552","is_ascension_mode":false,"campfire_choices":[{"data":"alterego_mod:Punishment","floor":11.0,"key":"SMITH"},{"data":"alterego_mod:PerceptionDisorder","floor":15.0,"key":"SMITH"},{"data":"alterego_mod:STier","floor":23.0,"key":"SMITH"},{"data":"alterego_mod:Punishment","floor":30.0,"key":"SMITH"},{"data":"alterego_mod:Punishment","floor":32.0,"key":"SMITH"},{"data":"alterego_mod:Palingenesis","floor":41.0,"key":"SMITH"}],"circlet_count":0,"master_deck":["alterego_mod:Strike","alterego_mod:Strike","alterego_mod:Strike","alterego_mod:Strike","alterego_mod:Defend","alterego_mod:Defend","alterego_mod:Defend","alterego_mod:Impale","alterego_mod:BigMeatyClaws","alterego_mod:BrynhildrsRune+1","MostiFishMod:Moonprays","alterego_mod:Punishment+1","Ghostly","alterego_mod:SakuraPetals","alterego_mod:SakuraFive","alterego_mod:PainIsPleasure","alterego_mod:Bloomers+1","alterego_mod:Punishment+1","conspire:SpireCoStock+1","alterego_mod:Rip","alterego_mod:PerceptionDisorder+1","alterego_mod:STier+1","alterego_mod:PerceptionDisorder+1","alterego_mod:BiFurious","alterego_mod:Punishment","alterego_mod:VirginLaserPalladion","alterego_mod:Cooking","alterego_mod:Punishment+1","Looming Evil","alterego_mod:Punishment+1","alterego_mod:Palingenesis+1","alterego_mod:Weigh","alterego_mod:TrashNCrash"],"relics":["alterego_mod:MasochisticConstitution","REME_ComplimentaryCards","DaveBox","testmod-TestBox","DaCapo","testmod-Fanaticism","conspire:TopHat","Question Card","ReplayTheSpireMod:CursedCoin","ReplayTheSpireMod:Ninjato","Gremlin Food","hubris:TenFootPole","ImportantClient","hubris:Backtick","Dota2Spire:BattleFury","MealTicket","REME_PuzzleBoxRelic","Dota2Spire:LinkenSphere","Ring of Fury","Ring of Panic","Red Mask","REME_DemonsWealth","Dota2Spire:EchoSabre","ChiLing","Chi","Ling","hubris:EmptyBottle","conspire:GiftBox","War Paint","Cauldron","testmod-Justice"],"acts_visited":["Exordium","TheCity","TheBeyond"],"potions_floor_usage":[],"damage_taken":[{"damage":45.0,"enemies":"Jaw Worm","floor":1.0,"turns":4.0},{"damage":9.0,"enemies":"2 Louse","floor":5.0,"turns":2.0},{"damage":72.0,"enemies":"3 Sentries","floor":6.0,"turns":7.0},{"damage":18.0,"enemies":"Cultist","floor":7.0,"turns":4.0},{"damage":22.0,"enemies":"Blue Slaver","floor":10.0,"turns":4.0},{"damage":81.0,"enemies":"Lagavulin","floor":13.0,"turns":6.0},{"damage":12.0,"enemies":"Red Slaver","floor":14.0,"turns":2.0},{"damage":5.0,"enemies":"Slime Boss","floor":16.0,"turns":5.0},{"damage":20.0,"enemies":"Chosen","floor":18.0,"turns":2.0},{"damage":3.0,"enemies":"Spheric Guardian","floor":21.0,"turns":3.0},{"damage":67.0,"enemies":"Shelled Parasite and Fungi","floor":24.0,"turns":4.0},{"damage":1.0,"enemies":"Centurion and Healer","floor":27.0,"turns":2.0},{"damage":40.0,"enemies":"Snake Plant","floor":28.0,"turns":4.0},{"damage":0.0,"enemies":"Masked Bandits","floor":31.0,"turns":2.0},{"damage":19.0,"enemies":"hubris:MusketHawk","floor":33.0,"turns":4.0},{"damage":14.0,"enemies":"3 Darklings","floor":35.0,"turns":3.0},{"damage":3.0,"enemies":"Orb Walker","floor":36.0,"turns":3.0},{"damage":26.0,"enemies":"HollowMod:StalkingDevout","floor":40.0,"turns":4.0},{"damage":32,"enemies":"Jaw Worm Horde","floor":42,"turns":2}],"seed_played":"-5405701354577156719","potions_obtained":[{"floor":7.0,"key":"FearPotion"},{"floor":10.0,"key":"Dota2Spire:Clarity"},{"floor":13.0,"key":"testmod-TestPotion"},{"floor":14.0,"key":"Energy Potion"},{"floor":16.0,"key":"Reflective Coating"},{"floor":21.0,"key":"Venom Potion"},{"floor":24.0,"key":"Dexterity Potion"},{"floor":39.0,"key":"testmod-TestPotion"},{"floor":39.0,"key":"Dota2Spire:HealingSalve"},{"floor":39.0,"key":"MagicPotion:ReiMu"},{"floor":39.0,"key":"Explosive Potion"},{"floor":39.0,"key":"Ancient Potion"}],"is_trial":false,"path_per_floor":["M","?","$","?","M","E","M","?","T","M","R","?","E","M","R","B",null,"M","?","?","M","$","R","M","?","T","M","M","?","R","?","R","B",null,"M","M","$","?","$","E","R","M"],"character_chosen":"The_Alterego","items_purchased":["ReplayTheSpireMod:CursedCoin","alterego_mod:SakuraPetals","alterego_mod:Punishment","MealTicket","Dota2Spire:EchoSabre","ChiLing","hubris:EmptyBottle","conspire:GiftBox","War Paint","Cauldron"],"campfire_rested":0,"item_purchase_floors":[3,3,22,22,37,37,37,37,37,39],"current_hp_per_floor":[49,49,49,49,43,66,59,59,59,59,59,59,76,69,69,69,78,79,79,79,77,77,77,66,66,66,66,35,35,35,52,52,90,90,91,92,92,92,92,93,93,0,0],"gold":76,"neow_bonus":"RANDOM_EVENT","is_daily":false,"chose_seed":false,"campfire_upgraded":6,"win_rate":0.0,"timestamp":1607957752,"path_taken":["M","?","$","?","M","E","?","?","T","?","R","?","E","M","R","BOSS","M","?","?","?","$","R","M","?","T","M","?","?","R","?","R","BOSS","M","M","$","?","$","E","R","M"],"items_purchased_type":["Relic","Card","Card","Relic","Relic","Relic","Relic","Relic","Relic","Relic"],"build_version":"2020-12-13","purchased_purges":4,"victory":false,"max_hp_per_floor":[71,71,71,71,72,73,74,74,74,75,75,75,76,77,77,78,78,79,79,79,80,80,80,84,84,84,85,86,86,86,89,89,90,90,91,92,92,92,92,93,93,93,93],"card_choices":[{"not_picked":["alterego_mod:Cycle","alterego_mod:GoddessCore"],"picked":"alterego_mod:Punishment","floor":1.0},{"not_picked":["alterego_mod:Bunnysuit","alterego_mod:Valentines","alterego_mod:Mirror"],"picked":"alterego_mod:SakuraFive","floor":5.0},{"not_picked":["alterego_mod:BusterCard","alterego_mod:HighServant","alterego_mod:Jiggle"],"picked":"alterego_mod:PainIsPleasure","floor":6.0},{"not_picked":["alterego_mod:TrashNCrash","alterego_mod:Crossover","alterego_mod:Birthday"],"picked":"alterego_mod:Bloomers","floor":7.0},{"not_picked":["alterego_mod:Bloomers","alterego_mod:GoddessCore","alterego_mod:Belts"],"picked":"alterego_mod:Punishment","floor":10.0},{"not_picked":["alterego_mod:SakuraLabyrinth","alterego_mod:Collar","alterego_mod:Schoolgirl"],"picked":"alterego_mod:Rip","floor":13.0},{"not_picked":["alterego_mod:BusterCard","alterego_mod:Bounce","alterego_mod:Undulate"],"picked":"alterego_mod:PerceptionDisorder","floor":14.0},{"not_picked":["alterego_mod:PainIsPleasure","alterego_mod:Valkyrie","alterego_mod:ClassAdvantage"],"picked":"alterego_mod:STier","floor":16.0},{"not_picked":["alterego_mod:Cooking","alterego_mod:Swimsuit","alterego_mod:TrashNCrash"],"picked":"alterego_mod:PerceptionDisorder+1","floor":18.0},{"not_picked":["alterego_mod:Jiggle+1","alterego_mod:Cooking","alterego_mod:BeGentle+1"],"picked":"alterego_mod:BiFurious","floor":21.0},{"not_picked":["alterego_mod:Complex","alterego_mod:TrashNCrash+1","alterego_mod:DeftHands"],"picked":"alterego_mod:VirginLaserPalladion","floor":24.0},{"not_picked":["alterego_mod:Undulate","alterego_mod:DiscoLights","alterego_mod:Bloomers+1"],"picked":"alterego_mod:Cooking","floor":27.0},{"not_picked":["alterego_mod:Maid","alterego_mod:Mirror+1","alterego_mod:BeGentle"],"picked":"alterego_mod:Punishment","floor":28.0},{"not_picked":["alterego_mod:MagicResistance","alterego_mod:DestructionOfProperty+1","alterego_mod:Birthday"],"picked":"alterego_mod:Punishment","floor":31.0},{"not_picked":["alterego_mod:Antipathy","alterego_mod:IdEs","alterego_mod:Weigh"],"picked":"alterego_mod:Palingenesis","floor":33.0},{"not_picked":["alterego_mod:Pet","alterego_mod:Maid","alterego_mod:Jiggle+1","alterego_mod:GoddessCore"],"picked":"Voices","floor":35.0},{"not_picked":["alterego_mod:Bounce","alterego_mod:SakuraPetals+1","alterego_mod:Santa","alterego_mod:Bloomers"],"picked":"Spreading Infection","floor":36.0},{"not_picked":["alterego_mod:Rake","alterego_mod:GIGAMILK","alterego_mod:Valkyrie"],"picked":"alterego_mod:Weigh","floor":37.0},{"not_picked":["alterego_mod:Antipathy","alterego_mod:Mirror+1","alterego_mod:Undulate+1","Slimebound:Icky"],"picked":"alterego_mod:TrashNCrash","floor":40.0}],"player_experience":602243,"relics_obtained":[{"floor":1.0,"key":"Question Card"},{"floor":6.0,"key":"ReplayTheSpireMod:Ninjato"},{"floor":9.0,"key":"Gremlin Food"},{"floor":13.0,"key":"hubris:TenFootPole"},{"floor":16.0,"key":"ImportantClient"},{"floor":26.0,"key":"Dota2Spire:LinkenSphere"},{"floor":29.0,"key":"Ring of Fury"},{"floor":29.0,"key":"Ring of Panic"},{"floor":31.0,"key":"Red Mask"},{"floor":40.0,"key":"testmod-Justice"}],"event_choices":[{"damage_healed":0.0,"max_hp_gain":0.0,"max_hp_loss":0.0,"gold_gain":0.0,"event_name":"Big Fish","player_choice":"Box","floor":0.0,"gold_loss":0.0,"damage_taken":0.0,"relics_obtained":["conspire:TopHat"],"cards_obtained":["Regret"]},{"damage_healed":0.0,"max_hp_gain":0.0,"max_hp_loss":0.0,"gold_gain":0.0,"event_name":"conspire:LoneGhost","player_choice":"Argue","floor":2.0,"gold_loss":0.0,"damage_taken":0.0},{"damage_healed":0.0,"max_hp_gain":0.0,"max_hp_loss":0.0,"gold_gain":0.0,"event_name":"Accursed Blacksmith","player_choice":"Forge","floor":4.0,"gold_loss":0.0,"damage_taken":0.0,"cards_upgraded":["alterego_mod:Punishment"]},{"cards_removed":["Doubt"],"damage_healed":0.0,"max_hp_gain":0.0,"max_hp_loss":0.0,"gold_gain":0.0,"event_name":"Purifier","player_choice":"Purged","floor":8.0,"gold_loss":0.0,"damage_taken":0.0},{"damage_healed":0.0,"max_hp_gain":0.0,"max_hp_loss":0.0,"gold_gain":0.0,"event_name":"conspire:Investor","player_choice":"Invest 1","floor":12.0,"gold_loss":0.0,"damage_taken":0.0},{"cards_removed":["alterego_mod:Defend"],"damage_healed":0.0,"max_hp_gain":0.0,"max_hp_loss":0.0,"gold_gain":0.0,"event_name":"Designer","player_choice":"Upgrade and Remove","floor":20.0,"gold_loss":90.0,"damage_taken":0.0,"cards_upgraded":["conspire:SpireCoStock"]},{"damage_healed":0.0,"max_hp_gain":0.0,"max_hp_loss":0.0,"gold_gain":0.0,"event_name":"The Mausoleum","player_choice":"Opened","floor":25.0,"gold_loss":0.0,"damage_taken":0.0,"relics_obtained":["REME_PuzzleBoxRelic"]},{"damage_healed":0.0,"max_hp_gain":0.0,"max_hp_loss":0.0,"gold_gain":0.0,"event_name":"Masked Bandits","player_choice":"Fought Bandits","floor":31.0,"gold_loss":0.0,"damage_taken":0.0},{"damage_healed":0.0,"max_hp_gain":0.0,"max_hp_loss":0.0,"gold_gain":222.0,"event_name":"Tomb of Lord Red Mask","player_choice":"Wore Mask","floor":38.0,"gold_loss":0.0,"damage_taken":0.0}],"is_beta":false,"boss_relics":[{"not_picked":["TimeKeys","Replay:Wanted Poster"],"picked":"hubris:Backtick"},{"not_picked":["ReplayTheSpireMod:DimensionalGlitch","hubris:ScarierMask"],"picked":"REME_DemonsWealth"}],"items_purged_floors":[3,37,37,39],"is_endless":false,"potions_floor_spawned":[7,10,13,14,16,21,24,40],"killed_by":"Jaw Worm Horde","ascension_level":0}}