{"host":"htqwg582tjjtn9p7","time":1607964012,"event":{"mods":["2.2 Compatiblity","AchievementEnabler","Act Like it!","Aspiration","BaseMod","Better Third Choice","Colored Map","Conspire","Curses Come First","Displayed Cursed Tome","Energized Spire","Force Act Four","GifTheSpireLib","Hermit","Highlight Path","JesterMod","Mad Scientist","Minty Spire (QoL Compilation)","Pale of the Ancients","Permanent Neow","Random Character Button","Relic Stats","Replay The Spire","Robot Space Explorer","Somnambulant","Spicy Shops","Spikes Relics","StSLib","Stuff the Spire","The Blue Laboratory","The Disciple","The Dragon Tamer","The Forsaken","The Gatherer","The Judge","The Jungle","The Runesmith","The Servant 0.9.4"],"gold_per_floor":[114,127,146,208,54,54,80,93,93,104,104,139,155,168,168,272,272,290,290,6,21,21,21,53,53,53,53,69,102,112,112,112,208,208,227,241,255,255,111,111,144,144,144,144,175,186,61,74,74,74,85,99,99,180,180,191,191,106,106,106],"floor_reached":61,"playtime":2778,"items_purged":["RobotSpaceExplorer:Defend","RobotSpaceExplorer:Defend","RobotSpaceExplorer:Strike+1"],"score":1826,"play_id":"7eba3d2f-7169-40f0-821b-62b7ea3b7889","local_time":"20201214174012","is_ascension_mode":true,"campfire_choices":[{"data":"RobotSpaceExplorer:Strike","floor":6,"key":"SMITH"},{"floor":11,"key":"REST"},{"floor":15,"key":"REST"},{"data":"RobotSpaceExplorer:TrailblazerForm","floor":23,"key":"SMITH"},{"data":"RobotSpaceExplorer:ChargingLaser","floor":25,"key":"SMITH"},{"data":"Panache","floor":27,"key":"SMITH"},{"floor":32,"key":"REST"},{"data":"RobotSpaceExplorer:TrailblazerForm","floor":40,"key":"SMITH"},{"data":"Demon Form","floor":42,"key":"SMITH"},{"data":"RobotSpaceExplorer:Jetpack","floor":49,"key":"SMITH"},{"data":"RobotSpaceExplorer:Pulsar","floor":55,"key":"SMITH"},{"data":"RobotSpaceExplorer:MiniLasers","floor":57,"key":"SMITH"}],"circlet_count":0,"master_deck":["RobotSpaceExplorer:Defend","RobotSpaceExplorer:Scan","RobotSpaceExplorer:MiniLasers+1","RobotSpaceExplorer:GlueShot","RobotSpaceExplorer:ScrapMissile","RobotSpaceExplorer:Jetpack+1","RobotSpaceExplorer:Probe","RobotSpaceExplorer:MiniDrones","RobotSpaceExplorer:TrailblazerForm+1","RobotSpaceExplorer:ChargingLaser+1","RobotSpaceExplorer:MiniDrones+1","Panache+1","RobotSpaceExplorer:ScrapMissile","RobotSpaceExplorer:GlueShot","RobotSpaceExplorer:Calculate+1","RobotSpaceExplorer:TrailblazerForm+1","RobotSpaceExplorer:IronShell+1","Demon Form+1","Finesse","StuffTheSpire:Slingshot+1","RobotSpaceExplorer:ScrapMissile","RobotSpaceExplorer:Calculate+1","RobotSpaceExplorer:Pulsar+1","RobotSpaceExplorer:MiniDrones","Finesse"],"relics":["Replay:Drink Me","Mirror","StuffTheSpire:Rhapsscallions","Replay:Accelerometer","InkBottle","conspire:RoyalGoblet","Replay:Rubber Ducky","aspiration:FetidBarrel","RobotSpaceExplorer:FoglandsKnife","Omamori","aspiration:IroncladSkillbook","RobotSpaceExplorer:SlideRule","Strawberry","Snack Pack","GiantMaggot","Replay:Bottled Flurry","paleoftheancients:Timepiece","paleoftheancients:KeyRelic","Ice Cream","CultistMask","paleoftheancients:SoulOfTheIroncluck","Iron Hammer"],"acts_visited":["Exordium","TheCity","TheBeyond","TheBeyond"],"potions_floor_usage":[16,16,16,21,24,33,45],"damage_taken":[{"damage":0,"enemies":"conspire:RoseBush","floor":1,"turns":6},{"damage":0,"enemies":"2 Louse","floor":2,"turns":5},{"damage":0,"enemies":"Small Slimes","floor":3,"turns":4},{"damage":40,"enemies":"Lagavulin","floor":7,"turns":10},{"damage":4,"enemies":"conspire:2 RoseBushes","floor":8,"turns":5},{"damage":0,"enemies":"Lots of Slimes","floor":10,"turns":5},{"damage":1,"enemies":"Replay:BlueRogue","floor":12,"turns":7},{"damage":0,"enemies":"Exordium Wildlife","floor":13,"turns":5},{"damage":11,"enemies":"Looter","floor":14,"turns":2},{"damage":0,"enemies":"Hexaghost","floor":16,"turns":15},{"damage":0,"enemies":"Chosen","floor":18,"turns":5},{"damage":12,"enemies":"2 Thieves","floor":21,"turns":3},{"damage":0,"enemies":"Gremlin Leader","floor":24,"turns":6},{"damage":0,"enemies":"Centurion and Healer","floor":28,"turns":6},{"damage":0,"enemies":"conspire:SneckoGhost","floor":29,"turns":4},{"damage":13,"enemies":"Snake Plant","floor":30,"turns":3},{"damage":0,"enemies":"conspire:MysteriousRune","floor":33,"turns":5},{"damage":0,"enemies":"Orb Walker","floor":35,"turns":3},{"damage":12,"enemies":"3 Darklings","floor":36,"turns":4},{"damage":0,"enemies":"Maw","floor":37,"turns":6},{"damage":0,"enemies":"R_Hoarder","floor":41,"turns":7},{"damage":6,"enemies":"Reptomancer","floor":45,"turns":4},{"damage":0,"enemies":"Transient","floor":46,"turns":5},{"damage":0,"enemies":"Spire Growth","floor":48,"turns":4},{"damage":8,"enemies":"Awakened One","floor":50,"turns":7},{"damage":0,"enemies":"Awakened One","floor":51,"turns":7},{"damage":0,"enemies":"Awakened One","floor":52,"turns":4},{"damage":0,"enemies":"Awakened One","floor":56,"turns":4},{"damage":0,"enemies":"paleoftheancients:N","floor":60,"turns":5}],"seed_played":"-4476445732894839417","potions_obtained":[{"floor":2,"key":"RobotSpaceExplorer:RecyclePotion"},{"floor":4,"key":"blueLaboratory:NullPotion"},{"floor":10,"key":"blueLaboratory:Moonshine"},{"floor":12,"key":"Elixir"},{"floor":16,"key":"blueLaboratory:HorrorPotion"},{"floor":18,"key":"ColorlessPotion"},{"floor":24,"key":"Strength Potion"},{"floor":33,"key":"Cursed Concoction"},{"floor":36,"key":"Fire Potion"},{"floor":37,"key":"Toxic Potion"},{"floor":45,"key":"LiquidMemories"},{"floor":56,"key":"blueLaboratory:FruitPunch"}],"is_trial":false,"path_per_floor":["M","M","M","?","$","R","E","M","T","M","R","E","M","M","R","B",null,"M","?","$","M","?","R","E","R","T","R","M","E","M","T","R","B",null,"M","M","M","?","$","R","E","R","T","?","E","M","$","M","R","B","M","M","?","T","R","M","R","$","?","B",null],"character_chosen":"RobotSpaceExplorer","items_purchased":["RobotSpaceExplorer:ScrapMissile","Panache","RobotSpaceExplorer:SlideRule","Finesse"],"campfire_rested":3,"item_purchase_floors":[5,20,39,58],"current_hp_per_floor":[57,57,57,57,57,57,24,20,20,20,39,38,38,27,46,46,64,64,64,64,52,52,52,52,52,52,52,52,52,39,39,58,58,64,64,56,60,60,60,60,71,71,71,71,71,71,71,71,71,71,71,71,71,71,71,71,71,71,71,71],"gold":106,"neow_bonus":"BOSS_RELIC","is_daily":false,"chose_seed":false,"campfire_upgraded":9,"win_rate":0.0,"timestamp":1607964012,"path_taken":["M","M","M","?","$","R","E","M","T","M","R","E","M","M","R","BOSS","M","?","$","M","?","R","E","R","T","R","M","E","M","?","R","BOSS","M","M","?","?","?","R","E","R","T","?","E","M","$","M","R","BOSS","M","M","?","T","R","M","R","$","?","BOSS"],"items_purchased_type":["Card","Card","Relic","Card"],"build_version":"2020-12-13","purchased_purges":3,"victory":true,"max_hp_per_floor":[57,57,57,57,57,57,64,64,64,64,64,64,64,64,64,64,64,64,64,64,64,64,64,64,64,64,64,64,64,64,64,64,64,64,64,64,64,64,64,64,71,71,71,71,71,71,71,71,71,71,71,71,71,71,71,71,71,71,71,71],"relic_stats":{"counters":[29,156],"obtain_stats":[{"Ice Cream":50,"Replay:Accelerometer":9,"paleoftheancients:KeyRelic":50,"RobotSpaceExplorer:SlideRule":39,"conspire:RoyalGoblet":17,"StuffTheSpire:Rhapsscallions":7,"aspiration:FetidBarrel":26,"GiantMaggot":41,"RobotSpaceExplorer:RoboCore":0,"Omamori":31,"aspiration:IroncladSkillbook":34,"Replay:Rubber Ducky":24,"paleoftheancients:Timepiece":50,"RobotSpaceExplorer:FoglandsKnife":29,"Strawberry":41,"CultistMask":50,"Iron Hammer":54,"Snack Pack":41,"Replay:Bottled Flurry":45,"Replay:Drink Me":0,"Mirror":4,"InkBottle":12,"paleoftheancients:SoulOfTheIroncluck":51},{"Ice Cream":25,"Replay:Accelerometer":5,"paleoftheancients:KeyRelic":25,"RobotSpaceExplorer:SlideRule":20,"conspire:RoyalGoblet":10,"StuffTheSpire:Rhapsscallions":4,"aspiration:FetidBarrel":13,"GiantMaggot":21,"RobotSpaceExplorer:RoboCore":0,"Omamori":16,"aspiration:IroncladSkillbook":17,"Replay:Rubber Ducky":13,"paleoftheancients:Timepiece":25,"RobotSpaceExplorer:FoglandsKnife":15,"Strawberry":21,"CultistMask":25,"Iron Hammer":27,"Snack Pack":21,"Replay:Bottled Flurry":22,"Replay:Drink Me":0,"Mirror":3,"InkBottle":7,"paleoftheancients:SoulOfTheIroncluck":26},{"Ice Cream":136,"Replay:Accelerometer":30,"paleoftheancients:KeyRelic":136,"RobotSpaceExplorer:SlideRule":109,"conspire:RoyalGoblet":64,"StuffTheSpire:Rhapsscallions":25,"aspiration:FetidBarrel":78,"GiantMaggot":116,"RobotSpaceExplorer:RoboCore":0,"Omamori":91,"aspiration:IroncladSkillbook":96,"Replay:Rubber Ducky":78,"paleoftheancients:Timepiece":136,"RobotSpaceExplorer:FoglandsKnife":88,"Strawberry":116,"CultistMask":136,"Iron Hammer":147,"Snack Pack":116,"Replay:Bottled Flurry":120,"Replay:Drink Me":0,"Mirror":15,"InkBottle":42,"paleoftheancients:SoulOfTheIroncluck":143}],"InkBottle":[94]},"card_choices":[{"not_picked":["RobotSpaceExplorer:Electroshield","RobotSpaceExplorer:MetalStrike"],"picked":"RobotSpaceExplorer:GlueShot","floor":1},{"not_picked":["RobotSpaceExplorer:SlimeMissile","RobotSpaceExplorer:SurgingShield","RobotSpaceExplorer:FrostMissile"],"picked":"SKIP","floor":2},{"not_picked":["RobotSpaceExplorer:Fix","RobotSpaceExplorer:MetalStrike","RobotSpaceExplorer:ImprovisedAttack"],"picked":"SKIP","floor":3},{"not_picked":["RobotSpaceExplorer:Ammunition","RobotSpaceExplorer:ScrapShield"],"picked":"RobotSpaceExplorer:Jetpack","floor":7},{"not_picked":["RobotSpaceExplorer:PlasmaMissile","RobotSpaceExplorer:FrostMissile"],"picked":"RobotSpaceExplorer:Probe","floor":8},{"not_picked":["RobotSpaceExplorer:Pulsar","RobotSpaceExplorer:ShovelStrike"],"picked":"RobotSpaceExplorer:MiniDrones","floor":10},{"not_picked":["RobotSpaceExplorer:RigExplosive","RobotSpaceExplorer:ToxicBomb","RobotSpaceExplorer:FreezingShield"],"picked":"SKIP","floor":12},{"not_picked":["RobotSpaceExplorer:SlimeMissile","RobotSpaceExplorer:FrostMissile","RobotSpaceExplorer:Reload"],"picked":"SKIP","floor":13},{"not_picked":["RobotSpaceExplorer:Counterblock","RobotSpaceExplorer:MiniDrones"],"picked":"RobotSpaceExplorer:TrailblazerForm","floor":14},{"not_picked":["RobotSpaceExplorer:TrailblazerForm","RobotSpaceExplorer:DroneSwarm"],"picked":"RobotSpaceExplorer:ChargingLaser","floor":16},{"not_picked":["RobotSpaceExplorer:ShockKick+1","RobotSpaceExplorer:ShovelStrike"],"picked":"RobotSpaceExplorer:MiniDrones+1","floor":18},{"not_picked":["RobotSpaceExplorer:ShockKick","RobotSpaceExplorer:MakeshiftVolley+1"],"picked":"RobotSpaceExplorer:ScrapMissile","floor":21},{"not_picked":["RobotSpaceExplorer:MakeshiftVolley","RobotSpaceExplorer:MetalStrike+1"],"picked":"RobotSpaceExplorer:GlueShot","floor":24},{"not_picked":["RobotSpaceExplorer:JunkDive","RobotSpaceExplorer:Exploration"],"picked":"RobotSpaceExplorer:Calculate+1","floor":28},{"not_picked":["RobotSpaceExplorer:BigMissile","RobotSpaceExplorer:SurgingStrike"],"picked":"RobotSpaceExplorer:TrailblazerForm","floor":29},{"not_picked":["RobotSpaceExplorer:Probe+1","RobotSpaceExplorer:MetalStrike","RobotSpaceExplorer:Ammunition"],"picked":"SKIP","floor":30},{"not_picked":["RobotSpaceExplorer:BlastShield","RobotSpaceExplorer:Multitool"],"picked":"RobotSpaceExplorer:Wormhole","floor":33},{"not_picked":["Anger+1","StuffTheSpire:Slingshot+1","Iron Wave+1"],"picked":"RobotSpaceExplorer:IronShell+1","floor":35},{"not_picked":["RobotSpaceExplorer:GlueShot","RobotSpaceExplorer:FranticSearch","Wild Strike+1"],"picked":"Demon Form","floor":36},{"not_picked":["RobotSpaceExplorer:Ammunition","Blood for Blood+1","RobotSpaceExplorer:SwiftStep+1","Second Wind+1"],"picked":"SKIP","floor":37},{"not_picked":["RobotSpaceExplorer:Probe","Hemokinesis","Heavy Blade","RobotSpaceExplorer:Smokescreen"],"picked":"SKIP","floor":41},{"not_picked":["Assess","Replay:Bootleg Shield Generator","Forethought"],"picked":"Finesse","floor":44},{"not_picked":["Reaper","RobotSpaceExplorer:SurgingShield","Armaments+1"],"picked":"StuffTheSpire:Slingshot+1","floor":45},{"not_picked":["Headbutt+1","Cleave+1","Eclipse"],"picked":"RobotSpaceExplorer:ScrapMissile","floor":46},{"not_picked":["RobotSpaceExplorer:ExhaustFan+1","RobotSpaceExplorer:PlasmaMissile+1","Sword Boomerang+1"],"picked":"RobotSpaceExplorer:Calculate+1","floor":48},{"not_picked":["RobotSpaceExplorer:ShockKick+1","True Grit+1","Dropkick+1"],"picked":"RobotSpaceExplorer:Pulsar","floor":51},{"not_picked":["Twin Strike","Wild Strike","StuffTheSpire:Incineration","RobotSpaceExplorer:PowerGlove+1"],"picked":"SKIP","floor":52},{"not_picked":["Metallicize+1","RobotSpaceExplorer:FranticSearch","RobotSpaceExplorer:Pulsar"],"picked":"RobotSpaceExplorer:MiniDrones","floor":56}],"player_experience":1679119,"relics_obtained":[{"floor":4,"key":"Mirror"},{"floor":7,"key":"StuffTheSpire:Rhapsscallions"},{"floor":9,"key":"Replay:Accelerometer"},{"floor":12,"key":"InkBottle"},{"floor":24,"key":"Replay:Rubber Ducky"},{"floor":26,"key":"aspiration:FetidBarrel"},{"floor":29,"key":"RobotSpaceExplorer:FoglandsKnife"},{"floor":31,"key":"Omamori"},{"floor":41,"key":"Strawberry"},{"floor":41,"key":"Snack Pack"},{"floor":41,"key":"GiantMaggot"},{"floor":45,"key":"Replay:Bottled Flurry"},{"floor":51,"key":"paleoftheancients:SoulOfTheIroncluck"},{"floor":54,"key":"Iron Hammer"}],"event_choices":[{"damage_healed":0,"gold_gain":0,"player_choice":"Ignored","damage_taken":0,"max_hp_gain":0,"max_hp_loss":0,"event_name":"Tomb of Lord Red Mask","floor":38,"gold_loss":0},{"damage_healed":0,"gold_gain":0,"player_choice":"Memory 1","damage_taken":0,"max_hp_gain":0,"max_hp_loss":0,"event_name":"SensoryStone","floor":44,"gold_loss":0},{"damage_healed":0,"gold_gain":0,"player_choice":"Leave","damage_taken":0,"max_hp_gain":0,"max_hp_loss":0,"event_name":"conspire:Investor","floor":53,"gold_loss":0}],"is_beta":false,"boss_relics":[{"not_picked":["Snecko Eye","energizedSpire:NeverEndingSparkler"],"picked":"conspire:RoyalGoblet"},{"not_picked":["Runic Pyramid","Kintsugi"],"picked":"aspiration:IroncladSkillbook"}],"items_purged_floors":[5,20,47],"is_endless":false,"potions_floor_spawned":[2,10,12,16,18,24,33,36,37,45,48,51,56],"ascension_level":3}}