{"host":"jlz4is0nf6zo9oab","time":1607986469,"event":{"mods":["AchievementEnabler","BaseMod","Colored Map","Colored Powertips","Highlight Path","Minty Spire (QoL Compilation)","StSLib"],"gold_per_floor":[115,65,65,79,91,91,366,384,384,151,151,161,9,9,9,107,107,125,142,157,175,193,193,204,204,204,216,216,216,216],"floor_reached":29,"playtime":1031,"items_purged":[],"score":462,"play_id":"913d462d-d985-4ee7-b1fa-a8475e50c649","local_time":"20201214235429","is_ascension_mode":true,"campfire_choices":[{"data":"Neutralize","floor":6,"key":"SMITH"},{"data":"All Out Attack","floor":11,"key":"SMITH"},{"data":"Blade Dance","floor":15,"key":"SMITH"},{"floor":23,"key":"REST"},{"floor":25,"key":"REST"}],"circlet_count":0,"master_deck":["AscendersBane","Strike_G","Strike_G","Strike_G","Strike_G","Defend_G","Defend_G","Defend_G","Defend_G","Defend_G","Survivor","Neutralize+1","Cloak And Dagger+1","All Out Attack+1","Caltrops","Envenom","Footwork","Cloak And Dagger","Infinite Blades","Blade Dance+1","After Image","Blur+1","Footwork"],"relics":["Ring of the Snake","Omamori","Prayer Wheel","Potion Belt","Orrery","HornCleat"],"acts_visited":["Exordium","TheCity"],"potions_floor_usage":[16,16,16,20,22,24,28],"damage_taken":[{"damage":0,"enemies":"Small Slimes","floor":1,"turns":3},{"damage":2,"enemies":"Cultist","floor":4,"turns":5},{"damage":3,"enemies":"Jaw Worm","floor":5,"turns":3},{"damage":1,"enemies":"Red Slaver","floor":8,"turns":6},{"damage":0,"enemies":"Exordium Wildlife","floor":12,"turns":5},{"damage":0,"enemies":"Hexaghost","floor":16,"turns":6},{"damage":14,"enemies":"3 Byrds","floor":18,"turns":6},{"damage":7,"enemies":"Spheric Guardian","floor":19,"turns":6},{"damage":22,"enemies":"3 Cultists","floor":20,"turns":5},{"damage":15,"enemies":"Chosen and Byrds","floor":21,"turns":8},{"damage":22,"enemies":"Snake Plant","floor":22,"turns":8},{"damage":17,"enemies":"Centurion and Healer","floor":24,"turns":8},{"damage":29,"enemies":"Snecko","floor":27,"turns":7},{"damage":0,"enemies":"Gremlin Leader","floor":28,"turns":1},{"damage":6,"enemies":"Sentry and Sphere","floor":29,"turns":3}],"seed_played":"-1894764724826922462","potions_obtained":[{"floor":5,"key":"FearPotion"},{"floor":12,"key":"FairyPotion"},{"floor":14,"key":"LiquidBronze"},{"floor":14,"key":"CultistPotion"},{"floor":14,"key":"Block Potion"},{"floor":18,"key":"Explosive Potion"},{"floor":21,"key":"Ancient Potion"},{"floor":22,"key":"Fire Potion"},{"floor":27,"key":"SmokeBomb"}],"is_trial":false,"path_per_floor":["M","?","?","M","M","R","?","M","T","$","R","M","$","?","R","B",null,"M","M","M","M","M","R","M","R","T","M","E","M"],"character_chosen":"THE_SILENT","items_purchased":["Potion Belt","All Out Attack","Orrery"],"campfire_rested":2,"item_purchase_floors":[10,10,13],"current_hp_per_floor":[63,63,63,61,58,58,58,57,57,57,57,57,57,57,57,57,67,53,46,24,9,8,29,12,33,33,4,4,0,0],"gold":216,"neow_bonus":"RANDOM_COMMON_RELIC","is_daily":false,"chose_seed":false,"campfire_upgraded":3,"win_rate":0.0,"timestamp":1607986469,"path_taken":["M","?","?","M","?","R","?","?","T","$","R","M","$","?","R","BOSS","M","M","M","M","M","R","M","R","T","M","E","?"],"items_purchased_type":["Relic","Card","Relic"],"build_version":"2020-12-13","purchased_purges":0,"victory":false,"max_hp_per_floor":[70,70,70,70,70,70,70,70,70,70,70,70,70,70,70,70,70,70,70,70,70,70,70,70,70,70,70,70,70,70],"card_choices":[{"not_picked":["Distraction","Flying Knee"],"picked":"Cloak And Dagger","floor":1},{"not_picked":["Poisoned Stab","Calculated Gamble","Masterful Stab"],"picked":"SKIP","floor":4},{"not_picked":["Backflip","Underhanded Strike","Deadly Poison"],"picked":"SKIP","floor":5},{"not_picked":["Backflip","Deflect","Leg Sweep"],"picked":"SKIP","floor":8},{"not_picked":["Dagger Throw","Flying Knee"],"picked":"Caltrops","floor":12},{"not_picked":["Deflect","Dagger Throw"],"picked":"Envenom","floor":12},{"not_picked":["Glass Knife","Deadly Poison"],"picked":"Footwork","floor":13},{"not_picked":["Distraction","Backstab"],"picked":"Cloak And Dagger","floor":13},{"not_picked":["Concentrate","Choke"],"picked":"Infinite Blades","floor":13},{"not_picked":["PiercingWail","Infinite Blades"],"picked":"Blade Dance","floor":13},{"not_picked":["Unload","Corpse Explosion"],"picked":"After Image","floor":16},{"not_picked":["Tactician","Prepared","Dagger Throw"],"picked":"SKIP","floor":18},{"not_picked":["Deadly Poison","Dodge and Roll","Backflip"],"picked":"SKIP","floor":18},{"not_picked":["Calculated Gamble","Prepared","Distraction+1"],"picked":"SKIP","floor":19},{"not_picked":["Deadly Poison","Cloak And Dagger","Noxious Fumes"],"picked":"SKIP","floor":19},{"not_picked":["Choke","Backflip","Dodge and Roll"],"picked":"SKIP","floor":20},{"not_picked":["Acrobatics","Dagger Spray","Bouncing Flask"],"picked":"SKIP","floor":20},{"not_picked":["Dagger Spray","Cloak And Dagger","Endless Agony"],"picked":"SKIP","floor":21},{"not_picked":["Prepared","Concentrate","Phantasmal Killer"],"picked":"SKIP","floor":21},{"not_picked":["Quick Slash","Wraith Form v2"],"picked":"Blur+1","floor":22},{"not_picked":["Distraction","Bane","Slice"],"picked":"SKIP","floor":22},{"not_picked":["Dodge and Roll","Outmaneuver"],"picked":"Footwork","floor":24},{"not_picked":["Escape Plan","Well Laid Plans","Masterful Stab"],"picked":"SKIP","floor":24},{"not_picked":["Backstab","Bane","Infinite Blades"],"picked":"SKIP","floor":27},{"not_picked":["Sucker Punch","Dagger Spray","PiercingWail"],"picked":"SKIP","floor":27}],"player_experience":937357,"relics_obtained":[{"floor":9,"key":"Prayer Wheel"},{"floor":26,"key":"HornCleat"}],"event_choices":[{"cards_removed":["Strike_G"],"damage_healed":0,"gold_gain":0,"player_choice":"Card Removal","damage_taken":0,"max_hp_gain":0,"max_hp_loss":0,"event_name":"The Cleric","floor":2,"gold_loss":50},{"damage_healed":0,"gold_gain":0,"player_choice":"Forge","damage_taken":0,"max_hp_gain":0,"max_hp_loss":0,"event_name":"Accursed Blacksmith","floor":3,"gold_loss":0,"cards_upgraded":["Cloak And Dagger"]},{"damage_healed":0,"gold_gain":275,"player_choice":"Desecrate","damage_taken":0,"max_hp_gain":0,"max_hp_loss":0,"event_name":"Golden Shrine","floor":7,"gold_loss":0,"cards_obtained":["Regret"]},{"damage_healed":0,"gold_gain":0,"player_choice":"Got Potions","damage_taken":0,"max_hp_gain":0,"max_hp_loss":0,"event_name":"Lab","floor":14,"gold_loss":0}],"is_beta":false,"boss_relics":[{"not_picked":["Pandora\u0027s Box","Fusion Hammer","Ectoplasm"]}],"items_purged_floors":[],"is_endless":false,"potions_floor_spawned":[5,12,18,21,22,27,28],"killed_by":"Sentry and Sphere","ascension_level":12}}