{"host":"h0xw20cia6ppa69g","time":1607924354,"event":{"mods":["AchievementEnabler","BaseMod","Colored Map","Googly Eyes","Minty Spire (QoL Compilation)","Relic Stats","StSLib","The Awakened One except there are too many feathers","everything is the same but u backflip on backflip"],"gold_per_floor":[111,127,227,246,246,246,290,311,334,334,358,371,12,87,87,212,212,228,228,31,31,54,54,90,114,114,114,130,168,293,293,293,414,414,433,460,460,481,497,497,497,533,533,533,533],"floor_reached":44,"playtime":1959,"items_purged":[],"score":573,"play_id":"7d26830f-00ed-4717-8069-6fad083fdce9","local_time":"20201213233914","is_ascension_mode":true,"campfire_choices":[{"data":"Mayhem","floor":6.0,"key":"SMITH"},{"data":"Uppercut","floor":10.0,"key":"SMITH"},{"floor":15.0,"key":"REST"},{"data":"Disarm","floor":23.0,"key":"SMITH"},{"data":"Metallicize","floor":27.0,"key":"SMITH"},{"data":"Offering","floor":32.0,"key":"SMITH"},{"floor":40,"key":"RECALL"}],"circlet_count":0,"master_deck":["Strike_R","Strike_R","Strike_R","Strike_R","Strike_R","Defend_R","Defend_R","Defend_R","Defend_R","Bash","Mayhem+1","Headbutt","Sword Boomerang","Metallicize+1","Uppercut+1","Metallicize+1","Offering+1","Inflame","True Grit","Spot Weakness","Corruption","CurseOfTheBell","Reaper","Disarm+1","Metallicize","Thunderclap+1","Armaments+1","Dual Wield+1","Hemokinesis+1","Immolate","Feel No Pain+1","Entrench+1","Flame Barrier+1","Dark Embrace+1","Disarm+1","Sadistic Nature","Jack Of All Trades","Secret Weapon","Spot Weakness+1"],"relics":["Burning Blood","Golden Idol","Tiny Chest","Lantern","Membership Card","Kunai","Calling Bell","Akabeko","Paper Frog","Mango","Toolbox","Strawberry","Torii","White Beast Statue","Sundial","Prayer Wheel","Bottled Flame","Philosopher\u0027s Stone","Potion Belt","Blue Candle","Bird Faced Urn"],"acts_visited":["Exordium","TheCity","TheBeyond"],"potions_floor_usage":[44,44,44,44,44],"damage_taken":[{"damage":2.0,"enemies":"2 Louse","floor":1.0,"turns":4.0},{"damage":5.0,"enemies":"Cultist","floor":2.0,"turns":4.0},{"damage":14.0,"enemies":"Small Slimes","floor":4.0,"turns":3.0},{"damage":21.0,"enemies":"Lagavulin","floor":7.0,"turns":8.0},{"damage":7.0,"enemies":"Looter","floor":8.0,"turns":4.0},{"damage":6.0,"enemies":"Exordium Wildlife","floor":11.0,"turns":3.0},{"damage":11.0,"enemies":"3 Louse","floor":12.0,"turns":4.0},{"damage":20.0,"enemies":"The Guardian","floor":16.0,"turns":11.0},{"damage":15.0,"enemies":"Shell Parasite","floor":18.0,"turns":6.0},{"damage":44.0,"enemies":"2 Thieves","floor":22.0,"turns":5.0},{"damage":23.0,"enemies":"Gremlin Leader","floor":24.0,"turns":6.0},{"damage":7.0,"enemies":"Snake Plant","floor":28.0,"turns":4.0},{"damage":15.0,"enemies":"Book of Stabbing","floor":29.0,"turns":6.0},{"damage":42.0,"enemies":"Colosseum Slavers","floor":30.0,"turns":8.0},{"damage":7.0,"enemies":"Colosseum Nobs","floor":30.0,"turns":5.0},{"damage":58.0,"enemies":"Collector","floor":33.0,"turns":10.0},{"damage":21.0,"enemies":"Orb Walker","floor":35.0,"turns":3.0},{"damage":16,"enemies":"3 Darklings","floor":38,"turns":4},{"damage":17,"enemies":"Spire Growth","floor":39,"turns":5},{"damage":25,"enemies":"Reptomancer","floor":42,"turns":9},{"damage":104,"enemies":"Giant Head","floor":44,"turns":15}],"seed_played":"4201250798259346807","potions_obtained":[{"floor":1.0,"key":"DuplicationPotion"},{"floor":8.0,"key":"Energy Potion"},{"floor":11.0,"key":"Regen Potion"},{"floor":28.0,"key":"Regen Potion"},{"floor":30.0,"key":"Weak Potion"},{"floor":33.0,"key":"LiquidMemories"},{"floor":38,"key":"Fruit Juice"},{"floor":39,"key":"SmokeBomb"},{"floor":42,"key":"SteroidPotion"}],"is_trial":false,"path_per_floor":["M","M","?","M","?","R","E","M","T","R","M","M","$","?","R","B",null,"M","?","$","?","M","R","E","T","T","R","M","E","?","?","R","B",null,"M","T","?","M","M","R","?","E","T","E"],"character_chosen":"IRONCLAD","items_purchased":["Membership Card","Kunai","Inflame","True Grit","Spot Weakness","Reaper","Disarm","Metallicize","Toolbox"],"campfire_rested":1,"item_purchase_floors":[13,13,13,13,13,20,20,20,20],"current_hp_per_floor":[60,61,61,53,33,33,18,17,17,17,17,12,12,1,25,11,94,85,85,85,92,62,62,84,84,84,84,83,74,101,101,101,63,101,90,90,90,101,97,97,87,68,68,0,0],"gold":533,"neow_bonus":"RANDOM_COLORLESS_2","is_daily":false,"chose_seed":false,"campfire_upgraded":5,"win_rate":0.0,"timestamp":1607924354,"path_taken":["M","M","?","?","?","R","E","M","T","R","M","M","$","?","R","BOSS","M","?","$","?","M","R","E","?","T","R","?","E","?","?","R","BOSS","M","?","?","M","?","R","?","E","T","E"],"items_purchased_type":["Relic","Relic","Card","Card","Card","Card","Card","Card","Relic"],"build_version":"2020-12-13","purchased_purges":0,"victory":false,"max_hp_per_floor":[80,80,80,80,80,80,80,80,80,80,80,80,80,80,80,80,94,94,94,94,101,101,101,101,101,101,101,101,101,101,101,101,101,101,101,101,101,101,101,101,101,101,101,106,106],"relic_stats":{"Torii":23,"counters":[21,127],"Golden Idol":139,"Sundial":[6],"Blue Candle":[1],"Bird Faced Urn":[20],"Tiny Chest":2,"Prayer Wheel":3,"Kunai":[14],"obtain_stats":[{"Potion Belt":36,"Lantern":9,"Torii":24,"Golden Idol":5,"Blue Candle":42,"Mango":17,"Burning Blood":0,"Akabeko":17,"White Beast Statue":26,"Calling Bell":17,"Bottled Flame":30,"Sundial":29,"Strawberry":21,"Bird Faced Urn":43,"Toolbox":20,"Tiny Chest":7,"Prayer Wheel":30,"Philosopher\u0027s Stone":34,"Membership Card":13,"Kunai":13,"Paper Frog":17},{"Potion Belt":17,"Lantern":5,"Torii":11,"Golden Idol":3,"Blue Candle":20,"Mango":8,"Burning Blood":0,"Akabeko":8,"White Beast Statue":11,"Calling Bell":8,"Bottled Flame":15,"Sundial":13,"Strawberry":9,"Bird Faced Urn":20,"Toolbox":9,"Tiny Chest":4,"Prayer Wheel":15,"Philosopher\u0027s Stone":16,"Membership Card":7,"Kunai":7,"Paper Frog":8},{"Potion Belt":94,"Lantern":23,"Torii":58,"Golden Idol":11,"Blue Candle":112,"Mango":41,"Burning Blood":0,"Akabeko":41,"White Beast Statue":58,"Calling Bell":41,"Bottled Flame":81,"Sundial":68,"Strawberry":47,"Bird Faced Urn":112,"Toolbox":47,"Tiny Chest":19,"Prayer Wheel":81,"Philosopher\u0027s Stone":91,"Membership Card":30,"Kunai":30,"Paper Frog":41}],"Burning Blood":113},"card_choices":[{"not_picked":["Secret Weapon","Master of Strategy"],"picked":"Mayhem","floor":0.0},{"not_picked":["Rupture","Perfected Strike"],"picked":"Headbutt","floor":1.0},{"not_picked":["Ghostly Armor","Warcry"],"picked":"Sword Boomerang","floor":2.0},{"not_picked":["Pommel Strike","Sever Soul"],"picked":"Metallicize","floor":4.0},{"not_picked":["Havoc","Twin Strike","Armaments"],"picked":"SKIP","floor":7.0},{"not_picked":["Flame Barrier","Headbutt"],"picked":"Uppercut","floor":8.0},{"not_picked":["Armaments","Anger"],"picked":"Metallicize","floor":11.0},{"not_picked":["Clothesline","Headbutt"],"picked":"Offering","floor":12.0},{"not_picked":["Impervious","Demon Form"],"picked":"Corruption","floor":16.0},{"not_picked":["Body Slam","Perfected Strike","Combust"],"picked":"SKIP","floor":18.0},{"not_picked":["Combust","Flex+1"],"picked":"Thunderclap+1","floor":22.0},{"not_picked":["Rupture+1","Flex","Rage"],"picked":"SKIP","floor":24.0},{"not_picked":["Brutality","Warcry"],"picked":"Armaments+1","floor":28.0},{"not_picked":["Anger","Flame Barrier"],"picked":"Dual Wield+1","floor":29.0},{"not_picked":["Havoc","Cleave"],"picked":"Hemokinesis+1","floor":30.0},{"not_picked":["Corruption","Feed"],"picked":"Immolate","floor":33.0},{"not_picked":["Heavy Blade","Carnage+1"],"picked":"Feel No Pain+1","floor":35.0},{"not_picked":["Metallicize+1","Power Through+1"],"picked":"Entrench+1","floor":35.0},{"not_picked":["Cleave","Warcry"],"picked":"Flame Barrier+1","floor":38},{"not_picked":["Anger+1","Wild Strike+1"],"picked":"Dark Embrace+1","floor":38},{"not_picked":["Anger+1","Sword Boomerang"],"picked":"Disarm+1","floor":39},{"not_picked":["Intimidate","Havoc+1","Anger"],"picked":"SKIP","floor":39},{"not_picked":["Chrysalis","Forethought"],"picked":"Sadistic Nature","floor":41},{"not_picked":["Deep Breath","Madness"],"picked":"Jack Of All Trades","floor":41},{"not_picked":["Chrysalis","Trip"],"picked":"Secret Weapon","floor":41},{"not_picked":["Bloodletting+1","Sword Boomerang+1"],"picked":"Spot Weakness+1","floor":42}],"player_experience":3492088,"relics_obtained":[{"floor":7.0,"key":"Tiny Chest"},{"floor":9.0,"key":"Lantern"},{"floor":17.0,"key":"Akabeko"},{"floor":17.0,"key":"Paper Frog"},{"floor":17.0,"key":"Mango"},{"floor":24.0,"key":"Torii"},{"floor":26.0,"key":"White Beast Statue"},{"floor":29.0,"key":"Sundial"},{"floor":30.0,"key":"Prayer Wheel"},{"floor":30.0,"key":"Bottled Flame"},{"floor":36.0,"key":"Potion Belt"},{"floor":42,"key":"Blue Candle"},{"floor":43,"key":"Bird Faced Urn"}],"event_choices":[{"damage_healed":0.0,"max_hp_gain":0.0,"max_hp_loss":0.0,"gold_gain":100.0,"event_name":"Golden Shrine","player_choice":"Pray","floor":3.0,"gold_loss":0.0,"damage_taken":0.0},{"damage_healed":0.0,"max_hp_gain":0.0,"max_hp_loss":0.0,"gold_gain":0.0,"event_name":"Golden Idol","player_choice":"Take Damage","floor":5.0,"gold_loss":0.0,"damage_taken":20.0,"relics_obtained":["Golden Idol"]},{"damage_healed":0.0,"max_hp_gain":0.0,"max_hp_loss":0.0,"gold_gain":75.0,"event_name":"World of Goop","player_choice":"Gather Gold","floor":14.0,"gold_loss":0.0,"damage_taken":11.0},{"damage_healed":0.0,"max_hp_gain":0.0,"max_hp_loss":0.0,"gold_gain":0.0,"event_name":"Ghosts","player_choice":"Ignored","floor":19.0,"gold_loss":0.0,"damage_taken":0.0},{"damage_healed":0.0,"max_hp_gain":0.0,"max_hp_loss":0.0,"gold_gain":0.0,"event_name":"The Mausoleum","player_choice":"Opened","floor":21.0,"gold_loss":0.0,"damage_taken":0.0,"relics_obtained":["Strawberry"]},{"damage_healed":0.0,"max_hp_gain":0.0,"max_hp_loss":0.0,"gold_gain":0.0,"event_name":"Colosseum","player_choice":"Fight","floor":30.0,"gold_loss":0.0,"damage_taken":0.0},{"damage_healed":0.0,"max_hp_gain":0.0,"max_hp_loss":0.0,"gold_gain":0.0,"event_name":"Colosseum","player_choice":"Fought Nobs","floor":30.0,"gold_loss":0.0,"damage_taken":0.0},{"damage_healed":0.0,"max_hp_gain":0.0,"max_hp_loss":0.0,"gold_gain":0.0,"event_name":"Upgrade Shrine","player_choice":"Upgraded","floor":31.0,"gold_loss":0.0,"damage_taken":0.0,"cards_upgraded":["Metallicize"]},{"damage_healed":0.0,"max_hp_gain":0.0,"max_hp_loss":0.0,"gold_gain":0.0,"event_name":"NoteForYourself","player_choice":"Ignored","floor":37.0,"gold_loss":0.0,"damage_taken":0.0},{"damage_healed":0,"gold_gain":0,"player_choice":"Memory 3","damage_taken":10,"max_hp_gain":0,"max_hp_loss":0,"event_name":"SensoryStone","floor":41,"gold_loss":0}],"is_beta":false,"boss_relics":[{"not_picked":["Tiny House","Velvet Choker"],"picked":"Calling Bell"},{"not_picked":["Fusion Hammer","Mark of Pain"],"picked":"Philosopher\u0027s Stone"}],"items_purged_floors":[],"is_endless":false,"potions_floor_spawned":[1,8,11,12,28,29,30,30,33,35,38,39,42],"killed_by":"Giant Head","ascension_level":1}}