{"host":"o5jvvi5yapo90aia","time":1607965948,"event":{"mods":["BaseMod","CapriCore","Minty Spire (QoL Compilation)","MostiFishMod","Prisma Mod","Spicy Shops","StSLib","TestMod","The Immortal","【东方二次创作】八云紫mod","【人物mod】游戏王New YuGiOh mod","【功能Mod】Neow奖励"],"gold_per_floor":[-1287,-1270,-1220,-1220,-1220,-1194,-1094,-1066,-1042,-1009,-992,-592,-573,-557,-557,-480,-480,15,15,15,15,15,40,52,86,86,121,121,148,165,199,199,398,398,413,69,86,36,215,215,354,354,354,516,516,516,679,820,820,950,1080,1080,1080,234,266,271],"floor_reached":57,"playtime":1481,"items_purged":["Strike_P","Defend_P","Writhe"],"score":3848,"play_id":"f008d150-0fcc-4a8a-a413-1dcfca4e634d","local_time":"20201215011228","is_ascension_mode":true,"campfire_choices":[{"data":"Defend_P","floor":15.0,"key":"PURGE"},{"data":"MostiFishMod:CyberBuddha","floor":32.0,"key":"SMITH"},{"data":"Defend_P","floor":40.0,"key":"PURGE"},{"floor":42,"key":"RECALL"},{"data":"Eruption","floor":46,"key":"SMITH"},{"data":"WheelKick","floor":49,"key":"PURGE"},{"data":"Pray+1","floor":53,"key":"PURGE"}],"circlet_count":0,"master_deck":["AscendersBane","Eruption+1","Vigilance+1","CurseOfTheBell","Worship+1","MostiFishMod:CyberBuddha+1","MostiFishMod:Speedup","TalkToTheHand","FearNoEvil","MostiFishMod:DustFall","Scrawl+1","Collect+1","Adaptation","MostiFishMod:Adaptation"],"relics":["testmod-TestBox","Calling Bell","Anchor","testmod-ArcanaOfDestiny","Du-Vu Doll","SynthV:MejaisSoulstealer","testmod-FatalChain","Question Card","Juzu Bracelet","Happy Flower","testmod-TurbochargingSystem","Bottled Lightning","ImportantClient","xbg","Smiling Mask","Singing Bowl","Toxic Egg 2","Kunai","Strawberry","GoldenEye","Astrolabe","Sling","TeardropLocket","Lizard Tail","CombinedTypeHook","War Paint","PrismaticShard","Bag of Marbles","Bronze Scales","Nunchaku","StrikeDummy","Medical Kit","testmod-IndustrialRevolution"],"acts_visited":["Exordium","TheCity","TheBeyond","TheEnding"],"potions_floor_usage":[56,56,56],"damage_taken":[{"damage":0.0,"enemies":"2 Louse","floor":1.0,"turns":2.0},{"damage":0.0,"enemies":"Cultist","floor":2.0,"turns":2.0},{"damage":0.0,"enemies":"3 Sentries","floor":6.0,"turns":2.0},{"damage":0.0,"enemies":"Lagavulin","floor":8.0,"turns":2.0},{"damage":0.0,"enemies":"Gremlin Nob","floor":10.0,"turns":2.0},{"damage":0.0,"enemies":"Jaw Worm","floor":11.0,"turns":2.0},{"damage":0.0,"enemies":"Exordium Wildlife","floor":13.0,"turns":2.0},{"damage":0.0,"enemies":"Gremlin Gang","floor":14.0,"turns":1.0},{"damage":0.0,"enemies":"The Guardian","floor":16.0,"turns":4.0},{"damage":0.0,"enemies":"2 Thieves","floor":18.0,"turns":2.0},{"damage":0.0,"enemies":"Slavers","floor":23.0,"turns":2.0},{"damage":0.0,"enemies":"Spheric Guardian","floor":24.0,"turns":2.0},{"damage":0.0,"enemies":"Gremlin Leader","floor":25.0,"turns":1.0},{"damage":0.0,"enemies":"Slavers","floor":27.0,"turns":2.0},{"damage":18.0,"enemies":"Book of Stabbing","floor":29.0,"turns":4.0},{"damage":0.0,"enemies":"Shelled Parasite and Fungi","floor":30.0,"turns":2.0},{"damage":0.0,"enemies":"Gremlin Leader","floor":31.0,"turns":2.0},{"damage":13.0,"enemies":"Collector","floor":33.0,"turns":3.0},{"damage":0.0,"enemies":"3 Darklings","floor":35.0,"turns":2.0},{"damage":0.0,"enemies":"Orb Walker","floor":37.0,"turns":2.0},{"damage":6.0,"enemies":"2 Orb Walkers","floor":39.0,"turns":3.0},{"damage":19,"enemies":"Jaw Worm Horde","floor":41,"turns":3},{"damage":0,"enemies":"Giant Head","floor":44,"turns":3},{"damage":0,"enemies":"Reptomancer","floor":47,"turns":2},{"damage":7,"enemies":"4 Shapes","floor":48,"turns":2},{"damage":34,"enemies":"Time Eater","floor":50,"turns":6},{"damage":0,"enemies":"Donu and Deca","floor":51,"turns":3},{"damage":0,"enemies":"Shield and Spear","floor":55,"turns":1},{"damage":26,"enemies":"The Heart","floor":56,"turns":5}],"seed_played":"9096689531988471445","potions_obtained":[{"floor":6.0,"key":"testmod-SpacePotion"},{"floor":11.0,"key":"SkillPotion"},{"floor":13.0,"key":"ColorlessPotion"},{"floor":14.0,"key":"FearPotion"},{"floor":30.0,"key":"PowerPotion"},{"floor":35.0,"key":"Energy Potion"}],"is_trial":false,"path_per_floor":["M","M","?","$","?","E","?","E","T","E","M","?","M","M","R","B",null,"M","?","?","$","$","E","M","E","T","E","?","E","M","E","R","B",null,"M","$","M","$","?","R","M","R","T","E","?","R","E","M","R","B","B",null,"R","$","E","B",null],"character_chosen":"WATCHER","items_purchased":["Sling","TeardropLocket","PrismaticShard","Bag of Marbles","Bronze Scales","Nunchaku","StrikeDummy","Medical Kit","DuplicationPotion"],"campfire_rested":0,"item_purchase_floors":[36,36,54,54,54,54,54,54,54],"current_hp_per_floor":[61,63,63,63,63,65,65,67,67,68,68,68,68,68,68,68,68,68,68,68,68,68,68,68,68,68,70,70,61,63,67,67,54,74,78,78,82,82,80,80,63,63,63,65,73,73,73,68,68,36,38,85,85,85,89,65],"gold":271,"neow_bonus":"BOSS_RELIC","is_daily":false,"chose_seed":false,"campfire_upgraded":2,"win_rate":0.0,"timestamp":1607965948,"path_taken":["M","M","?","?","?","E","?","E","T","E","M","?","M","M","R","BOSS","M","?","?","?","$","E","M","E","T","E","?","E","M","E","R","BOSS","M","$","M","?","?","R","M","R","T","E","?","R","E","M","R","BOSS","BOSS","R","$","E","BOSS"],"items_purchased_type":["Relic","Relic","Relic","Relic","Relic","Relic","Relic","Relic","Potion"],"build_version":"2020-12-13","purchased_purges":3,"victory":true,"max_hp_per_floor":[68,68,68,68,68,68,68,68,68,68,68,68,68,68,68,68,68,68,68,68,68,68,68,68,68,68,70,70,79,79,81,81,81,81,83,83,85,85,87,87,89,89,89,91,99,99,99,101,101,101,101,101,101,101,103,103],"card_choices":[{"not_picked":["FollowUp","EmptyFist","SashWhip"],"picked":"SKIP","floor":1.0},{"not_picked":["FollowUp","Consecrate","Sanctity"],"picked":"Worship","floor":2.0},{"not_picked":["Worship","SashWhip","SandsOfTime","CrushJoints"],"picked":"SKIP","floor":6.0},{"not_picked":["LikeWater","ForeignInfluence","EmptyMind","Evaluate"],"picked":"SKIP","floor":8.0},{"not_picked":["Consecrate","Halt","CrushJoints","MasterReality"],"picked":"SKIP","floor":10.0},{"not_picked":["ThirdEye","WindmillStrike","PathToVictory","Collect"],"picked":"SKIP","floor":11.0},{"not_picked":["Halt","CrushJoints","ThirdEye"],"picked":"WheelKick","floor":13.0},{"not_picked":["Protect","Consecrate","EmptyMind","SashWhip"],"picked":"SKIP","floor":14.0},{"not_picked":["MostiFishMod:UniPurple","MostiFishMod:ScryFuture","MostiFishMod:StarHerder"],"picked":"MostiFishMod:CyberBuddha","floor":16.0},{"not_picked":["Worship","EmptyFist+1","CrushJoints","Evaluate"],"picked":"SKIP","floor":18.0},{"not_picked":["Wireheading","ClearTheMind+1","SashWhip"],"picked":"TalkToTheHand","floor":23.0},{"not_picked":["PathToVictory","ReachHeaven","Vengeance","SashWhip"],"picked":"SKIP","floor":24.0},{"not_picked":["FlurryOfBlows","BattleHymn","JustLucky"],"picked":"FearNoEvil","floor":25.0},{"not_picked":["FollowUp","Halt+1","FlyingSleeves","Perseverance+1"],"picked":"Singing Bowl","floor":27.0},{"not_picked":["CutThroughFate+1","MentalFortress","BattleHymn+1","Crescendo+1"],"picked":"Singing Bowl","floor":29.0},{"not_picked":["Evaluate+1","CrushJoints","Meditate+1"],"picked":"MostiFishMod:DustFall","floor":30.0},{"not_picked":["Conclude","Prostrate+1","JustLucky","PathToVictory+1"],"picked":"Singing Bowl","floor":31.0},{"not_picked":["MostiFishMod:Adaptation","Judgement+1","MostiFishMod:Minus+1"],"picked":"Scrawl+1","floor":33.0},{"not_picked":["Vengeance+1","FlyingSleeves+1","ThirdEye+1","BowlingBash"],"picked":"Singing Bowl","floor":35.0},{"not_picked":["EmptyBody+1","Wireheading","MostiFishMod:Speedup+1","Sanctity+1"],"picked":"Singing Bowl","floor":37.0},{"not_picked":["WaveOfTheHand+1","CarveReality","FollowUp","ThirdEye+1"],"picked":"Singing Bowl","floor":39.0},{"not_picked":["PathToVictory+1","CutThroughFate","ThirdEye+1","Prostrate+1"],"picked":"Singing Bowl","floor":41},{"not_picked":["EmptyBody+1","Prostrate+1","ReachHeaven","Crescendo+1"],"picked":"Singing Bowl","floor":44},{"not_picked":["JustLucky","ThirdEye+1","Perseverance+1"],"picked":"Adaptation","floor":45},{"not_picked":["Crescendo+1","MostiFishMod:Disappear","Protect+1","SashWhip"],"picked":"Singing Bowl","floor":45},{"not_picked":["EmptyBody+1","WindmillStrike+1","Halt+1","FollowUp+1"],"picked":"Singing Bowl","floor":45},{"not_picked":["CutThroughFate","Crescendo+1","Prostrate+1","FlurryOfBlows"],"picked":"Singing Bowl","floor":45},{"not_picked":["JustLucky+1","CrushJoints+1","FlurryOfBlows","Protect+1"],"picked":"Singing Bowl","floor":45},{"not_picked":["MostiFishMod:Zero-Sum","FollowUp","Evaluate+1"],"picked":"MostiFishMod:Adaptation","floor":47},{"not_picked":["FollowUp","Conclude","BowlingBash","Sanctity+1"],"picked":"Singing Bowl","floor":48},{"not_picked":["Streamline+1","Gash","SoundFromHell+1","PrismaMod:MiyuUncommonAttack+1"],"picked":"Singing Bowl","floor":55}],"player_experience":1270684,"relics_obtained":[{"floor":0.0,"key":"Anchor"},{"floor":0.0,"key":"testmod-ArcanaOfDestiny"},{"floor":0.0,"key":"Du-Vu Doll"},{"floor":1.0,"key":"Question Card"},{"floor":6.0,"key":"Juzu Bracelet"},{"floor":8.0,"key":"Happy Flower"},{"floor":9.0,"key":"testmod-TurbochargingSystem"},{"floor":10.0,"key":"Bottled Lightning"},{"floor":16.0,"key":"ImportantClient"},{"floor":23.0,"key":"Smiling Mask"},{"floor":25.0,"key":"Singing Bowl"},{"floor":26.0,"key":"Toxic Egg 2"},{"floor":27.0,"key":"Kunai"},{"floor":29.0,"key":"Strawberry"},{"floor":31.0,"key":"GoldenEye"},{"floor":39.0,"key":"Lizard Tail"},{"floor":44,"key":"CombinedTypeHook"},{"floor":47,"key":"War Paint"},{"floor":55,"key":"testmod-IndustrialRevolution"}],"event_choices":[{"damage_healed":0.0,"max_hp_gain":0.0,"max_hp_loss":0.0,"gold_gain":50.0,"event_name":"Golden Shrine","player_choice":"Pray","floor":3.0,"gold_loss":0.0,"damage_taken":0.0},{"damage_healed":0.0,"max_hp_gain":0.0,"max_hp_loss":0.0,"gold_gain":0.0,"event_name":"World of Goop","player_choice":"Left Gold","floor":5.0,"gold_loss":-1220.0,"damage_taken":0.0},{"damage_healed":0.0,"max_hp_gain":0.0,"max_hp_loss":0.0,"gold_gain":100.0,"event_name":"Wheel of Change","player_choice":"Gold","floor":7.0,"gold_loss":0.0,"damage_taken":0.0},{"damage_healed":0.0,"max_hp_gain":0.0,"max_hp_loss":0.0,"gold_gain":400.0,"event_name":"恩洛斯的盘子","player_choice":"Sell","floor":12.0,"relics_lost":["DaveBox"],"gold_loss":0.0,"damage_taken":0.0},{"cards_removed":["Defend_P"],"damage_healed":0.0,"max_hp_gain":0.0,"max_hp_loss":0.0,"gold_gain":0.0,"event_name":"Back to Basics","player_choice":"Elegance","floor":19.0,"gold_loss":0.0,"damage_taken":0.0},{"damage_healed":0.0,"max_hp_gain":0.0,"max_hp_loss":0.0,"gold_gain":0.0,"event_name":"The Library","player_choice":"Read","floor":20.0,"gold_loss":0.0,"damage_taken":0.0,"cards_obtained":["MostiFishMod:Speedup"]},{"damage_healed":0.0,"max_hp_gain":0.0,"max_hp_loss":0.0,"gold_gain":0.0,"event_name":"Match and Keep!","player_choice":"0 cards matched","floor":28.0,"gold_loss":0.0,"damage_taken":0.0,"cards_obtained":[]},{"damage_healed":0.0,"max_hp_gain":0.0,"max_hp_loss":0.0,"gold_gain":0.0,"event_name":"Mysterious Sphere","player_choice":"Fight","floor":39.0,"gold_loss":0.0,"damage_taken":0.0},{"damage_healed":0,"gold_gain":0,"player_choice":"Swap Relic","damage_taken":0,"relics_obtained":["Orrery"],"max_hp_gain":0,"max_hp_loss":0,"event_name":"给自己的盒子","floor":45,"relics_lost":["Orrery"],"gold_loss":0}],"is_beta":false,"boss_relics":[{"not_picked":["VioletLotus","Fusion Hammer"],"picked":"xbg"},{"not_picked":["TakeMeEscape","testmod-BatchProcessingSystem"],"picked":"Astrolabe"}],"items_purged_floors":[36,38,54],"is_endless":false,"potions_floor_spawned":[6,11,13,14,18,24,27,29,30,35,39,41,48],"ascension_level":20}}