{"host":"rjmu5g8hpiele53d","time":1607980094,"event":{"mods":["2.2 Compatiblity","BaseMod","Downfall","GifTheSpireLib","Minty Spire (QoL Compilation)","StSLib"],"gold_per_floor":[99,160,179,190,202,221,221,240,240,266,266,286,301,301,315,420,420,420,420,420,270,270,270,270,270,270,195,195,195,195,195,195,195,195],"floor_reached":33,"playtime":2779,"items_purged":[],"score":282,"play_id":"1bc8175a-abab-4563-b0a4-57ed3394cf20","local_time":"20201214210814","is_ascension_mode":false,"campfire_choices":[{"data":"champ:ShieldThrow","floor":1.0,"key":"SMITH"},{"floor":9.0,"key":"REST"},{"data":"champ:EnGarde","floor":18.0,"key":"SMITH"},{"data":"champ:Taunt","floor":20.0,"key":"SMITH"},{"data":"champ:Circumvent","floor":27.0,"key":"SMITH"}],"circlet_count":0,"master_deck":["champ:Strike","champ:Strike","champ:Strike","champ:Strike","champ:Defend","champ:Defend","champ:Defend+1","champ:Defend","champ:Execute","champ:Taunt+1","champ:ShieldThrow+1","champ:DefensiveStyle","champ:SkillfulDodge+1","champ:IronFortress","champ:EnGarde+1","champ:Improvising+1","champ:ShieldSlam","champ:Circumvent+1","Ghostly","champ:RisingSlash+1","champ:ShieldThrow+1","champ:TornadoPunch","champ:FocusedDefense+1"],"relics":["champ:ChampionCrown","Ornamental Fan","champ:FightingForDummies","Blue Candle","Ectoplasm","downfall:HeartBlessingBlue"],"acts_visited":["Exordium","TheCity"],"potions_floor_usage":[33,33],"damage_taken":[{"damage":73.0,"enemies":"3 Sentries","floor":2.0,"turns":10.0},{"damage":0.0,"enemies":"Jaw Worm","floor":3.0,"turns":3.0},{"damage":5.0,"enemies":"Cultist","floor":4.0,"turns":4.0},{"damage":0.0,"enemies":"2 Louse","floor":5.0,"turns":3.0},{"damage":8.0,"enemies":"Large Slime","floor":6.0,"turns":8.0},{"damage":12.0,"enemies":"Lots of Slimes","floor":8.0,"turns":5.0},{"damage":15.0,"enemies":"Gremlin Nob","floor":10.0,"turns":5.0},{"damage":11.0,"enemies":"Blue Slaver","floor":12.0,"turns":5.0},{"damage":5.0,"enemies":"Red Slaver","floor":13.0,"turns":4.0},{"damage":11.0,"enemies":"Large Slime","floor":15.0,"turns":4.0},{"damage":6.0,"enemies":"downfall:Watcher","floor":16.0,"turns":6.0},{"damage":9.0,"enemies":"3 Byrds","floor":19.0,"turns":5.0},{"damage":6.0,"enemies":"Chosen","floor":22.0,"turns":5.0},{"damage":0.0,"enemies":"Centurion and Healer","floor":25.0,"turns":5.0},{"damage":9,"enemies":"Snake Plant","floor":28,"turns":6},{"damage":22,"enemies":"Snecko","floor":29,"turns":5},{"damage":3,"enemies":"Shelled Parasite and Fungi","floor":30,"turns":4},{"damage":9,"enemies":"Sentry and Sphere","floor":31,"turns":5},{"damage":30,"enemies":"Centurion and Healer","floor":32,"turns":7},{"damage":39,"enemies":"downfall:Silent","floor":33,"turns":6}],"seed_played":"803263852183411008","potions_obtained":[{"floor":4.0,"key":"EssenceOfSteel"},{"floor":8.0,"key":"Guardian:BlockOnCardUsePotion"},{"floor":10.0,"key":"Weak Potion"},{"floor":12.0,"key":"PowerPotion"},{"floor":13.0,"key":"LiquidBronze"},{"floor":19.0,"key":"FearPotion"},{"floor":22.0,"key":"SpeedPotion"},{"floor":32,"key":"Regen Potion"}],"is_trial":false,"path_per_floor":["R","?","M","M","M","M","T","M","R","E","?","M","M","?","M","B",null,"R","M","R","?","M","?","T","M","?","R","M","M","M","M","M","B"],"character_chosen":"THE_CHAMP","items_purchased":[],"campfire_rested":1,"item_purchase_floors":[],"current_hp_per_floor":[81,23,23,23,23,23,23,11,35,20,20,17,17,44,33,27,81,81,77,77,77,71,71,71,71,63,73,64,47,44,35,23,0,0],"gold":195,"neow_bonus":"THREE_RARE_CARDS","is_daily":false,"chose_seed":false,"campfire_upgraded":4,"win_rate":0.0,"timestamp":1607980094,"path_taken":["R","?","M","M","M","M","T","M","R","E","?","?","M","?","M","BOSS","R","M","R","?","M","?","T","?","?","R","M","?","M","M","M","BOSS"],"items_purchased_type":[],"build_version":"2020-12-13","purchased_purges":0,"victory":false,"max_hp_per_floor":[81,81,81,81,81,81,81,81,81,81,81,81,81,81,81,81,81,81,81,81,81,81,81,81,81,81,91,91,91,91,91,91,91,91],"card_choices":[{"not_picked":["champ:StrikeOfGenius","champ:MurderStrike"],"picked":"champ:ShieldThrow","floor":0.0},{"not_picked":["champ:FocusedBerserking","champ:TornadoPunch"],"picked":"champ:DefensiveStyle","floor":3.0},{"not_picked":["champ:CrookedStrike","champ:BerserkerStyle"],"picked":"champ:SkillfulDodge","floor":4.0},{"not_picked":["champ:StanceDance","champ:AdrenalArmor","champ:FanOfKnives"],"picked":"SKIP","floor":5.0},{"not_picked":["champ:BringItOn","champ:EndlessRage"],"picked":"champ:IronFortress","floor":6.0},{"not_picked":["champ:GladiatorsShout","champ:Backstep"],"picked":"champ:EnGarde","floor":8.0},{"not_picked":["champ:DefensiveShout","champ:StanceDance"],"picked":"champ:Improvising","floor":10.0},{"not_picked":["champ:FanOfKnives","champ:BladeFlurry","champ:Backstep"],"picked":"SKIP","floor":12.0},{"not_picked":["champ:RecklessLeap","champ:Aggression","champ:EndlessRage"],"picked":"SKIP","floor":13.0},{"not_picked":["champ:EnragedBash","champ:Backstep","champ:CalledShot"],"picked":"SKIP","floor":15.0},{"not_picked":["champ:CheapShot","champ:SteelEdge"],"picked":"champ:ShieldSlam","floor":16.0},{"not_picked":["champ:RisingSlash","champ:StanceDance"],"picked":"champ:Circumvent","floor":19.0},{"not_picked":["champ:Haymaker+1","champ:RecklessLeap"],"picked":"champ:RisingSlash+1","floor":22.0},{"not_picked":["champ:DefensiveShout","champ:RisingSlash","champ:FightOn"],"picked":"SKIP","floor":25.0},{"not_picked":["champ:BerserkerStyle","champ:CrookedStrike+1","champ:Circumvent"],"picked":"SKIP","floor":28},{"not_picked":["champ:RisingSlash","champ:FlashCut","champ:CrookedStrike"],"picked":"SKIP","floor":29},{"not_picked":["champ:Haymaker","champ:Balance"],"picked":"champ:TornadoPunch","floor":30},{"not_picked":["champ:HeartStrike+1","champ:BringItOn"],"picked":"champ:FocusedDefense+1","floor":31},{"not_picked":["champ:RisingSlash+1","champ:BringItOn","champ:IronFortress+1"],"picked":"SKIP","floor":32}],"player_experience":1544843,"relics_obtained":[{"floor":2.0,"key":"Ornamental Fan"},{"floor":7.0,"key":"champ:FightingForDummies"},{"floor":10.0,"key":"Blue Candle"}],"event_choices":[{"damage_healed":0.0,"max_hp_gain":0.0,"max_hp_loss":0.0,"gold_gain":0.0,"event_name":"Accursed Blacksmith","player_choice":"Forge","floor":11.0,"gold_loss":0.0,"damage_taken":0.0,"cards_upgraded":["champ:SkillfulDodge"]},{"damage_healed":27.0,"max_hp_gain":0.0,"max_hp_loss":0.0,"gold_gain":0.0,"event_name":"Big Fish","player_choice":"Banana","floor":14.0,"gold_loss":0.0,"damage_taken":0.0},{"damage_healed":0.0,"max_hp_gain":0.0,"max_hp_loss":0.0,"gold_gain":0.0,"event_name":"Duplicator","player_choice":"Copied","floor":23.0,"gold_loss":0.0,"damage_taken":0.0,"cards_obtained":["champ:ShieldThrow"]}],"is_beta":false,"boss_relics":[{"not_picked":["Velvet Choker","Runic Dome"],"picked":"Ectoplasm"}],"items_purged_floors":[],"is_endless":false,"potions_floor_spawned":[4,8,10,12,13,19,22,32],"killed_by":"downfall:Silent","ascension_level":0}}