{"host":"2fcuechlb8c23yrb","time":1607968879,"event":{"mods":["2.2 Compatiblity","AchievementEnabler","BaseMod","Bestiary","Better Match","Block Reminder","Colored Map","Colored Powertips","DeckTracker","Displayed Cursed Tome","GifTheSpireLib","Highlight Path","Minty Spire (QoL Compilation)","Quick Restart","Rare Cards Sparkle","Relic Sorter","Relic Stats","StSLib"],"gold_per_floor":[214,231,249,249,20,20,53,19,89,89,59,59,78,95,95,195,195,215,215,47,60,11,11,11,11],"floor_reached":24,"playtime":1027,"items_purged":[],"score":194,"play_id":"ec7316d5-71eb-4402-af64-9abf2273e9ed","local_time":"20201214130119","is_ascension_mode":false,"campfire_choices":[{"floor":6.0,"key":"REST"},{"floor":10.0,"key":"REST"},{"data":"White Noise","floor":12.0,"key":"SMITH"},{"floor":15.0,"key":"REST"},{"data":"Amplify","floor":23.0,"key":"SMITH"}],"circlet_count":0,"master_deck":["Strike_B","Strike_B","Strike_B","Strike_B","Defend_B","Defend_B","Defend_B+1","Defend_B","Zap","Fusion","Redo+1","Loop","White Noise+1","Loop","Self Repair","Amplify+1","Cold Snap","Defragment","Leap","Self Repair"],"relics":["Cracked Core","Oddly Smooth Stone","Nunchaku","Pear","SacredBark"],"acts_visited":["Exordium","TheCity"],"potions_floor_usage":[24,24],"damage_taken":[{"damage":5.0,"enemies":"Small Slimes","floor":1.0,"turns":4.0},{"damage":5.0,"enemies":"2 Louse","floor":2.0,"turns":3.0},{"damage":0.0,"enemies":"Cultist","floor":3.0,"turns":3.0},{"damage":54.0,"enemies":"3 Sentries","floor":7.0,"turns":8.0},{"damage":13.0,"enemies":"Exordium Wildlife","floor":13.0,"turns":3.0},{"damage":11.0,"enemies":"Exordium Thugs","floor":14.0,"turns":4.0},{"damage":60.0,"enemies":"Hexaghost","floor":16.0,"turns":10.0},{"damage":20.0,"enemies":"Shell Parasite","floor":18.0,"turns":7.0},{"damage":8.0,"enemies":"2 Thieves","floor":21.0,"turns":3.0},{"damage":83,"enemies":"Cultist and Chosen","floor":24,"turns":6}],"seed_played":"8588146659152182034","potions_obtained":[{"floor":1.0,"key":"Strength Potion"},{"floor":11.0,"key":"FocusPotion"},{"floor":11.0,"key":"Dexterity Potion"},{"floor":16.0,"key":"LiquidMemories"}],"is_trial":false,"path_per_floor":["M","M","M","?","$","R","E","$","T","R","?","R","M","M","R","B",null,"M","?","$","M","$","R","M"],"character_chosen":"DEFECT","items_purchased":["Loop","Oddly Smooth Stone","PowerPotion","Loop","Fire Potion","Defragment","Leap","Weak Potion"],"campfire_rested":3,"item_purchase_floors":[5,5,5,8,20,20,20,22],"current_hp_per_floor":[70,65,65,50,50,72,18,18,28,53,53,53,40,36,61,8,85,72,72,72,71,71,71,0,0],"gold":11,"neow_bonus":"HUNDRED_GOLD","is_daily":false,"chose_seed":false,"campfire_upgraded":2,"win_rate":0.0,"timestamp":1607968879,"path_taken":["M","M","M","?","$","R","E","$","T","R","?","R","M","?","R","BOSS","M","?","$","M","?","R","?"],"items_purchased_type":["Card","Relic","Potion","Card","Potion","Card","Card","Potion"],"build_version":"2020-12-13","purchased_purges":0,"victory":false,"max_hp_per_floor":[75,75,75,75,75,75,75,75,85,85,85,85,85,85,85,85,85,85,85,85,85,85,85,85,85],"relic_stats":{"Nunchaku":[3],"counters":[10,51],"obtain_stats":[{"Nunchaku":7,"Pear":9,"SacredBark":17,"Oddly Smooth Stone":5,"Cracked Core":0},{"Nunchaku":4,"Pear":4,"SacredBark":7,"Oddly Smooth Stone":3,"Cracked Core":0},{"Nunchaku":18,"Pear":18,"SacredBark":35,"Oddly Smooth Stone":10,"Cracked Core":0}]},"card_choices":[{"not_picked":["Blizzard","Coolheaded"],"picked":"Fusion","floor":1.0},{"not_picked":["Gash","Turbo","Compile Driver"],"picked":"SKIP","floor":2.0},{"not_picked":["Fusion","FTL"],"picked":"Redo","floor":3.0},{"not_picked":["Compile Driver","Genetic Algorithm"],"picked":"White Noise","floor":7.0},{"not_picked":["Rip and Tear","Hologram"],"picked":"Self Repair","floor":13.0},{"not_picked":["Heatsinks","Rainbow","Barrage"],"picked":"SKIP","floor":14.0},{"not_picked":["Rainbow","Fission"],"picked":"Amplify","floor":16.0},{"not_picked":["Force Field","Sweeping Beam"],"picked":"Cold Snap","floor":18.0},{"not_picked":["Streamline","Turbo"],"picked":"Self Repair","floor":21.0}],"player_experience":58713,"relics_obtained":[{"floor":7.0,"key":"Nunchaku"},{"floor":9.0,"key":"Pear"}],"event_choices":[{"damage_healed":0.0,"max_hp_gain":0.0,"max_hp_loss":0.0,"gold_gain":0.0,"event_name":"Shining Light","player_choice":"Entered Light","floor":4.0,"gold_loss":0.0,"damage_taken":15.0,"cards_upgraded":["Defend_B","Redo"]},{"damage_healed":0.0,"max_hp_gain":0.0,"max_hp_loss":0.0,"gold_gain":0.0,"event_name":"The Woman in Blue","player_choice":"Bought 2 Potions","floor":11.0,"gold_loss":0.0,"damage_taken":0.0},{"cards_removed":["Dualcast"],"damage_healed":0.0,"max_hp_gain":0.0,"max_hp_loss":0.0,"gold_gain":0.0,"event_name":"Purifier","player_choice":"Purged","floor":19.0,"gold_loss":0.0,"damage_taken":0.0}],"is_beta":false,"boss_relics":[{"not_picked":["Snecko Eye","Cursed Key"],"picked":"SacredBark"}],"items_purged_floors":[],"is_endless":false,"potions_floor_spawned":[1,13,16],"killed_by":"Cultist and Chosen","ascension_level":0}}