{"host":"o7j6aatxjwpw1421","time":1607956545,"event":{"mods":["2.2 Compatiblity","BaseMod","Colored Map","DeckTracker","Highlight Path","Keyboard Shortcuts","Minty Spire (QoL Compilation)","Permanent Neow","Quick Restart","StSLib","SuperFastMode","everything is the same but u backflip on backflip"],"gold_per_floor":[110,110,8,8,24,24,34,52,52,52,22,22,35,53,53,130,130,143,143,160,160,60,60,60],"floor_reached":23,"playtime":1014,"items_purged":["Strike_G","Writhe"],"score":317,"play_id":"a7696153-da8b-44c0-bf55-3a069752eb77","local_time":"20201214233545","is_ascension_mode":true,"campfire_choices":[{"data":"Dagger Spray","floor":6.0,"key":"SMITH"},{"data":"Footwork","floor":10,"key":"SMITH"},{"data":"Neutralize","floor":15,"key":"SMITH"}],"circlet_count":0,"master_deck":["AscendersBane","Strike_G+1","Strike_G+1","Strike_G+1","Strike_G+1","Defend_G+1","Defend_G+1","Defend_G+1","Defend_G+1","Defend_G+1","Survivor","Neutralize+1","Dagger Throw","Dagger Spray+1","Footwork+1","Calculated Gamble","Underhanded Strike","Tactician","Escape Plan","Tools of the Trade","Die Die Die","Prepared","Reflex"],"relics":["Ring of the Snake","White Beast Statue","Eternal Feather","Mummified Hand","Snecko Eye","PreservedInsect"],"acts_visited":["Exordium","TheCity"],"potions_floor_usage":[11,16,16,16,16,20],"damage_taken":[{"damage":1.0,"enemies":"Small Slimes","floor":1.0,"turns":5.0},{"damage":0.0,"enemies":"2 Louse","floor":5.0,"turns":2.0},{"damage":2.0,"enemies":"Jaw Worm","floor":7.0,"turns":5.0},{"damage":8,"enemies":"3 Louse","floor":8,"turns":5},{"damage":0,"enemies":"Looter","floor":11,"turns":4},{"damage":0,"enemies":"2 Fungi Beasts","floor":13,"turns":3},{"damage":0,"enemies":"Lots of Slimes","floor":14,"turns":1},{"damage":9,"enemies":"Slime Boss","floor":16,"turns":11},{"damage":1,"enemies":"Shell Parasite","floor":18,"turns":8},{"damage":27,"enemies":"Spheric Guardian","floor":20,"turns":4},{"damage":0,"enemies":"Slavers","floor":23,"turns":1}],"seed_played":"3613241811209453231","potions_obtained":[{"floor":5.0,"key":"DistilledChaos"},{"floor":7.0,"key":"Weak Potion"},{"floor":8,"key":"SkillPotion"},{"floor":11,"key":"SteroidPotion"},{"floor":13,"key":"EntropicBrew"},{"floor":16,"key":"Explosive Potion"},{"floor":18,"key":"LiquidBronze"},{"floor":20,"key":"Swift Potion"}],"is_trial":false,"path_per_floor":["M","?","$","?","M","R","M","M","T","R","M","T","M","M","R","B",null,"M","?","M","?","$","E"],"character_chosen":"THE_SILENT","items_purchased":["Dagger Spray"],"campfire_rested":0,"item_purchase_floors":[3],"current_hp_per_floor":[55,29,29,29,29,29,27,19,19,28,28,28,28,28,40,31,66,65,65,38,38,38,38,38],"gold":60,"neow_bonus":"TWENTY_PERCENT_HP_BONUS","is_daily":false,"chose_seed":false,"campfire_upgraded":3,"win_rate":0.0,"timestamp":1607956545,"path_taken":["M","?","$","?","M","R","M","M","T","R","M","?","M","M","R","BOSS","M","?","M","?","$","E"],"items_purchased_type":["Card"],"build_version":"2020-12-13","purchased_purges":2,"victory":false,"max_hp_per_floor":[78,78,78,78,78,78,78,78,78,78,78,78,78,78,78,78,78,78,78,78,78,78,78,78],"card_choices":[{"not_picked":["Backflip","Deadly Poison"],"picked":"Dagger Throw","floor":1.0},{"not_picked":["Bane","Infinite Blades"],"picked":"Footwork","floor":5.0},{"not_picked":["Flying Knee","Concentrate"],"picked":"Calculated Gamble","floor":7.0},{"not_picked":["Blur","Outmaneuver"],"picked":"Underhanded Strike","floor":8},{"not_picked":["Outmaneuver","Backflip"],"picked":"Tactician","floor":11},{"not_picked":["Deadly Poison","Bouncing Flask"],"picked":"Escape Plan","floor":13},{"not_picked":["Sucker Punch","Underhanded Strike"],"picked":"Tools of the Trade","floor":14},{"not_picked":["Phantasmal Killer","Burst"],"picked":"Die Die Die","floor":16},{"not_picked":["Quick Slash+1","PiercingWail"],"picked":"Prepared","floor":18},{"not_picked":["Dodge and Roll","Backflip"],"picked":"Reflex","floor":20}],"player_experience":231896,"relics_obtained":[{"floor":9,"key":"Eternal Feather"},{"floor":12,"key":"Mummified Hand"}],"event_choices":[{"damage_healed":0.0,"max_hp_gain":0.0,"max_hp_loss":0.0,"gold_gain":0.0,"event_name":"Scrap Ooze","player_choice":"Success","floor":2.0,"gold_loss":0.0,"damage_taken":26.0,"relics_obtained":["White Beast Statue"]},{"damage_healed":0.0,"max_hp_gain":0.0,"max_hp_loss":0.0,"gold_gain":0.0,"event_name":"Shining Light","player_choice":"Ignored","floor":4.0,"gold_loss":0.0,"damage_taken":0.0},{"damage_healed":0,"gold_gain":0,"player_choice":"Simplicity","damage_taken":0,"max_hp_gain":0,"max_hp_loss":0,"event_name":"Back to Basics","floor":19,"gold_loss":0,"cards_upgraded":["Strike_G","Strike_G","Strike_G","Strike_G","Defend_G","Defend_G","Defend_G","Defend_G","Defend_G"]},{"damage_healed":0,"gold_gain":0,"player_choice":"Opened","damage_taken":0,"relics_obtained":["PreservedInsect"],"max_hp_gain":0,"max_hp_loss":0,"event_name":"The Mausoleum","floor":21,"gold_loss":0,"cards_obtained":["Writhe"]}],"is_beta":false,"boss_relics":[{"not_picked":["SlaversCollar","Fusion Hammer"],"picked":"Snecko Eye"}],"items_purged_floors":[3,22],"is_endless":false,"potions_floor_spawned":[5,7,8,11,13,14,16,18,20],"killed_by":"Slavers","ascension_level":15}}