{"host":"87nh37ho6vfc76k4","time":1607974885,"event":{"mods":["AchievementEnabler","BaseMod","Colored Map","Googly Eyes","Highlight Path","Minty Spire (QoL Compilation)","Permanent Neow","Random Character Button","StSLib","Waifu the Spire"],"gold_per_floor":[109,109,124,199,209,209,225,253,253,285,210,49,66,86,86,157,157,170,170,5,44,88,169,231,281,281,281,281,66,92,7,7,7,7],"floor_reached":33,"playtime":1852,"items_purged":["Writhe"],"score":736,"play_id":"c9b2b67d-4c6b-4764-83c7-aada01d9fc56","local_time":"20201214144125","is_ascension_mode":true,"campfire_choices":[{"floor":6.0,"key":"REST"},{"data":"MentalFortress","floor":15.0,"key":"SMITH"},{"floor":27.0,"key":"REST"},{"data":"Scrawl","floor":32.0,"key":"SMITH"}],"circlet_count":0,"master_deck":["AscendersBane","Strike_P+1","Strike_P+1","Strike_P","Defend_P+1","Defend_P","Defend_P","Defend_P","Eruption+1","Vigilance+1","LessonLearned+1","FollowUp+1","FlyingSleeves+1","ClearTheMind+1","Scrawl+1","FlurryOfBlows+1","WaveOfTheHand","FearNoEvil","MentalFortress+1","Protect","Wish+1","EmptyMind+1","MentalFortress+1","Meditate","BowlingBash","Halt","Wireheading","EmptyFist","Crescendo","SpiritShield","Consecrate"],"relics":["HolyWater","Happy Flower","Tiny Chest","Gremlin Horn","Matryoshka","Juzu Bracelet","Smiling Mask","TeardropLocket","HornCleat","PreservedInsect","Ancient Tea Set"],"acts_visited":[],"potions_floor_usage":[],"damage_taken":[{"damage":0.0,"enemies":"2 Louse","floor":1.0,"turns":2.0},{"damage":0.0,"enemies":"Cultist","floor":3.0,"turns":2.0},{"damage":4.0,"enemies":"Small Slimes","floor":5.0,"turns":3.0},{"damage":7.0,"enemies":"3 Louse","floor":7.0,"turns":3.0},{"damage":0.0,"enemies":"Lagavulin","floor":8.0,"turns":4.0},{"damage":5.0,"enemies":"3 Sentries","floor":10.0,"turns":3.0},{"damage":0.0,"enemies":"Exordium Thugs","floor":13.0,"turns":2.0},{"damage":5.0,"enemies":"Blue Slaver","floor":14.0,"turns":4.0},{"damage":10.0,"enemies":"The Guardian","floor":16.0,"turns":13.0},{"damage":0.0,"enemies":"Chosen","floor":18.0,"turns":2.0},{"damage":0.0,"enemies":"Spheric Guardian","floor":21.0,"turns":6.0},{"damage":8.0,"enemies":"Snecko","floor":22.0,"turns":6.0},{"damage":21.0,"enemies":"Slavers","floor":24.0,"turns":5.0},{"damage":0.0,"enemies":"Gremlin Leader","floor":30.0,"turns":5.0},{"damage":50,"enemies":"Collector","floor":33,"turns":8}],"seed_played":"8226270350636629192","potions_obtained":[{"floor":3.0,"key":"Fire Potion"},{"floor":8.0,"key":"ColorlessPotion"},{"floor":13.0,"key":"AttackPotion"},{"floor":16.0,"key":"Dexterity Potion"},{"floor":18.0,"key":"Energy Potion"},{"floor":24.0,"key":"Swift Potion"}],"is_trial":false,"path_per_floor":["M","?","M","?","M","R","M","E","T","E","?","$","M","M","R","B",null,"M","?","$","M","M","T","E","?","T","R","?","$","E","?","R","B"],"character_chosen":"WATCHER","items_purchased":["FearNoEvil","MentalFortress","Meditate","BowlingBash","Halt","SpiritShield"],"campfire_rested":2,"item_purchase_floors":[12,12,20,20,20,29],"current_hp_per_floor":[61,41,41,30,26,46,39,39,39,34,34,34,34,29,29,19,56,56,56,56,56,48,48,27,21,21,41,41,41,41,41,41,0,0],"gold":7,"neow_bonus":"ONE_RANDOM_RARE_CARD","is_daily":false,"chose_seed":false,"campfire_upgraded":2,"win_rate":0.0,"timestamp":1607974885,"path_taken":["M","?","M","?","M","R","M","E","T","E","?","$","M","M","R","BOSS","M","?","?","M","M","?","E","?","T","R","?","$","E","?","R","BOSS"],"items_purchased_type":["Card","Card","Card","Card","Card","Card"],"build_version":"2020-12-13","purchased_purges":1,"victory":false,"max_hp_per_floor":[68,68,68,68,68,68,68,68,68,68,68,68,68,68,68,68,68,68,68,68,68,68,68,68,68,68,68,68,68,68,68,68,68,68],"card_choices":[{"not_picked":["Protect","DeceiveReality"],"picked":"FollowUp","floor":1.0},{"not_picked":["Crescendo","EmptyBody"],"picked":"FlyingSleeves","floor":3.0},{"not_picked":["ThirdEye","Halt"],"picked":"ClearTheMind","floor":5.0},{"not_picked":["CrushJoints","Halt"],"picked":"Scrawl","floor":7.0},{"not_picked":["Judgement","EmptyBody"],"picked":"FlurryOfBlows","floor":8.0},{"not_picked":["Consecrate","PathToVictory"],"picked":"WaveOfTheHand","floor":10.0},{"not_picked":["FollowUp","WreathOfFlame","Nirvana"],"picked":"SKIP","floor":13.0},{"not_picked":["FollowUp","WreathOfFlame","Nirvana"],"picked":"SKIP","floor":13.0},{"not_picked":["FollowUp","WreathOfFlame","Nirvana"],"picked":"SKIP","floor":13.0},{"not_picked":["WreathOfFlame","CutThroughFate"],"picked":"Protect","floor":14.0},{"not_picked":["Ragnarok","SpiritShield"],"picked":"Wish","floor":16.0},{"not_picked":["Collect","ClearTheMind"],"picked":"EmptyMind","floor":18.0},{"not_picked":["CrushJoints","Prostrate"],"picked":"Wireheading","floor":21.0},{"not_picked":["JustLucky","Prostrate"],"picked":"EmptyFist","floor":22.0},{"not_picked":["FlyingSleeves","SignatureMove"],"picked":"Crescendo","floor":24.0},{"not_picked":["WheelKick","Collect"],"picked":"Consecrate","floor":30.0}],"player_experience":1494934,"relics_obtained":[{"floor":8.0,"key":"Happy Flower"},{"floor":9.0,"key":"Tiny Chest"},{"floor":10.0,"key":"Gremlin Horn"},{"floor":23.0,"key":"Matryoshka"},{"floor":24.0,"key":"Juzu Bracelet"},{"floor":26.0,"key":"Smiling Mask"},{"floor":26.0,"key":"TeardropLocket"},{"floor":30.0,"key":"PreservedInsect"}],"event_choices":[{"damage_healed":0.0,"max_hp_gain":0.0,"max_hp_loss":0.0,"gold_gain":0.0,"event_name":"Shining Light","player_choice":"Entered Light","floor":2.0,"gold_loss":0.0,"damage_taken":20.0,"cards_upgraded":["Eruption","Strike_P"]},{"damage_healed":0.0,"max_hp_gain":0.0,"max_hp_loss":0.0,"gold_gain":75.0,"event_name":"World of Goop","player_choice":"Gather Gold","floor":4.0,"gold_loss":0.0,"damage_taken":11.0},{"cards_removed":["Strike_P"],"damage_healed":0.0,"max_hp_gain":0.0,"max_hp_loss":0.0,"gold_gain":0.0,"event_name":"The Cleric","player_choice":"Card Removal","floor":11.0,"gold_loss":75.0,"damage_taken":0.0},{"damage_healed":0.0,"max_hp_gain":0.0,"max_hp_loss":0.0,"gold_gain":0.0,"event_name":"Duplicator","player_choice":"Copied","floor":19.0,"gold_loss":0.0,"damage_taken":0.0,"cards_obtained":["MentalFortress"]},{"damage_healed":0.0,"max_hp_gain":0.0,"max_hp_loss":0.0,"gold_gain":50.0,"event_name":"FaceTrader","player_choice":"Touch","floor":25.0,"gold_loss":0.0,"damage_taken":6.0},{"damage_healed":0.0,"max_hp_gain":0.0,"max_hp_loss":0.0,"gold_gain":0.0,"event_name":"The Mausoleum","player_choice":"Opened","floor":28.0,"gold_loss":0.0,"damage_taken":0.0,"relics_obtained":["HornCleat"],"cards_obtained":["Writhe"]},{"damage_healed":0.0,"max_hp_gain":0.0,"max_hp_loss":0.0,"gold_gain":0.0,"event_name":"Addict","player_choice":"Obtained Relic","floor":31.0,"gold_loss":85.0,"damage_taken":0.0,"relics_obtained":["Ancient Tea Set"]}],"is_beta":false,"boss_relics":[{"not_picked":["Empty Cage","Busted Crown"],"picked":"HolyWater"}],"items_purged_floors":[29],"is_endless":false,"potions_floor_spawned":[3,8,13,16,18,24],"killed_by":"Collector","ascension_level":20}}