{"host":"1tl36azeqm6yhdgj","time":1607951366,"event":{"mods":["AchievementEnabler","BaseMod","Minty Spire (QoL Compilation)","StSLib","The IronCluck","everything is the same but u backflip on backflip"],"gold_per_floor":[109,129,129,129,129,129,155,174,174,203,215,62,90,9,9,109,109,121,121,136,136,149,149,162,190,213,227,227,257,274,285,285,285,285],"floor_reached":33,"playtime":1369,"items_purged":[],"score":540,"play_id":"6900224a-b36b-4b78-824c-d85db37c1c2b","local_time":"20201214080926","is_ascension_mode":true,"campfire_choices":[{"data":"Anger","floor":6.0,"key":"SMITH"},{"data":"Flame Barrier","floor":15.0,"key":"SMITH"},{"data":"Double Tap","floor":23.0,"key":"SMITH"},{"data":"Immolate","floor":28.0,"key":"SMITH"},{"data":"Rampage","floor":32,"key":"SMITH"}],"circlet_count":0,"master_deck":["AscendersBane","Defend_R","Defend_R+1","Defend_R+1","Defend_R","Bash","Fire Breathing","Anger+1","Limit Break+1","Cleave","Dropkick","Flame Barrier+1","Rampage+1","Thunderclap","Dramatic Entrance","Double Tap+1","Warcry+1","Headbutt+1","Bite","Bite","Bite","Bite","Bite","Rage","Infernal Blade+1","Immolate+1","Inflame+1","Seeing Red"],"relics":["Burning Blood","NeowsBlessing","Lizard Tail","Eternal Feather","Pantograph","Omamori","Nunchaku","Calling Bell","Tiny Chest","Darkstone Periapt","Mango","Happy Flower","Anchor","War Paint"],"acts_visited":["Exordium","TheCity"],"potions_floor_usage":[29,33],"damage_taken":[{"damage":0.0,"enemies":"Jaw Worm","floor":1.0,"turns":1.0},{"damage":0.0,"enemies":"Small Slimes","floor":2.0,"turns":2.0},{"damage":0.0,"enemies":"Gremlin Nob","floor":7.0,"turns":1.0},{"damage":6.0,"enemies":"2 Louse","floor":8.0,"turns":2.0},{"damage":19.0,"enemies":"Lagavulin","floor":10.0,"turns":9.0},{"damage":0.0,"enemies":"Lots of Slimes","floor":11.0,"turns":1.0},{"damage":16.0,"enemies":"3 Sentries","floor":13.0,"turns":6.0},{"damage":52.0,"enemies":"The Guardian","floor":16.0,"turns":16.0},{"damage":10.0,"enemies":"3 Byrds","floor":18.0,"turns":3.0},{"damage":39.0,"enemies":"Spheric Guardian","floor":20.0,"turns":6.0},{"damage":17.0,"enemies":"Centurion and Healer","floor":22.0,"turns":10.0},{"damage":0.0,"enemies":"Chosen and Byrds","floor":24.0,"turns":4.0},{"damage":116.0,"enemies":"Book of Stabbing","floor":25.0,"turns":8.0},{"damage":14.0,"enemies":"Snake Plant","floor":27.0,"turns":4.0},{"damage":21,"enemies":"Gremlin Leader","floor":29,"turns":6},{"damage":23,"enemies":"Sentry and Sphere","floor":30,"turns":4},{"damage":10,"enemies":"Snecko","floor":31,"turns":4},{"damage":109,"enemies":"Champ","floor":33,"turns":10}],"seed_played":"-3719052819928061331","potions_obtained":[{"floor":1.0,"key":"AttackPotion"},{"floor":5.0,"key":"BloodPotion"},{"floor":5.0,"key":"Dexterity Potion"},{"floor":7.0,"key":"SkillPotion"},{"floor":8.0,"key":"PowerPotion"},{"floor":11.0,"key":"Dexterity Potion"},{"floor":13.0,"key":"EssenceOfSteel"},{"floor":22.0,"key":"Dexterity Potion"},{"floor":25.0,"key":"BloodPotion"},{"floor":27.0,"key":"Weak Potion"},{"floor":29,"key":"LiquidBronze"}],"is_trial":false,"path_per_floor":["M","M","?","?","?","R","E","M","T","E","M","$","E","$","R","B",null,"M","?","M","?","M","R","M","E","T","M","R","E","M","M","R","B"],"character_chosen":"IRONCLAD","items_purchased":["Omamori","Dramatic Entrance"],"campfire_rested":0,"item_purchase_floors":[12,14],"current_hp_per_floor":[78,80,80,64,80,80,80,80,80,67,73,73,63,63,72,34,83,79,79,46,46,55,65,65,22,22,20,35,34,23,27,42,0,0],"gold":285,"neow_bonus":"THREE_ENEMY_KILL","is_daily":false,"chose_seed":false,"campfire_upgraded":5,"win_rate":0.0,"timestamp":1607951366,"path_taken":["M","M","?","?","?","R","E","?","T","E","M","$","E","$","R","BOSS","M","?","?","?","M","R","M","E","T","M","R","E","M","M","R","BOSS"],"items_purchased_type":["Relic","Card"],"build_version":"2020-12-13","purchased_purges":0,"victory":false,"max_hp_per_floor":[80,80,80,80,80,80,80,80,80,80,80,80,80,80,80,80,94,94,94,94,65,65,65,65,65,65,65,65,65,65,65,65,65,65],"card_choices":[{"not_picked":["Shrug It Off","Combust"],"picked":"Fire Breathing","floor":1.0},{"not_picked":["Warcry","Clothesline"],"picked":"Anger","floor":2.0},{"not_picked":["Iron Wave","Warcry"],"picked":"Cleave","floor":7.0},{"not_picked":["Armaments","Rampage"],"picked":"Dropkick","floor":8.0},{"not_picked":["Clash","Dropkick"],"picked":"Flame Barrier","floor":10.0},{"not_picked":["Clothesline","Headbutt"],"picked":"Rampage","floor":11.0},{"not_picked":["Dark Embrace","Seeing Red"],"picked":"Thunderclap","floor":13.0},{"not_picked":["Limit Break","Exhume"],"picked":"Double Tap","floor":16.0},{"not_picked":["Anger+1","Twin Strike"],"picked":"Warcry+1","floor":18.0},{"not_picked":["Intimidate","Perfected Strike"],"picked":"Headbutt+1","floor":20.0},{"not_picked":["True Grit","Shrug It Off"],"picked":"Rage","floor":22.0},{"not_picked":["Clothesline","Twin Strike","Headbutt"],"picked":"SKIP","floor":24.0},{"not_picked":["Thunderclap","Blood for Blood"],"picked":"Infernal Blade","floor":25.0},{"not_picked":["Rampage","Warcry"],"picked":"Immolate","floor":27.0},{"not_picked":["Sever Soul","Headbutt"],"picked":"Inflame+1","floor":29},{"not_picked":["Bloodletting","Hemokinesis"],"picked":"Seeing Red","floor":30},{"not_picked":["Cleave","Power Through+1","Clothesline"],"picked":"SKIP","floor":31}],"player_experience":1924128,"relics_obtained":[{"floor":7.0,"key":"Lizard Tail"},{"floor":9.0,"key":"Eternal Feather"},{"floor":10.0,"key":"Pantograph"},{"floor":13.0,"key":"Nunchaku"},{"floor":17.0,"key":"Tiny Chest"},{"floor":17.0,"key":"Darkstone Periapt"},{"floor":17.0,"key":"Mango"},{"floor":25.0,"key":"Happy Flower"},{"floor":26.0,"key":"Anchor"},{"floor":29,"key":"War Paint"}],"event_choices":[{"damage_healed":0.0,"max_hp_gain":0.0,"max_hp_loss":0.0,"gold_gain":0.0,"cards_transformed":["Strike_R"],"event_name":"Living Wall","player_choice":"Change","floor":3.0,"gold_loss":0.0,"damage_taken":0.0,"cards_obtained":["Limit Break"]},{"damage_healed":0.0,"max_hp_gain":0.0,"max_hp_loss":0.0,"gold_gain":0.0,"event_name":"Shining Light","player_choice":"Entered Light","floor":4.0,"gold_loss":0.0,"damage_taken":16.0,"cards_upgraded":["Limit Break","Defend_R"]},{"damage_healed":0.0,"max_hp_gain":0.0,"max_hp_loss":0.0,"gold_gain":0.0,"event_name":"Lab","player_choice":"Got Potions","floor":5.0,"gold_loss":0.0,"damage_taken":0.0},{"cards_removed":["Strike_R"],"damage_healed":0.0,"max_hp_gain":0.0,"max_hp_loss":0.0,"gold_gain":0.0,"event_name":"Purifier","player_choice":"Purged","floor":19.0,"gold_loss":0.0,"damage_taken":0.0},{"damage_healed":0.0,"max_hp_gain":0.0,"max_hp_loss":29.0,"gold_gain":0.0,"event_name":"Vampires","player_choice":"Became a vampire","floor":21.0,"gold_loss":0.0,"damage_taken":0.0,"cards_obtained":["Bite","Bite","Bite","Bite","Bite"]}],"is_beta":false,"boss_relics":[{"not_picked":["Fusion Hammer","Runic Cube"],"picked":"Calling Bell"}],"items_purged_floors":[],"is_endless":false,"potions_floor_spawned":[1,7,8,11,13,22,25,27,29],"killed_by":"Champ","ascension_level":11}}