{"host":"usrgk25etjl0nf5i","time":1607920649,"event":{"mods":["2.2 Compatiblity","BaseMod","Downfall","Hermit","Hubris","Minty Spire (QoL Compilation)","StSLib","SuperFastMode","The Disciple","The Hierophant"],"gold_per_floor":[109,109,109,63,78,78,103,103,103,122,135,164,164,178,178,273,273,292,36,48,48,59,85,85,102,102,102,134,134,134,59,59,155,155,173,173,2,0,13,48,48,80,107,123,123,141,174,192,192,192,192],"floor_reached":50,"playtime":2208,"items_purged":["Strike_B"],"score":888,"play_id":"10de18b8-8570-41bb-914f-7b69d7521541","local_time":"20201213203729","is_ascension_mode":true,"campfire_choices":[{"data":"Zap","floor":6,"key":"SMITH"},{"floor":8,"key":"REST"},{"data":"Scrape","floor":15,"key":"SMITH"},{"floor":24,"key":"REST"},{"floor":27,"key":"REST"},{"data":"hubris:DuctTapeCard","floor":32,"key":"SMITH"},{"floor":45,"key":"REST"},{"data":"Conserve Battery","floor":49,"key":"SMITH"}],"circlet_count":0,"master_deck":["Strike_B","Strike_B","Defend_B","Defend_B","Defend_B","Defend_B","Zap+1","Dualcast","Go for the Eyes","Self Repair","Scrape+1","Go for the Eyes","Sweeping Beam","Hologram","BootSequence+1","Self Repair","Hologram+1","Hologram","hubris:DuctTapeCard+2","Hologram","Echo Form","Consume","Conserve Battery+1","Stack","Gash","Gash","Gash","Barrage+1"],"relics":["Cracked Core","Regal Pillow","Torii","hubris:TenFootPole","PreservedInsect","Nuclear Battery","Mummified Hand","hubris:SlimyHat","hubris:DuctTape","White Beast Statue","Enchiridion","Inserter","Sling","Red Mask","hubris:SoftwareUpdate","hubris:CrystalStatue","Omamori","Bottled Lightning"],"acts_visited":["Exordium","TheCity","TheBeyond"],"potions_floor_usage":[7,7,16,16,23,28,33,35,40,42,42,44,47,47,47,50,50,50],"damage_taken":[{"damage":1,"enemies":"Cultist","floor":1,"turns":3},{"damage":2,"enemies":"Jaw Worm","floor":5,"turns":3},{"damage":18,"enemies":"3 Sentries","floor":7,"turns":7},{"damage":9,"enemies":"2 Louse","floor":10,"turns":3},{"damage":7,"enemies":"Large Slime","floor":11,"turns":5},{"damage":22,"enemies":"Lagavulin","floor":12,"turns":8},{"damage":0,"enemies":"Looter","floor":14,"turns":2},{"damage":15,"enemies":"Hexaghost","floor":16,"turns":9},{"damage":12,"enemies":"Shell Parasite","floor":18,"turns":5},{"damage":19,"enemies":"Chosen","floor":20,"turns":5},{"damage":38,"enemies":"Snecko","floor":22,"turns":6},{"damage":42,"enemies":"Slavers","floor":23,"turns":5},{"damage":34,"enemies":"3 Cultists","floor":25,"turns":6},{"damage":21,"enemies":"Gremlin Leader","floor":28,"turns":6},{"damage":53,"enemies":"Collector","floor":33,"turns":9},{"damage":26,"enemies":"3 Darklings","floor":35,"turns":5},{"damage":7,"enemies":"Orb Walker","floor":39,"turns":4},{"damage":23,"enemies":"Giant Head","floor":40,"turns":7},{"damage":50,"enemies":"Nemesis","floor":42,"turns":5},{"damage":46,"enemies":"Sphere and 2 Shapes","floor":44,"turns":4},{"damage":53,"enemies":"Transient","floor":46,"turns":5},{"damage":2,"enemies":"Giant Head","floor":47,"turns":6},{"damage":1,"enemies":"Spire Growth","floor":48,"turns":4},{"damage":90,"enemies":"Time Eater","floor":50,"turns":9}],"seed_played":"-3965843055754017639","potions_obtained":[{"floor":3,"key":"LiquidMemories"},{"floor":3,"key":"Energy Potion"},{"floor":3,"key":"Guardian:BlockOnCardUsePotion"},{"floor":12,"key":"PowerPotion"},{"floor":14,"key":"Weak Potion"},{"floor":18,"key":"CultistPotion"},{"floor":23,"key":"Strength Potion"},{"floor":33,"key":"Swift Potion"},{"floor":35,"key":"Explosive Potion"},{"floor":39,"key":"Swift Potion"},{"floor":40,"key":"champ:CounterPotion"},{"floor":42,"key":"Block Potion"},{"floor":44,"key":"PotionOfCapacity"},{"floor":46,"key":"EntropicBrew"},{"floor":47,"key":"Dexterity Potion"}],"is_trial":false,"path_per_floor":["M","?","?","$","M","R","E","R","T","M","M","E","?","M","R","B",null,"M","$","M","?","M","E","R","M","T","R","E","?","?","$","R","B",null,"M","?","$","?","M","E","?","E","T","M","R","M","E","M","R","B"],"character_chosen":"DEFECT","items_purchased":["Gash","Mummified Hand","Sling","Conserve Battery"],"campfire_rested":4,"item_purchase_floors":[4,19,37,37],"current_hp_per_floor":[63,60,60,60,58,58,47,88,88,86,86,71,68,75,75,67,84,79,79,67,67,43,8,49,29,29,70,63,63,56,56,56,17,71,66,66,66,66,80,71,95,66,66,34,77,38,64,84,84,0,0],"gold":192,"neow_bonus":"TWENTY_PERCENT_HP_BONUS","is_daily":false,"chose_seed":false,"campfire_upgraded":4,"win_rate":0.0,"timestamp":1607920649,"path_taken":["M","?","?","$","M","R","E","R","T","M","?","E","?","M","R","BOSS","M","$","M","?","M","E","R","M","T","R","E","?","?","$","R","BOSS","M","?","$","?","?","E","?","E","T","M","R","M","E","M","R","BOSS"],"items_purchased_type":["Card","Relic","Relic","Card"],"build_version":"2020-11-30","purchased_purges":1,"victory":false,"max_hp_per_floor":[89,89,89,89,89,89,89,89,89,89,89,89,89,89,89,89,89,89,89,89,89,89,89,89,89,89,89,89,89,89,89,89,89,89,89,85,85,85,85,85,95,95,95,95,95,95,95,95,95,95,95],"card_choices":[{"not_picked":["Barrage","Leap"],"picked":"Go for the Eyes","floor":1},{"not_picked":["Go for the Eyes","Undo"],"picked":"Self Repair","floor":5},{"not_picked":["Rebound","Amplify"],"picked":"Scrape","floor":7},{"not_picked":["Cold Snap","Compile Driver"],"picked":"Go for the Eyes","floor":10},{"not_picked":["Streamline","Redo","Cold Snap"],"picked":"SKIP","floor":11},{"not_picked":["Barrage","Rainbow"],"picked":"Sweeping Beam","floor":12},{"not_picked":["Static Discharge","Aggregate"],"picked":"Hologram","floor":14},{"not_picked":["Hyperbeam","Amplify"],"picked":"Multi-Cast","floor":16},{"not_picked":["Chill+1","Turbo"],"picked":"BootSequence+1","floor":18},{"not_picked":["Sweeping Beam+1","Beam Cell"],"picked":"Self Repair","floor":20},{"not_picked":["Melter+1","Streamline"],"picked":"Hologram+1","floor":22},{"not_picked":["Streamline","Glacier","Stack"],"picked":"SKIP","floor":23},{"not_picked":["Compile Driver","Cold Snap+1"],"picked":"Hologram","floor":25},{"not_picked":["Stack","Chaos"],"picked":"Hologram","floor":28},{"not_picked":["Buffer","Hyperbeam"],"picked":"Echo Form","floor":33},{"not_picked":["Coolheaded+1","Compile Driver+1"],"picked":"Consume","floor":35},{"not_picked":["Chaos+1","Lockon"],"picked":"Stack","floor":39},{"not_picked":["Steam Power","Hologram"],"picked":"Gash","floor":40},{"not_picked":["Chill+1","Barrage","Ball Lightning"],"picked":"SKIP","floor":42},{"not_picked":["Leap+1","Go for the Eyes"],"picked":"Gash","floor":44},{"not_picked":["Compile Driver+1","Conserve Battery"],"picked":"Gash","floor":46},{"not_picked":["Fission","Double Energy","Streamline"],"picked":"SKIP","floor":47},{"not_picked":["Sunder","Redo"],"picked":"Barrage+1","floor":48}],"player_experience":644310,"relics_obtained":[{"floor":7,"key":"Torii"},{"floor":9,"key":"hubris:TenFootPole"},{"floor":12,"key":"PreservedInsect"},{"floor":23,"key":"hubris:SlimyHat"},{"floor":26,"key":"hubris:DuctTape"},{"floor":28,"key":"White Beast Statue"},{"floor":30,"key":"Enchiridion"},{"floor":40,"key":"hubris:SoftwareUpdate"},{"floor":42,"key":"hubris:CrystalStatue"},{"floor":43,"key":"Omamori"},{"floor":47,"key":"Bottled Lightning"}],"event_choices":[{"damage_healed":0,"gold_gain":0,"player_choice":"Success","damage_taken":3,"relics_obtained":["Regal Pillow"],"max_hp_gain":0,"max_hp_loss":0,"event_name":"Scrap Ooze","floor":2,"gold_loss":0},{"damage_healed":0,"gold_gain":0,"player_choice":"Got Potions","damage_taken":0,"max_hp_gain":0,"max_hp_loss":0,"event_name":"Lab","floor":3,"gold_loss":0},{"cards_removed":["Strike_B"],"damage_healed":0,"gold_gain":0,"player_choice":"Card Removal","damage_taken":7,"max_hp_gain":0,"max_hp_loss":0,"event_name":"Golden Wing","floor":13,"gold_loss":0},{"damage_healed":0,"gold_gain":0,"player_choice":"Read","damage_taken":0,"max_hp_gain":0,"max_hp_loss":0,"event_name":"The Library","floor":21,"gold_loss":0,"cards_obtained":["Gash"]},{"damage_healed":0,"gold_gain":0,"player_choice":"Obtained Book","damage_taken":16,"max_hp_gain":0,"max_hp_loss":0,"event_name":"Cursed Tome","floor":30,"gold_loss":0},{"damage_healed":0,"gold_gain":0,"player_choice":"Max HP","damage_taken":0,"max_hp_gain":0,"max_hp_loss":4,"event_name":"Winding Halls","floor":36,"gold_loss":0},{"damage_healed":0,"gold_gain":0,"player_choice":"Paid","damage_taken":0,"relics_obtained":["Red Mask"],"max_hp_gain":0,"max_hp_loss":0,"event_name":"Tomb of Lord Red Mask","floor":38,"gold_loss":2},{"cards_removed":["Multi-Cast"],"damage_healed":14,"gold_gain":0,"player_choice":"Offered Rare","damage_taken":0,"max_hp_gain":10,"max_hp_loss":0,"event_name":"Bonfire Elementals","floor":41,"gold_loss":0}],"is_beta":false,"boss_relics":[{"not_picked":["Philosopher\u0027s Stone","hubris:RunicObelisk"],"picked":"Nuclear Battery"},{"not_picked":["Runic Pyramid","hubris:GrandSneckoEye"],"picked":"Inserter"}],"items_purged_floors":[31],"is_endless":false,"potions_floor_spawned":[5,12,14,18,23,33,35,39,40,42,44,46,47,48],"killed_by":"Time Eater","ascension_level":9}}