{"host":"h0xw20cia6ppa69g","time":1607921641,"event":{"mods":["AchievementEnabler","BaseMod","Colored Map","Googly Eyes","Minty Spire (QoL Compilation)","Relic Stats","StSLib","The Awakened One except there are too many feathers","everything is the same but u backflip on backflip"],"gold_per_floor":[360,340,355,23,23,23,58,70,70,22,49,67,67,93,93,198,198,213,213,224,224,235,235,35,63,88,88,113,63,93,104,104,199,199,213,1212,1265,364,364,364,394,316,361,371,396,410,439,439,439,439,439,439,13,39,39],"floor_reached":56,"playtime":3631,"items_purged":["Strike_R","Strike_R+1","Defend_R+1","Normality","Strike_R+1","Strike_R+1"],"score":1486,"play_id":"6aa06ef2-1005-4c30-adfc-7fa40734cdb6","local_time":"20201213225401","is_ascension_mode":true,"campfire_choices":[{"data":"Hemokinesis","floor":6.0,"key":"SMITH"},{"data":"Body Slam","floor":13.0,"key":"SMITH"},{"data":"Rampage","floor":15.0,"key":"SMITH"},{"data":"Anger","floor":23.0,"key":"PURGE"},{"floor":27.0,"key":"REST"},{"floor":32.0,"key":"REST"},{"data":"Normality","floor":40,"key":"PURGE"},{"floor":49,"key":"RECALL"},{"floor":52,"key":"DIG"}],"circlet_count":0,"master_deck":["Defend_R+1","Bash","Battle Trance","Brutality","Feel No Pain","Second Wind","Shrug It Off","Rampage+1","Inflame","Shrug It Off","Cleave","Body Slam+1","Inflame","Barricade","Headbutt","Clothesline+1","Burning Pact+1","Heavy Blade","Thunderclap","Reaper","Dark Embrace","Juggernaut","Twin Strike+1","Battle Trance+1","Rage+1","True Grit+1","Burning Pact","Shrug It Off","True Grit","Dark Embrace","Spot Weakness","Second Wind+1","Entrench","Entrench+1"],"relics":["Burning Blood","Orrery","Du-Vu Doll","Self Forming Clay","Smiling Mask","Potion Belt","Snecko Eye","Peace Pipe","HandDrill","Centennial Puzzle","Vajra","Happy Flower","The Courier","Astrolabe","Shovel","Chemical X","Gambling Chip","White Beast Statue","Bag of Preparation","Champion Belt","FossilizedHelix","Ancient Tea Set","Mummified Hand","Kunai","ClockworkSouvenir","Lantern"],"acts_visited":["Exordium","TheCity","TheBeyond","TheEnding"],"potions_floor_usage":[50,50,50,50,50,50,50,55,55,55,55,55,55,55],"damage_taken":[{"damage":0.0,"enemies":"Small Slimes","floor":1.0,"turns":3.0},{"damage":2.0,"enemies":"Cultist","floor":3.0,"turns":2.0},{"damage":16.0,"enemies":"3 Sentries","floor":7.0,"turns":7.0},{"damage":2.0,"enemies":"Jaw Worm","floor":8.0,"turns":4.0},{"damage":21.0,"enemies":"Lagavulin","floor":11.0,"turns":5.0},{"damage":5.0,"enemies":"Exordium Wildlife","floor":12.0,"turns":5.0},{"damage":17.0,"enemies":"Gremlin Nob","floor":14.0,"turns":4.0},{"damage":28.0,"enemies":"The Guardian","floor":16.0,"turns":9.0},{"damage":13.0,"enemies":"2 Thieves","floor":18.0,"turns":5.0},{"damage":2.0,"enemies":"Shell Parasite","floor":20.0,"turns":5.0},{"damage":1.0,"enemies":"Snake Plant","floor":22.0,"turns":4.0},{"damage":49.0,"enemies":"Gremlin Leader","floor":25.0,"turns":7.0},{"damage":22.0,"enemies":"Book of Stabbing","floor":28.0,"turns":5.0},{"damage":40.0,"enemies":"Slavers","floor":30.0,"turns":6.0},{"damage":11.0,"enemies":"Snecko","floor":31.0,"turns":5.0},{"damage":33.0,"enemies":"Automaton","floor":33.0,"turns":9.0},{"damage":0.0,"enemies":"3 Darklings","floor":35.0,"turns":4.0},{"damage":71.0,"enemies":"2 Orb Walkers","floor":37.0,"turns":4.0},{"damage":28,"enemies":"Reptomancer","floor":41,"turns":9},{"damage":10,"enemies":"Orb Walker","floor":44,"turns":4},{"damage":2,"enemies":"Giant Head","floor":45,"turns":8},{"damage":7,"enemies":"Transient","floor":46,"turns":5},{"damage":35,"enemies":"Nemesis","floor":47,"turns":9},{"damage":51,"enemies":"Time Eater","floor":50,"turns":13},{"damage":16,"enemies":"Shield and Spear","floor":54,"turns":7},{"damage":0,"enemies":"The Heart","floor":55,"turns":9}],"seed_played":"-677669817571218334","potions_obtained":[{"floor":2.0,"key":"CultistPotion"},{"floor":7.0,"key":"Swift Potion"},{"floor":11.0,"key":"BloodPotion"},{"floor":14.0,"key":"LiquidBronze"},{"floor":22.0,"key":"DistilledChaos"},{"floor":30.0,"key":"LiquidBronze"},{"floor":31.0,"key":"LiquidBronze"},{"floor":41,"key":"SpeedPotion"},{"floor":44,"key":"EntropicBrew"},{"floor":46,"key":"CultistPotion"},{"floor":54,"key":"SpeedPotion"}],"is_trial":false,"path_per_floor":["M","?","M","$","$","R","E","M","T","$","E","M","R","E","R","B",null,"M","?","M","T","M","R","$","E","T","R","E","$","E","M","R","B",null,"M","?","?","$","?","R","E","$","T","M","E","M","E","?","R","B",null,"R","$","E","B",null],"character_chosen":"IRONCLAD","items_purchased":["Orrery","Shrug It Off","Rampage","Shrug It Off","HandDrill","Chemical X","Gambling Chip","Burning Pact","Shrug It Off","True Grit","Dark Embrace","White Beast Statue","Bag of Preparation","Spot Weakness","Entrench","Kunai","ClockworkSouvenir"],"campfire_rested":2,"item_purchase_floors":[4,4,4,10,24,38,38,38,38,38,38,38,38,42,53,53,53],"current_hp_per_floor":[72,72,72,72,72,72,62,66,66,66,51,52,52,41,41,19,72,65,65,69,69,72,72,72,29,29,50,34,34,14,19,40,35,72,72,72,25,25,25,25,24,24,24,30,34,43,26,26,26,9,72,72,72,72,72],"gold":39,"neow_bonus":"TWO_FIFTY_GOLD","is_daily":false,"chose_seed":false,"campfire_upgraded":3,"win_rate":0.0,"timestamp":1607921641,"path_taken":["M","?","M","?","$","R","E","M","T","$","E","M","R","E","R","BOSS","M","?","M","?","?","R","$","E","T","R","E","$","E","M","R","BOSS","M","?","?","$","?","R","E","?","T","?","E","M","E","?","R","BOSS","R","$","E","BOSS"],"items_purchased_type":["Relic","Card","Card","Card","Relic","Relic","Relic","Card","Card","Card","Card","Relic","Relic","Card","Card","Relic","Relic"],"build_version":"2020-12-13","purchased_purges":6,"victory":true,"max_hp_per_floor":[72,72,72,72,72,72,72,72,72,72,72,72,72,72,72,72,72,72,72,72,72,72,72,72,72,72,72,72,72,72,72,72,72,72,72,72,72,72,72,72,72,72,72,72,72,72,72,72,72,72,72,72,72,72,72],"relic_stats":{"Happy Flower":[30],"counters":[26,157],"Self Forming Clay":[246],"Astrolabe":["Twin Strike","Battle Trance","Rage"],"Bag of Preparation":[16],"Smiling Mask":395,"Burning Blood":126,"Peace Pipe":2,"Centennial Puzzle":[35],"Shovel":1,"Mummified Hand":[17],"Gambling Chip":[41],"Snecko Eye":[303,270,289,288],"HandDrill":[22],"Chemical X":[1],"Champion Belt":[18],"Kunai":[5],"obtain_stats":[{"Lantern":54,"Vajra":26,"Bag of Preparation":38,"Smiling Mask":11,"Ancient Tea Set":47,"Burning Blood":0,"ClockworkSouvenir":53,"Centennial Puzzle":25,"Shovel":37,"Mummified Hand":52,"Gambling Chip":38,"HandDrill":24,"Chemical X":38,"Kunai":53,"Potion Belt":14,"Happy Flower":28,"Self Forming Clay":9,"Astrolabe":34,"The Courier":30,"White Beast Statue":38,"Du-Vu Doll":7,"Peace Pipe":21,"Orrery":4,"Snecko Eye":17,"Champion Belt":41,"FossilizedHelix":45},{"Lantern":25,"Vajra":12,"Bag of Preparation":18,"Smiling Mask":5,"Ancient Tea Set":23,"Burning Blood":0,"ClockworkSouvenir":24,"Centennial Puzzle":12,"Shovel":18,"Mummified Hand":24,"Gambling Chip":18,"HandDrill":11,"Chemical X":18,"Kunai":24,"Potion Belt":7,"Happy Flower":13,"Self Forming Clay":4,"Astrolabe":16,"The Courier":14,"White Beast Statue":18,"Du-Vu Doll":3,"Peace Pipe":10,"Orrery":2,"Snecko Eye":8,"Champion Belt":19,"FossilizedHelix":21},{"Lantern":148,"Vajra":60,"Bag of Preparation":93,"Smiling Mask":21,"Ancient Tea Set":128,"Burning Blood":0,"ClockworkSouvenir":141,"Centennial Puzzle":60,"Shovel":93,"Mummified Hand":141,"Gambling Chip":93,"HandDrill":53,"Chemical X":93,"Kunai":141,"Potion Belt":30,"Happy Flower":65,"Self Forming Clay":16,"Astrolabe":85,"The Courier":71,"White Beast Statue":93,"Du-Vu Doll":12,"Peace Pipe":49,"Orrery":5,"Snecko Eye":39,"Champion Belt":102,"FossilizedHelix":114}]},"card_choices":[{"not_picked":["True Grit","Pommel Strike"],"picked":"Hemokinesis","floor":1.0},{"not_picked":["Iron Wave","Carnage"],"picked":"Battle Trance","floor":3.0},{"not_picked":["Sever Soul","Headbutt"],"picked":"Brutality","floor":4.0},{"not_picked":["Warcry","Bloodletting"],"picked":"Feel No Pain","floor":4.0},{"not_picked":["Clash","Sword Boomerang"],"picked":"Anger","floor":4.0},{"not_picked":["Iron Wave","Havoc"],"picked":"Second Wind","floor":4.0},{"not_picked":["Bloodletting","Anger","Clash"],"picked":"SKIP","floor":7.0},{"not_picked":["Clothesline","Body Slam"],"picked":"Inflame","floor":8.0},{"not_picked":["Wild Strike","Sentinel"],"picked":"Cleave","floor":11.0},{"not_picked":["Perfected Strike","Clothesline"],"picked":"Body Slam","floor":12.0},{"not_picked":["Intimidate","Clothesline"],"picked":"Inflame","floor":14.0},{"not_picked":["Demon Form","Juggernaut"],"picked":"Barricade","floor":16.0},{"not_picked":["Intimidate+1","True Grit"],"picked":"Headbutt","floor":18.0},{"not_picked":["Seeing Red","Clash+1"],"picked":"Clothesline+1","floor":20.0},{"not_picked":["Uppercut","Evolve"],"picked":"Burning Pact+1","floor":22.0},{"not_picked":["Dark Embrace","Rampage"],"picked":"Heavy Blade","floor":25.0},{"not_picked":["Hemokinesis+1","Sentinel"],"picked":"Thunderclap","floor":28.0},{"not_picked":["Warcry","True Grit"],"picked":"Reaper","floor":30.0},{"not_picked":["Thunderclap","Uppercut"],"picked":"Dark Embrace","floor":31.0},{"not_picked":["Reaper","Brutality"],"picked":"Juggernaut","floor":33.0},{"not_picked":["Clash","Rupture+1","Whirlwind"],"picked":"SKIP","floor":35.0},{"not_picked":["Armaments+1","Pummel+1"],"picked":"True Grit+1","floor":37.0},{"not_picked":["Headbutt+1","Ghostly Armor","Warcry+1"],"picked":"SKIP","floor":41},{"not_picked":["Shrug It Off","Perfected Strike","Warcry+1"],"picked":"SKIP","floor":44},{"not_picked":["Iron Wave","Havoc","Thunderclap"],"picked":"SKIP","floor":45},{"not_picked":["Warcry+1","Cleave","Searing Blow"],"picked":"SKIP","floor":46},{"not_picked":["Warcry","Pommel Strike"],"picked":"Second Wind+1","floor":47},{"not_picked":["Shockwave+1","Twin Strike"],"picked":"Entrench+1","floor":54}],"player_experience":3488011,"relics_obtained":[{"floor":7.0,"key":"Du-Vu Doll"},{"floor":9.0,"key":"Self Forming Clay"},{"floor":11.0,"key":"Smiling Mask"},{"floor":14.0,"key":"Potion Belt"},{"floor":21.0,"key":"Peace Pipe"},{"floor":25.0,"key":"Centennial Puzzle"},{"floor":26.0,"key":"Vajra"},{"floor":28.0,"key":"Happy Flower"},{"floor":30.0,"key":"The Courier"},{"floor":37.0,"key":"Shovel"},{"floor":41,"key":"Champion Belt"},{"floor":45,"key":"FossilizedHelix"},{"floor":47,"key":"Ancient Tea Set"},{"floor":52,"key":"Mummified Hand"},{"floor":54,"key":"Lantern"}],"event_choices":[{"damage_healed":0.0,"max_hp_gain":0.0,"max_hp_loss":0.0,"gold_gain":0.0,"event_name":"The Woman in Blue","player_choice":"Bought 1 Potion","floor":2.0,"gold_loss":0.0,"damage_taken":0.0},{"damage_healed":0.0,"max_hp_gain":0.0,"max_hp_loss":0.0,"gold_gain":0.0,"event_name":"Back to Basics","player_choice":"Simplicity","floor":19.0,"gold_loss":0.0,"damage_taken":0.0,"cards_upgraded":["Strike_R","Strike_R","Strike_R","Strike_R","Defend_R","Defend_R","Defend_R","Defend_R"]},{"damage_healed":0.0,"max_hp_gain":0.0,"max_hp_loss":0.0,"gold_gain":999.0,"event_name":"MindBloom","player_choice":"Gold","floor":36.0,"gold_loss":0.0,"damage_taken":0.0,"cards_obtained":["Normality","Normality"]},{"damage_healed":0.0,"max_hp_gain":0.0,"max_hp_loss":0.0,"gold_gain":0.0,"event_name":"Mysterious Sphere","player_choice":"Fight","floor":37.0,"gold_loss":0.0,"damage_taken":0.0},{"damage_healed":0,"gold_gain":0,"player_choice":"Ignored","damage_taken":0,"max_hp_gain":0,"max_hp_loss":0,"event_name":"Tomb of Lord Red Mask","floor":39,"gold_loss":0},{"cards_removed":["Hemokinesis"],"damage_healed":0,"gold_gain":0,"player_choice":"Removed Attack","damage_taken":0,"max_hp_gain":0,"max_hp_loss":0,"event_name":"Falling","floor":48,"gold_loss":0}],"is_beta":false,"boss_relics":[{"not_picked":["Runic Cube","SlaversCollar"],"picked":"Snecko Eye"},{"not_picked":["Busted Crown","Runic Pyramid"],"picked":"Astrolabe"}],"items_purged_floors":[4,24,29,38,42,53],"is_endless":false,"potions_floor_spawned":[7,11,14,22,30,31,41,44,45,46,47,54],"ascension_level":1}}