{"host":"wuk1ltmmka824l9y","time":1607946063,"event":{"mods":["AchievementEnabler","BaseMod","Custom Start","DeckTracker","Minty Spire (QoL Compilation)","Quick Restart","StSLib","SuperFastMode"],"gold_per_floor":[211,231,231,249,101,101,101,113,113,113,133,144,157,167,167,167,167,167],"floor_reached":17,"playtime":548,"items_purged":["Strike_G"],"score":116,"play_id":"38623032-ff86-490e-b31a-99377cfd66c5","local_time":"20201214204103","is_ascension_mode":true,"campfire_choices":[{"data":"Well Laid Plans","floor":6.0,"key":"SMITH"},{"data":"Catalyst","floor":10.0,"key":"SMITH"},{"floor":16,"key":"REST"}],"circlet_count":0,"master_deck":["Strike_G","Strike_G","Strike_G","Strike_G","Defend_G","Defend_G","Defend_G","Defend_G","Defend_G","Survivor","Neutralize","Cloak And Dagger","PiercingWail","Catalyst+1","Well Laid Plans+1","Poisoned Stab","Tactician","Calculated Gamble","Deadly Poison"],"relics":["Ring of the Snake","Nunchaku"],"acts_visited":["Exordium"],"potions_floor_usage":[12,17],"damage_taken":[{"damage":0.0,"enemies":"2 Louse","floor":1.0,"turns":3.0},{"damage":7.0,"enemies":"Jaw Worm","floor":2.0,"turns":6.0},{"damage":11.0,"enemies":"Cultist","floor":4.0,"turns":6.0},{"damage":7.0,"enemies":"Blue Slaver","floor":8.0,"turns":6.0},{"damage":2.0,"enemies":"3 Louse","floor":11.0,"turns":4.0},{"damage":3,"enemies":"Looter","floor":12,"turns":4},{"damage":3,"enemies":"2 Fungi Beasts","floor":13,"turns":7},{"damage":14,"enemies":"Large Slime","floor":14,"turns":8},{"damage":51,"enemies":"Slime Boss","floor":17,"turns":12}],"seed_played":"1884921080205049702","potions_obtained":[{"floor":1.0,"key":"DuplicationPotion"},{"floor":7.0,"key":"BlessingOfTheForge"},{"floor":7.0,"key":"Energy Potion"},{"floor":14,"key":"LiquidBronze"}],"is_trial":false,"path_per_floor":["M","M","?","M","$","R","?","M","T","R","M","M","M","M","M","R","B"],"character_chosen":"THE_SILENT","items_purchased":["Well Laid Plans"],"campfire_rested":1,"item_purchase_floors":[5],"current_hp_per_floor":[70,63,68,57,57,57,57,50,50,50,48,45,42,28,28,50,0,0],"gold":167,"neow_bonus":"HUNDRED_GOLD","is_daily":false,"chose_seed":false,"campfire_upgraded":2,"win_rate":0.0,"timestamp":1607946063,"path_taken":["M","M","?","M","?","R","?","M","T","R","M","M","?","M","M","R","BOSS"],"items_purchased_type":["Card"],"build_version":"2020-12-13","purchased_purges":1,"victory":false,"max_hp_per_floor":[70,70,75,75,75,75,75,75,75,75,75,75,75,75,75,75,75,75],"card_choices":[{"not_picked":["Predator","Flechettes"],"picked":"Cloak And Dagger","floor":1.0},{"not_picked":["Terror","Deadly Poison"],"picked":"PiercingWail","floor":2.0},{"not_picked":["Choke","Caltrops"],"picked":"Catalyst","floor":4.0},{"not_picked":["Dagger Spray","Quick Slash"],"picked":"Poisoned Stab","floor":8.0},{"not_picked":["Cloak And Dagger","Quick Slash"],"picked":"Tactician","floor":11.0},{"not_picked":["Caltrops","Flechettes","Quick Slash"],"picked":"SKIP","floor":12},{"not_picked":["Quick Slash","Underhanded Strike"],"picked":"Calculated Gamble","floor":13},{"not_picked":["Blade Dance","Backflip"],"picked":"Deadly Poison","floor":14}],"player_experience":318775,"relics_obtained":[{"floor":9.0,"key":"Nunchaku"}],"event_choices":[{"damage_healed":0.0,"max_hp_gain":5.0,"max_hp_loss":0.0,"gold_gain":0.0,"event_name":"Big Fish","player_choice":"Donut","floor":3.0,"gold_loss":0.0,"damage_taken":0.0},{"damage_healed":0.0,"max_hp_gain":0.0,"max_hp_loss":0.0,"gold_gain":0.0,"event_name":"Lab","player_choice":"Got Potions","floor":7.0,"gold_loss":0.0,"damage_taken":0.0}],"is_beta":false,"boss_relics":[],"items_purged_floors":[5],"is_endless":false,"potions_floor_spawned":[1,8,11,14],"killed_by":"Slime Boss","ascension_level":3}}