{"host":"y76clbnovzmw9ubx","time":1607989768,"event":{"mods":["AchievementEnabler","BaseMod","Minty Spire (QoL Compilation)","Permanent Neow","Relic Stats"],"gold_per_floor":[20,39,55,71,86,114,128,159,234,7,32,32,50,65,65,65,65],"floor_reached":16,"playtime":1833,"items_purged":[],"score":252,"play_id":"62ceaa4d-9745-4a41-b59b-9a9f045b44ae","local_time":"20201214184928","is_ascension_mode":true,"campfire_choices":[{"floor":12,"key":"REST"},{"data":"Bash","floor":15,"key":"SMITH"}],"circlet_count":0,"master_deck":["AscendersBane","Strike_R","Strike_R","Strike_R","Strike_R","Strike_R","Defend_R","Defend_R","Defend_R","Defend_R","Bash+1","Impervious","Heavy Blade","Carnage","Armaments","Dark Embrace","Cleave","Wild Strike","Ghostly Armor","Corruption","Power Through","Feed"],"relics":["Burning Blood","Anchor","Bag of Preparation","Paper Frog","Blood Vial"],"acts_visited":["Exordium"],"potions_floor_usage":[6,6,11],"damage_taken":[{"damage":0,"enemies":"Jaw Worm","floor":1,"turns":4},{"damage":4,"enemies":"Small Slimes","floor":2,"turns":3},{"damage":0,"enemies":"Cultist","floor":3,"turns":2},{"damage":2,"enemies":"3 Louse","floor":4,"turns":3},{"damage":27,"enemies":"Lots of Slimes","floor":5,"turns":6},{"damage":20,"enemies":"3 Sentries","floor":6,"turns":6},{"damage":7,"enemies":"Looter","floor":7,"turns":4},{"damage":56,"enemies":"Gremlin Nob","floor":8,"turns":5},{"damage":15,"enemies":"3 Sentries","floor":11,"turns":6},{"damage":0,"enemies":"2 Fungi Beasts","floor":13,"turns":3},{"damage":19,"enemies":"Exordium Wildlife","floor":14,"turns":10},{"damage":50,"enemies":"Hexaghost","floor":16,"turns":7}],"seed_played":"-2986559108242817430","potions_obtained":[{"floor":4,"key":"PowerPotion"},{"floor":5,"key":"SkillPotion"},{"floor":6,"key":"Fire Potion"},{"floor":7,"key":"FairyPotion"},{"floor":14,"key":"Swift Potion"}],"is_trial":false,"path_per_floor":["M","M","M","M","M","E","M","E","T","$","E","R","M","M","R","B"],"character_chosen":"IRONCLAD","items_purchased":["Corruption","Power Through"],"campfire_rested":1,"item_purchase_floors":[10,10],"current_hp_per_floor":[74,75,75,75,54,40,39,28,28,28,19,41,49,41,41,0,0],"gold":65,"neow_bonus":"THREE_RARE_CARDS","is_daily":false,"chose_seed":false,"campfire_upgraded":1,"win_rate":0.0,"timestamp":1607989768,"path_taken":["M","M","M","M","M","E","M","E","T","$","E","R","M","M","R","BOSS"],"items_purchased_type":["Card","Card"],"build_version":"2020-12-13","purchased_purges":0,"victory":false,"max_hp_per_floor":[75,75,75,75,75,75,75,75,75,75,75,75,75,78,78,78,78],"relic_stats":{"Blood Vial":6,"counters":[12,59],"Bag of Preparation":[8],"obtain_stats":[{"Blood Vial":11,"Anchor":6,"Bag of Preparation":8,"Burning Blood":0,"Paper Frog":9},{"Blood Vial":9,"Anchor":6,"Bag of Preparation":8,"Burning Blood":0,"Paper Frog":8},{"Blood Vial":39,"Anchor":24,"Bag of Preparation":33,"Burning Blood":0,"Paper Frog":33}],"Burning Blood":55},"card_choices":[{"not_picked":["Corruption","Exhume"],"picked":"Impervious","floor":0},{"not_picked":["Thunderclap","Shrug It Off"],"picked":"Heavy Blade","floor":1},{"not_picked":["Shrug It Off","Flex"],"picked":"Carnage","floor":2},{"not_picked":["Shrug It Off","Perfected Strike"],"picked":"Armaments","floor":3},{"not_picked":["Rage","Clash"],"picked":"Dark Embrace","floor":4},{"not_picked":["Warcry","Rupture","Iron Wave"],"picked":"SKIP","floor":5},{"not_picked":["Battle Trance","Rupture"],"picked":"Cleave","floor":6},{"not_picked":["Rupture","Body Slam"],"picked":"Wild Strike","floor":7},{"not_picked":["Seeing Red","Cleave"],"picked":"Ghostly Armor","floor":8},{"not_picked":["Flex","Thunderclap","Warcry"],"picked":"SKIP","floor":11},{"not_picked":["Iron Wave","Ghostly Armor"],"picked":"Feed","floor":13},{"not_picked":["Blood for Blood","Sentinel","Wild Strike"],"picked":"SKIP","floor":14}],"player_experience":2862878,"relics_obtained":[{"floor":6,"key":"Anchor"},{"floor":8,"key":"Bag of Preparation"},{"floor":9,"key":"Paper Frog"},{"floor":11,"key":"Blood Vial"}],"event_choices":[],"is_beta":false,"boss_relics":[],"items_purged_floors":[],"is_endless":false,"potions_floor_spawned":[4,5,6,7,14],"killed_by":"Hexaghost","ascension_level":20}}