{"host":"dcj2yvrgcvh5dl2s","time":1607983586,"event":{"mods":["BaseMod","Better Note","Block Reminder","Colored Powertips","DeckTracker","Minty Spire (QoL Compilation)","Quick Restart","Rare Cards Sparkle","Relic Stats","StSLib"],"gold_per_floor":[111,131,131,151,151,182,196,196,222,258,54,54,54],"floor_reached":12,"playtime":289,"items_purged":["Normality"],"score":128,"play_id":"b0f69963-1595-4328-90d3-043ada279333","local_time":"20201215080626","is_ascension_mode":true,"campfire_choices":[{"floor":8,"key":"REST"}],"circlet_count":0,"master_deck":["Strike_R","Strike_R","Strike_R","Strike_R","Strike_R","Defend_R","Defend_R+1","Defend_R","Defend_R","Bash","Pummel","Dropkick","Sword Boomerang+1","Cleave","Pommel Strike","Whirlwind","Shrug It Off","Feel No Pain"],"relics":["Burning Blood","Golden Idol","Art of War","Blood Vial","Toy Ornithopter"],"acts_visited":["Exordium"],"potions_floor_usage":[6,7,10],"damage_taken":[{"damage":8,"enemies":"2 Louse","floor":1,"turns":3},{"damage":16,"enemies":"Small Slimes","floor":2,"turns":3},{"damage":13,"enemies":"Jaw Worm","floor":4,"turns":4},{"damage":42,"enemies":"Lagavulin","floor":6,"turns":7},{"damage":12,"enemies":"Looter","floor":7,"turns":3},{"damage":30,"enemies":"3 Sentries","floor":10,"turns":8},{"damage":20,"enemies":"Gremlin Nob","floor":12,"turns":3}],"seed_played":"7213534181997048237","potions_obtained":[{"floor":4,"key":"Weak Potion"},{"floor":6,"key":"DuplicationPotion"},{"floor":7,"key":"Block Potion"}],"is_trial":false,"path_per_floor":["M","M","?","M","?","E","M","R","T","E","$","E"],"character_chosen":"IRONCLAD","items_purchased":["Shrug It Off","Feel No Pain"],"campfire_rested":1,"item_purchase_floors":[11,11],"current_hp_per_floor":[86,76,76,69,51,15,9,35,35,13,13,0,0],"gold":54,"neow_bonus":"TWENTY_PERCENT_HP_BONUS","is_daily":false,"chose_seed":false,"campfire_upgraded":0,"win_rate":0.0,"timestamp":1607983586,"path_taken":["M","M","?","M","?","E","M","R","T","E","$","E"],"items_purchased_type":["Card","Card"],"build_version":"2020-12-13","purchased_purges":1,"victory":false,"max_hp_per_floor":[96,96,89,89,89,89,89,89,89,89,89,89,89],"relic_stats":{"Blood Vial":4,"counters":[7,31],"Golden Idol":20,"Art of War":[0],"obtain_stats":[{"Blood Vial":9,"Golden Idol":3,"Art of War":6,"Burning Blood":0,"Toy Ornithopter":10},{"Blood Vial":5,"Golden Idol":2,"Art of War":4,"Burning Blood":0,"Toy Ornithopter":6},{"Blood Vial":20,"Golden Idol":6,"Art of War":17,"Burning Blood":0,"Toy Ornithopter":28}],"Burning Blood":36,"Toy Ornithopter":0},"card_choices":[{"not_picked":["Perfected Strike","Headbutt"],"picked":"Pummel","floor":1},{"not_picked":["Clothesline","Hemokinesis"],"picked":"Dropkick","floor":2},{"not_picked":["True Grit","Rage"],"picked":"Sword Boomerang","floor":4},{"not_picked":["Perfected Strike","Rupture"],"picked":"Cleave","floor":6},{"not_picked":["Hemokinesis","Combust"],"picked":"Pommel Strike","floor":7},{"not_picked":["Dual Wield","Uppercut"],"picked":"Whirlwind","floor":10}],"player_experience":1962087,"relics_obtained":[{"floor":6,"key":"Art of War"},{"floor":9,"key":"Blood Vial"},{"floor":10,"key":"Toy Ornithopter"}],"event_choices":[{"damage_healed":0,"gold_gain":0,"player_choice":"Lose Max HP","damage_taken":0,"relics_obtained":["Golden Idol"],"max_hp_gain":0,"max_hp_loss":7,"event_name":"Golden Idol","floor":3,"gold_loss":0},{"damage_healed":0,"gold_gain":0,"player_choice":"Entered Light","damage_taken":18,"max_hp_gain":0,"max_hp_loss":0,"event_name":"Shining Light","floor":5,"gold_loss":0,"cards_upgraded":["Defend_R","Sword Boomerang"]}],"is_beta":false,"boss_relics":[],"items_purged_floors":[11],"is_endless":false,"potions_floor_spawned":[4,6,7],"killed_by":"Gremlin Nob","ascension_level":9}}