{"host":"0vd2boh2oi7jm085","time":1607916608,"event":{"mods":["BaseMod","Colored Map","Colored Powertips","Highlight Path","Minty Spire (QoL Compilation)","Quick Restart","StSLib","The IronCluck"],"gold_per_floor":[217,52,52,71,83,110,110,110,110,123,123,138,138,172,172,246,246,256,274,113,123,173,173,189,239,239,239,256,256,256],"floor_reached":29,"playtime":612,"items_purged":[],"score":435,"play_id":"d5d20a53-db39-4850-8876-d7c70d828c69","local_time":"20201213193008","is_ascension_mode":true,"campfire_choices":[{"data":"Searing Blow","floor":8.0,"key":"SMITH"},{"data":"Searing Blow+1","floor":11.0,"key":"SMITH"},{"floor":13.0,"key":"REST"},{"floor":15.0,"key":"REST"},{"floor":23.0,"key":"REST"},{"floor":27,"key":"REST"}],"circlet_count":0,"master_deck":["AscendersBane","Strike_R","Strike_R","Strike_R+1","Strike_R","Strike_R","Defend_R","Defend_R","Defend_R+1","Defend_R","Bash","Searing Blow+2","Inflame","Double Tap","Disarm"],"relics":["Burning Blood","Brimstone","Nunchaku","InkBottle","Strawberry","Philosopher\u0027s Stone","Bag of Marbles","Bottled Flame"],"acts_visited":["Exordium","TheCity"],"potions_floor_usage":[24,24],"damage_taken":[{"damage":13.0,"enemies":"2 Louse","floor":1.0,"turns":3.0},{"damage":8.0,"enemies":"Cultist","floor":4.0,"turns":3.0},{"damage":5.0,"enemies":"Jaw Worm","floor":5.0,"turns":4.0},{"damage":32.0,"enemies":"3 Sentries","floor":6.0,"turns":6.0},{"damage":6.0,"enemies":"Gremlin Gang","floor":10.0,"turns":3.0},{"damage":6.0,"enemies":"Large Slime","floor":12.0,"turns":4.0},{"damage":37.0,"enemies":"Lagavulin","floor":14.0,"turns":4.0},{"damage":53.0,"enemies":"Hexaghost","floor":16.0,"turns":7.0},{"damage":0.0,"enemies":"Spheric Guardian","floor":18.0,"turns":2.0},{"damage":36.0,"enemies":"2 Thieves","floor":19.0,"turns":4.0},{"damage":19.0,"enemies":"Snecko","floor":21.0,"turns":3.0},{"damage":48,"enemies":"3 Cultists","floor":24,"turns":5},{"damage":24,"enemies":"Snake Plant","floor":28,"turns":2},{"damage":21,"enemies":"Book of Stabbing","floor":29,"turns":2}],"seed_played":"6940993563255897618","potions_obtained":[{"floor":5.0,"key":"CultistPotion"},{"floor":10.0,"key":"Ancient Potion"},{"floor":18.0,"key":"Dexterity Potion"},{"floor":21.0,"key":"Weak Potion"}],"is_trial":false,"path_per_floor":["M","$","?","M","M","E","?","R","T","M","R","M","R","E","R","B",null,"M","M","$","M","?","R","M","?","T","R","M","E"],"character_chosen":"IRONCLAD","items_purchased":["Brimstone","Bag of Marbles"],"campfire_rested":4,"item_purchase_floors":[2,20],"current_hp_per_floor":[61,61,38,36,37,11,36,36,36,36,36,36,58,34,58,11,64,70,40,40,27,27,51,9,9,9,33,15,0,0],"gold":256,"neow_bonus":"HUNDRED_GOLD","is_daily":false,"chose_seed":false,"campfire_upgraded":2,"win_rate":0.0,"timestamp":1607916608,"path_taken":["M","$","?","M","M","E","?","R","T","M","R","M","R","E","R","BOSS","M","M","$","M","?","R","?","?","T","R","?","E"],"items_purchased_type":["Relic","Relic"],"build_version":"2020-12-13","purchased_purges":0,"victory":false,"max_hp_per_floor":[75,75,75,75,75,75,75,75,75,75,75,75,75,82,82,82,82,82,82,82,82,82,82,82,82,82,82,82,82,82],"card_choices":[{"not_picked":["Sword Boomerang","Iron Wave"],"picked":"Searing Blow","floor":1.0},{"not_picked":["Sword Boomerang","Seeing Red"],"picked":"Inflame","floor":4.0},{"not_picked":["Clash","Pommel Strike","Body Slam"],"picked":"SKIP","floor":5.0},{"not_picked":["Flame Barrier","Havoc","Corruption"],"picked":"SKIP","floor":6.0},{"not_picked":["Pommel Strike","Armaments","Rupture"],"picked":"SKIP","floor":10.0},{"not_picked":["Ghostly Armor","Twin Strike","Shrug It Off"],"picked":"SKIP","floor":12.0},{"not_picked":["Searing Blow","Dark Embrace","Cleave"],"picked":"SKIP","floor":14.0},{"not_picked":["Feed","Corruption"],"picked":"Double Tap","floor":16.0},{"not_picked":["Pommel Strike+1","Uppercut","Cleave"],"picked":"SKIP","floor":18.0},{"not_picked":["Perfected Strike","Cleave","Disarm"],"picked":"SKIP","floor":19.0},{"not_picked":["Perfected Strike","Cleave"],"picked":"Disarm","floor":19.0},{"not_picked":["Havoc","Twin Strike","Sever Soul+1"],"picked":"SKIP","floor":21.0},{"not_picked":["Thunderclap","Twin Strike+1","Metallicize"],"picked":"SKIP","floor":24},{"not_picked":["Hemokinesis","Iron Wave","Thunderclap"],"picked":"SKIP","floor":28}],"player_experience":80788,"relics_obtained":[{"floor":6.0,"key":"Nunchaku"},{"floor":9.0,"key":"InkBottle"},{"floor":14.0,"key":"Strawberry"},{"floor":26,"key":"Bottled Flame"}],"event_choices":[{"damage_healed":0.0,"max_hp_gain":0.0,"max_hp_loss":0.0,"gold_gain":0.0,"event_name":"Shining Light","player_choice":"Entered Light","floor":3.0,"gold_loss":0.0,"damage_taken":23.0,"cards_upgraded":["Strike_R","Defend_R"]},{"damage_healed":25.0,"max_hp_gain":0.0,"max_hp_loss":0.0,"gold_gain":0.0,"event_name":"Big Fish","player_choice":"Banana","floor":7.0,"gold_loss":0.0,"damage_taken":0.0},{"damage_healed":0.0,"max_hp_gain":0.0,"max_hp_loss":0.0,"gold_gain":50.0,"event_name":"Golden Shrine","player_choice":"Pray","floor":22.0,"gold_loss":0.0,"damage_taken":0.0},{"damage_healed":0,"gold_gain":100,"player_choice":"Bet on Murderer","damage_taken":0,"max_hp_gain":0,"max_hp_loss":0,"event_name":"The Joust","floor":25,"gold_loss":50}],"is_beta":false,"boss_relics":[{"not_picked":["Tiny House","Fusion Hammer"],"picked":"Philosopher\u0027s Stone"}],"items_purged_floors":[],"is_endless":false,"potions_floor_spawned":[5,10,18,21],"killed_by":"Book of Stabbing","ascension_level":17}}