{"host":"t7rtdu4954o308h4","time":1607933551,"event":{"mods":["AchievementEnabler","Act Like it!","BaseMod","Conspire","Library of Ruina","Library of Ruina Extra","Minty Spire (QoL Compilation)","MostiFishMod","Replay The Spire","StSLib","TestMod","Waifu the Spire","【功能Mod】聪明的最终Boss","【遗物卡牌】REMEMod"],"gold_per_floor":[114,114,128,142,67,67,101,101,101,66,66,95,108,140,140,242,242,257,437,456,122,137,168,168,181,228,262,284,284,301,70,70,178,-1222,-1207,-1185,-1170,-1148,-1133,-1133,-1093,-1093,-1093,-1081,-1053,-1034,-1015,-1003,-1003,-998,-994,-994,-994,0,0],"floor_reached":54,"playtime":2360,"items_purged":["LightDefense","LightDefense","Swift Strike"],"score":1112,"play_id":"82451685-5a5b-4b25-a7a4-8c9aa3942580","local_time":"20201214161231","is_ascension_mode":true,"campfire_choices":[{"data":"Overcharge","floor":6,"key":"SMITH"},{"data":"MostiFishMod:WinterMarkForm","floor":8,"key":"SMITH"},{"data":"HandlingWork","floor":15,"key":"SMITH"},{"data":"MostiFishMod:OneDayCity","floor":24,"key":"SMITH"},{"data":"InhaleSmoke","floor":29,"key":"SMITH"},{"data":"FleshFillet","floor":32,"key":"SMITH"},{"data":"UnforgettableMelody","floor":40,"key":"SMITH"},{"data":"AssaultOrder","floor":42,"key":"SMITH"},{"floor":49,"key":"RECALL"},{"data":"WillProduceFineSilk","floor":53,"key":"SMITH"}],"circlet_count":0,"master_deck":["Dodge","LightDefense","LightAttack","LightAttack+1","LightDefense","ChargeAndCover","FocusedStrikes","MostiFishMod:OneDayCity+1","MostiFishMod:FrostNova","MostiFishMod:WinterMarkForm+1","RipSpace+1","GuidanceOfTheGears","Overcharge+1","Unlock1","InhaleSmoke+1","Rewind","WillProduceFineSilk+1","MindPrepared","HandlingWork+1","GuidanceOfTheGears","BackAttack","FleshFillet+1","SmokingPipe+1","DimensionalRift+1","TendonChords+1","UnforgettableMelody+1","ScratchThat","AssaultOrder+1","TraceOfFumes+1","HiddenBlade","LossOfSenses+1"],"relics":["PageOfLibrarian","DaveBox","testmod-TestBox","REME_ComplimentaryCards","FrostBlade","testmod-Faith","Question Card","CultistMask","testmod-ObsoleteBoomerang","Whetstone","Omamori","ImportantClient","HereWithMe","PageOfQueenBee","Bronze Scales","Bottled Tornado","PageOfPorccubus","testmod-Acrobat","BargainBundle","Happy Flower","SynthV:MejaisSoulstealer","PageOfFairyFestival","PageOfWrath","PageOfTheQueenOfHatred"],"acts_visited":["Exordium","TheCity","TheBeyond","TheEnding"],"potions_floor_usage":[50],"damage_taken":[{"damage":0,"enemies":"Small Slimes","floor":1,"turns":3},{"damage":0,"enemies":"Cultist","floor":3,"turns":2},{"damage":16,"enemies":"Jaw Worm","floor":4,"turns":4},{"damage":0,"enemies":"Gremlin Nob","floor":7,"turns":2},{"damage":0,"enemies":"3 Sentries","floor":12,"turns":2},{"damage":5,"enemies":"Gremlin Gang","floor":13,"turns":3},{"damage":0,"enemies":"Gremlin Nob","floor":14,"turns":2},{"damage":0,"enemies":"Hexaghost","floor":16,"turns":2},{"damage":2,"enemies":"conspire:FuzzyDice","floor":18,"turns":3},{"damage":0,"enemies":"Spheric Guardian","floor":20,"turns":2},{"damage":0,"enemies":"Snecko","floor":22,"turns":1},{"damage":10,"enemies":"Slavers","floor":23,"turns":4},{"damage":0,"enemies":"Sentry and Sphere","floor":25,"turns":3},{"damage":0,"enemies":"REME_1_Revenger","floor":27,"turns":2},{"damage":0,"enemies":"Centurion and Healer","floor":28,"turns":1},{"damage":0,"enemies":"Snake Plant","floor":30,"turns":1},{"damage":0,"enemies":"conspire:MysteriousRune","floor":33,"turns":2},{"damage":0,"enemies":"3 Shapes","floor":35,"turns":2},{"damage":0,"enemies":"Orb Walker","floor":36,"turns":1},{"damage":20,"enemies":"Spire Growth","floor":37,"turns":2},{"damage":0,"enemies":"Writhing Mass","floor":38,"turns":2},{"damage":0,"enemies":"3 Darklings","floor":39,"turns":2},{"damage":6,"enemies":"Giant Head","floor":41,"turns":3},{"damage":0,"enemies":"Spire Growth","floor":44,"turns":3},{"damage":0,"enemies":"Nemesis","floor":45,"turns":2},{"damage":0,"enemies":"Transient","floor":46,"turns":2},{"damage":0,"enemies":"3 Darklings","floor":47,"turns":2},{"damage":0,"enemies":"Spire Growth","floor":48,"turns":3},{"damage":47,"enemies":"conspire:OrnateMirror","floor":50,"turns":2},{"damage":0,"enemies":"conspire:OrnateMirror","floor":51,"turns":3}],"seed_played":"-6512696383663565716","potions_obtained":[{"floor":3,"key":"Adrenaline Potion"},{"floor":4,"key":"PowerPotion"},{"floor":7,"key":"Toxic Potion"}],"is_trial":false,"path_per_floor":["M","?","M","M","$","R","E","R","T","$","?","E","M","E","R","B",null,"M","?","M","$","M","E","R","M","T","E","M","R","M","$","R","B",null,"M","M","M","M","M","R","E","R","T","M","E","M","M","M","R","B",null,null,"R","$"],"character_chosen":"Librarian","items_purchased":["InhaleSmoke","WillProduceFineSilk","PageOfQueenBee","Bronze Scales","BargainBundle","Happy Flower"],"campfire_rested":0,"item_purchase_floors":[5,10,21,21,31,31],"current_hp_per_floor":[60,60,60,44,44,44,44,44,44,44,44,44,39,39,39,39,84,82,57,57,57,57,47,47,47,47,47,47,47,47,47,47,50,84,84,84,64,64,64,64,61,61,61,66,72,84,84,84,84,44,53,84,84,0,0],"gold":0,"neow_bonus":"TRANSFORM_CARD","is_daily":false,"chose_seed":false,"campfire_upgraded":9,"win_rate":0.0,"timestamp":1607933551,"path_taken":["M","?","M","?","$","R","E","R","T","$","?","E","?","E","R","BOSS","M","?","M","$","M","E","R","?","T","E","M","R","M","$","R","BOSS","M","M","M","M","M","R","E","R","T","M","E","M","M","M","R","BOSS","R","$"],"items_purchased_type":["Card","Card","Relic","Relic","Relic","Relic"],"build_version":"2020-12-13","purchased_purges":3,"victory":false,"max_hp_per_floor":[62,62,63,84,84,84,84,84,84,84,84,84,84,84,84,84,84,84,84,84,84,84,84,84,84,84,84,84,84,84,84,84,84,84,84,84,84,84,84,84,84,84,84,84,84,84,84,84,84,84,84,84,84,84,84],"card_choices":[{"not_picked":["EnergyCycle","HardRehearsal","Outburst"],"picked":"GuidanceOfTheGears","floor":1},{"not_picked":["EnergyCycle","Diversion","TendonChords","Leap_lor"],"picked":"Overcharge","floor":3},{"not_picked":["Multislash","Standoff","Gamble","Diversion"],"picked":"Unlock1","floor":4},{"not_picked":["DefenseOrder","BackAttack","FleetFootsteps","HiddenBlade"],"picked":"Rewind","floor":7},{"not_picked":["Unlock1","LossOfSenses","DarkCloud","TheArtOfRapidSteps"],"picked":"HandlingWork","floor":12},{"not_picked":["Overcharge","DesperateStruggle","Outburst","Unlock1"],"picked":"GuidanceOfTheGears","floor":13},{"not_picked":["Standoff","TasteMyFlamingBat","DefenseOrder","Outburst"],"picked":"BackAttack","floor":14},{"not_picked":["BoundaryOfDeath","Decapitation","Observe"],"picked":"FleshFillet","floor":16},{"not_picked":["SunsetBlade","TendonChords","CutIn","ICanCookAnything+1"],"picked":"SmokingPipe+1","floor":18},{"not_picked":["TendonChords","Multislash","UpbeatPerformance","Observe","AsThePrescriptOrders"],"picked":"SKIP","floor":20},{"not_picked":["Feast","Zzzzzap","Ripple","Leap_lor","BackAttack"],"picked":"SKIP","floor":22},{"not_picked":["WrathOfTorment+1","Ripple","DesperateStruggle","Eliminate"],"picked":"DimensionalRift+1","floor":23},{"not_picked":["EndlessBattle","ShockingBlow+1","Multislash+1","GuidanceOfTheGears"],"picked":"TendonChords+1","floor":25},{"not_picked":["KeepItFresh","TheArtOfRapidSteps","ICanCookAnything","RipSpace","Outburst"],"picked":"SKIP","floor":27},{"not_picked":["Diversion+1","DarkCloud","Leap_lor","RipSpace","Ripple"],"picked":"SKIP","floor":28},{"not_picked":["SharpSwipe","EndlessBattle","TheArtOfRapidSteps","AsThePrescriptOrders","Rewind+1"],"picked":"SKIP","floor":30},{"not_picked":["DaringDecision","Cruelty","WillProduceFineSilk"],"picked":"UnforgettableMelody","floor":33},{"not_picked":["FaintMemories+1","GuidanceOfTheGears","Ripple+1","DarkCloud","Gamble+1"],"picked":"SKIP","floor":35},{"not_picked":["EndlessBattle","Gamble+1","UpbeatPerformance","EnergyCycle+1"],"picked":"ScratchThat","floor":36},{"not_picked":["Standoff+1","UnavoidableGaze+1","UpbeatPerformance+1","SetFire+1","SharpSwipe"],"picked":"SKIP","floor":37},{"not_picked":["AsThePrescriptOrders+1","NonstopAssault+1","TendonChords","SharpSwipe+1"],"picked":"AssaultOrder","floor":38},{"not_picked":["FleetFootsteps","TendonChords","GuidanceOfTheGears+1","SomberProcuration"],"picked":"TraceOfFumes+1","floor":39},{"not_picked":["Standoff+1","AsThePrescriptOrders+1","RipSpace","DestructiveImpact+1","BindingArms+1"],"picked":"SKIP","floor":41},{"not_picked":["Unlock1+1","BindingArms","SilentMist+1","Multislash+1"],"picked":"HiddenBlade","floor":44},{"not_picked":["ElectricShock+1","Tailoring","SunsetBlade","Feast"],"picked":"LossOfSenses+1","floor":45},{"not_picked":["Standoff+1","StructuralAnalysis","Unlock1","DaringDecision","LossOfSenses"],"picked":"SKIP","floor":46},{"not_picked":["GuidanceOfTheGears+1","LoosenUp+1","Unlock1+1","TheArtOfRapidSteps+1","BackAttack"],"picked":"SKIP","floor":47},{"not_picked":["MindPrepared+1","ExtremeEdge","StructuralAnalysis","Standoff+1","FierceOnslaught+1"],"picked":"SKIP","floor":48}],"player_experience":34608,"relics_obtained":[{"floor":1,"key":"Question Card"},{"floor":7,"key":"testmod-ObsoleteBoomerang"},{"floor":12,"key":"Whetstone"},{"floor":14,"key":"Omamori"},{"floor":16,"key":"ImportantClient"},{"floor":23,"key":"Bottled Tornado"},{"floor":26,"key":"PageOfPorccubus"},{"floor":27,"key":"testmod-Acrobat"},{"floor":41,"key":"PageOfFairyFestival"},{"floor":43,"key":"PageOfWrath"},{"floor":45,"key":"PageOfTheQueenOfHatred"}],"event_choices":[{"damage_healed":0,"gold_gain":0,"player_choice":"Trade","damage_taken":0,"relics_obtained":["CultistMask"],"max_hp_gain":0,"max_hp_loss":0,"event_name":"FaceTrader","floor":2,"gold_loss":0},{"damage_healed":0,"gold_gain":0,"player_choice":"1 cards matched","damage_taken":0,"max_hp_gain":0,"max_hp_loss":0,"event_name":"Match and Keep!","floor":11,"gold_loss":0,"cards_obtained":["MindPrepared"]},{"damage_healed":0,"gold_gain":180,"player_choice":"CARD GOLD GOLD ","damage_taken":25,"max_hp_gain":0,"max_hp_loss":0,"event_name":"Knowing Skull","floor":19,"potions_obtained":[],"gold_loss":0,"cards_obtained":["Swift Strike"]}],"is_beta":false,"boss_relics":[{"not_picked":["Busted Crown","SlaversCollar"],"picked":"HereWithMe"},{"not_picked":["TakeMeEscape","Empty Cage"],"picked":"SynthV:MejaisSoulstealer"}],"items_purged_floors":[5,21,31],"is_endless":false,"potions_floor_spawned":[3,4,7,20,22,28,33,35,44,45,47,48],"ascension_level":2}}