{"host":"4qkvkh7pd9qr2mca","time":1607985137,"event":{"mods":["AchievementEnabler","BaseMod","Colored Map","Colored Powertips","Highlight Path","Minty Spire (QoL Compilation)","Permanent Neow","Quick Restart","StSLib","SuperFastMode"],"gold_per_floor":[16,32,42,59,72,72,98,111,111,111,139,189,205,221,221,295,295,307,41,56,71,71,71,85,101,177,204,204,204,204,218,218,289,289,305,323,337,348,366,396,396,410,410,427,459,459,459,489,489,489,489,489],"floor_reached":51,"playtime":4952,"items_purged":[],"score":1604,"play_id":"d5607eb1-39f7-4ebc-a939-7280be07dac8","local_time":"20201214233217","is_ascension_mode":true,"campfire_choices":[{"data":"Apotheosis","floor":6.0,"key":"SMITH"},{"data":"Well Laid Plans","floor":10.0,"key":"SMITH"},{"floor":15.0,"key":"REST"},{"floor":23.0,"key":"REST"},{"floor":30.0,"key":"REST"},{"data":"After Image","floor":32.0,"key":"SMITH"},{"data":"Concentrate","floor":41.0,"key":"SMITH"},{"floor":47.0,"key":"REST"},{"data":"Burst","floor":49,"key":"SMITH"}],"circlet_count":0,"master_deck":["AscendersBane","Defend_G","Defend_G","Defend_G","Defend_G","Survivor","Neutralize","Apotheosis+1","Deadly Poison","Cloak And Dagger","Corpse Explosion","PiercingWail","Well Laid Plans+1","Acrobatics","Backflip","Burst+1","Concentrate+1","Bane","After Image+1","Tactician","Acrobatics","Noxious Fumes","RitualDagger","Envenom","Reflex","Bite","Bite","Bite","Bite","Bite","A Thousand Cuts","Noxious Fumes+1","Dagger Throw","Bullet Time","Backflip","Reflex+1","Blind+1"],"relics":["Ring of the Snake","Art of War","Bird Faced Urn","Juzu Bracelet","SlaversCollar","Letter Opener","Bottled Flame","HornCleat","HoveringKite","Mango","Toxic Egg 2","Lantern","Mercury Hourglass"],"acts_visited":["Exordium","TheCity","TheBeyond"],"potions_floor_usage":[50],"damage_taken":[{"damage":0.0,"enemies":"Small Slimes","floor":1.0,"turns":4.0},{"damage":0.0,"enemies":"Cultist","floor":2.0,"turns":3.0},{"damage":0.0,"enemies":"2 Louse","floor":3.0,"turns":4.0},{"damage":2.0,"enemies":"Looter","floor":4.0,"turns":3.0},{"damage":3.0,"enemies":"2 Fungi Beasts","floor":5.0,"turns":3.0},{"damage":2.0,"enemies":"3 Sentries","floor":7.0,"turns":4.0},{"damage":0.0,"enemies":"Gremlin Gang","floor":8.0,"turns":1.0},{"damage":42.0,"enemies":"Gremlin Nob","floor":11.0,"turns":5.0},{"damage":0.0,"enemies":"Exordium Wildlife","floor":13.0,"turns":3.0},{"damage":12.0,"enemies":"Large Slime","floor":14.0,"turns":7.0},{"damage":18.0,"enemies":"Slime Boss","floor":16.0,"turns":8.0},{"damage":17.0,"enemies":"2 Thieves","floor":18.0,"turns":4.0},{"damage":0.0,"enemies":"Spheric Guardian","floor":20.0,"turns":7.0},{"damage":6.0,"enemies":"Centurion and Healer","floor":21.0,"turns":5.0},{"damage":15.0,"enemies":"Sentry and Sphere","floor":24.0,"turns":8.0},{"damage":9.0,"enemies":"3 Cultists","floor":25.0,"turns":4.0},{"damage":23.0,"enemies":"Slavers","floor":27.0,"turns":2.0},{"damage":0.0,"enemies":"Centurion and Healer","floor":31.0,"turns":7.0},{"damage":11.0,"enemies":"Automaton","floor":33.0,"turns":9.0},{"damage":5.0,"enemies":"3 Shapes","floor":35.0,"turns":3.0},{"damage":5.0,"enemies":"Orb Walker","floor":36.0,"turns":4.0},{"damage":7.0,"enemies":"Maw","floor":37.0,"turns":6.0},{"damage":54.0,"enemies":"Transient","floor":38.0,"turns":6.0},{"damage":1.0,"enemies":"Sphere and 2 Shapes","floor":39.0,"turns":5.0},{"damage":6.0,"enemies":"Nemesis","floor":40.0,"turns":7.0},{"damage":41.0,"enemies":"4 Shapes","floor":42.0,"turns":7.0},{"damage":19.0,"enemies":"Maw","floor":44.0,"turns":8.0},{"damage":21.0,"enemies":"Giant Head","floor":45.0,"turns":6.0},{"damage":26,"enemies":"Nemesis","floor":48,"turns":9},{"damage":104,"enemies":"Awakened One","floor":50,"turns":19},{"damage":70,"enemies":"Time Eater","floor":51,"turns":7}],"seed_played":"-4119569000177721593","potions_obtained":[{"floor":1.0,"key":"BlessingOfTheForge"},{"floor":2.0,"key":"Block Potion"},{"floor":5.0,"key":"DuplicationPotion"},{"floor":11.0,"key":"Dexterity Potion"},{"floor":20.0,"key":"PowerPotion"},{"floor":31.0,"key":"DistilledChaos"},{"floor":33.0,"key":"Strength Potion"},{"floor":37.0,"key":"ColorlessPotion"},{"floor":38.0,"key":"BlessingOfTheForge"},{"floor":42.0,"key":"SteroidPotion"},{"floor":48,"key":"Poison Potion"}],"is_trial":false,"path_per_floor":["M","M","M","M","M","R","E","M","T","R","E","?","M","M","R","B",null,"M","$","M","M","?","R","M","M","T","E","?","?","R","M","R","B",null,"M","M","M","M","M","E","R","M","T","M","E","?","R","E","R","B","B"],"character_chosen":"THE_SILENT","items_purchased":["Letter Opener"],"campfire_rested":4,"item_purchase_floors":[19],"current_hp_per_floor":[59,59,59,57,54,54,52,52,52,52,12,12,14,4,23,7,51,38,38,42,40,34,53,44,39,39,16,16,16,29,46,46,46,46,43,46,39,3,19,59,59,37,37,46,48,48,60,58,58,34,0,0],"gold":489,"neow_bonus":"RANDOM_COLORLESS_2","is_daily":false,"chose_seed":false,"campfire_upgraded":5,"win_rate":0.0,"timestamp":1607985137,"path_taken":["M","M","M","M","M","R","E","M","T","R","E","?","M","M","R","BOSS","M","$","M","M","?","R","M","M","T","E","?","?","R","M","R","BOSS","M","M","M","M","M","E","R","M","T","M","E","?","R","E","R","BOSS","BOSS"],"items_purchased_type":["Relic"],"build_version":"2020-12-13","purchased_purges":0,"victory":false,"max_hp_per_floor":[66,66,66,66,66,66,66,66,66,66,66,66,66,66,66,66,66,66,66,66,66,66,66,66,66,66,66,46,46,46,46,46,46,46,46,46,46,46,46,60,60,60,60,60,60,60,60,60,60,60,60,60],"card_choices":[{"not_picked":["Magnetism","Panache"],"picked":"Apotheosis","floor":0.0},{"not_picked":["Underhanded Strike","Flying Knee"],"picked":"Deadly Poison","floor":1.0},{"not_picked":["Slice","Dagger Throw"],"picked":"Cloak And Dagger","floor":2.0},{"not_picked":["Backflip","Distraction"],"picked":"Corpse Explosion","floor":3.0},{"not_picked":["Dagger Spray","Poisoned Stab"],"picked":"PiercingWail","floor":4.0},{"not_picked":["Finisher","Eviscerate"],"picked":"Well Laid Plans","floor":5.0},{"not_picked":["Expertise","Terror"],"picked":"Acrobatics","floor":7.0},{"not_picked":["Masterful Stab","Outmaneuver"],"picked":"Backflip","floor":8.0},{"not_picked":["Deadly Poison","Bane"],"picked":"Burst","floor":11.0},{"not_picked":["Outmaneuver","Deadly Poison"],"picked":"Concentrate","floor":13.0},{"not_picked":["Backstab","Deadly Poison"],"picked":"Bane","floor":14.0},{"not_picked":["Wraith Form v2","Die Die Die"],"picked":"After Image","floor":16.0},{"not_picked":["Prepared","All Out Attack"],"picked":"Tactician","floor":18.0},{"not_picked":["Cloak And Dagger","Prepared"],"picked":"Acrobatics","floor":20.0},{"not_picked":["Prepared","Heel Hook+1"],"picked":"Noxious Fumes","floor":21.0},{"not_picked":["Flying Knee","Reflex+1"],"picked":"Envenom","floor":24.0},{"not_picked":["Skewer","Flying Knee","Choke"],"picked":"SKIP","floor":25.0},{"not_picked":["Prepared","Outmaneuver"],"picked":"Reflex","floor":27.0},{"not_picked":["Dagger Spray","Quick Slash","Sucker Punch"],"picked":"SKIP","floor":31.0},{"not_picked":["Grand Finale","Night Terror"],"picked":"A Thousand Cuts","floor":33.0},{"not_picked":["Choke","Deflect"],"picked":"Noxious Fumes+1","floor":35.0},{"not_picked":["PiercingWail","Finisher+1"],"picked":"Dagger Throw","floor":36.0},{"not_picked":["Outmaneuver","Poisoned Stab+1","Slice+1"],"picked":"SKIP","floor":37.0},{"not_picked":["Endless Agony","Sucker Punch","Outmaneuver"],"picked":"SKIP","floor":38.0},{"not_picked":["Crippling Poison","Dodge and Roll"],"picked":"Bullet Time","floor":39.0},{"not_picked":["Bane+1","Caltrops","Noxious Fumes"],"picked":"SKIP","floor":40.0},{"not_picked":["Dagger Throw+1","All Out Attack"],"picked":"Backflip","floor":42.0},{"not_picked":["Sucker Punch","Heel Hook"],"picked":"Reflex+1","floor":44.0},{"not_picked":["Storm of Steel+1","Slice","Sucker Punch"],"picked":"SKIP","floor":45.0},{"not_picked":["Madness+1","Magnetism"],"picked":"Blind+1","floor":46.0},{"not_picked":["Blade Dance+1","All Out Attack","Outmaneuver+1"],"picked":"SKIP","floor":48}],"player_experience":325447,"relics_obtained":[{"floor":7.0,"key":"Art of War"},{"floor":9.0,"key":"Bird Faced Urn"},{"floor":11.0,"key":"Juzu Bracelet"},{"floor":26.0,"key":"Bottled Flame"},{"floor":27.0,"key":"HornCleat"},{"floor":40.0,"key":"Mango"},{"floor":43.0,"key":"Toxic Egg 2"},{"floor":45.0,"key":"Lantern"},{"floor":48,"key":"Mercury Hourglass"}],"event_choices":[{"damage_healed":0.0,"max_hp_gain":0.0,"max_hp_loss":0.0,"gold_gain":50.0,"event_name":"Golden Shrine","player_choice":"Pray","floor":12.0,"gold_loss":0.0,"damage_taken":0.0},{"damage_healed":0.0,"max_hp_gain":0.0,"max_hp_loss":0.0,"gold_gain":0.0,"event_name":"Nest","player_choice":"Joined the Cult","floor":22.0,"gold_loss":0.0,"damage_taken":6.0,"cards_obtained":["RitualDagger"]},{"damage_healed":0.0,"max_hp_gain":0.0,"max_hp_loss":20.0,"gold_gain":0.0,"event_name":"Vampires","player_choice":"Became a vampire","floor":28.0,"gold_loss":0.0,"damage_taken":0.0,"cards_obtained":["Bite","Bite","Bite","Bite","Bite"]},{"cards_removed":["Defend_G"],"damage_healed":0.0,"max_hp_gain":0.0,"max_hp_loss":0.0,"gold_gain":0.0,"event_name":"Back to Basics","player_choice":"Elegance","floor":29.0,"gold_loss":0.0,"damage_taken":0.0},{"damage_healed":0.0,"max_hp_gain":0.0,"max_hp_loss":0.0,"gold_gain":0.0,"event_name":"SensoryStone","player_choice":"Memory 1","floor":46.0,"gold_loss":0.0,"damage_taken":0.0}],"is_beta":false,"boss_relics":[{"not_picked":["Ectoplasm","Velvet Choker"],"picked":"SlaversCollar"},{"not_picked":["Sozu","Ring of the Serpent"],"picked":"HoveringKite"}],"items_purged_floors":[],"is_endless":false,"potions_floor_spawned":[1,2,5,7,11,20,21,31,33,37,38,42,48],"killed_by":"Time Eater","ascension_level":20}}