{"host":"97bfbul5vt0mksxl","time":1607959377,"event":{"mods":["BaseMod","Colored Powertips","Highlight Path","Infinite Spire","Minty Spire (QoL Compilation)","Replay The Spire","Shop Mod","StSLib","SuperFastMode"],"gold_per_floor":[367,367,367,367,119,168,168,185,185,218,229,557,573,573,573,671,671,690,703,253,253,273,273,303,313,313,313,333,345,361,396,396,498,498,514,514,48,106,124,156,156,175,175,189,39,67,142,234,234,258],"floor_reached":51,"playtime":2792,"items_purged":["Spreading Infection"],"score":1011,"play_id":"e99d23eb-b2d2-4c3a-a875-465d3f9fd31d","local_time":"20201214122257","is_ascension_mode":false,"campfire_choices":[{"floor":7,"key":"REST"},{"floor":15,"key":"REST"},{"floor":23,"key":"REST"},{"floor":27,"key":"REST"},{"floor":32,"key":"REST"},{"floor":49,"key":"REST"}],"circlet_count":0,"master_deck":["Strike_P","Strike_P","Strike_P","Strike_P","Defend_P","Defend_P+1","Defend_P+1","Eruption","Vigilance+1","FollowUp","infinitespire:Gouge+1","FollowUp","JustLucky","EmptyMind+1","Alpha","Consecrate","Die Die Die","Perseverance","Consecrate","LikeWater","Prostrate","Halt","Consecrate","Establishment","Consecrate","Pot Of Greed","Pot Of Greed","Pot Of Greed","MentalFortress","Consecrate+1","Protect+1","ClearTheMind+1","EmptyFist+1","Replay:ManipulateFuture","Prostrate+1","Tantrum+1","Prostrate+1","Pot Of Greed"],"relics":["Replay:M_StaffOfTheSnake","Divine Protection","Bag of Marbles","WingedGreaves","Kunai","Old Coin","Black Star","Lantern","Membership Card","infinitespire:PuzzleCube","MerchantsRug","Bag of Preparation","HornCleat","Bottled Tornado","infinitespire:Broken Mirror","infinitespire:Midas Blood","Fusion Hammer","ReplayTheSpireMod:Ring of Challenge","ReplayTheSpireMod:Ring of Exchange","CaptainsWheel","Lee\u0027s Waffle","Grinning Jar","ReplayTheSpireMod:Ninjato","Potion Belt","PreservedInsect","Replay:Bandana","War Paint","Bronze Scales","Happy Flower"],"acts_visited":["Exordium","TheCity","TheBeyond"],"potions_floor_usage":[24,24,33],"damage_taken":[{"damage":15,"enemies":"Small Slimes","floor":1,"turns":5},{"damage":0,"enemies":"2 Louse","floor":8,"turns":2},{"damage":10,"enemies":"Replay:BlueRogue","floor":10,"turns":5},{"damage":0,"enemies":"Jaw Worm","floor":11,"turns":2},{"damage":0,"enemies":"3 Sentries","floor":12,"turns":4},{"damage":0,"enemies":"Looter","floor":13,"turns":2},{"damage":0,"enemies":"Slime Boss","floor":16,"turns":4},{"damage":24,"enemies":"2 Thieves","floor":18,"turns":3},{"damage":0,"enemies":"Shell Parasite","floor":19,"turns":4},{"damage":5,"enemies":"Centurion and Healer","floor":22,"turns":4},{"damage":31,"enemies":"Slavers","floor":24,"turns":5},{"damage":0,"enemies":"Chosen and Byrds","floor":25,"turns":6},{"damage":0,"enemies":"Snecko","floor":28,"turns":3},{"damage":12,"enemies":"Shelled Parasite and Fungi","floor":29,"turns":5},{"damage":19,"enemies":"Cultist and Chosen","floor":30,"turns":6},{"damage":2,"enemies":"Replay:Snechameleon","floor":31,"turns":6},{"damage":7,"enemies":"Pondfish","floor":33,"turns":8},{"damage":0,"enemies":"3 Darklings","floor":35,"turns":3},{"damage":0,"enemies":"Orb Walker","floor":38,"turns":3},{"damage":1,"enemies":"Spire Growth","floor":39,"turns":4},{"damage":0,"enemies":"Reptomancer","floor":40,"turns":5},{"damage":0,"enemies":"Writhing Mass","floor":42,"turns":4},{"damage":0,"enemies":"3 Darklings","floor":44,"turns":3},{"damage":0,"enemies":"Spire Growth","floor":46,"turns":4},{"damage":35,"enemies":"Jaw Worm Horde","floor":47,"turns":4},{"damage":0,"enemies":"Giant Head","floor":48,"turns":6},{"damage":13,"enemies":"Donu and Deca","floor":50,"turns":7}],"seed_played":"-2263772608629378764","potions_obtained":[{"floor":10,"key":"Strength Potion"},{"floor":13,"key":"Dexterity Potion"},{"floor":16,"key":"CultistPotion"},{"floor":29,"key":"StancePotion"},{"floor":39,"key":"Death Potion"},{"floor":40,"key":"Milkshake"},{"floor":44,"key":"Milkshake"},{"floor":47,"key":"Explosive Potion"}],"is_trial":false,"path_per_floor":["M","?","?","?","$","T","R","M","T","E","M","E","M","?","R","B",null,"M","M","$","?","M","R","E","M","T","R","M","M","M","E","R","B",null,"M","?","$","M","M","E","?","M","T","M","$","M","M","E","R","B",null],"character_chosen":"WATCHER","items_purchased":["Divine Protection","Lantern","Membership Card","infinitespire:PuzzleCube","MerchantsRug","CaptainsWheel","Lee\u0027s Waffle","Grinning Jar","ReplayUltimateDefense","MentalFortress","Replay:Bandana","War Paint"],"campfire_rested":6,"item_purchase_floors":[5,20,20,20,20,37,37,37,37,37,45,45],"current_hp_per_floor":[50,37,37,20,20,20,39,39,39,29,29,29,29,22,41,41,65,41,41,41,41,36,55,24,24,24,43,43,31,12,10,29,22,65,65,65,72,72,71,71,71,71,71,71,71,71,36,36,57,44],"gold":258,"neow_bonus":"TWO_FIFTY_GOLD","is_daily":false,"chose_seed":false,"campfire_upgraded":0,"win_rate":0.0,"timestamp":1607959377,"path_taken":["M","?","?","?","?","?","R","?","T","E","M","E","M","?","R","BOSS","M","M","$","?","M","R","E","?","T","R","M","M","M","E","R","BOSS","M","?","$","M","M","E","?","?","T","M","$","M","M","E","R","BOSS"],"items_purchased_type":["Relic","Relic","Relic","Relic","Relic","Relic","Relic","Relic","Card","Card","Relic","Relic"],"build_version":"2020-12-13","purchased_purges":1,"victory":true,"max_hp_per_floor":[65,65,65,65,65,65,65,65,65,65,65,65,65,65,65,65,65,65,65,65,65,65,65,65,65,65,65,65,65,65,65,65,65,65,65,65,72,72,72,72,72,72,72,72,72,72,72,72,72,72],"card_choices":[{"not_picked":["Protect","CutThroughFate"],"picked":"FollowUp","floor":1},{"not_picked":["infinitespire:NeuralNetwork","infinitespire:Punishment"],"picked":"infinitespire:Gouge","floor":4},{"not_picked":["Evaluate","FlurryOfBlows"],"picked":"FollowUp","floor":8},{"not_picked":["Replay:DivineShield","Halt"],"picked":"JustLucky","floor":10},{"not_picked":["ThirdEye","Acrobatics"],"picked":"EmptyMind","floor":11},{"not_picked":["Meditate","Predator"],"picked":"Alpha","floor":12},{"not_picked":["Acrobatics","EmptyMind"],"picked":"Consecrate","floor":13},{"not_picked":["Adrenaline","Ragnarok"],"picked":"Die Die Die","floor":16},{"not_picked":["Nirvana","Wallop"],"picked":"Perseverance","floor":18},{"not_picked":["Crescendo","Halt","BattleHymn"],"picked":"SKIP","floor":19},{"not_picked":["InnerPeace","Replay:AtTheReady"],"picked":"Consecrate","floor":22},{"not_picked":["FlurryOfBlows","SignatureMove"],"picked":"LikeWater","floor":24},{"not_picked":["SpiritShield","Fasting2","Crescendo"],"picked":"SKIP","floor":25},{"not_picked":["ReachHeaven","Crescendo"],"picked":"Prostrate","floor":28},{"not_picked":["Replay:BluntJabs","DeceiveReality","WheelKick"],"picked":"SKIP","floor":29},{"not_picked":["CrushJoints","FlyingSleeves"],"picked":"Halt","floor":30},{"not_picked":["Crescendo+1","ClearTheMind"],"picked":"Consecrate","floor":31},{"not_picked":["Omniscience","Blasphemy"],"picked":"Establishment","floor":33},{"not_picked":["SashWhip","EmptyBody"],"picked":"Consecrate","floor":35},{"not_picked":["FlyingSleeves+1","Nirvana+1"],"picked":"Consecrate+1","floor":38},{"not_picked":["SashWhip","CarveReality+1"],"picked":"Protect+1","floor":39},{"not_picked":["Indignation+1","Crescendo+1"],"picked":"ClearTheMind+1","floor":40},{"not_picked":["Replay:BluntJabs","FlurryOfBlows+1"],"picked":"EmptyFist+1","floor":42},{"not_picked":["Replay:BluntJabs","SpiritShield"],"picked":"Replay:ManipulateFuture","floor":44},{"not_picked":["ThirdEye","Halt"],"picked":"Prostrate+1","floor":46},{"not_picked":["LikeWater","Wallop+1"],"picked":"Tantrum+1","floor":47},{"not_picked":["CarveReality+1","FlyingSleeves"],"picked":"Prostrate+1","floor":48}],"player_experience":144780,"relics_obtained":[{"floor":6,"key":"Bag of Marbles"},{"floor":9,"key":"WingedGreaves"},{"floor":10,"key":"Kunai"},{"floor":12,"key":"Old Coin"},{"floor":24,"key":"Bag of Preparation"},{"floor":24,"key":"HornCleat"},{"floor":26,"key":"Bottled Tornado"},{"floor":31,"key":"infinitespire:Broken Mirror"},{"floor":31,"key":"infinitespire:Midas Blood"},{"floor":36,"key":"ReplayTheSpireMod:Ring of Challenge"},{"floor":36,"key":"ReplayTheSpireMod:Ring of Exchange"},{"floor":40,"key":"ReplayTheSpireMod:Ninjato"},{"floor":40,"key":"Potion Belt"},{"floor":43,"key":"PreservedInsect"},{"floor":48,"key":"Bronze Scales"},{"floor":48,"key":"Happy Flower"}],"event_choices":[{"damage_healed":0,"gold_gain":0,"player_choice":"Entered Light","damage_taken":13,"max_hp_gain":0,"max_hp_loss":0,"event_name":"Shining Light","floor":2,"gold_loss":0,"cards_upgraded":["Defend_P","Defend_P"]},{"cards_removed":["Defend_P"],"damage_healed":0,"gold_gain":0,"player_choice":"Card Removal","damage_taken":7,"max_hp_gain":0,"max_hp_loss":0,"event_name":"Golden Wing","floor":14,"gold_loss":0},{"damage_healed":0,"gold_gain":0,"player_choice":"Upgraded","damage_taken":0,"max_hp_gain":0,"max_hp_loss":0,"event_name":"Upgrade Shrine","floor":21,"gold_loss":0,"cards_upgraded":["infinitespire:Gouge"]},{"cards_removed":["ReplayUltimateDefense"],"damage_healed":0,"gold_gain":0,"player_choice":"Removed Power","damage_taken":0,"max_hp_gain":0,"max_hp_loss":0,"event_name":"Falling","floor":41,"gold_loss":0}],"is_beta":false,"boss_relics":[{"not_picked":["Replay:Bronze Core","Honey Jar"],"picked":"Black Star"},{"not_picked":["Kintsugi","VioletLotus"],"picked":"Fusion Hammer"}],"items_purged_floors":[37],"is_endless":false,"potions_floor_spawned":[10,13,16,19,22,29,39,40,44,47],"ascension_level":0}}