{"host":"1kq2ingo3j45gyyp","time":1607912415,"event":{"mods":["BaseMod","Better Note","Better Third Choice","Minty Spire (QoL Compilation)","StSLib","The Gatherer"],"gold_per_floor":[116,116,134,150,218,252,17,34,103,103,153,203,203,221,221,316,316,331,381,445,462,1,1,1,1],"floor_reached":23,"playtime":971,"items_purged":["Gatherer:Examine"],"score":193,"play_id":"2391ad01-d73c-42a4-8545-2a444551a715","local_time":"20201213212015","is_ascension_mode":false,"metric_token":401,"campfire_choices":[{"floor":10,"key":"REST"},{"floor":13,"key":"REST"},{"floor":15,"key":"REST"}],"circlet_count":0,"master_deck":["Gatherer:Centralize","Gatherer:FlowerWhip","Gatherer:PoisonMastery+1","Gatherer:CarefulStrike","Gatherer:DrugPower","Gatherer:Misfortune","Gatherer:RottenStipe","Apotheosis","Gatherer:WitheringStrike","Gatherer:DrugPower","Gatherer:EchoOfNature","Gatherer:FlowerPower+1","Gatherer:FruitForce","Gatherer:BalancedGrowth+1","Gatherer:PoisonMastery+1","Gatherer:Bulldoze","Gatherer:Liquidism+1","Gatherer:RottenStipe","Gatherer:AcidicSpray","Finesse","Footwork+1"],"relics":["Gatherer:AlchemyBag","SsserpentHead","Turnip","Frozen Egg 2","Pandora\u0027s Box","Gatherer:MistGenerator","Ancient Tea Set"],"acts_visited":["Exordium","TheCity"],"potions_floor_usage":[23],"damage_taken":[{"damage":0,"enemies":"2 Louse","floor":1,"turns":2},{"damage":0,"enemies":"Cultist","floor":3,"turns":3},{"damage":1,"enemies":"Jaw Worm","floor":4,"turns":2},{"damage":6,"enemies":"Blue Slaver","floor":5,"turns":2},{"damage":46,"enemies":"3 Sentries","floor":6,"turns":11},{"damage":7,"enemies":"3 Louse","floor":8,"turns":3},{"damage":6,"enemies":"Lots of Slimes","floor":14,"turns":4},{"damage":31,"enemies":"Hexaghost","floor":16,"turns":5},{"damage":7,"enemies":"3 Byrds","floor":18,"turns":3},{"damage":10,"enemies":"Chosen","floor":20,"turns":2},{"damage":26,"enemies":"Sentry and Sphere","floor":21,"turns":4},{"damage":30,"enemies":"Slavers","floor":23,"turns":2}],"seed_played":"6940461059449227545","potions_obtained":[{"floor":3,"key":"Dexterity Potion"},{"floor":5,"key":"SteroidPotion"},{"floor":8,"key":"SteroidPotion"},{"floor":21,"key":"Fire Potion"}],"is_trial":false,"path_per_floor":["M","?","M","M","M","E","$","M","T","R","$","?","R","M","R","B",null,"M","?","M","M","$","E"],"character_chosen":"THE_GATHERER","items_purchased":["Gatherer:RottenStipe","Apotheosis","Gatherer:MistGenerator","Ancient Tea Set","Finesse"],"campfire_rested":3,"item_purchase_floors":[7,7,22,22,22],"current_hp_per_floor":[65,65,65,64,58,12,12,5,5,24,24,24,43,37,56,25,69,62,62,52,26,26,0,0,0],"gold":1,"neow_bonus":"TRANSFORM_TWO_CARDS","is_daily":false,"chose_seed":false,"campfire_upgraded":0,"win_rate":0.0,"timestamp":1607912415,"path_taken":["M","?","M","M","?","E","$","M","T","R","?","?","R","M","R","BOSS","M","?","?","M","$","E"],"items_purchased_type":["Card","Card","Relic","Relic","Card"],"build_version":"2020-12-13","purchased_purges":1,"victory":false,"max_hp_per_floor":[65,65,65,65,65,65,65,65,65,65,65,65,65,65,65,65,69,69,69,69,69,69,69,69,69],"card_choices":[{"not_picked":["Gatherer:ScherryThrow","Gatherer:Frenzy"],"picked":"Gatherer:DrugPower","floor":1},{"not_picked":["Gatherer:FlowerShield","Gatherer:AromaProtection"],"picked":"Gatherer:Misfortune","floor":3},{"not_picked":["Gatherer:ScherryThrow","Gatherer:Enchant","Gatherer:Duality"],"picked":"SKIP","floor":4},{"not_picked":["Gatherer:AlchemyTrial","Gatherer:Polymorphism","Gatherer:TreeGrowth"],"picked":"SKIP","floor":5},{"not_picked":["Gatherer:FlowerPower","Gatherer:LuckyClover","Gatherer:Convert"],"picked":"SKIP","floor":6},{"not_picked":["Gatherer:FragileHammer","Gatherer:CollectorsShot"],"picked":"Gatherer:WitheringStrike","floor":8},{"not_picked":["Gatherer:FlowerShield","Gatherer:Snatch"],"picked":"Gatherer:DrugPower","floor":14},{"not_picked":["Gatherer:Overflowing","Gatherer:LuckyClover+1"],"picked":"Gatherer:GrowBook","floor":16},{"not_picked":["Gatherer:AromaProtection+1","Gatherer:PotentialSlash","Gatherer:ScherryThrow"],"picked":"SKIP","floor":18},{"not_picked":["Gatherer:ScherryThrow+1","Gatherer:QuickSynthesis","Gatherer:SealedBomb"],"picked":"SKIP","floor":20},{"not_picked":["Gatherer:DrugPower","Gatherer:FragileHammer+1"],"picked":"Gatherer:AcidicSpray","floor":21}],"player_experience":804263,"relics_obtained":[{"floor":6,"key":"Turnip"},{"floor":9,"key":"Frozen Egg 2"}],"event_choices":[{"damage_healed":0,"gold_gain":0,"player_choice":"Trade","damage_taken":0,"relics_obtained":["SsserpentHead"],"max_hp_gain":0,"max_hp_loss":0,"event_name":"FaceTrader","floor":2,"gold_loss":0},{"damage_healed":0,"gold_gain":0,"player_choice":"Grow","damage_taken":0,"max_hp_gain":0,"max_hp_loss":0,"event_name":"Living Wall","floor":12,"gold_loss":0,"cards_upgraded":["Gatherer:PoisonMastery"]},{"damage_healed":0,"gold_gain":0,"player_choice":"Copied","damage_taken":0,"max_hp_gain":0,"max_hp_loss":0,"event_name":"Duplicator","floor":19,"gold_loss":0,"cards_obtained":["Gatherer:RottenStipe"]}],"is_beta":false,"boss_relics":[{"not_picked":["Velvet Choker","Empty Cage"],"picked":"Pandora\u0027s Box"}],"items_purged_floors":[22],"is_endless":false,"potions_floor_spawned":[3,5,8,16,21],"killed_by":"Slavers","ascension_level":0}}