{"host":"cyh4fejqtcjbfr7k","time":1607938048,"event":{"mods":["2.2 Compatiblity","AchievementEnabler","BaseMod","Colored Map","Colored Powertips","DeckTracker","Downfall","Googly Eyes","Hubris","Infinite Spire","Minty Spire (QoL Compilation)","Replay The Spire","Shop Mod","StSLib","SuperFastMode","The Disciple","Unceasing Turn Reminder"],"gold_per_floor":[118,118,137,137,137,168,168,22,22,22,50,50,66,76,76,175,175,191,191,207,306,316,316,316,347,426,437,468,468,482,482,482,580,580,591,350,350,350,350,376,390,390,390,440,440,440,440,451,451,451],"floor_reached":51,"playtime":1976,"items_purged":[],"score":829,"play_id":"a1bfcebf-c75e-4185-bc6a-da357aa517d3","local_time":"20201214022728","is_ascension_mode":true,"campfire_choices":[{"floor":7,"key":"REST"},{"data":"Blade Dance","floor":12,"key":"SMITH"},{"data":"Burst","floor":15,"key":"SMITH"},{"data":"A Thousand Cuts","floor":23,"key":"SMITH"},{"floor":29,"key":"REST"},{"data":"Blade Dance","floor":32,"key":"SMITH"},{"floor":46,"key":"REST"},{"data":"Blade Dance","floor":49,"key":"SMITH"}],"circlet_count":0,"master_deck":["Blade Dance+1","Strike_G","Strike_G","Strike_G","Strike_G","Strike_G","Defend_G","Defend_G","Defend_G","Defend_G","Defend_G","Survivor","Neutralize","After Image","Blade Dance+1","Slice","Dagger Spray","Blade Dance+1","Blade Dance+1","Burst+1","A Thousand Cuts+1","Flying Knee+1","Quick Slash","Slice","Blade Dance+1","Venomology","Dagger Spray","Burst","Cloak And Dagger+1","Quick Slash+1","Sucker Punch+1","Deflect","Blade Dance+1"],"relics":["Ring of the Snake","Bottled Tornado","Bag of Marbles","FossilizedHelix","Vampiric Spirits","Replay:Multitool","hubris:Metronome","Potion Belt","Mercury Hourglass","hubris:Towel","PreservedInsect","StoneCalendar","Counterbalance"],"acts_visited":["Exordium","TheCity","TheBeyond"],"potions_floor_usage":[16,22,25,27,28,33,33,40,40,41,41,41,44,50,50],"damage_taken":[{"damage":0,"enemies":"2 Louse","floor":1,"turns":3},{"damage":7,"enemies":"Small Slimes","floor":3,"turns":3},{"damage":17,"enemies":"Lagavulin","floor":6,"turns":6},{"damage":1,"enemies":"Gremlin Nob","floor":11,"turns":4},{"damage":0,"enemies":"Jaw Worm","floor":13,"turns":1},{"damage":0,"enemies":"Looter","floor":14,"turns":2},{"damage":22,"enemies":"The Guardian","floor":16,"turns":19},{"damage":0,"enemies":"Shell Parasite","floor":18,"turns":4},{"damage":0,"enemies":"3 Byrds","floor":20,"turns":3},{"damage":0,"enemies":"3 Cultists","floor":22,"turns":4},{"damage":0,"enemies":"Slavers","floor":25,"turns":5},{"damage":2,"enemies":"Centurion and Healer","floor":27,"turns":3},{"damage":34,"enemies":"Gremlin Leader","floor":28,"turns":5},{"damage":0,"enemies":"Sentry and Sphere","floor":30,"turns":4},{"damage":48,"enemies":"hubris:MusketHawk","floor":33,"turns":8},{"damage":0,"enemies":"Orb Walker","floor":35,"turns":2},{"damage":66,"enemies":"Giant Head","floor":40,"turns":8},{"damage":0,"enemies":"3 Darklings","floor":41,"turns":2},{"damage":0,"enemies":"Mind Bloom Boss Battle","floor":44,"turns":3},{"damage":8,"enemies":"Maw","floor":48,"turns":7},{"damage":50,"enemies":"Donu and Deca","floor":50,"turns":8}],"seed_played":"592944560310430347","potions_obtained":[{"floor":1,"key":"Ancient Potion"},{"floor":3,"key":"GamblersBrew"},{"floor":13,"key":"DistilledChaos"},{"floor":14,"key":"Toxic Potion"},{"floor":16,"key":"SkillPotion"},{"floor":20,"key":"SteroidPotion"},{"floor":25,"key":"Energy Potion"},{"floor":27,"key":"Dexterity Potion"},{"floor":33,"key":"LiquidBronze"},{"floor":35,"key":"FairyPotion"},{"floor":40,"key":"SteroidPotion"},{"floor":41,"key":"Explosive Potion"},{"floor":48,"key":"AttackPotion"}],"is_trial":false,"path_per_floor":["M","$","M","?","?","E","R","$","T","?","E","R","M","M","R","B",null,"M","?","M","?","M","R","?","E","T","M","E","R","M","T","R","B",null,"M","$","?","?","?","E","M","?","T","?","?","R","?","M","R","B",null],"character_chosen":"THE_SILENT","items_purchased":["Bag of Marbles","Mercury Hourglass"],"campfire_rested":3,"item_purchase_floors":[8,36],"current_hp_per_floor":[70,70,63,63,63,46,67,67,67,67,66,66,70,70,70,48,70,70,70,70,70,70,70,70,70,70,68,36,57,65,65,65,22,70,70,70,70,70,70,4,40,40,40,53,53,66,66,58,58,16],"gold":451,"neow_bonus":"ONE_RANDOM_RARE_CARD","is_daily":false,"chose_seed":false,"campfire_upgraded":5,"win_rate":0.0,"timestamp":1607938048,"path_taken":["M","$","M","?","?","E","R","$","T","?","E","R","?","M","R","BOSS","M","?","M","?","M","R","?","E","T","M","E","R","M","?","R","BOSS","M","$","?","?","?","E","?","?","T","?","?","R","?","M","R","BOSS"],"items_purchased_type":["Relic","Relic"],"build_version":"2020-12-13","purchased_purges":0,"victory":true,"max_hp_per_floor":[70,70,70,70,70,70,70,70,70,70,70,70,70,70,70,70,70,70,70,70,70,70,70,70,70,70,70,70,70,70,70,70,70,70,70,70,70,70,70,70,70,66,66,66,66,66,66,66,66,66],"card_choices":[{"not_picked":["Finisher","Endless Agony"],"picked":"Blade Dance","floor":1},{"not_picked":["Dash","Deadly Poison"],"picked":"Slice","floor":3},{"not_picked":["Slice","Predator"],"picked":"Dagger Spray","floor":6},{"not_picked":["Underhanded Strike","Dagger Throw"],"picked":"Blade Dance","floor":11},{"not_picked":["Slice","Caltrops"],"picked":"Blade Dance","floor":13},{"not_picked":["Heel Hook","Catalyst"],"picked":"Burst","floor":14},{"not_picked":["Burst","ReplayTheSpireMod:Necrosis"],"picked":"A Thousand Cuts","floor":16},{"not_picked":["Dagger Spray","Predator"],"picked":"Flying Knee+1","floor":18},{"not_picked":["Bane","Acrobatics+1"],"picked":"Quick Slash","floor":20},{"not_picked":["Setup","Leg Sweep+1"],"picked":"Slice","floor":22},{"not_picked":["Sucker Punch","Dodge and Roll+1"],"picked":"Blade Dance","floor":25},{"not_picked":["Crippling Poison+1","hubris:SlightOfHand","Dagger Throw"],"picked":"SKIP","floor":27},{"not_picked":["ReplayTheSpireMod:Speed Training+1","ReplayTheSpireMod:From All Sides"],"picked":"Venomology","floor":28},{"not_picked":["Deadly Poison","Sucker Punch"],"picked":"Dagger Spray","floor":30},{"not_picked":["Tools of the Trade","Unload"],"picked":"Burst","floor":33},{"not_picked":["Replay:Poison Smokescreen","Dodge and Roll"],"picked":"Cloak And Dagger+1","floor":35},{"not_picked":["ReplayTheSpireMod:Exploit Weakness+1","Flying Knee"],"picked":"Quick Slash+1","floor":40},{"not_picked":["Bane+1","Corpse Explosion"],"picked":"Sucker Punch+1","floor":41},{"not_picked":["Slice","Catalyst+1"],"picked":"Deflect","floor":44},{"not_picked":["Slice+1","Underhanded Strike+1"],"picked":"Blade Dance+1","floor":48}],"player_experience":570050,"relics_obtained":[{"floor":6,"key":"Bottled Tornado"},{"floor":9,"key":"FossilizedHelix"},{"floor":11,"key":"Vampiric Spirits"},{"floor":25,"key":"Replay:Multitool"},{"floor":26,"key":"hubris:Metronome"},{"floor":28,"key":"Potion Belt"},{"floor":40,"key":"PreservedInsect"},{"floor":43,"key":"StoneCalendar"},{"floor":44,"key":"Counterbalance"}],"event_choices":[{"damage_healed":0,"gold_gain":0,"player_choice":"Grow","damage_taken":0,"max_hp_gain":0,"max_hp_loss":0,"event_name":"Living Wall","floor":4,"gold_loss":0,"cards_upgraded":["Blade Dance"]},{"damage_healed":0,"gold_gain":0,"player_choice":"Leave","damage_taken":0,"max_hp_gain":0,"max_hp_loss":0,"event_name":"The Cleric","floor":5,"gold_loss":0},{"damage_healed":0,"gold_gain":0,"player_choice":"Ignored","damage_taken":0,"max_hp_gain":0,"max_hp_loss":0,"event_name":"Golden Idol","floor":10,"gold_loss":0},{"damage_healed":0,"gold_gain":99,"player_choice":"Stole From Cult","damage_taken":0,"max_hp_gain":0,"max_hp_loss":0,"event_name":"Nest","floor":21,"gold_loss":0},{"damage_healed":0,"gold_gain":0,"player_choice":"Ignored","damage_taken":0,"max_hp_gain":0,"max_hp_loss":0,"event_name":"Beggar","floor":24,"gold_loss":0},{"damage_healed":0,"gold_gain":0,"player_choice":"Bought 0 Potions","damage_taken":0,"max_hp_gain":0,"max_hp_loss":0,"event_name":"The Woman in Blue","floor":39,"gold_loss":0},{"damage_healed":0,"gold_gain":0,"player_choice":"Max HP","damage_taken":0,"max_hp_gain":0,"max_hp_loss":4,"event_name":"Winding Halls","floor":42,"gold_loss":0},{"damage_healed":0,"gold_gain":0,"player_choice":"Fight","damage_taken":0,"max_hp_gain":0,"max_hp_loss":0,"event_name":"MindBloom","floor":44,"gold_loss":0}],"is_beta":false,"boss_relics":[{"not_picked":["Ectoplasm","Ring of Chaos","Pandora\u0027s Box"]},{"not_picked":["hubris:GrandSneckoEye","Replay:Grab Bag","Coffee Dripper"]}],"items_purged_floors":[],"is_endless":false,"potions_floor_spawned":[1,3,13,14,16,20,25,27,33,35,40,41,48],"ascension_level":1}}