{"host":"rzkqedbrszmex3sp","time":1607935479,"event":{"mods":["AchievementEnabler","BaseMod","Better Altar","Better Match","Better Note","Better Sensory Stone","Better Skull","Better Third Choice","Colored Powertips","Hermit","Highlight Path","Minty Spire (QoL Compilation)","Rare Cards Sparkle","StSLib"],"gold_per_floor":[110,127,127,77,93,123,70,70,96,125,125,143,168,183,183,183,183],"floor_reached":16,"playtime":1272,"items_purged":[],"score":120,"play_id":"2ccdf299-368a-4ffe-8edf-aff5edec5067","local_time":"20201214104439","is_ascension_mode":false,"campfire_choices":[{"data":"hermit:FlashPowder","floor":15,"key":"SMITH"}],"circlet_count":0,"master_deck":["hermit:Strike_Hermit","hermit:Strike_Hermit","hermit:Strike_Hermit","hermit:Defend_Hermit","hermit:Defend_Hermit","hermit:Defend_Hermit","hermit:Defend_Hermit","hermit:Snapshot","hermit:Covet","hermit:Ricochet","hermit:Glare","hermit:HighCaliber","hermit:FinalCanter","hermit:Snipe+1","hermit:FinalCanter","Regret","hermit:ItchyTrigger","hermit:Grudge","hermit:FlashPowder+1"],"relics":["hermit:Momento","NeowsBlessing","Art of War","Sundial","Akabeko","Toy Ornithopter","PreservedInsect","InkBottle"],"acts_visited":["Exordium"],"potions_floor_usage":[16,16,16],"damage_taken":[{"damage":0,"enemies":"Cultist","floor":1,"turns":1},{"damage":0,"enemies":"Jaw Worm","floor":2,"turns":1},{"damage":0,"enemies":"2 Louse","floor":5,"turns":1},{"damage":26,"enemies":"Gremlin Nob","floor":6,"turns":4},{"damage":21,"enemies":"Lagavulin","floor":10,"turns":4},{"damage":0,"enemies":"Blue Slaver","floor":12,"turns":1},{"damage":4,"enemies":"3 Sentries","floor":13,"turns":3},{"damage":0,"enemies":"Large Slime","floor":14,"turns":4},{"damage":42,"enemies":"Slime Boss","floor":16,"turns":8}],"seed_played":"4544203465784573149","potions_obtained":[{"floor":1,"key":"SteroidPotion"},{"floor":6,"key":"Block Potion"},{"floor":12,"key":"SneckoOil"}],"is_trial":false,"path_per_floor":["M","M","T","?","M","E","$","?","T","E","?","M","E","M","R","B"],"character_chosen":"HERMIT","items_purchased":["hermit:Snipe"],"campfire_rested":0,"item_purchase_floors":[7],"current_hp_per_floor":[75,75,75,75,75,49,49,49,49,28,28,28,24,24,24,0,0],"gold":183,"neow_bonus":"THREE_ENEMY_KILL","is_daily":false,"chose_seed":false,"campfire_upgraded":1,"win_rate":0.0,"timestamp":1607935479,"path_taken":["M","M","?","?","M","E","$","?","T","E","?","M","E","?","R","BOSS"],"items_purchased_type":["Card"],"build_version":"2020-12-13","purchased_purges":0,"victory":false,"max_hp_per_floor":[75,75,75,75,75,75,75,75,75,75,75,75,75,75,75,75,75],"card_choices":[{"not_picked":["hermit:LowProfile","hermit:Desperado"],"picked":"hermit:Ricochet","floor":1},{"not_picked":["hermit:TakeCover","hermit:BodyArmor"],"picked":"hermit:Glare","floor":2},{"not_picked":["hermit:Roulette","hermit:Snipe"],"picked":"hermit:HighCaliber","floor":5},{"not_picked":["hermit:FlashPowder","hermit:Feint"],"picked":"hermit:FinalCanter","floor":6},{"not_picked":["hermit:Misfire","hermit:TrackingShot"],"picked":"hermit:FinalCanter","floor":10},{"not_picked":["hermit:Deadeye","hermit:LowProfile"],"picked":"hermit:ItchyTrigger","floor":12},{"not_picked":["hermit:Quickdraw","hermit:WideOpen"],"picked":"hermit:Grudge","floor":13},{"not_picked":["hermit:WideOpen","hermit:Ricochet"],"picked":"hermit:FlashPowder","floor":14}],"player_experience":278697,"relics_obtained":[{"floor":3,"key":"Art of War"},{"floor":6,"key":"Sundial"},{"floor":9,"key":"Akabeko"},{"floor":10,"key":"Toy Ornithopter"},{"floor":13,"key":"InkBottle"}],"event_choices":[{"cards_removed":["hermit:Strike_Hermit"],"damage_healed":0,"gold_gain":0,"player_choice":"Card Removal","damage_taken":0,"max_hp_gain":0,"max_hp_loss":0,"event_name":"The Cleric","floor":4,"gold_loss":50},{"damage_healed":0,"gold_gain":0,"player_choice":"Grow","damage_taken":0,"max_hp_gain":0,"max_hp_loss":0,"event_name":"Living Wall","floor":8,"gold_loss":0,"cards_upgraded":["hermit:Snipe"]},{"damage_healed":0,"gold_gain":0,"player_choice":"Box","damage_taken":0,"relics_obtained":["PreservedInsect"],"max_hp_gain":0,"max_hp_loss":0,"event_name":"Big Fish","floor":11,"gold_loss":0,"cards_obtained":["Regret"]}],"is_beta":false,"boss_relics":[],"items_purged_floors":[],"is_endless":false,"potions_floor_spawned":[1,6,12,14],"killed_by":"Slime Boss","ascension_level":0}}