{"host":"y1gy3vaohdji07z5","time":1607981147,"event":{"mods":["BaseMod","Colored Map","Colored Powertips","Hermit","Minty Spire (QoL Compilation)","Random Character Button","Rare Cards Sparkle","StSLib"],"gold_per_floor":[112,128,148,148,148,161,191,191,191,222,234,8,43,55,55,55,55],"floor_reached":16,"playtime":602,"items_purged":["Strike_R"],"score":140,"play_id":"4ad317cd-dd74-4d08-ae62-9d256ce92017","local_time":"20201214222547","is_ascension_mode":true,"campfire_choices":[{"data":"Uppercut","floor":8,"key":"SMITH"},{"data":"Uppercut","floor":15,"key":"SMITH"}],"circlet_count":0,"master_deck":["Strike_R","Strike_R","Strike_R","Strike_R+1","Defend_R","Defend_R","Defend_R","Defend_R","Bash","Iron Wave+1","Inflame","Iron Wave","Uppercut+1","Iron Wave","Pommel Strike","Pommel Strike","Uppercut+1"],"relics":["Burning Blood","NeowsBlessing","Blue Candle","Prayer Wheel","Whetstone","Shuriken","Regal Pillow","Bag of Marbles"],"acts_visited":["Exordium"],"potions_floor_usage":[7,13,16,16],"damage_taken":[{"damage":0,"enemies":"Cultist","floor":1,"turns":1},{"damage":0,"enemies":"Jaw Worm","floor":2,"turns":1},{"damage":0,"enemies":"Small Slimes","floor":3,"turns":1},{"damage":19,"enemies":"Blue Slaver","floor":6,"turns":5},{"damage":10,"enemies":"Gremlin Nob","floor":7,"turns":4},{"damage":43,"enemies":"3 Sentries","floor":10,"turns":8},{"damage":17,"enemies":"Lots of Slimes","floor":11,"turns":5},{"damage":2,"enemies":"Gremlin Nob","floor":13,"turns":3},{"damage":3,"enemies":"Red Slaver","floor":14,"turns":2},{"damage":22,"enemies":"The Guardian","floor":16,"turns":9}],"seed_played":"-1704123371825588289","potions_obtained":[{"floor":2,"key":"PowerPotion"},{"floor":6,"key":"DuplicationPotion"},{"floor":11,"key":"Explosive Potion"},{"floor":14,"key":"Energy Potion"}],"is_trial":false,"path_per_floor":["M","M","M","?","T","M","E","R","T","E","M","$","E","M","R","B"],"character_chosen":"IRONCLAD","items_purchased":["Regal Pillow"],"campfire_rested":0,"item_purchase_floors":[12],"current_hp_per_floor":[80,80,80,80,80,67,63,63,63,26,15,15,19,22,22,0,0],"gold":55,"neow_bonus":"THREE_ENEMY_KILL","is_daily":false,"chose_seed":false,"campfire_upgraded":2,"win_rate":0.0,"timestamp":1607981147,"path_taken":["M","M","M","?","?","M","E","R","T","E","M","$","E","M","R","BOSS"],"items_purchased_type":["Relic"],"build_version":"2020-12-13","purchased_purges":1,"victory":false,"max_hp_per_floor":[80,80,80,80,80,80,80,80,80,80,80,80,80,80,80,80,80],"card_choices":[{"not_picked":["Clash","Thunderclap"],"picked":"Iron Wave","floor":1},{"not_picked":["Hemokinesis","True Grit"],"picked":"Inflame","floor":2},{"not_picked":["Heavy Blade","Rupture"],"picked":"Iron Wave","floor":3},{"not_picked":["Flex","Sever Soul","Perfected Strike"],"picked":"SKIP","floor":6},{"not_picked":["Sword Boomerang","Blood for Blood"],"picked":"Uppercut","floor":7},{"not_picked":["Perfected Strike","Wild Strike","Entrench"],"picked":"SKIP","floor":10},{"not_picked":["Disarm","Infernal Blade"],"picked":"Iron Wave","floor":11},{"not_picked":["Brutality","Sever Soul"],"picked":"Pommel Strike","floor":11},{"not_picked":["Armaments","Body Slam","Cleave"],"picked":"SKIP","floor":13},{"not_picked":["Dual Wield","Warcry"],"picked":"Pommel Strike","floor":14},{"not_picked":["Sever Soul","Intimidate"],"picked":"Uppercut","floor":14}],"player_experience":320102,"relics_obtained":[{"floor":5,"key":"Blue Candle"},{"floor":7,"key":"Prayer Wheel"},{"floor":9,"key":"Whetstone"},{"floor":10,"key":"Shuriken"},{"floor":13,"key":"Bag of Marbles"}],"event_choices":[{"damage_healed":0,"gold_gain":0,"player_choice":"Ignored","damage_taken":0,"max_hp_gain":0,"max_hp_loss":0,"event_name":"Liars Game","floor":4,"gold_loss":0}],"is_beta":false,"boss_relics":[],"items_purged_floors":[12],"is_endless":false,"potions_floor_spawned":[2,6,11,14],"killed_by":"The Guardian","ascension_level":3}}