{"host":"z9y2vfnym7sk0nhg","time":1607989589,"event":{"mods":["Aspiration","BaseMod","Better Altar","Better Match","Better Note","Better Sensory Stone","Better Skull","Better Third Choice","CCEM","Colored Map","Conspire","Downfall","GifTheSpireLib","Highlight Path","Minty Spire (QoL Compilation)","Permanent Neow","Shop Mod","Spicy Shops","StSLib","Stuff the Spire","Unceasing Turn Reminder"],"gold_per_floor":[99,99,199,218,218,247,297,315,332,365,381,19,39,54,71,170,170,95,114,114,114,134,147,195,195,195],"floor_reached":25,"playtime":1370,"items_purged":[],"score":215,"play_id":"dcde0400-7c8c-4c4a-8a98-4d09e42d2172","local_time":"20201215004629","is_ascension_mode":false,"campfire_choices":[{"data":"Slimebound:Split","floor":1,"key":"SMITH"},{"floor":5,"key":"RECALL"},{"data":"Slimebound:DuplicatedForm","floor":18,"key":"SMITH"}],"circlet_count":0,"master_deck":["Slimebound:Strike_Slimebound","Slimebound:Strike_Slimebound","Slimebound:Strike_Slimebound","Slimebound:Tackle","Slimebound:Defend_Slimebound","Slimebound:Defend_Slimebound","Slimebound:Defend_Slimebound","Slimebound:Defend_Slimebound","Slimebound:Split+1","Slimebound:CorrosiveSpit","Slimebound:OneTwoCombo","Slimebound:LeechEnergy","Slimebound:SplitAcid","Slimebound:SplitMire","Slimebound:SamplingLick","Slimebound:SpikyOuterGoop","Slimebound:SelfFormingGoo","Slimebound:SamplingLick","Slimebound:RejuvenatingLick","Slimebound:GrowthPunch","Slimebound:RollThrough","Slimebound:DuplicatedForm+1","Slimebound:Schlurp","Slimebound:Repurpose"],"relics":["Slimebound:AbsorbEndCombat","Toy Ornithopter","CCEMRelics:OverlyComfyChair","aspiration:Lifesprig","Bottled Flame","StuffTheSpire:Nightcore","Medical Kit","Velvet Choker","downfall:HeartBlessingRed","CCEMRelics:GrindingGear"],"acts_visited":["Exordium","TheCity"],"potions_floor_usage":[8,10,14,16,23,25],"damage_taken":[{"damage":8,"enemies":"conspire:RoseBush","floor":4,"turns":3},{"damage":27,"enemies":"3 Sentries","floor":6,"turns":9},{"damage":4,"enemies":"Jaw Worm","floor":8,"turns":3},{"damage":8,"enemies":"2 Louse","floor":9,"turns":2},{"damage":31,"enemies":"Lagavulin","floor":10,"turns":5},{"damage":12,"enemies":"Gremlin Gang","floor":11,"turns":2},{"damage":19,"enemies":"downfall:FleeingMerchant","floor":12,"turns":4},{"damage":12,"enemies":"Blue Slaver","floor":13,"turns":2},{"damage":18,"enemies":"3 Louse","floor":14,"turns":4},{"damage":16,"enemies":"Large Slime","floor":15,"turns":4},{"damage":48,"enemies":"downfall:Watcher","floor":16,"turns":7},{"damage":37,"enemies":"Chosen","floor":19,"turns":4},{"damage":48,"enemies":"Shell Parasite","floor":22,"turns":5},{"damage":23,"enemies":"Snake Plant","floor":23,"turns":3},{"damage":89,"enemies":"Gremlin Leader","floor":25,"turns":5}],"seed_played":"6763699412019749473","potions_obtained":[{"floor":6,"key":"Ancient Potion"},{"floor":9,"key":"AttackPotion"},{"floor":11,"key":"hexamod:EctoCoolerPotion"},{"floor":13,"key":"SteroidPotion"},{"floor":15,"key":"Ancient Potion"},{"floor":19,"key":"EssenceOfSteel"},{"floor":23,"key":"Ancient Potion"}],"is_trial":false,"path_per_floor":["R","?","?","M","R","E","T","M","M","E","M","$","M","M","M","B",null,"R","M","?","?","M","M","T","E"],"character_chosen":"SLIMEBOUND","items_purchased":["StuffTheSpire:Nightcore","Slimebound:SelfFormingGoo","Medical Kit","Slimebound:SamplingLick"],"campfire_rested":0,"item_purchase_floors":[12,12,12,12],"current_hp_per_floor":[60,48,48,50,50,43,43,47,51,45,47,56,60,56,58,34,60,60,56,56,56,52,55,55,0,0],"gold":195,"neow_bonus":"ONE_RANDOM_RARE_CARD","is_daily":false,"chose_seed":false,"campfire_upgraded":2,"win_rate":0.0,"timestamp":1607989589,"path_taken":["R","?","?","M","R","E","T","M","M","E","M","$","M","M","M","BOSS","R","M","?","?","M","M","T","E"],"items_purchased_type":["Relic","Card","Relic","Card"],"build_version":"2020-12-13","purchased_purges":0,"victory":false,"max_hp_per_floor":[60,60,60,60,60,60,60,60,60,60,60,60,60,60,60,60,60,60,60,60,60,60,60,60,60,60],"card_choices":[{"not_picked":["Slimebound:LeechingTouch","Slimebound:PressTheAttack"],"picked":"Slimebound:LeechEnergy","floor":4},{"not_picked":["Slimebound:ViciousTackle","Slimebound:LeechEnergy"],"picked":"Slimebound:SplitAcid","floor":6},{"not_picked":["Slimebound:MassRepurpose","Slimebound:SplitAcid"],"picked":"Slimebound:SplitMire","floor":8},{"not_picked":["Slimebound:LeechEnergy","Slimebound:GrowthPunch","Slimebound:SlimeTap"],"picked":"SKIP","floor":9},{"not_picked":["Slimebound:LeechEnergy","Slimebound:ComboTackle","Slimebound:TongueLash"],"picked":"SKIP","floor":10},{"not_picked":["Slimebound:LeechEnergy","Slimebound:ComboTackle","Slimebound:TongueLash"],"picked":"SKIP","floor":10},{"not_picked":["Slimebound:PressTheAttack","Slimebound:SplitAcid"],"picked":"Slimebound:SamplingLick","floor":11},{"not_picked":["Slimebound:ViciousTackle","Slimebound:SamplingLick"],"picked":"Slimebound:SpikyOuterGoop","floor":12},{"not_picked":["Slimebound:SplitLeeching","Slimebound:DuplicatedForm"],"picked":"Slimebound:RejuvenatingLick","floor":13},{"not_picked":["Slimebound:GoopSpray","Slimebound:RainOfGoop"],"picked":"Slimebound:GrowthPunch","floor":14},{"not_picked":["Slimebound:GoopTackle","Slimebound:LeechingTouch"],"picked":"Slimebound:RollThrough","floor":15},{"not_picked":["Slimebound:DouseInSlime","Slimebound:MinionMaster"],"picked":"Slimebound:DuplicatedForm","floor":16},{"not_picked":["Slimebound:RollThrough+1","Slimebound:SplitLeeching","Slimebound:ItLooksTasty"],"picked":"SKIP","floor":19},{"not_picked":["Slimebound:SlimeSpikes","Slimebound:FlameTackle","Slimebound:Schlurp"],"picked":"SKIP","floor":22},{"not_picked":["Slimebound:DisruptingSlam","Slimebound:SplitAcid"],"picked":"Slimebound:Repurpose","floor":23}],"player_experience":6155,"relics_obtained":[{"floor":6,"key":"CCEMRelics:OverlyComfyChair"},{"floor":7,"key":"aspiration:Lifesprig"},{"floor":10,"key":"Bottled Flame"},{"floor":24,"key":"CCEMRelics:GrindingGear"}],"event_choices":[{"damage_healed":0,"gold_gain":0,"player_choice":"Success","damage_taken":12,"relics_obtained":["Toy Ornithopter"],"max_hp_gain":0,"max_hp_loss":0,"event_name":"Scrap Ooze","floor":2,"gold_loss":0},{"cards_removed":["Slimebound:SamplingLick"],"damage_healed":0,"gold_gain":0,"player_choice":"Give","damage_taken":0,"max_hp_gain":0,"max_hp_loss":0,"event_name":"betterNote:BetterNote","floor":20,"gold_loss":0,"cards_obtained":["None"]},{"damage_healed":0,"gold_gain":0,"player_choice":"Read","damage_taken":0,"max_hp_gain":0,"max_hp_loss":0,"event_name":"The Library","floor":21,"gold_loss":0,"cards_obtained":["Slimebound:Schlurp"]}],"is_beta":false,"boss_relics":[{"not_picked":["Runic Dome","Fusion Hammer"],"picked":"Velvet Choker"}],"items_purged_floors":[],"is_endless":false,"potions_floor_spawned":[6,9,11,13,15,19,23],"killed_by":"Gremlin Leader","ascension_level":0}}