{"host":"qiiukau3lypbs18g","time":1607961847,"event":{"mods":["Abigail Mod","BaseMod","CapriCore","Friendly Minions","HololiveMod","KOR Keyword Fix","Minty Spire (QoL Compilation)","Replay The Spire","Shop Mod","StSLib","WarShipGirlsR/??á´Ò³R mod"],"gold_per_floor":[110,185,203,217,232,232,261,261,261,277,277,294,294,294,53,73,73,174,174,191,191,206,30,30,30,44,59,85,184,212,212,4,29,29,126,126,141,141,131,131,145,145,172,172,172,172,202,202,222,235,235,235],"floor_reached":53,"playtime":1918,"items_purged":["rmod:strick","rmod:strick"],"score":717,"play_id":"98383b98-b5ae-4065-bd54-061c676aa3c3","local_time":"20201215010407","is_ascension_mode":true,"campfire_choices":[{"data":"rmod:fuelsupply","floor":6,"key":"SMITH"},{"data":"rmod:aviationdawn","floor":8,"key":"SMITH"},{"floor":17,"key":"REST"},{"data":"rmod:fuelsupply","floor":25,"key":"SMITH"},{"data":"rmod:steelsupply","floor":31,"key":"SMITH"},{"floor":34,"key":"REST"},{"data":"rmod:wasp","floor":42,"key":"SMITH"},{"data":"rmod:acesubmarine","floor":44,"key":"SMITH"},{"floor":46,"key":"REST"},{"data":"rmod:basicallowance","floor":48,"key":"SMITH"},{"floor":51,"key":"REST"}],"circlet_count":0,"master_deck":["rmod:strick","rmod:strick","rmod:defend","rmod:defend","rmod:defend","rmod:defend","rmod:basicallowance+1","rmod:maingunfire+1","ReplayTheSpireMod:Trickstab","rmod:aggressivemary+1","rmod:firesupport","rmod:fuelsupply+1","rmod:victimresponsibility","rmod:aviationdawn+1","rmod:mineteam+1","rmod:fletcherpendant+1","rmod:fuelsupply+1","rmod:luckystar","rmod:acesubmarine+1","rmod:steelsupply+1","rmod:overbreakdown","rmod:wasp+1","rmod:intelligenceanalysis","rmod:royalracing+1","rmod:diaomin+1","rmod:highspeedmaneuver","rmod:windflower","rmod:overbreakdown+1","Writhe","rmod:seals","rmod:ammunitionsupply+1","rmod:diamondstrike+1","rmod:timeschanged"],"relics":["Mercury Hourglass","Chameleon Ring","MerchantsRug","Honey Jar","ReplayTheSpireMod:Lightbulb","Gremlin Food","rmod:extraamm","Bottled Flame","rmod:mogul","Pet Ghost","ReplayTheSpireMod:Shallot","Smiling Mask"],"acts_visited":["Exordium","TheCity","TheBeyond"],"potions_floor_usage":[7,16,18,22,30,33,33,50,52,52],"damage_taken":[{"damage":0,"enemies":"Jaw Worm","floor":1,"turns":3},{"damage":0,"enemies":"2 Louse","floor":3,"turns":2},{"damage":0,"enemies":"Cultist","floor":4,"turns":2},{"damage":0,"enemies":"Large Slime","floor":5,"turns":4},{"damage":20,"enemies":"Gremlin Nob","floor":7,"turns":4},{"damage":7,"enemies":"Blue Slaver","floor":10,"turns":2},{"damage":0,"enemies":"2 Fungi Beasts","floor":12,"turns":3},{"damage":5,"enemies":"Looter","floor":16,"turns":2},{"damage":7,"enemies":"Slime Boss","floor":18,"turns":6},{"damage":0,"enemies":"Chosen","floor":20,"turns":4},{"damage":5,"enemies":"2 Thieves","floor":22,"turns":3},{"damage":12,"enemies":"Chosen and Byrds","floor":26,"turns":2},{"damage":0,"enemies":"Centurion and Healer","floor":27,"turns":3},{"damage":20,"enemies":"Slavers","floor":30,"turns":2},{"damage":10,"enemies":"Replay:Snechameleon","floor":33,"turns":4},{"damage":14,"enemies":"Champ","floor":35,"turns":9},{"damage":43,"enemies":"3 Shapes","floor":37,"turns":3},{"damage":11,"enemies":"Orb Walker","floor":41,"turns":3},{"damage":8,"enemies":"Giant Head","floor":43,"turns":5},{"damage":0,"enemies":"Nemesis","floor":47,"turns":3},{"damage":0,"enemies":"Sphere and 2 Shapes","floor":49,"turns":4},{"damage":24,"enemies":"Writhing Mass","floor":50,"turns":3},{"damage":20,"enemies":"Replay:Hell Engine","floor":52,"turns":10}],"seed_played":"6717700152281152165","potions_obtained":[{"floor":3,"key":"Block Potion"},{"floor":7,"key":"Strength Potion"},{"floor":10,"key":"Ancient Potion"},{"floor":12,"key":"Adrenaline Potion"},{"floor":16,"key":"Swift Potion"},{"floor":22,"key":"LiquidMemories"},{"floor":26,"key":"Venom Potion"},{"floor":30,"key":"Energy Potion"},{"floor":33,"key":"Fire Potion"},{"floor":41,"key":"Dexterity Potion"}],"is_trial":false,"path_per_floor":["M","?","M","M","M","R","E","R","T","M","?","M","PTL","PTL","$","M","R","B",null,"M","?","M","$","?","R","M","M","T","?","E","R","$","E","R","B",null,"M","?","?","?","M","R","E","R","T","R","E","R","M","M","R","B",null],"character_chosen":"PRAEFECT","items_purchased":["MerchantsRug","rmod:fuelsupply","rmod:wasp","rmod:extraamm","rmod:diaomin+1"],"campfire_rested":4,"item_purchase_floors":[15,15,23,32,32],"current_hp_per_floor":[75,64,64,64,64,64,44,44,44,37,22,22,22,22,22,17,39,32,75,75,75,70,70,70,70,58,58,58,58,38,38,38,28,50,36,75,32,51,51,51,40,40,32,32,32,54,54,54,54,30,52,32],"gold":235,"neow_bonus":"RANDOM_COLORLESS","is_daily":false,"chose_seed":false,"campfire_upgraded":7,"win_rate":0.0,"timestamp":1607961847,"path_taken":["M","?","M","M","M","R","E","R","T","M","?","?","PTL","PTL","?","M","R","BOSS","M","?","M","$","?","R","M","M","T","?","E","R","?","E","R","BOSS","M","?","?","?","M","R","E","R","T","R","E","R","?","M","R","BOSS"],"items_purchased_type":["Relic","Card","Card","Relic","Card"],"build_version":"2020-12-13","purchased_purges":2,"victory":true,"max_hp_per_floor":[75,75,75,75,75,75,75,75,75,75,75,75,75,75,75,75,75,75,75,75,75,75,75,75,75,75,75,75,75,75,75,75,75,75,75,75,75,75,75,75,75,75,75,75,75,75,75,75,75,75,75,75],"card_choices":[{"not_picked":["Trip","Replay:BasicMightCard"],"picked":"ReplayTheSpireMod:Trickstab","floor":0},{"not_picked":["rmod:circuitoustactics","rmod:heivgo"],"picked":"rmod:aggressivemary","floor":1},{"not_picked":["rmod:fletcherpendant","rmod:guardianhero"],"picked":"rmod:firesupport","floor":3},{"not_picked":["rmod:intelligenceanalysis","rmod:firesupport"],"picked":"rmod:fuelsupply","floor":4},{"not_picked":["rmod:punchline","rmod:expedition"],"picked":"rmod:victimresponsibility","floor":5},{"not_picked":["rmod:combined","rmod:luckystar"],"picked":"rmod:aviationdawn","floor":7},{"not_picked":["rmod:tearstotiara","rmod:concentratefire"],"picked":"rmod:mineteam","floor":10},{"not_picked":["rmod:circuitoustactics","rmod:combined"],"picked":"rmod:fletcherpendant","floor":12},{"not_picked":["rmod:circuitoustactics","rmod:spoils"],"picked":"rmod:luckystar","floor":16},{"not_picked":["rmod:ridicule","rmod:supriseattacks"],"picked":"rmod:acesubmarine","floor":18},{"not_picked":["rmod:selfconfidence","rmod:ammunitionsupply","rmod:supportescort"],"picked":"rmod:steelsupply","floor":20},{"not_picked":["rmod:steelsupply","rmod:goodfighter","rmod:punchline+1"],"picked":"rmod:overbreakdown","floor":22},{"not_picked":["rmod:luckystar","rmod:steelsupply","rmod:highspeedshooting+1"],"picked":"rmod:intelligenceanalysis","floor":26},{"not_picked":["rmod:luckystar+1","rmod:tearstotiara","rmod:maintain"],"picked":"rmod:royalracing","floor":27},{"not_picked":["rmod:royalracing","rmod:sl+1","rmod:smokecover"],"picked":"rmod:slowdown","floor":30},{"not_picked":["rmod:overbreakdown","rmod:steelsupply","rmod:intelligenceanalysis"],"picked":"rmod:highspeedmaneuver","floor":33},{"not_picked":["rmod:u235","rmod:lastglory","rmod:auspiciousomen"],"picked":"rmod:windflower","floor":35},{"not_picked":["rmod:victimresponsibility+1","rmod:circuitoustactics+1","rmod:rockthrower+1"],"picked":"rmod:overbreakdown+1","floor":37},{"not_picked":["rmod:circuitoustactics","rmod:wasp","rmod:firesupport+1"],"picked":"rmod:ammunitionsupply+1","floor":41},{"not_picked":["rmod:slowdown+1","rmod:selfconfidence","rmod:intelligenceanalysis"],"picked":"rmod:diamondstrike+1","floor":43},{"not_picked":["rmod:fletcherpendant","rmod:tearstotiara+1","rmod:wife","rmod:supportescort+1"],"picked":"SKIP","floor":47},{"not_picked":["rmod:shuttlebombing+1","rmod:fletcherpendant+1","rmod:generalist+1","rmod:steelsupply"],"picked":"SKIP","floor":49},{"not_picked":["rmod:overbreakdown+1","rmod:fletcherpendant+1","rmod:circuitoustactics"],"picked":"rmod:timeschanged","floor":50}],"player_experience":174302,"relics_obtained":[{"floor":7,"key":"Mercury Hourglass"},{"floor":9,"key":"Chameleon Ring"},{"floor":28,"key":"ReplayTheSpireMod:Lightbulb"},{"floor":30,"key":"Gremlin Food"},{"floor":33,"key":"Bottled Flame"},{"floor":43,"key":"Pet Ghost"},{"floor":45,"key":"ReplayTheSpireMod:Shallot"},{"floor":47,"key":"Smiling Mask"}],"event_choices":[{"damage_healed":0,"gold_gain":75,"player_choice":"Gather Gold","damage_taken":11,"max_hp_gain":0,"max_hp_loss":0,"event_name":"World of Goop","floor":2,"gold_loss":0},{"damage_healed":0,"gold_gain":0,"player_choice":"Entered Light","damage_taken":15,"max_hp_gain":0,"max_hp_loss":0,"event_name":"Shining Light","floor":11,"gold_loss":0,"cards_upgraded":["rmod:mineteam","rmod:maingunfire"]},{"damage_healed":0,"gold_gain":0,"player_choice":"Ignored","damage_taken":0,"max_hp_gain":0,"max_hp_loss":0,"event_name":"Vampires","floor":21,"gold_loss":0},{"damage_healed":0,"gold_gain":99,"player_choice":"Stole From Cult","damage_taken":0,"max_hp_gain":0,"max_hp_loss":0,"event_name":"Nest","floor":29,"gold_loss":0},{"damage_healed":19,"gold_gain":0,"player_choice":"Writhe","damage_taken":0,"max_hp_gain":0,"max_hp_loss":0,"event_name":"Winding Halls","floor":38,"gold_loss":0,"cards_obtained":["Writhe"]},{"damage_healed":0,"gold_gain":0,"cards_transformed":["rmod:slowdown"],"player_choice":"Transformed","damage_taken":0,"max_hp_gain":0,"max_hp_loss":0,"event_name":"Transmorgrifier","floor":40,"gold_loss":0,"cards_obtained":["rmod:seals"]}],"is_beta":false,"boss_relics":[{"not_picked":["Hololive_TopUpMoneyS","Hololive_ChaosS"],"picked":"Honey Jar"},{"not_picked":["Kintsugi","Astrolabe"],"picked":"rmod:mogul"}],"items_purged_floors":[15,23],"is_endless":false,"potions_floor_spawned":[3,7,10,12,16,22,26,30,33,41],"ascension_level":3}}