{"host":"qn9jmys3bzrfa36a","time":1607931637,"event":{"mods":["Act Like it!","BaseMod","Decade(王小明)","Downfall","HololiveMod","Minty Spire (QoL Compilation)","MostiFishMod","Replay The Spire","Robot Space Explorer","StSLib","The Cursed","[IsaacMod]以撒尖塔"],"gold_per_floor":[117,117,117,137,155,180,180,16,16,33,45,65,65,85,85,183,183,194,294,85,101,119,144,157,157,231,231,231,262,262,262,262,363,363,378,378,378,396,396,421,421,435,460,489,500,500,500,500],"floor_reached":49,"playtime":2523,"items_purged":["Survivor"],"score":760,"play_id":"c2967412-9bd0-4e87-ac34-fb7fa7659928","local_time":"20201214154037","is_ascension_mode":false,"campfire_choices":[{"data":"Hemogenesis","floor":7,"key":"SMITH"},{"data":"Massacre","floor":13,"key":"SMITH"},{"data":"Spot Weakness","floor":15,"key":"SMITH"},{"data":"ReplayTheSpireMod:Muscle Training","floor":28,"key":"SMITH"},{"data":"Corruption","floor":30,"key":"SMITH"},{"floor":32,"key":"DIG"},{"data":"MostiFishMod:Mania","floor":41,"key":"SMITH"},{"floor":46,"key":"REST"}],"circlet_count":0,"master_deck":["Defend_R","Defend_R","Defend_R","Defend_R","DoctorFetus+1","Anger","Neutralize","ReplayReversal","Hemogenesis+1","Massacre+1","Violence","ReplayTheSpireMod:Corrosion Curse","Spot Weakness+1","ReplayTheSpireMod:Strike From Hell","Clothesline","Corruption+1","MostiFishMod:BrandingRite+1","Thunderclap","Pommel Strike+1","ReplayTheSpireMod:Muscle Training+1","Hemokinesis+1","Necronomicurse","Metallicize","Slimebound:Tackle+1","Slimebound:Tackle+1","Slimebound:Tackle+1","Pot Of Greed","Pot Of Greed","Pot Of Greed","Replay:Many Hands","Seeing Red","expansioncontent:FaceSlap","MostiFishMod:Mania+1","ReplayTheSpireMod:Stacked+1","Flex+1","Heavy Blade+1"],"relics":["HushsDoor","DaveBox","GuppysHead","ShadowXiaoBlade","Busted Crown","Question Card","TheBible","Garlic","ImportantClient","MetatronsCube","Pet Ghost","GnawedLeaf","Necronomicon","Self Forming Clay","Replay:PocketPolymizer","BookOfRevelations","Grinning Jar","DiscerningMonocle","GuppysHairball","BelialBook","Blue Doll","Bottled Flame","EdensBlessing","Oddly Smooth Stone","Bronze Scales"],"acts_visited":["Exordium","TheCity","TheBeyond"],"potions_floor_usage":[],"damage_taken":[{"damage":2,"enemies":"2 Louse","floor":1,"turns":2},{"damage":0,"enemies":"Jaw Worm","floor":4,"turns":2},{"damage":0,"enemies":"Cultist","floor":5,"turns":2},{"damage":9,"enemies":"Gremlin Nob","floor":6,"turns":3},{"damage":0,"enemies":"3 Louse","floor":10,"turns":3},{"damage":0,"enemies":"Lots of Slimes","floor":11,"turns":1},{"damage":4,"enemies":"Blue Slaver","floor":12,"turns":2},{"damage":0,"enemies":"Looter","floor":14,"turns":2},{"damage":17,"enemies":"The Guardian","floor":16,"turns":4},{"damage":0,"enemies":"3 Byrds","floor":18,"turns":2},{"damage":0,"enemies":"2 Thieves","floor":21,"turns":2},{"damage":0,"enemies":"Sentry and Sphere","floor":22,"turns":2},{"damage":5,"enemies":"Book of Stabbing","floor":23,"turns":3},{"damage":3,"enemies":"3 Cultists","floor":24,"turns":3},{"damage":5,"enemies":"Slavers","floor":29,"turns":2},{"damage":2,"enemies":"Automaton","floor":33,"turns":5},{"damage":0,"enemies":"3 Shapes","floor":35,"turns":2},{"damage":3,"enemies":"3 Darklings","floor":38,"turns":3},{"damage":17,"enemies":"Giant Head","floor":40,"turns":5},{"damage":0,"enemies":"Jaw Worm Horde","floor":42,"turns":1},{"damage":1,"enemies":"R_Hoarder","floor":44,"turns":3},{"damage":9,"enemies":"Spire Growth","floor":45,"turns":2},{"damage":26,"enemies":"Replay:Hell Engine","floor":48,"turns":3}],"seed_played":"5132448724452566834","potions_obtained":[{"floor":5,"key":"LiquidBronze"},{"floor":6,"key":"Reflective Coating"},{"floor":12,"key":"Fire Potion"},{"floor":22,"key":"Doom Potion"}],"is_trial":false,"path_per_floor":["M","?","?","M","M","E","R","$","T","M","M","M","R","M","R","B",null,"M","?","$","M","M","E","M","?","T","T","R","E","R","?","R","B",null,"M","?","$","M","?","E","R","M","T","E","M","R","?","B",null],"character_chosen":"IRONCLAD","items_purchased":["Violence","Pet Ghost","Metallicize","GuppysHairball","BelialBook","Blue Doll","Bottled Flame","MostiFishMod:Mania"],"campfire_rested":1,"item_purchase_floors":[8,20,20,34,34,37,37,37],"current_hp_per_floor":[78,78,78,78,78,71,71,71,71,71,71,67,67,75,75,63,80,80,80,80,80,80,75,77,61,61,61,61,72,72,72,72,80,60,60,60,60,57,57,48,48,48,48,47,38,56,56,46],"gold":500,"neow_bonus":"BOSS_RELIC","is_daily":false,"chose_seed":false,"campfire_upgraded":6,"win_rate":0.0,"timestamp":1607931637,"path_taken":["M","?","?","M","M","E","R","?","T","?","M","?","R","M","R","BOSS","M","?","$","M","M","E","M","?","T","?","R","E","R","?","R","BOSS","M","?","$","?","?","E","R","M","T","E","M","R","?","BOSS"],"items_purchased_type":["Card","Relic","Card","Relic","Relic","Relic","Relic","Card"],"build_version":"2020-12-13","purchased_purges":1,"victory":true,"max_hp_per_floor":[80,80,80,80,80,80,80,80,80,80,80,80,80,80,80,80,80,80,80,80,80,80,80,80,80,80,80,80,80,80,80,80,80,60,60,60,60,60,60,60,60,60,60,60,60,60,60,60],"card_choices":[{"not_picked":[],"picked":"DoctorFetus","floor":0},{"not_picked":[],"picked":"Anger","floor":1},{"not_picked":["Pommel Strike"],"picked":"ReplayReversal","floor":4},{"not_picked":["Sword Boomerang"],"picked":"Hemogenesis","floor":5},{"not_picked":["Pommel Strike"],"picked":"Massacre","floor":6},{"not_picked":["Shrug It Off"],"picked":"ReplayTheSpireMod:Corrosion Curse","floor":10},{"not_picked":["Pummel"],"picked":"Spot Weakness","floor":11},{"not_picked":["Shrug It Off"],"picked":"ReplayTheSpireMod:Strike From Hell","floor":12},{"not_picked":["Perfected Strike"],"picked":"Clothesline","floor":14},{"not_picked":["Fiend Fire"],"picked":"Corruption","floor":16},{"not_picked":["Flex","Run Through"],"picked":"SKIP","floor":18},{"not_picked":["Entrench+1"],"picked":"MostiFishMod:BrandingRite+1","floor":19},{"not_picked":["Pommel Strike"],"picked":"Thunderclap","floor":21},{"not_picked":["Shrug It Off+1"],"picked":"Pommel Strike+1","floor":22},{"not_picked":["Perfected Strike"],"picked":"ReplayTheSpireMod:Muscle Training","floor":23},{"not_picked":["ReplayTheSpireMod:Strike From Hell"],"picked":"Hemokinesis+1","floor":24},{"not_picked":["Clothesline","Reckless Charge+1"],"picked":"SKIP","floor":29},{"not_picked":["Brutality"],"picked":"Replay:Many Hands","floor":33},{"not_picked":["Armaments"],"picked":"Seeing Red","floor":35},{"not_picked":["Mind Blast"],"picked":"expansioncontent:FaceSlap","floor":36},{"not_picked":["Clothesline+1","Intimidate"],"picked":"SKIP","floor":38},{"not_picked":["Shrug It Off"],"picked":"ReplayTheSpireMod:Stacked+1","floor":40},{"not_picked":["ReplayTheSpireMod:LeadingStrike","Shrug It Off+1"],"picked":"SKIP","floor":42},{"not_picked":["Run Through+1"],"picked":"Flex+1","floor":44},{"not_picked":["Armaments"],"picked":"Heavy Blade+1","floor":45}],"player_experience":78910,"relics_obtained":[{"floor":1,"key":"Question Card"},{"floor":6,"key":"TheBible"},{"floor":9,"key":"Garlic"},{"floor":16,"key":"ImportantClient"},{"floor":23,"key":"GnawedLeaf"},{"floor":25,"key":"Necronomicon"},{"floor":26,"key":"Self Forming Clay"},{"floor":27,"key":"Replay:PocketPolymizer"},{"floor":29,"key":"BookOfRevelations"},{"floor":32,"key":"Grinning Jar"},{"floor":40,"key":"EdensBlessing"},{"floor":43,"key":"Oddly Smooth Stone"},{"floor":44,"key":"Bronze Scales"}],"event_choices":[{"damage_healed":0,"gold_gain":0,"player_choice":"Grow","damage_taken":0,"max_hp_gain":0,"max_hp_loss":0,"event_name":"Living Wall","floor":3,"gold_loss":0,"cards_upgraded":["DoctorFetus"]},{"damage_healed":0,"gold_gain":0,"player_choice":"Obtained Book","damage_taken":16,"max_hp_gain":0,"max_hp_loss":0,"event_name":"Cursed Tome","floor":25,"gold_loss":0},{"damage_healed":0,"gold_gain":0,"player_choice":"Memory 1","damage_taken":0,"max_hp_gain":0,"max_hp_loss":0,"event_name":"SensoryStone","floor":36,"gold_loss":0},{"cards_removed":["True Grit"],"damage_healed":0,"gold_gain":0,"player_choice":"Removed Skill","damage_taken":0,"max_hp_gain":0,"max_hp_loss":0,"event_name":"Falling","floor":39,"gold_loss":0},{"damage_healed":0,"gold_gain":0,"player_choice":"Took Portal","damage_taken":0,"max_hp_gain":0,"max_hp_loss":0,"event_name":"SecretPortal","floor":47,"gold_loss":0}],"is_beta":false,"boss_relics":[{"not_picked":["SlaversCollar","NightmareShop"],"picked":"MetatronsCube"},{"not_picked":[]},{"not_picked":["SacredBark","GreenFoldingFan"],"picked":"DiscerningMonocle"},{"not_picked":[]}],"items_purged_floors":[20],"is_endless":false,"potions_floor_spawned":[5,6,12,14,21,22,29,42,44,45],"ascension_level":0}}