{"host":"sav7uxregyirlf69","time":1607958618,"event":{"mods":["AchievementEnabler","BaseMod","Colored Map","DeckTracker","Keyboard Shortcuts","Minty Spire (QoL Compilation)","READ ME - Guardian Mod","StSLib","SuperFastMode"],"gold_per_floor":[13,13,29,29,43,74,74,87,87,87,97,111,111,111],"floor_reached":13,"playtime":316,"items_purged":[],"score":174,"play_id":"8adaeffc-df2e-4f9c-96c0-07b64f67230c","local_time":"20201215001018","is_ascension_mode":true,"campfire_choices":[{"data":"Reflex","floor":7,"key":"SMITH"},{"floor":10,"key":"REST"}],"circlet_count":0,"master_deck":["AscendersBane","Strike_G","Strike_G","Strike_G","Strike_G","Defend_G","Defend_G","Defend_G","Defend_G","Survivor","Neutralize","Reflex+1","Caltrops","Heel Hook","Concentrate+1","Well Laid Plans","Dagger Throw","Quick Slash"],"relics":["Ring of the Snake","Mango","Paper Crane"],"acts_visited":["Exordium"],"potions_floor_usage":[6,11,13],"damage_taken":[{"damage":0.0,"enemies":"Cultist","floor":1.0,"turns":4.0},{"damage":9.0,"enemies":"2 Louse","floor":3.0,"turns":4.0},{"damage":7.0,"enemies":"Jaw Worm","floor":5.0,"turns":4.0},{"damage":37,"enemies":"Lagavulin","floor":6,"turns":10},{"damage":1,"enemies":"Red Slaver","floor":8,"turns":6},{"damage":2,"enemies":"Gremlin Gang","floor":11,"turns":3},{"damage":20,"enemies":"Exordium Wildlife","floor":12,"turns":5},{"damage":41,"enemies":"Gremlin Nob","floor":13,"turns":4}],"seed_played":"767861583415560664","potions_obtained":[{"floor":1.0,"key":"Dexterity Potion"},{"floor":3.0,"key":"FearPotion"},{"floor":6,"key":"PowerPotion"}],"is_trial":false,"path_per_floor":["M","$","M","?","M","E","R","M","T","R","M","M","E"],"character_chosen":"THE_SILENT","items_purchased":[],"campfire_rested":1,"item_purchase_floors":[],"current_hp_per_floor":[59,59,50,50,43,20,20,19,19,43,41,21,0,0],"gold":111,"neow_bonus":"TRANSFORM_TWO_CARDS","is_daily":false,"chose_seed":false,"campfire_upgraded":1,"win_rate":0.0,"timestamp":1607958618,"path_taken":["M","?","M","?","M","E","R","M","T","R","M","?","E"],"items_purchased_type":[],"build_version":"2020-12-13","purchased_purges":0,"victory":false,"max_hp_per_floor":[66,66,66,66,66,80,80,80,80,80,80,80,80,80],"card_choices":[{"not_picked":["Accuracy","Sucker Punch"],"picked":"Heel Hook","floor":1.0},{"not_picked":["Acrobatics","Flying Knee"],"picked":"Concentrate","floor":3.0},{"not_picked":["Deadly Poison","Sucker Punch"],"picked":"Well Laid Plans","floor":5.0},{"not_picked":["PiercingWail","Accuracy","Storm of Steel"],"picked":"SKIP","floor":6},{"not_picked":["Terror","Bane"],"picked":"Dagger Throw","floor":8},{"not_picked":["Dagger Throw","Deflect","Finisher"],"picked":"SKIP","floor":11},{"not_picked":["PiercingWail","Catalyst"],"picked":"Quick Slash","floor":12}],"player_experience":907781,"relics_obtained":[{"floor":6,"key":"Mango"},{"floor":9,"key":"Paper Crane"}],"event_choices":[{"damage_healed":0.0,"max_hp_gain":0.0,"max_hp_loss":0.0,"gold_gain":0.0,"event_name":"Accursed Blacksmith","player_choice":"Forge","floor":4.0,"gold_loss":0.0,"damage_taken":0.0,"cards_upgraded":["Concentrate"]}],"is_beta":false,"boss_relics":[],"items_purged_floors":[],"is_endless":false,"potions_floor_spawned":[1,3,6],"killed_by":"Gremlin Nob","ascension_level":20}}