{"host":"m6aaltr68g9tvoay","time":1607928969,"event":{"mods":["AchievementEnabler","BaseMod","Colored Map","Minty Spire (QoL Compilation)","StSLib"],"gold_per_floor":[117,117,117,117,128,128,158,170,170,189,189,218,218,232,232,303,303,313,26,42,0,20,20,20,20,67,84,103,103,15,29,29,29,29],"floor_reached":33,"playtime":1283,"items_purged":[],"score":501,"play_id":"c5034b6b-3dbc-4452-b5a9-18bb94df84f1","local_time":"20201213225609","is_ascension_mode":true,"campfire_choices":[{"data":"Flying Knee","floor":6.0,"key":"SMITH"},{"floor":11.0,"key":"REST"},{"data":"Choke","floor":13.0,"key":"SMITH"},{"floor":15.0,"key":"REST"},{"floor":23.0,"key":"REST"},{"floor":25.0,"key":"REST"},{"floor":32,"key":"REST"}],"circlet_count":0,"master_deck":["AscendersBane","Strike_G+1","Strike_G+1","Strike_G+1","Strike_G+1","Strike_G+1","Defend_G+1","Defend_G+1","Defend_G+1","Defend_G+1","Defend_G+1","Survivor","Neutralize+1","Heel Hook+1","Flying Knee+1","Choke+1","Dagger Throw","PiercingWail","Cloak And Dagger","Venomology","Slice","Backflip","Dash+1","Sucker Punch+1","Dash","Masterful Stab"],"relics":["Ring of the Snake","Darkstone Periapt","Potion Belt","Shuriken","WristBlade","Gremlin Horn","Bag of Preparation","MutagenicStrength"],"acts_visited":["Exordium","TheCity"],"potions_floor_usage":[31,31,33,33,33],"damage_taken":[{"damage":2.0,"enemies":"Jaw Worm","floor":1.0,"turns":4.0},{"damage":3.0,"enemies":"Cultist","floor":5.0,"turns":4.0},{"damage":14.0,"enemies":"Gremlin Nob","floor":7.0,"turns":4.0},{"damage":4.0,"enemies":"Small Slimes","floor":8.0,"turns":3.0},{"damage":1.0,"enemies":"Blue Slaver","floor":10.0,"turns":2.0},{"damage":2.0,"enemies":"3 Sentries","floor":12.0,"turns":2.0},{"damage":6.0,"enemies":"Looter","floor":14.0,"turns":2.0},{"damage":59.0,"enemies":"The Guardian","floor":16.0,"turns":10.0},{"damage":9.0,"enemies":"3 Byrds","floor":18.0,"turns":7.0},{"damage":35.0,"enemies":"Shell Parasite","floor":20.0,"turns":7.0},{"damage":4.0,"enemies":"Snake Plant","floor":22.0,"turns":4.0},{"damage":20.0,"enemies":"Cultist and Chosen","floor":27.0,"turns":8.0},{"damage":0.0,"enemies":"Centurion and Healer","floor":28.0,"turns":5.0},{"damage":17,"enemies":"Shelled Parasite and Fungi","floor":31,"turns":5},{"damage":113,"enemies":"Champ","floor":33,"turns":18}],"seed_played":"-7203546586598908451","potions_obtained":[{"floor":1.0,"key":"Ancient Potion"},{"floor":7.0,"key":"ColorlessPotion"},{"floor":10.0,"key":"SkillPotion"},{"floor":12.0,"key":"Swift Potion"},{"floor":16.0,"key":"SpeedPotion"},{"floor":20.0,"key":"LiquidBronze"},{"floor":22.0,"key":"BlessingOfTheForge"},{"floor":28.0,"key":"GamblersBrew"}],"is_trial":false,"path_per_floor":["M","$","?","?","M","R","E","M","T","M","R","E","R","M","R","B",null,"M","$","M","?","M","R","?","R","T","M","M","?","$","M","R","B"],"character_chosen":"THE_SILENT","items_purchased":["Gremlin Horn","Masterful Stab"],"campfire_rested":5,"item_purchase_floors":[19,30],"current_hp_per_floor":[57,57,62,62,59,59,45,41,41,40,61,59,59,53,71,12,56,47,47,12,12,8,29,29,50,50,30,30,30,30,13,34,0,0],"gold":29,"neow_bonus":"UPGRADE_CARD","is_daily":false,"chose_seed":false,"campfire_upgraded":2,"win_rate":0.0,"timestamp":1607928969,"path_taken":["M","$","?","?","M","R","E","M","T","?","R","E","R","M","R","BOSS","M","$","M","?","M","R","?","R","T","M","M","?","?","?","R","BOSS"],"items_purchased_type":["Relic","Card"],"build_version":"2020-12-13","purchased_purges":0,"victory":false,"max_hp_per_floor":[66,66,71,71,71,71,71,71,71,71,71,71,71,71,71,71,71,71,71,71,71,71,71,71,71,71,71,71,71,71,71,71,71,71],"card_choices":[{"not_picked":["Poisoned Stab","Flying Knee"],"picked":"Heel Hook","floor":1.0},{"not_picked":["Outmaneuver","Concentrate"],"picked":"Flying Knee","floor":5.0},{"not_picked":["Heel Hook","Underhanded Strike","Deadly Poison"],"picked":"SKIP","floor":7.0},{"not_picked":["Sucker Punch","Cloak And Dagger"],"picked":"Choke","floor":8.0},{"not_picked":["Catalyst","Setup"],"picked":"Dagger Throw","floor":10.0},{"not_picked":["Noxious Fumes","Predator"],"picked":"PiercingWail","floor":12.0},{"not_picked":["Terror","Expertise"],"picked":"Cloak And Dagger","floor":14.0},{"not_picked":["Tools of the Trade","Doppelganger"],"picked":"Venomology","floor":16.0},{"not_picked":["Heel Hook","Sucker Punch"],"picked":"Slice","floor":18.0},{"not_picked":["All Out Attack","Expertise"],"picked":"Backflip","floor":20.0},{"not_picked":["PiercingWail","Backflip"],"picked":"Dash+1","floor":22.0},{"not_picked":["Quick Slash+1","Night Terror"],"picked":"Sucker Punch+1","floor":27.0},{"not_picked":["Deadly Poison","Bouncing Flask"],"picked":"Dash","floor":28.0},{"not_picked":["Quick Slash","Deflect","Deadly Poison+1"],"picked":"SKIP","floor":31}],"player_experience":1228368,"relics_obtained":[{"floor":7.0,"key":"Darkstone Periapt"},{"floor":9.0,"key":"Potion Belt"},{"floor":12.0,"key":"Shuriken"},{"floor":26.0,"key":"Bag of Preparation"}],"event_choices":[{"damage_healed":0.0,"max_hp_gain":5.0,"max_hp_loss":0.0,"gold_gain":0.0,"event_name":"Big Fish","player_choice":"Donut","floor":3.0,"gold_loss":0.0,"damage_taken":0.0},{"damage_healed":0.0,"max_hp_gain":0.0,"max_hp_loss":0.0,"gold_gain":0.0,"event_name":"Upgrade Shrine","player_choice":"Upgraded","floor":4.0,"gold_loss":0.0,"damage_taken":0.0,"cards_upgraded":["Heel Hook"]},{"damage_healed":0.0,"max_hp_gain":0.0,"max_hp_loss":0.0,"gold_gain":0.0,"event_name":"Masked Bandits","player_choice":"Paid Fearfully","floor":21.0,"gold_loss":42.0,"damage_taken":0.0},{"damage_healed":0.0,"max_hp_gain":0.0,"max_hp_loss":0.0,"gold_gain":0.0,"event_name":"Back to Basics","player_choice":"Simplicity","floor":24.0,"gold_loss":0.0,"damage_taken":0.0,"cards_upgraded":["Strike_G","Strike_G","Strike_G","Strike_G","Strike_G","Defend_G","Defend_G","Defend_G","Defend_G","Defend_G"]},{"damage_healed":0.0,"max_hp_gain":0.0,"max_hp_loss":0.0,"gold_gain":0.0,"event_name":"Drug Dealer","player_choice":"Inject Mutagens","floor":29.0,"gold_loss":0.0,"damage_taken":0.0,"relics_obtained":["MutagenicStrength"]}],"is_beta":false,"boss_relics":[{"not_picked":["Ectoplasm","Black Star"],"picked":"WristBlade"}],"items_purged_floors":[],"is_endless":false,"potions_floor_spawned":[1,7,10,12,16,20,22,28],"killed_by":"Champ","ascension_level":19}}