{"host":"0iey8v53xvwqxh5z","time":1607923463,"event":{"mods":["BaseMod","BetterRewards","Hermit","Hubris","Minty Spire (QoL Compilation)","Relic Stats","Replay The Spire","Shop Mod","StSLib","The Cursed"],"gold_per_floor":[118,179,179,179,96,131,149,149,172,205,220,220,237,254,254,333,333,352,322,169,186,201,201,228,59,86,86,86,105,133,149,149,226,226,244,244,244,457,471,499,515,515,590,617,259,259,271,286,286,286,286,286,3650,3680,3680],"floor_reached":56,"playtime":4563,"items_purged":["TheCursedMod:LuckyCharm+1","TheCursedMod:Defend_TheCursed","TheCursedMod:Strike_TheCursed"],"score":2764,"play_id":"d929bb84-2629-4777-b39d-cf0e2422a2b0","local_time":"20201214002423","is_ascension_mode":true,"campfire_choices":[{"data":"1","floor":8,"key":"LIFT"},{"data":"2","floor":12,"key":"LIFT"},{"data":"3","floor":15,"key":"LIFT"},{"data":"TheCursedMod:HellsGateOpen","floor":23,"key":"SMITH"},{"floor":27,"key":"DIG"},{"floor":42,"key":"DIG"},{"floor":46,"key":"RECALL"},{"floor":49,"key":"DIG"},{"data":"TheCursedMod:ManaCirculation","floor":52,"key":"SMITH"}],"circlet_count":0,"master_deck":["AscendersBane","TheCursedMod:LuckyCharm+1","TheCursedMod:Strike_TheCursed","TheCursedMod:Strike_TheCursed","TheCursedMod:Strike_TheCursed","TheCursedMod:Defend_TheCursed","TheCursedMod:Defend_TheCursed","TheCursedMod:CursedWand","TheCursedMod:CleanUpWorkshop","TheCursedMod:Dregs","TheCursedMod:SpitefulPlan","TheCursedMod:Wield","Pain","TheCursedMod:LuckyCharm+1","TheCursedMod:HellsGateOpen+1","TheCursedMod:DoubleShield","TheCursedMod:CursedMace","TheCursedMod:Obscuration","TheCursedMod:Evocation","TheCursedMod:RavingStaff","TheCursedMod:VoidForm","TheCursedMod:ReleasedStrength","TheCursedMod:SpitefulPlan","TheCursedMod:AshesToAshes","TheCursedMod:CursedAmulet","TheCursedMod:CursedShiv","TheCursedMod:Wield+1","TheCursedMod:LuckyCharm+1","TheCursedMod:AshesToAshes","TheCursedMod:CursedShiv+1","TheCursedMod:SmokeScreen","Pain","TheCursedMod:ManaCirculation+1","ReplayTheSpireMod:IOU","ReplayTheSpireMod:IOU","ReplayTheSpireMod:IOU","ReplayTheSpireMod:IOU","ReplayTheSpireMod:IOU","ReplayTheSpireMod:IOU","TheCursedMod:CursedRelics","Finesse","TheCursedMod:SurpriseAttack","TheCursedMod:CursedRelics","TheCursedMod:VoidForm","ReplayTheSpireMod:IOU","ReplayTheSpireMod:IOU","TheCursedMod:CursedBoomerang","TheCursedMod:Grudge","TheCursedMod:CursedShiv+1","TheCursedMod:VoidForm","ReplayTheSpireMod:IOU","ReplayTheSpireMod:IOU","ReplayTheSpireMod:IOU","ReplayTheSpireMod:IOU","ReplayTheSpireMod:IOU","ReplayTheSpireMod:IOU","ReplayTheSpireMod:IOU","ReplayTheSpireMod:IOU","ReplayTheSpireMod:IOU","ReplayTheSpireMod:IOU","ReplayTheSpireMod:IOU","ReplayTheSpireMod:IOU","ReplayTheSpireMod:IOU","ReplayTheSpireMod:IOU","ReplayTheSpireMod:IOU","ReplayTheSpireMod:IOU","ReplayTheSpireMod:IOU","ReplayTheSpireMod:IOU","ReplayTheSpireMod:IOU","ReplayTheSpireMod:IOU","ReplayTheSpireMod:IOU","ReplayTheSpireMod:IOU","ReplayTheSpireMod:IOU","ReplayTheSpireMod:IOU","ReplayTheSpireMod:IOU","ReplayTheSpireMod:IOU","ReplayTheSpireMod:IOU","ReplayTheSpireMod:IOU","ReplayTheSpireMod:IOU","ReplayTheSpireMod:IOU","ReplayTheSpireMod:IOU","ReplayTheSpireMod:IOU","ReplayTheSpireMod:IOU","ReplayTheSpireMod:IOU","ReplayTheSpireMod:IOU","TheCursedMod:BlessingInDisguise"],"relics":["TheCursedMod:BlackMagic101","Lee\u0027s Waffle","Anchor","Replay:Multitool","Frozen Eye","Girya","Happy Flower","Unceasing Top","Thread and Needle","Pen Nib","Strawberry","Dream Catcher","Regal Pillow","FossilizedHelix","hubris:GrandSneckoEye","Boot","DollysMirror","Simple Rune","hubris:PeanutButter","Pet Ghost","WarpedTongs","Black Star","Replay:Bottled Steam","Replay:Wax Seal","Toy Ornithopter","InkBottle","Replay:Accelerometer","Snack Pack","PreservedInsect","ReplayTheSpireMod:TigerMarble","Bag of Preparation","Centennial Puzzle","Iron Hammer","hubris:NiceRug","Gremlin Food","Strange Spoon","Replay:Rubber Ducky","hubris:DeckOfHolding"],"acts_visited":["Exordium","TheCity","TheBeyond","TheEnding"],"potions_floor_usage":[],"damage_taken":[{"damage":0,"enemies":"Jaw Worm","floor":1,"turns":4},{"damage":1,"enemies":"Lagavulin","floor":6,"turns":7},{"damage":2,"enemies":"Small Slimes","floor":7,"turns":4},{"damage":3,"enemies":"3 Sentries","floor":10,"turns":7},{"damage":1,"enemies":"Cultist","floor":11,"turns":3},{"damage":0,"enemies":"Lots of Slimes","floor":13,"turns":5},{"damage":4,"enemies":"3 Louse","floor":14,"turns":5},{"damage":8,"enemies":"The Guardian","floor":16,"turns":11},{"damage":3,"enemies":"Spheric Guardian","floor":18,"turns":4},{"damage":12,"enemies":"Chosen","floor":21,"turns":4},{"damage":1,"enemies":"Shelled Parasite and Fungi","floor":22,"turns":4},{"damage":3,"enemies":"Slavers","floor":24,"turns":4},{"damage":0,"enemies":"3 Cultists","floor":29,"turns":4},{"damage":1,"enemies":"Replay:Snechameleon","floor":30,"turns":6},{"damage":1,"enemies":"Snake Plant","floor":31,"turns":3},{"damage":0,"enemies":"Champ","floor":33,"turns":12},{"damage":0,"enemies":"3 Shapes","floor":35,"turns":4},{"damage":2,"enemies":"3 Darklings","floor":39,"turns":5},{"damage":0,"enemies":"R_Hoarder","floor":40,"turns":4},{"damage":0,"enemies":"4 Shapes","floor":41,"turns":3},{"damage":0,"enemies":"Giant Head","floor":44,"turns":6},{"damage":2,"enemies":"Spire Growth","floor":47,"turns":3},{"damage":0,"enemies":"Writhing Mass","floor":48,"turns":4},{"damage":0,"enemies":"Replay:Hell Engine","floor":50,"turns":6},{"damage":2,"enemies":"hubris:Merchant","floor":53,"turns":5},{"damage":0,"enemies":"Shield and Spear","floor":54,"turns":6},{"damage":0,"enemies":"The Heart","floor":55,"turns":7}],"seed_played":"-3583066986499438606","potions_obtained":[{"floor":14,"key":"Regen Potion"},{"floor":19,"key":"Adrenaline Potion"}],"is_trial":false,"path_per_floor":["M","?","?","?","$","E","M","R","T","E","M","R","M","M","R","B",null,"M","?","$","M","M","R","E","$","T","R","?","M","E","M","R","B",null,"M","T","?","$","M","E","M","R","T","E","$","R","M","M","R","B",null,"R","$","E","B",null],"character_chosen":"THE_CURSED","items_purchased":["Lee\u0027s Waffle","Anchor","Frozen Eye","Girya","TheCursedMod:SpitefulPlan","Happy Flower","Thread and Needle","Pen Nib","EntropicBrew","TheCursedMod:HellsGateOpen","TheCursedMod:SpitefulPlan","TheCursedMod:AshesToAshes","DollysMirror","Replay:Wax Seal","TheCursedMod:CursedRelics","Finesse","TheCursedMod:VoidForm","Bag of Preparation","TheCursedMod:CursedBoomerang","TheCursedMod:Grudge","TheCursedMod:VoidForm","Iron Hammer"],"campfire_rested":0,"item_purchase_floors":[0,0,0,0,0,0,0,0,0,5,20,20,25,38,38,38,45,45,45,45,53,53],"current_hp_per_floor":[78,85,85,67,67,66,64,64,64,61,60,60,60,56,56,48,76,73,73,73,61,60,60,57,57,57,57,57,57,56,55,55,55,78,78,78,78,78,76,76,76,76,76,81,81,81,79,81,81,81,81,81,80,81,81],"gold":3680,"neow_bonus":"","is_daily":false,"chose_seed":false,"campfire_upgraded":2,"win_rate":0.0,"timestamp":1607923463,"path_taken":["M","?","?","?","$","E","M","R","T","E","M","R","?","M","R","BOSS","M","?","$","?","M","R","E","$","T","R","?","M","E","M","R","BOSS","M","?","?","?","M","E","?","R","T","E","$","R","M","M","R","BOSS","R","$","E","BOSS"],"items_purchased_type":["Relic","Relic","Relic","Relic","Card","Relic","Relic","Relic","Potion","Card","Card","Card","Relic","Relic","Card","Card","Card","Relic","Card","Card","Card","Relic"],"build_version":"2020-12-13","purchased_purges":3,"victory":true,"max_hp_per_floor":[78,85,85,85,85,85,85,85,85,85,85,85,85,85,85,85,85,85,85,85,85,85,85,85,85,85,85,85,85,85,85,85,85,85,85,85,81,81,81,81,81,81,81,81,81,81,81,81,81,81,81,81,81,81,81],"relic_stats":{"Lee\u0027s Waffle":56,"Regal Pillow":0,"Happy Flower":[82],"counters":[334,1640],"Pen Nib":[24],"PreservedInsect":77,"Bag of Preparation":[12],"Boot":[11],"WarpedTongs":[65],"Strange Spoon":[8],"Dream Catcher":0,"Centennial Puzzle":[2],"Black Star":3,"obtain_stats":[{"Golden Egg":20,"Replay:Accelerometer":42,"Whetstone":44,"Ginger":0,"hubris:MysteriousPyramids":42,"Sling":53,"Boot":40,"Old Coin":5,"Blood Vial":25,"Replay:Wanted Poster":38,"Replay:Ringing Soul":53,"hubris:HerbalPaste":53,"hubris:AstralHammer":44,"TheCursedMod:CrystalBall":7,"hubris:DeckOfHolding":40,"MealTicket":28,"HandDrill":57,"Kunai":29,"Replay:Wax Seal":0,"hubris:TinFlute":28,"Replay:Bottled Steam":36,"TheCursedMod:BlackMagic101":0,"Pear":58,"Counterbalance":0,"hubris:SphereOfDissonance":40,"Eternal Feather":23,"Pen Nib":31,"SlaversCollar":34,"Runic Dome":34,"Kintsugi":17,"Unceasing Top":0,"Abe\u0027s Treasure":17,"TheCursedMod:SoulVessel":46,"hubris:Reverence":54,"TheCursedMod:FourLeafCloverCharm":17,"Lantern":53,"Regal Pillow":6,"Torii":0,"Blue Doll":27,"StoneCalendar":53,"GremlinMask":29,"Bag of Preparation":46,"Replay:Multitool":40,"hubris:EmptyBottle":0,"Cursed Key":17,"Ancient Tea Set":44,"Pet Ghost":10,"Replay:Rubber Ducky":0,"Ring of Peace":11,"Toolbox":3,"WingedGreaves":0,"hubris:CuriousFeather":0,"hubris:FunFungus":43,"Chemical X":0,"Ring of Panic":5,"InkBottle":40,"hubris:GlazedTorus":0,"Potion Belt":45,"Lee\u0027s Waffle":0,"Golden Idol":3,"hubris:64BitClover":28,"Thread and Needle":0,"PreservedInsect":26,"Ring of Greed":5,"hubris:Towel":37,"Frozen Egg 2":0,"MawBank":13,"Replay:Arrowhead":0,"hubris:Spice":0,"Ornamental Fan":0,"Bloody Idol":27,"Orrery":0,"Garlic":26,"Durian":9,"ReplayTheSpireMod:Lightbulb":54,"Toy Ornithopter":9,"hubris:BottledRain":9,"Ice Cream":39,"Mark of the Bloom":49,"Calipers":0,"hubris:CrystalStatue":34,"Gremlin Horn":20,"Nilry\u0027s Codex":19,"TheCursedMod:Tack":54,"hubris:TerracottaHorce":19,"Centennial Puzzle":8,"Lizard Tail":25,"HornCleat":0,"DollysMirror":28,"Strawberry":46,"Honey Jar":0,"Philosopher\u0027s Stone":17,"Iron Hammer":0,"Toxic Egg 2":0,"Girya":26,"hubris:Teleporter":13,"hubris:DuctTape":57,"Happy Flower":53,"ReplayTheSpireMod:CursedCoin":0,"Oddly Smooth Stone":0,"Replay:Kaleidoscope":47,"Letter Opener":53,"War Paint":0,"WarpedTongs":2,"hubris:Zylophone":0,"OrangePellets":0,"Replay:Baseball":21,"Bottled Flame":9,"ReplayTheSpireMod:Shallot":9,"Shuriken":9,"Bronze Scales":27,"hubris:PeanutButter":9,"Simple Rune":23,"Onion Ring":54,"Molten Egg 2":21,"Black Star":34,"ReplayTheSpireMod:TigerMarble":39,"hubris:ToyBattleship":26,"Grinning Jar":11,"Mirror":38,"Meat on the Bone":15,"ReplayFunnel":21,"Darkstone Periapt":30,"TheCursedMod:BloodyHarpoon":54,"Replay:PocketPolymizer":0,"Mango":0,"Incense Burner":0,"hubris:SlimyHat":28,"Juzu Bracelet":42,"Empty Cage":34,"ClockworkSouvenir":22,"Frozen Eye":38,"Dream Catcher":6,"Replay:Bandana":7,"Nunchaku":53,"hubris:Icosahedron":9,"Mummified Hand":53,"Pantograph":22,"Gambling Chip":0,"Red Mask":21,"Replay:Bottled Snecko":28,"Gremlin Food":28,"hubris:DisguiseKit":14,"Replay:Towering Pillar of Hats":0,"Quantum Egg":0,"hubris:MedicalManual":42,"TheCursedMod:MagicCandle":0,"Medical Kit":0,"White Beast Statue":0,"Mercury Hourglass":0,"Peace Pipe":12,"Strange Spoon":0,"Cauldron":53,"Pondfish Scales":14,"CaptainsWheel":19,"Anchor":10,"TheCursedMod:OminousMark":34,"hubris:BundleOfHerbs":0,"Snack Pack":54,"Bag of Marbles":31,"Coffee Dripper":17,"hubris:GrandSneckoEye":17,"Membership Card":0,"FossilizedHelix":6,"hubris:OldNail":0,"TungstenRod":44,"hubris:NiceRug":53,"ReplayTheSpireMod:ShopPack":45},{"Golden Egg":207,"Replay:Accelerometer":327,"Whetstone":20,"Ginger":86,"hubris:MysteriousPyramids":107,"Sling":221,"Boot":269,"Old Coin":279,"Blood Vial":12,"Replay:Wanted Poster":75,"Replay:Ringing Soul":144,"hubris:HerbalPaste":144,"hubris:AstralHammer":50,"TheCursedMod:CrystalBall":90,"hubris:DeckOfHolding":106,"MealTicket":233,"HandDrill":84,"Kunai":70,"Replay:Wax Seal":25,"hubris:TinFlute":183,"Replay:Bottled Steam":324,"TheCursedMod:BlackMagic101":0,"Pear":85,"Counterbalance":25,"hubris:SphereOfDissonance":19,"Eternal Feather":11,"Pen Nib":13,"SlaversCollar":14,"Runic Dome":236,"Kintsugi":229,"Unceasing Top":146,"Abe\u0027s Treasure":154,"TheCursedMod:SoulVessel":52,"hubris:Reverence":197,"TheCursedMod:FourLeafCloverCharm":122,"Lantern":196,"Regal Pillow":309,"Torii":198,"Blue Doll":127,"StoneCalendar":169,"GremlinMask":292,"Bag of Preparation":21,"Replay:Multitool":48,"hubris:EmptyBottle":25,"Cursed Key":35,"Ancient Tea Set":79,"Pet Ghost":61,"Replay:Rubber Ducky":25,"Ring of Peace":152,"Toolbox":1,"WingedGreaves":115,"hubris:CuriousFeather":171,"hubris:FunFungus":242,"Chemical X":25,"Ring of Panic":279,"InkBottle":326,"hubris:GlazedTorus":86,"Potion Belt":20,"Lee\u0027s Waffle":115,"Golden Idol":59,"hubris:64BitClover":129,"Thread and Needle":198,"PreservedInsect":41,"Ring of Greed":279,"hubris:Towel":47,"Frozen Egg 2":198,"MawBank":94,"Replay:Arrowhead":25,"hubris:Spice":25,"Ornamental Fan":171,"Bloody Idol":182,"Orrery":25,"Garlic":12,"Durian":175,"ReplayTheSpireMod:Lightbulb":222,"Toy Ornithopter":251,"hubris:BottledRain":200,"Ice Cream":105,"Mark of the Bloom":80,"Calipers":57,"hubris:CrystalStatue":73,"Gremlin Horn":37,"Nilry\u0027s Codex":180,"TheCursedMod:Tack":170,"hubris:TerracottaHorce":65,"Centennial Puzzle":30,"Lizard Tail":126,"HornCleat":115,"DollysMirror":12,"Strawberry":166,"Honey Jar":0,"Philosopher\u0027s Stone":7,"Iron Hammer":57,"Toxic Egg 2":86,"Girya":69,"hubris:Teleporter":33,"hubris:DuctTape":83,"Happy Flower":196,"ReplayTheSpireMod:CursedCoin":246,"Oddly Smooth Stone":25,"Replay:Kaleidoscope":141,"Letter Opener":275,"War Paint":25,"WarpedTongs":87,"hubris:Zylophone":25,"OrangePellets":25,"Replay:Baseball":9,"Bottled Flame":151,"ReplayTheSpireMod:Shallot":119,"Shuriken":30,"Bronze Scales":291,"hubris:PeanutButter":4,"Simple Rune":98,"Onion Ring":114,"Molten Egg 2":124,"Black Star":46,"ReplayTheSpireMod:TigerMarble":105,"hubris:ToyBattleship":232,"Grinning Jar":5,"Mirror":47,"Meat on the Bone":63,"ReplayFunnel":258,"Darkstone Periapt":264,"TheCursedMod:BloodyHarpoon":276,"Replay:PocketPolymizer":223,"Mango":25,"Incense Burner":25,"hubris:SlimyHat":69,"Juzu Bracelet":270,"Empty Cage":213,"ClockworkSouvenir":180,"Frozen Eye":134,"Dream Catcher":3,"Replay:Bandana":119,"Nunchaku":169,"hubris:Icosahedron":60,"Mummified Hand":220,"Pantograph":97,"Gambling Chip":146,"Red Mask":97,"Replay:Bottled Snecko":129,"Gremlin Food":43,"hubris:DisguiseKit":94,"Replay:Towering Pillar of Hats":115,"Quantum Egg":223,"hubris:MedicalManual":138,"TheCursedMod:MagicCandle":25,"Medical Kit":277,"White Beast Statue":25,"Mercury Hourglass":25,"Peace Pipe":62,"Strange Spoon":86,"Cauldron":196,"Pondfish Scales":63,"CaptainsWheel":123,"Anchor":176,"TheCursedMod:OminousMark":161,"hubris:BundleOfHerbs":86,"Snack Pack":24,"Bag of Marbles":45,"Coffee Dripper":95,"hubris:GrandSneckoEye":315,"Membership Card":25,"FossilizedHelix":29,"hubris:OldNail":57,"TungstenRod":243,"hubris:NiceRug":55,"ReplayTheSpireMod:ShopPack":243},{"Golden Egg":1076,"Replay:Accelerometer":1603,"Whetstone":102,"Ginger":455,"hubris:MysteriousPyramids":566,"Sling":1169,"Boot":1351,"Old Coin":1396,"Blood Vial":62,"Replay:Wanted Poster":406,"Replay:Ringing Soul":727,"hubris:HerbalPaste":727,"hubris:AstralHammer":280,"TheCursedMod:CrystalBall":470,"hubris:DeckOfHolding":562,"MealTicket":1209,"HandDrill":443,"Kunai":384,"Replay:Wax Seal":130,"hubris:TinFlute":946,"Replay:Bottled Steam":1591,"TheCursedMod:BlackMagic101":0,"Pear":448,"Counterbalance":130,"hubris:SphereOfDissonance":95,"Eternal Feather":58,"Pen Nib":66,"SlaversCollar":79,"Runic Dome":1218,"Kintsugi":1197,"Unceasing Top":738,"Abe\u0027s Treasure":773,"TheCursedMod:SoulVessel":289,"hubris:Reverence":1023,"TheCursedMod:FourLeafCloverCharm":637,"Lantern":1017,"Regal Pillow":1511,"Torii":1030,"Blue Doll":659,"StoneCalendar":853,"GremlinMask":1440,"Bag of Preparation":107,"Replay:Multitool":266,"hubris:EmptyBottle":130,"Cursed Key":180,"Ancient Tea Set":424,"Pet Ghost":338,"Replay:Rubber Ducky":130,"Ring of Peace":758,"Toolbox":3,"WingedGreaves":616,"hubris:CuriousFeather":879,"hubris:FunFungus":1235,"Chemical X":130,"Ring of Panic":1396,"InkBottle":1600,"hubris:GlazedTorus":455,"Potion Belt":102,"Lee\u0027s Waffle":616,"Golden Idol":330,"hubris:64BitClover":664,"Thread and Needle":1030,"PreservedInsect":213,"Ring of Greed":1396,"hubris:Towel":252,"Frozen Egg 2":1030,"MawBank":487,"Replay:Arrowhead":130,"hubris:Spice":130,"Ornamental Fan":879,"Bloody Idol":943,"Orrery":130,"Garlic":62,"Durian":896,"ReplayTheSpireMod:Lightbulb":1173,"Toy Ornithopter":1275,"hubris:BottledRain":1037,"Ice Cream":557,"Mark of the Bloom":427,"Calipers":327,"hubris:CrystalStatue":397,"Gremlin Horn":188,"Nilry\u0027s Codex":930,"TheCursedMod:Tack":863,"hubris:TerracottaHorce":357,"Centennial Puzzle":151,"Lizard Tail":654,"HornCleat":616,"DollysMirror":62,"Strawberry":832,"Honey Jar":0,"Philosopher\u0027s Stone":32,"Iron Hammer":327,"Toxic Egg 2":455,"Girya":378,"hubris:Teleporter":163,"hubris:DuctTape":439,"Happy Flower":1017,"ReplayTheSpireMod:CursedCoin":1253,"Oddly Smooth Stone":130,"Replay:Kaleidoscope":712,"Letter Opener":1379,"War Paint":130,"WarpedTongs":459,"hubris:Zylophone":130,"OrangePellets":130,"Replay:Baseball":45,"Bottled Flame":753,"ReplayTheSpireMod:Shallot":625,"Shuriken":151,"Bronze Scales":1437,"hubris:PeanutButter":14,"Simple Rune":510,"Onion Ring":607,"Molten Egg 2":644,"Black Star":245,"ReplayTheSpireMod:TigerMarble":557,"hubris:ToyBattleship":1206,"Grinning Jar":21,"Mirror":252,"Meat on the Bone":347,"ReplayFunnel":1308,"Darkstone Periapt":1332,"TheCursedMod:BloodyHarpoon":1384,"Replay:PocketPolymizer":1179,"Mango":130,"Incense Burner":130,"hubris:SlimyHat":378,"Juzu Bracelet":1356,"Empty Cage":1127,"ClockworkSouvenir":930,"Frozen Eye":679,"Dream Catcher":13,"Replay:Bandana":625,"Nunchaku":853,"hubris:Icosahedron":331,"Mummified Hand":1161,"Pantograph":507,"Gambling Chip":738,"Red Mask":507,"Replay:Bottled Snecko":664,"Gremlin Food":227,"hubris:DisguiseKit":487,"Replay:Towering Pillar of Hats":616,"Quantum Egg":1179,"hubris:MedicalManual":700,"TheCursedMod:MagicCandle":130,"Medical Kit":1392,"White Beast Statue":130,"Mercury Hourglass":130,"Peace Pipe":342,"Strange Spoon":455,"Cauldron":1017,"Pondfish Scales":347,"CaptainsWheel":643,"Anchor":902,"TheCursedMod:OminousMark":811,"hubris:BundleOfHerbs":455,"Snack Pack":121,"Bag of Marbles":237,"Coffee Dripper":498,"hubris:GrandSneckoEye":1546,"Membership Card":130,"FossilizedHelix":143,"hubris:OldNail":327,"TungstenRod":1239,"hubris:NiceRug":311,"ReplayTheSpireMod:ShopPack":1239}],"Unceasing Top":[0],"Toy Ornithopter":25,"InkBottle":[16]},"card_choices":[{"not_picked":["TheCursedMod:CircleOfFlame","TheCursedMod:Torture"],"picked":"TheCursedMod:Wield","floor":1},{"not_picked":["TheCursedMod:CircleOfBlood","TheCursedMod:Hemoplague"],"picked":"TheCursedMod:LuckyCharm","floor":2},{"not_picked":["TheCursedMod:CircleOfWindfury","TheCursedMod:SpitefulStrike"],"picked":"TheCursedMod:DoubleShield","floor":6},{"not_picked":["TheCursedMod:CircleOfFlame","TheCursedMod:CircleOfAmplification"],"picked":"TheCursedMod:CursedMace","floor":7},{"not_picked":["TheCursedMod:DemonicPact","TheCursedMod:CursedBlade","TheCursedMod:SoulReap"],"picked":"SKIP","floor":10},{"not_picked":["TheCursedMod:CursedAmulet","TheCursedMod:Mangle"],"picked":"TheCursedMod:Obscuration","floor":11},{"not_picked":["TheCursedMod:CircleOfCorruption","TheCursedMod:TacticalStrike"],"picked":"TheCursedMod:Evocation","floor":13},{"not_picked":["TheCursedMod:Obscuration","TheCursedMod:RavingStaff","TheCursedMod:CircleOfFocus"],"picked":"SKIP","floor":14},{"not_picked":["TheCursedMod:Obscuration","TheCursedMod:CircleOfFocus"],"picked":"TheCursedMod:RavingStaff","floor":14},{"not_picked":["TheCursedMod:NeowsMight","TheCursedMod:DemonicPact"],"picked":"TheCursedMod:VoidForm","floor":16},{"not_picked":["TheCursedMod:SpitefulStrike","TheCursedMod:CircleOfAmplification"],"picked":"TheCursedMod:ReleasedStrength","floor":18},{"not_picked":["TheCursedMod:Stigma","TheCursedMod:ManaBullet"],"picked":"TheCursedMod:CursedAmulet","floor":21},{"not_picked":["TheCursedMod:SmokeScreen","TheCursedMod:CircleOfFocus"],"picked":"TheCursedMod:CursedShiv","floor":22},{"not_picked":["TheCursedMod:Evocation","TheCursedMod:SoulReap"],"picked":"TheCursedMod:Wield+1","floor":24},{"not_picked":["TheCursedMod:Stretching","TheCursedMod:Obscuration"],"picked":"TheCursedMod:CursedShiv+1","floor":29},{"not_picked":["TheCursedMod:Obscuration","TheCursedMod:SaltUponWound"],"picked":"TheCursedMod:SmokeScreen","floor":30},{"not_picked":["TheCursedMod:BlessingInDisguise","TheCursedMod:ManaBullet","TheCursedMod:CursedBlade"],"picked":"SKIP","floor":31},{"not_picked":["TheCursedMod:NeowsMight","TheCursedMod:Neurasthenia"],"picked":"TheCursedMod:ManaCirculation","floor":33},{"not_picked":["TheCursedMod:Mangle+1","TheCursedMod:CursedShiv","TheCursedMod:CursedBlade"],"picked":"SKIP","floor":35},{"not_picked":["TheCursedMod:SpitefulStrike","TheCursedMod:CircleOfAmplification"],"picked":"TheCursedMod:SurpriseAttack","floor":39},{"not_picked":["TheCursedMod:CircleOfFlame","TheCursedMod:WearCloak+1","TheCursedMod:TacticalStrike"],"picked":"SKIP","floor":40},{"not_picked":["TheCursedMod:SoulCrush","TheCursedMod:Stigma","TheCursedMod:SurpriseAttack"],"picked":"SKIP","floor":41},{"not_picked":["TheCursedMod:SaltUponWound+1","TheCursedMod:CircleOfCorruption+1"],"picked":"TheCursedMod:CursedRelics","floor":44},{"not_picked":["TheCursedMod:BloodBarrier","TheCursedMod:Torture"],"picked":"TheCursedMod:CursedShiv+1","floor":47},{"not_picked":["TheCursedMod:VitalStrike","TheCursedMod:Hemoplague","TheCursedMod:Torture"],"picked":"SKIP","floor":48},{"not_picked":["TheCursedMod:SoulReap"],"picked":"SKIP","floor":53},{"not_picked":["TheCursedMod:Stigma+1"],"picked":"SKIP","floor":53},{"not_picked":["TheCursedMod:ReleasedKnowledge"],"picked":"SKIP","floor":53},{"not_picked":["TheCursedMod:PrepareRite"],"picked":"SKIP","floor":53},{"not_picked":["Deep Breath"],"picked":"SKIP","floor":53},{"not_picked":["Mayhem"],"picked":"SKIP","floor":53},{"not_picked":["TheCursedMod:CircleOfAmplification","TheCursedMod:ReleasedKnowledge"],"picked":"TheCursedMod:BlessingInDisguise","floor":54}],"player_experience":198801,"relics_obtained":[{"floor":2,"key":"Strawberry"},{"floor":6,"key":"Regal Pillow"},{"floor":10,"key":"FossilizedHelix"},{"floor":24,"key":"Boot"},{"floor":26,"key":"Simple Rune"},{"floor":27,"key":"hubris:PeanutButter"},{"floor":30,"key":"Pet Ghost"},{"floor":36,"key":"Replay:Bottled Steam"},{"floor":40,"key":"Toy Ornithopter"},{"floor":40,"key":"InkBottle"},{"floor":42,"key":"Replay:Accelerometer"},{"floor":43,"key":"Snack Pack"},{"floor":44,"key":"PreservedInsect"},{"floor":44,"key":"ReplayTheSpireMod:TigerMarble"},{"floor":49,"key":"Centennial Puzzle"},{"floor":53,"key":"Gremlin Food"},{"floor":53,"key":"Strange Spoon"},{"floor":54,"key":"Replay:Rubber Ducky"},{"floor":54,"key":"hubris:DeckOfHolding"}],"event_choices":[{"damage_healed":0,"gold_gain":0,"player_choice":"Success","damage_taken":18,"relics_obtained":["Dream Catcher"],"max_hp_gain":0,"max_hp_loss":0,"event_name":"Scrap Ooze","floor":4,"gold_loss":0},{"damage_healed":0,"gold_gain":0,"player_choice":"Bought 2 Potions","damage_taken":0,"max_hp_gain":0,"max_hp_loss":0,"event_name":"The Woman in Blue","floor":19,"gold_loss":0},{"damage_healed":0,"gold_gain":0,"cards_transformed":["TheCursedMod:Defend_TheCursed"],"player_choice":"Transformed","damage_taken":0,"max_hp_gain":0,"max_hp_loss":0,"event_name":"Transmorgrifier","floor":28,"gold_loss":0,"cards_obtained":["TheCursedMod:AshesToAshes"]},{"damage_healed":0,"gold_gain":0,"player_choice":"Rummage","damage_taken":0,"relics_obtained":["WarpedTongs"],"max_hp_gain":0,"max_hp_loss":0,"event_name":"Accursed Blacksmith","floor":32,"gold_loss":0,"cards_obtained":["Pain"]},{"damage_healed":0,"gold_gain":0,"player_choice":"Max HP","damage_taken":0,"max_hp_gain":0,"max_hp_loss":4,"event_name":"Winding Halls","floor":37,"gold_loss":0}],"is_beta":false,"boss_relics":[{"not_picked":["hubris:CrackedHourglass","Ring of Chaos"],"picked":"hubris:GrandSneckoEye"},{"not_picked":["SlaversCollar","hubris:Backtick"],"picked":"Black Star"}],"items_purged_floors":[0,38,45],"is_endless":false,"potions_floor_spawned":[14,16,21,24,31,35,39,44,54],"ascension_level":16}}