{"host":"88sw61cmk1203zgj","time":1607909331,"event":{"mods":["BaseMod","Minty Spire (QoL Compilation)"],"gold_per_floor":[109,109,128,88,105,105,105,105,105,105,131,147,174,190,190,285,285,302,318,70,86,185,185,185,185],"floor_reached":24,"playtime":1203,"items_purged":[],"score":299,"play_id":"3b2d1200-6cf8-4561-b67c-a8510193c036","local_time":"20201213202851","is_ascension_mode":true,"campfire_choices":[{"data":"Sunder","floor":6,"key":"SMITH"},{"data":"Go for the Eyes","floor":8,"key":"SMITH"},{"data":"Skim","floor":10,"key":"SMITH"},{"floor":15,"key":"REST"},{"floor":23,"key":"REST"}],"circlet_count":0,"master_deck":["Strike_B","Strike_B","Strike_B","Strike_B","Defend_B","Defend_B","Defend_B","Defend_B","Zap","Dualcast","Skim+1","Go for the Eyes+1","Sunder+1","Compile Driver","Capacitor","Coolheaded","Turbo","Biased Cognition","Cold Snap+1","Conserve Battery+1"],"relics":["Cracked Core","MealTicket","Blue Candle","Du-Vu Doll","Cursed Key","Bottled Tornado"],"acts_visited":["Exordium","TheCity"],"potions_floor_usage":[11,12,16,16,16,16,16,16,24],"damage_taken":[{"damage":12,"enemies":"2 Louse","floor":1,"turns":3},{"damage":12,"enemies":"Small Slimes","floor":3,"turns":5},{"damage":1,"enemies":"Cultist","floor":5,"turns":3},{"damage":8,"enemies":"Gremlin Nob","floor":11,"turns":3},{"damage":0,"enemies":"2 Fungi Beasts","floor":12,"turns":2},{"damage":22,"enemies":"3 Sentries","floor":13,"turns":5},{"damage":9,"enemies":"Red Slaver","floor":14,"turns":5},{"damage":26,"enemies":"Hexaghost","floor":16,"turns":16},{"damage":23,"enemies":"Shell Parasite","floor":18,"turns":4},{"damage":20,"enemies":"2 Thieves","floor":19,"turns":4},{"damage":8,"enemies":"Chosen and Byrds","floor":21,"turns":6},{"damage":53,"enemies":"Gremlin Leader","floor":24,"turns":9}],"seed_played":"-6161761042809303729","potions_obtained":[{"floor":3,"key":"EssenceOfDarkness"},{"floor":4,"key":"Fire Potion"},{"floor":4,"key":"Explosive Potion"},{"floor":5,"key":"EntropicBrew"},{"floor":11,"key":"Weak Potion"},{"floor":13,"key":"Dexterity Potion"},{"floor":19,"key":"Fire Potion"}],"is_trial":false,"path_per_floor":["M","?","M","?","M","R","?","R","T","R","E","M","E","M","R","B",null,"M","M","$","M","?","R","E"],"character_chosen":"DEFECT","items_purchased":["Bottled Tornado"],"campfire_rested":2,"item_purchase_floors":[20],"current_hp_per_floor":[56,61,49,49,48,48,48,48,48,48,40,40,18,9,33,7,62,39,19,34,26,26,50,0,0],"gold":185,"neow_bonus":"RANDOM_COLORLESS","is_daily":false,"chose_seed":false,"campfire_upgraded":3,"win_rate":0.0,"timestamp":1607909331,"path_taken":["M","?","M","?","?","R","?","R","T","R","E","M","E","?","R","BOSS","M","M","$","M","?","R","E"],"items_purchased_type":["Relic"],"build_version":"2020-12-13","purchased_purges":0,"victory":false,"max_hp_per_floor":[75,80,80,80,80,80,80,80,80,80,80,80,80,80,80,80,80,80,80,80,80,80,80,80,80],"card_choices":[{"not_picked":["Dark Shackles","Trip"],"picked":"Forethought","floor":0},{"not_picked":["Gash","Steam"],"picked":"Skim","floor":1},{"not_picked":["Hologram","Steam"],"picked":"Go for the Eyes","floor":3},{"not_picked":["Beam Cell","Reprogram"],"picked":"Sunder","floor":5},{"not_picked":["Echo Form","Glacier"],"picked":"Capacitor","floor":11},{"not_picked":["Turbo","Capacitor"],"picked":"Coolheaded","floor":12},{"not_picked":["Lockon","Sweeping Beam","Steam Power"],"picked":"SKIP","floor":13},{"not_picked":["Sweeping Beam","Coolheaded"],"picked":"Turbo","floor":14},{"not_picked":["Seek","All For One"],"picked":"Biased Cognition","floor":16},{"not_picked":["Streamline","Beam Cell"],"picked":"Cold Snap+1","floor":18},{"not_picked":["Glacier","Streamline"],"picked":"Conserve Battery+1","floor":19},{"not_picked":["Rebound","Conserve Battery","Stack+1"],"picked":"SKIP","floor":21}],"player_experience":1416328,"relics_obtained":[{"floor":9,"key":"MealTicket"},{"floor":11,"key":"Blue Candle"},{"floor":13,"key":"Du-Vu Doll"}],"event_choices":[{"damage_healed":0,"gold_gain":0,"player_choice":"Donut","damage_taken":0,"max_hp_gain":5,"max_hp_loss":0,"event_name":"Big Fish","floor":2,"gold_loss":0},{"damage_healed":0,"gold_gain":0,"player_choice":"Bought 3 Potions","damage_taken":0,"max_hp_gain":0,"max_hp_loss":0,"event_name":"The Woman in Blue","floor":4,"gold_loss":0},{"cards_removed":["Forethought"],"damage_healed":0,"gold_gain":0,"player_choice":"Took Card","damage_taken":0,"max_hp_gain":0,"max_hp_loss":0,"event_name":"NoteForYourself","floor":7,"gold_loss":0,"cards_obtained":["Compile Driver"]},{"damage_healed":0,"gold_gain":99,"player_choice":"Stole From Cult","damage_taken":0,"max_hp_gain":0,"max_hp_loss":0,"event_name":"Nest","floor":22,"gold_loss":0}],"is_beta":false,"boss_relics":[{"not_picked":["SlaversCollar","Velvet Choker"],"picked":"Cursed Key"}],"items_purged_floors":[],"is_endless":false,"potions_floor_spawned":[3,5,11,13,19],"killed_by":"Gremlin Leader","ascension_level":9}}