{"host":"mvw7i28zi3kj0eu9","time":1607923886,"event":{"mods":["AchievementEnabler","BaseMod","Better Third Choice","BetterRewards","Block Reminder","Conspire","Custom Start","Downfall","Energized Spire","Halation","Hermit","Hubris","Infinite Spire","Jorbs\u0027s Wanderer Trilogy","Minty Spire (QoL Compilation)","Replay The Spire","Shop Mod","Small Relic Pack","Spikes Relics","StSLib","The Blue Laboratory","The Necromancer","The Servant 0.9.4","Virulent Crown"],"gold_per_floor":[115,65,65,65,65,93,93,105,132,150,150,150,150,180,180,275,275,294,312,312,330,330,330,364,364,364,364,364,377,377,377],"floor_reached":30,"playtime":641,"items_purged":["Defend_B"],"score":329,"play_id":"af762f42-6d09-4d8f-9a14-9b2d814f14d7","local_time":"20201214063126","is_ascension_mode":false,"campfire_choices":[{"data":"Defragment","floor":7,"key":"SMITH"},{"data":"Defragment","floor":11,"key":"SMITH"},{"data":"Barrage","floor":15,"key":"SMITH"},{"data":"Capacitor","floor":25,"key":"SMITH"},{"data":"Mirror Shield","floor":28,"key":"SMITH"}],"circlet_count":0,"master_deck":["Strike_B","Strike_B","Strike_B","Defend_B","Zap+1","Dualcast","Capacitor+1","Ball Lightning","Defragment+1","Barrage+1","Cold Snap","Cold Snap","Mirror Shield+1","Defragment+1","Voices","Ball Lightning"],"relics":["Cracked Core","Juzu Bracelet","Smiling Mask","ReplayFunnel","relicPack:AllForOne","Nunchaku","MiniBlackHole","Empty Cage","Ornamental Fan","Ring of Peace","conspire:GlowingRock","infinitespire:SolderingIron","MutagenicStrength"],"acts_visited":["Exordium","TheCity"],"potions_floor_usage":[6,24],"damage_taken":[{"damage":1,"enemies":"Cultist","floor":1,"turns":3},{"damage":28,"enemies":"Lagavulin","floor":6,"turns":5},{"damage":8,"enemies":"2 Louse","floor":8,"turns":2},{"damage":10,"enemies":"Small Slimes","floor":10,"turns":3},{"damage":15,"enemies":"3 Sentries","floor":14,"turns":7},{"damage":0,"enemies":"Hexaghost","floor":16,"turns":7},{"damage":21,"enemies":"2 Thieves","floor":18,"turns":4},{"damage":14,"enemies":"3 Byrds","floor":19,"turns":4},{"damage":1,"enemies":"Cultist and Chosen","floor":21,"turns":5},{"damage":0,"enemies":"Nightmare","floor":24,"turns":6},{"damage":14,"enemies":"Snake Plant","floor":29,"turns":4},{"damage":29,"enemies":"Gremlin Leader","floor":30,"turns":4}],"seed_played":"-2790004531499933627","potions_obtained":[{"floor":1,"key":"blueLaboratory:FruitPunch"},{"floor":10,"key":"blueLaboratory:BottleOfVodka"},{"floor":18,"key":"blueLaboratory:Moonshine"},{"floor":21,"key":"blueLaboratory:FruitPunch"}],"is_trial":false,"path_per_floor":["M","?","$","?","?","E","R","M","T","M","R","?","?","E","R","B",null,"M","M","AVR","M","?","?","NM","R","T","?","R","M","E"],"character_chosen":"DEFECT","items_purchased":["Juzu Bracelet","Capacitor","Ball Lightning","Defragment","Barrage","Cold Snap"],"campfire_rested":0,"item_purchase_floors":[0,0,0,0,0,0],"current_hp_per_floor":[74,74,74,74,74,48,48,40,40,30,30,30,27,12,12,12,77,56,42,42,41,41,41,43,43,43,43,43,29,0,0],"gold":377,"neow_bonus":"","is_daily":false,"chose_seed":false,"campfire_upgraded":5,"win_rate":0.0,"timestamp":1607923886,"path_taken":["M","?","$","?","?","E","R","M","T","M","R","?","?","E","R","BOSS","M","M","AVR","M","?","?","NM","R","T","?","R","M","E"],"items_purchased_type":["Relic","Card","Card","Card","Card","Card"],"build_version":"2020-12-13","purchased_purges":1,"victory":false,"max_hp_per_floor":[75,75,75,75,75,77,77,77,77,77,77,77,77,77,77,77,77,77,77,77,77,77,77,79,79,79,79,79,79,79,79],"card_choices":[{"not_picked":["Hologram","conspire:Rain"],"picked":"Cold Snap","floor":1},{"not_picked":["Capacitor","Go for the Eyes"],"picked":"Mirror Shield","floor":6},{"not_picked":["ReplaySolidLightProjector","Time Bomb","Compile Driver"],"picked":"SKIP","floor":8},{"not_picked":["Go for the Eyes","conspire:SharedLibrary"],"picked":"Defragment","floor":10},{"not_picked":["ReplaySort","Sweeping Beam","Barrage"],"picked":"SKIP","floor":14},{"not_picked":["Panic Button","Skim+1","Redo"],"picked":"SKIP","floor":18},{"not_picked":["BootSequence","Steam Power","Double Energy"],"picked":"SKIP","floor":19},{"not_picked":["Chaos","Hologram","Sweeping Beam"],"picked":"SKIP","floor":21},{"not_picked":["Go for the Eyes+1","ReplayTheSpireMod:Dual Polarity","ReplayTheSpireMod:GoodbyeWorld+1"],"picked":"SKIP","floor":24},{"not_picked":["Redo","Reprogram"],"picked":"Ball Lightning","floor":29}],"player_experience":834869,"relics_obtained":[{"floor":6,"key":"Smiling Mask"},{"floor":9,"key":"ReplayFunnel"},{"floor":14,"key":"MiniBlackHole"},{"floor":22,"key":"Ring of Peace"},{"floor":24,"key":"conspire:GlowingRock"},{"floor":26,"key":"infinitespire:SolderingIron"}],"event_choices":[{"cards_removed":["Defend_B"],"damage_healed":0,"gold_gain":0,"player_choice":"Card Removal","damage_taken":0,"max_hp_gain":0,"max_hp_loss":0,"event_name":"The Cleric","floor":2,"gold_loss":50},{"damage_healed":0,"gold_gain":0,"player_choice":"Ignored","damage_taken":0,"max_hp_gain":0,"max_hp_loss":0,"event_name":"Transmorgrifier","floor":5,"gold_loss":0},{"damage_healed":0,"gold_gain":0,"player_choice":"Relic ","damage_taken":3,"max_hp_gain":0,"max_hp_loss":0,"event_name":"betterThird:BetterScrap","floor":13,"gold_loss":0,"cards_obtained":["Tactician"]},{"damage_healed":0,"gold_gain":0,"player_choice":"Inject Mutagens","damage_taken":0,"relics_obtained":["MutagenicStrength"],"max_hp_gain":0,"max_hp_loss":0,"event_name":"Drug Dealer","floor":27,"gold_loss":0}],"is_beta":false,"boss_relics":[{"not_picked":["Honey Jar","halation:Prosthetics"],"picked":"Empty Cage"}],"items_purged_floors":[20],"is_endless":false,"potions_floor_spawned":[1,10,18,21],"killed_by":"Gremlin Leader","ascension_level":0}}