{"host":"9z9bilz90zy1bfdt","time":1607913137,"event":{"mods":["BaseMod","Minty Spire (QoL Compilation)","StSLib","SuperFastMode"],"gold_per_floor":[115,126,138,213,232,232,250,250,250,250,250],"floor_reached":10,"playtime":207,"items_purged":[],"score":90,"play_id":"db9833fa-bb29-4a62-a44a-b82524273b5f","local_time":"20201214113217","is_ascension_mode":true,"campfire_choices":[{"data":"Rampage","floor":6,"key":"SMITH"}],"circlet_count":0,"master_deck":["AscendersBane","Strike_R","Strike_R","Strike_R","Strike_R","Strike_R","Defend_R","Defend_R","Defend_R","Defend_R","Bash","Rupture+1","Rupture+1","Rupture+1","Disarm","Disarm","Rampage+1","Wild Strike","Pommel Strike"],"relics":["Burning Blood","NeowsBlessing","Golden Idol","Self Forming Clay"],"acts_visited":["Exordium"],"potions_floor_usage":[],"damage_taken":[{"damage":0,"enemies":"Cultist","floor":1,"turns":1},{"damage":0,"enemies":"Small Slimes","floor":2,"turns":1},{"damage":5,"enemies":"Jaw Worm","floor":3,"turns":2},{"damage":21,"enemies":"Looter","floor":5,"turns":4},{"damage":23,"enemies":"3 Louse","floor":7,"turns":4},{"damage":47,"enemies":"3 Sentries","floor":10,"turns":10}],"seed_played":"2578528832572459016","potions_obtained":[{"floor":1,"key":"Ancient Potion"},{"floor":3,"key":"SmokeBomb"},{"floor":7,"key":"Energy Potion"}],"is_trial":false,"path_per_floor":["M","M","M","?","M","R","M","?","T","E"],"character_chosen":"IRONCLAD","items_purchased":[],"campfire_rested":0,"item_purchase_floors":[],"current_hp_per_floor":[78,80,80,72,57,57,40,40,40,0,0],"gold":250,"neow_bonus":"THREE_ENEMY_KILL","is_daily":false,"chose_seed":false,"campfire_upgraded":1,"win_rate":0.0,"timestamp":1607913137,"path_taken":["M","?","M","?","?","R","?","?","T","E"],"items_purchased_type":[],"build_version":"2020-12-13","purchased_purges":0,"victory":false,"max_hp_per_floor":[80,80,80,80,80,80,80,74,74,74,74],"card_choices":[{"not_picked":["Second Wind","Clothesline"],"picked":"Disarm","floor":1},{"not_picked":["Armaments","Fire Breathing"],"picked":"Disarm","floor":2},{"not_picked":["Flex","Havoc"],"picked":"Rampage","floor":3},{"not_picked":["Havoc","Sentinel"],"picked":"Wild Strike","floor":5},{"not_picked":["Sword Boomerang","Perfected Strike"],"picked":"Pommel Strike","floor":7}],"player_experience":324002,"relics_obtained":[{"floor":9,"key":"Self Forming Clay"}],"event_choices":[{"damage_healed":0,"gold_gain":75,"player_choice":"Touch","damage_taken":8,"max_hp_gain":0,"max_hp_loss":0,"event_name":"FaceTrader","floor":4,"gold_loss":0},{"damage_healed":0,"gold_gain":0,"player_choice":"Lose Max HP","damage_taken":0,"relics_obtained":["Golden Idol"],"max_hp_gain":0,"max_hp_loss":6,"event_name":"Golden Idol","floor":8,"gold_loss":0}],"is_beta":false,"boss_relics":[],"items_purged_floors":[],"is_endless":false,"potions_floor_spawned":[1,3,7],"killed_by":"3 Sentries","ascension_level":10}}