{"host":"5rhdqk7nbnm087ui","time":1607944358,"event":{"mods":["Act Like it!","BaseMod","Downfall","Gensokyo","GungeonMod","HololiveMod","Minty Spire (QoL Compilation)","Replay The Spire","Spicy Shops","StSLib","The Cursed","The Servant 0.9.4","Youmu£®ªÍ∆«—˝√Œ£©","[IsaacMod]“‘»ˆº‚À˛","°æ“≈ŒÔø®≈∆°øREMEMod"],"gold_per_floor":[109,120,70,70,86,86,113,133,133,147,158,187,42,59,59,156,156,173,173,2,18,18,50,50,104,178,209,249,249,277,310,310,385,385,415,468,203,118,151,151,184,72,97,167,180,214,214,214,214,214,214,214,214,214,214,17,43,43,43],"floor_reached":58,"playtime":4635,"items_purged":["DemoMod:Defend_Huntress","DemoMod:Defend_Huntress","Pot Of Greed"],"score":2050,"play_id":"1fbac18b-b473-487a-8e24-57b4ae24b55c","local_time":"20201214191238","is_ascension_mode":false,"campfire_choices":[{"floor":6,"key":"RECALL"},{"data":"DemoMod:ChanceBullets","floor":15,"key":"SMITH"},{"data":"DemoMod:GunslingerForm","floor":24,"key":"SMITH"},{"data":"1","floor":32,"key":"LIFT"},{"data":"2","floor":40,"key":"LIFT"},{"data":"3","floor":49,"key":"LIFT"},{"data":"DemoMod:BattleInHaste","floor":51,"key":"SMITH"},{"data":"DemoMod:StickyCrossBow","floor":55,"key":"SMITH"}],"circlet_count":0,"master_deck":["DemoMod:Roll","DemoMod:ManualReload","DemoMod:RustySidearm","DemoMod:CrossBow","BettingIsNotGood","Master of Strategy","DemoMod:BSG+1","DemoMod:SAA","DemoMod:BattleInHaste","DemoMod:TeaPot","DemoMod:StickyCrossBow+1","DemoMod:ChanceBullets+1","DemoMod:Unmoved","DemoMod:HungryBullets","DemoMod:Slinger","DemoMod:GunslingerForm+1","DemoMod:BoxingGlove+1","DemoMod:SuppressiveFire","DemoMod:ConditionalReflex","DemoMod:BattleInHaste+1","Pot Of Greed","Pot Of Greed","Pot Of Greed","DemoMod:HuntsMan+1","DemoMod:AWP","DemoMod:HardPowerCard","DemoMod:AWP","DemoMod:TripleGun","DemoMod:BlankBullets","DemoMod:FinishedGun","DemoMod:ShadowBullets","DemoMod:BattleInHaste","DemoMod:CombinedRifle+1","DemoMod:ShadowBullets","DemoMod:ShadowBullets","DemoMod:FullFirepower","DemoMod:ZorGun+1","DemoMod:HighKaliber","DemoMod:TableSutra","DemoMod:MegaHand+1"],"relics":["DemoMod:Dog","REME_ComplimentaryCards","HushsDoor","MoneyPower","YumHeart","Blue Doll","DemoMod:MonsterBlood","HowToJump","ChampionBelt","SteamSale","Question Card","Grinning Jar","Girya","GuppysPaw","TheBean","Quantum Egg","BelialBook","Whetstone","Sozu","CaptainsWheel","Toy Ornithopter","Frozen Eye","DemoMod:PinkGuonStone","DemoMod:Relodestone","Replay:Bottled Steam","StoneCalendar","BargainBundle","Dream Catcher","GuppysHead","DemoMod:MemoryAlloy","Art of War","REME_LimitBreaker"],"acts_visited":["Exordium","TheCity","TheBeyond","TheEnding"],"potions_floor_usage":[18,23,44],"damage_taken":[{"damage":8,"enemies":"Small Slimes","floor":1,"turns":2},{"damage":0,"enemies":"Jaw Worm","floor":2,"turns":1},{"damage":0,"enemies":"2 Louse","floor":5,"turns":1},{"damage":3,"enemies":"3 Sentries","floor":7,"turns":1},{"damage":0,"enemies":"Blue Slaver","floor":8,"turns":1},{"damage":0,"enemies":"2 Fungi Beasts","floor":10,"turns":1},{"damage":0,"enemies":"Looter","floor":11,"turns":1},{"damage":0,"enemies":"Gremlin Nob","floor":12,"turns":2},{"damage":0,"enemies":"Exordium Thugs","floor":14,"turns":3},{"damage":3,"enemies":"Slime Boss","floor":16,"turns":2},{"damage":0,"enemies":"3 Byrds","floor":18,"turns":2},{"damage":0,"enemies":"Chosen","floor":21,"turns":1},{"damage":0,"enemies":"Gremlin Leader","floor":23,"turns":2},{"damage":0,"enemies":"Book of Stabbing","floor":25,"turns":2},{"damage":0,"enemies":"Gremlin Leader","floor":27,"turns":1},{"damage":0,"enemies":"REME_1_Revenger","floor":28,"turns":1},{"damage":0,"enemies":"Slavers","floor":30,"turns":2},{"damage":0,"enemies":"Gremlin Leader","floor":31,"turns":2},{"damage":0,"enemies":"Pondfish","floor":33,"turns":2},{"damage":0,"enemies":"Nemesis","floor":35,"turns":3},{"damage":0,"enemies":"Reptomancer","floor":36,"turns":1},{"damage":0,"enemies":"Giant Head","floor":39,"turns":1},{"damage":0,"enemies":"R_Hoarder","floor":41,"turns":3},{"damage":0,"enemies":"2 Orb Walkers","floor":44,"turns":2},{"damage":0,"enemies":"3 Shapes","floor":45,"turns":1},{"damage":0,"enemies":"Reptomancer","floor":46,"turns":2},{"damage":0,"enemies":"Awakened One","floor":52,"turns":2},{"damage":4,"enemies":"Delirium","floor":53,"turns":6},{"damage":0,"enemies":"Shield and Spear","floor":57,"turns":1},{"damage":106,"enemies":"Delirium","floor":58,"turns":5}],"seed_played":"-1001659426587843317","potions_obtained":[{"floor":5,"key":"hexamod:EctoCoolerPotion"},{"floor":8,"key":"Energy Potion"},{"floor":10,"key":"Elixir"},{"floor":12,"key":"Elixir"},{"floor":18,"key":"Block Potion"},{"floor":27,"key":"AttackPotion"}],"is_trial":false,"path_per_floor":["M","M","?","?","M","R","E","M","T","M","M","E","$","M","R","B",null,"M","?","$","M","$","E","R","E","T","M","E","?","M","M","R","B",null,"M","M","$","?","M","R","M","$","T","?","M","M","PTL","PTL","R","?","R","B","B",null,"R","$","E","B"],"character_chosen":"HUNTRESS","items_purchased":["HowToJump","DemoMod:GunslingerForm","SteamSale","Frozen Eye","DemoMod:PinkGuonStone","BargainBundle","DemoMod:CombinedRifle+1","DemoMod:ShadowBullets","DemoMod:FullFirepower","REME_LimitBreaker"],"campfire_rested":0,"item_purchase_floors":[13,17,20,37,37,42,42,42,42,56],"current_hp_per_floor":[69,69,69,69,69,69,66,77,77,77,77,84,84,84,84,81,80,80,80,80,80,80,80,80,80,80,80,80,80,80,80,80,80,80,80,80,87,87,87,87,87,87,87,87,87,87,87,87,87,87,87,87,83,86,86,86,86,0,0],"gold":43,"neow_bonus":"TEN_PERCENT_HP_BONUS","is_daily":false,"chose_seed":false,"campfire_upgraded":4,"win_rate":0.0,"timestamp":1607944358,"path_taken":["M","M","?","?","M","R","E","M","T","M","M","E","$","M","R","BOSS","M","?","$","M","$","E","R","E","T","M","E","?","M","M","R","BOSS","M","M","$","?","M","R","M","?","T","?","M","M","PTL","PTL","R","?","R","BOSS","BOSS","R","$","E","BOSS"],"items_purchased_type":["Relic","Card","Relic","Relic","Relic","Relic","Card","Card","Card","Relic"],"build_version":"2020-12-13","purchased_purges":3,"victory":false,"max_hp_per_floor":[77,77,77,77,77,77,77,77,77,77,77,84,84,84,84,84,80,80,80,80,80,80,80,80,80,80,80,80,80,80,80,80,80,80,80,80,87,87,87,87,87,87,87,87,87,87,87,87,87,87,87,87,87,87,87,87,87,87,87],"card_choices":[{"not_picked":[],"picked":"BettingIsNotGood","floor":0},{"not_picked":["DemoMod:Unmoved","DemoMod:Ejector"],"picked":"DemoMod:BSG","floor":1},{"not_picked":["DemoMod:Polaris","DemoMod:PotionOfGunFriendShip"],"picked":"DemoMod:SAA","floor":2},{"not_picked":["DemoMod:DirectionalPad","DemoMod:FastSwitch"],"picked":"DemoMod:BattleInHaste","floor":5},{"not_picked":["DemoMod:AbyssalTentacle","DemoMod:GunstockTap"],"picked":"DemoMod:Purify","floor":7},{"not_picked":["DemoMod:Unity","DemoMod:HardPowerCard"],"picked":"DemoMod:TeaPot","floor":8},{"not_picked":["Bomb","DemoMod:HighKaliber"],"picked":"DemoMod:StickyCrossBow","floor":10},{"not_picked":["DemoMod:TripleGun","DemoMod:StickyCrossBow"],"picked":"DemoMod:ChanceBullets","floor":11},{"not_picked":["DemoMod:TeaPot","DemoMod:ChanceBullets"],"picked":"DemoMod:Unmoved","floor":12},{"not_picked":["DemoMod:Ejector","DemoMod:CombinedRifle"],"picked":"DemoMod:HungryBullets","floor":14},{"not_picked":["DemoMod:DoubleVision","DemoMod:SuppressiveFire"],"picked":"DemoMod:Slinger","floor":16},{"not_picked":["DemoMod:Camera","DemoMod:HighKaliber"],"picked":"DemoMod:BoxingGlove","floor":18},{"not_picked":["DemoMod:DoubleSwitch","DemoMod:GunShield"],"picked":"DemoMod:SuppressiveFire","floor":18},{"not_picked":["DemoMod:AC15","DemoMod:PotionOfGunFriendShip"],"picked":"DemoMod:ConditionalReflex","floor":21},{"not_picked":["DemoMod:HungryBullets","DemoMod:ProbeStrike"],"picked":"DemoMod:BattleInHaste","floor":23},{"not_picked":["DemoMod:FortunesFavor","DemoMod:StickyCrossBow","DemoMod:FastSwitch"],"picked":"DemoMod:HuntsMan+1","floor":25},{"not_picked":["DemoMod:MachoBrace","DemoMod:CursedBullets","DemoMod:FeignSurrender"],"picked":"DemoMod:AWP","floor":27},{"not_picked":["DemoMod:AC15","DemoMod:FastSwitch","DemoMod:Ejector"],"picked":"DemoMod:DirectionalPad+1","floor":28},{"not_picked":["DemoMod:Unmoved","DemoMod:SniperShot","DemoMod:AWP+1"],"picked":"DemoMod:TripleGun","floor":30},{"not_picked":["DemoMod:GunslingerForm","DemoMod:SAA","DemoMod:SniperShot"],"picked":"DemoMod:BlankBullets","floor":31},{"not_picked":["DemoMod:BSG","DemoMod:Desperate","DemoMod:FightSabre"],"picked":"DemoMod:FinishedGun","floor":33},{"not_picked":["DemoMod:FastSwitch","DemoMod:JK47+1","DemoMod:HungryBullets"],"picked":"DemoMod:Purify+1","floor":35},{"not_picked":["DemoMod:DoubleVision","DemoMod:Camera","DemoMod:AbyssalTentacle"],"picked":"DemoMod:ShadowBullets","floor":36},{"not_picked":["DemoMod:PracticeMakesPerfect","DemoMod:JK47","DemoMod:StickyCrossBow","DemoMod:HungryBullets"],"picked":"SKIP","floor":39},{"not_picked":["DemoMod:TripleGun","DemoMod:TeaPot","DemoMod:BoxingGlove+1"],"picked":"DemoMod:BattleInHaste","floor":41},{"not_picked":["DemoMod:TeaPot","DemoMod:MachoBrace+1","DemoMod:SAA+1"],"picked":"DemoMod:ZorGun+1","floor":44},{"not_picked":["DemoMod:ShadowBullets","DemoMod:Purify","DemoMod:Ejector+1"],"picked":"DemoMod:HighKaliber","floor":45},{"not_picked":["DemoMod:ConditionalReflex","DemoMod:FortunesFavor+1","DemoMod:BSG"],"picked":"DemoMod:TableSutra","floor":46},{"not_picked":["DemoMod:SAA","DemoMod:PracticeMakesPerfect+1","DemoMod:BoxingGlove+1"],"picked":"DemoMod:MegaHand+1","floor":57}],"player_experience":88486,"relics_obtained":[{"floor":7,"key":"YumHeart"},{"floor":9,"key":"Blue Doll"},{"floor":12,"key":"DemoMod:MonsterBlood"},{"floor":23,"key":"Question Card"},{"floor":25,"key":"Grinning Jar"},{"floor":27,"key":"Girya"},{"floor":27,"key":"GuppysPaw"},{"floor":28,"key":"TheBean"},{"floor":30,"key":"Quantum Egg"},{"floor":30,"key":"BelialBook"},{"floor":31,"key":"Whetstone"},{"floor":35,"key":"CaptainsWheel"},{"floor":36,"key":"Toy Ornithopter"},{"floor":39,"key":"DemoMod:Relodestone"},{"floor":39,"key":"Replay:Bottled Steam"},{"floor":41,"key":"StoneCalendar"},{"floor":43,"key":"Dream Catcher"},{"floor":44,"key":"GuppysHead"},{"floor":44,"key":"DemoMod:MemoryAlloy"},{"floor":46,"key":"Art of War"}],"event_choices":[{"cards_removed":["DemoMod:Strike_Huntress"],"damage_healed":0,"gold_gain":0,"player_choice":"Card Removal","damage_taken":0,"max_hp_gain":0,"max_hp_loss":0,"event_name":"The Cleric","floor":3,"gold_loss":50},{"damage_healed":0,"gold_gain":0,"player_choice":"Ignored","damage_taken":0,"max_hp_gain":0,"max_hp_loss":0,"event_name":"Liars Game","floor":4,"gold_loss":0},{"damage_healed":0,"gold_gain":0,"cards_transformed":["DemoMod:Strike_Huntress","DemoMod:Strike_Huntress"],"player_choice":"Became Test Subject","damage_taken":0,"max_hp_gain":0,"max_hp_loss":0,"event_name":"Drug Dealer","floor":29,"gold_loss":0,"cards_obtained":["DemoMod:HardPowerCard","DemoMod:AWP"]},{"damage_healed":0,"gold_gain":0,"player_choice":"Fight","damage_taken":0,"max_hp_gain":0,"max_hp_loss":0,"event_name":"Mysterious Sphere","floor":44,"gold_loss":0},{"damage_healed":0,"gold_gain":0,"player_choice":"Ignored","damage_taken":0,"max_hp_gain":0,"max_hp_loss":0,"event_name":"SecretPortal","floor":50,"gold_loss":0}],"is_beta":false,"boss_relics":[{"not_picked":["Philosopher\u0027s Stone","Snecko Eye"],"picked":"ChampionBelt"},{"not_picked":[]},{"not_picked":["Fusion Hammer","Runic Dome"],"picked":"Sozu"},{"not_picked":[]}],"items_purged_floors":[37,42,56],"is_endless":false,"potions_floor_spawned":[5,8,10,12,14,18,21,27,31,39,45,46,57],"killed_by":"Delirium","ascension_level":20}}