{"host":"pvrgpaf3ayyxxis3","time":1607953422,"event":{"mods":["2.2 Compatiblity","AchievementEnabler","Act Like it!","Ascension Unlocker","Aspiration","BaseMod","Better Note","Better Vampires","Better-Laid Plans","BetterRewards","Colored Map","Colored Powertips","Conspire","Downfall","Friendly Minions","GifTheSpireLib","Halation","Hallownest","Hermit","Hubris","Infinite Spire","Marisa????????","Mimic Mod","Minty Spire (QoL Compilation)","Permanent Neow","Random Character Button","Random Character Mod","Rare Cards Sparkle","Replay The Spire","Robot Space Explorer","SOS???????","Shop Mod","StSLib","The Bug Knight","The Construct","The Cursed","The IronCluck","The Jungle","The Runesmith","The Servant 0.9.4","Uncapped","everything is the same but u backflip on backflip","vexMod","???Mod??????Boss"],"gold_per_floor":[111,126,126,44,57,86,86,103,129,146,146,165,165,180,180,284,284,313,42,42,42,42,42],"floor_reached":22,"playtime":1727,"items_purged":[],"score":336,"play_id":"97188b69-da6b-4858-a86d-6e7470cb8210","local_time":"20201214134342","is_ascension_mode":false,"campfire_choices":[{"data":"RobotSpaceExplorer:StarDust","floor":7,"key":"SMITH"},{"data":"RobotSpaceExplorer:PowerGlove","floor":11,"key":"SMITH"},{"floor":15,"key":"REST"}],"circlet_count":0,"master_deck":["RobotSpaceExplorer:Strike","RobotSpaceExplorer:Strike","RobotSpaceExplorer:Strike","RobotSpaceExplorer:Strike","RobotSpaceExplorer:Defend","RobotSpaceExplorer:Defend","RobotSpaceExplorer:Defend","RobotSpaceExplorer:Defend","RobotSpaceExplorer:Scan","RobotSpaceExplorer:MiniLasers","RobotSpaceExplorer:Comet","RobotSpaceExplorer:StarDust+1","RobotSpaceExplorer:ScrapMissile","RobotSpaceExplorer:LuckyFind","RobotSpaceExplorer:PowerGlove+1","RobotSpaceExplorer:MiniBoosters","RobotSpaceExplorer:Electropulse","RobotSpaceExplorer:ScrapToss","RobotSpaceExplorer:Electropulse","RobotSpaceExplorer:ShovelStrike","hubris:Greed","RobotSpaceExplorer:ShockKick","RobotSpaceExplorer:Accelerator","hubris:Greed","hubris:Greed","RobotSpaceExplorer:MiniBoosters+1","RobotSpaceExplorer:ImprovisedAttack","RobotSpaceExplorer:LaserBurst","Replay:SS_hec_2","RobotSpaceExplorer:IronShell","hermit:CalledShot","hubris:Greed","hubris:Greed","hubris:Greed"],"relics":["RobotSpaceExplorer:RoboCore","construct:FoamFinger","Centennial Puzzle","hubris:DisguiseKit","SacredBark"],"acts_visited":["Exordium","Exordium"],"potions_floor_usage":[],"damage_taken":[{"damage":2,"enemies":"Small Slimes","floor":1,"turns":3},{"damage":0,"enemies":"Cultist","floor":2,"turns":3},{"damage":0,"enemies":"2 Louse","floor":5,"turns":2},{"damage":0,"enemies":"HollowMod:MossKnight","floor":6,"turns":6},{"damage":22,"enemies":"Exordium Thugs","floor":8,"turns":3},{"damage":0,"enemies":"Large Slime","floor":10,"turns":4},{"damage":22,"enemies":"Exordium Wildlife","floor":12,"turns":2},{"damage":10,"enemies":"Exordium Thugs","floor":14,"turns":3},{"damage":33,"enemies":"Hexaghost","floor":16,"turns":7},{"damage":43,"enemies":"theJungle:MUSHROOMGANG","floor":18,"turns":5},{"damage":34,"enemies":"theJungle:Flameango_and_Byrd","floor":22,"turns":5}],"seed_played":"-5634429331791629402","potions_obtained":[{"floor":5,"key":"DuplicationPotion"},{"floor":6,"key":"Strength Potion"},{"floor":16,"key":"Energy Potion"}],"is_trial":false,"path_per_floor":["M","M","?","$","M","E","R","M","T","M","R","M","?","M","R","B",null,"M","$","?","?","M"],"character_chosen":"RobotSpaceExplorer","items_purchased":["RobotSpaceExplorer:PowerGlove","RobotSpaceExplorer:ImprovisedAttack","RobotSpaceExplorer:LaserBurst","Replay:SS_hec_2","RobotSpaceExplorer:IronShell"],"campfire_rested":1,"item_purchase_floors":[4,19,19,19,19],"current_hp_per_floor":[73,73,73,73,73,73,73,51,51,51,51,29,29,19,41,8,75,32,32,32,32,0,0],"gold":42,"neow_bonus":"ONE_RANDOM_RARE_CARD","is_daily":false,"chose_seed":false,"campfire_upgraded":2,"win_rate":0.0,"timestamp":1607953422,"path_taken":["M","M","?","?","M","E","R","M","T","M","R","?","?","M","R","BOSS","M","$","?","?","?"],"items_purchased_type":["Card","Card","Card","Card","Card"],"build_version":"2020-12-13","purchased_purges":0,"victory":false,"max_hp_per_floor":[75,75,75,75,75,75,75,75,75,75,75,75,75,75,75,75,75,75,75,75,75,75,75],"card_choices":[{"not_picked":["RobotSpaceExplorer:SlimeMissile","RobotSpaceExplorer:Counterblock"],"picked":"RobotSpaceExplorer:StarDust","floor":1},{"not_picked":["RobotSpaceExplorer:SelfCleaning","RobotSpaceExplorer:Electropulse"],"picked":"RobotSpaceExplorer:ScrapMissile","floor":2},{"not_picked":["RobotSpaceExplorer:SwiftStep","RobotSpaceExplorer:PlasmaMissile"],"picked":"RobotSpaceExplorer:MiniBoosters","floor":5},{"not_picked":["RobotSpaceExplorer:BigMissile","RobotSpaceExplorer:DoubleFind"],"picked":"RobotSpaceExplorer:Electropulse","floor":6},{"not_picked":["RobotSpaceExplorer:SlimeMissile","RobotSpaceExplorer:Probe"],"picked":"RobotSpaceExplorer:ScrapToss","floor":8},{"not_picked":["RobotSpaceExplorer:ScrapToss","RobotSpaceExplorer:Counterblock"],"picked":"RobotSpaceExplorer:Electropulse","floor":10},{"not_picked":["RobotSpaceExplorer:ShockKick","RobotSpaceExplorer:Explosion"],"picked":"RobotSpaceExplorer:ShovelStrike","floor":12},{"not_picked":["RobotSpaceExplorer:ScrapToss","RobotSpaceExplorer:GlueSpray","HollowMod:VengefulVoid"],"picked":"RobotSpaceExplorer:ShockKick","floor":14},{"not_picked":["RobotSpaceExplorer:Asteroid","RobotSpaceExplorer:ShockMissile","HollowMod:Hiveblood"],"picked":"RobotSpaceExplorer:Accelerator","floor":16},{"not_picked":["RobotSpaceExplorer:MiniDrones","RobotSpaceExplorer:PlasmaMissile","HollowMod:SiblingsSouls"],"picked":"RobotSpaceExplorer:MiniBoosters+1","floor":18}],"player_experience":19069,"relics_obtained":[{"floor":6,"key":"construct:FoamFinger"},{"floor":9,"key":"Centennial Puzzle"}],"event_choices":[{"damage_healed":0,"gold_gain":0,"player_choice":"1 cards matched","damage_taken":0,"max_hp_gain":0,"max_hp_loss":0,"event_name":"Match and Keep!","floor":3,"gold_loss":0,"cards_obtained":["RobotSpaceExplorer:LuckyFind"]},{"cards_removed":["RobotSpaceExplorer:PowerGlove"],"damage_healed":0,"gold_gain":0,"player_choice":"Take \u0026 Give","damage_taken":0,"max_hp_gain":0,"max_hp_loss":0,"event_name":"betterNote:BetterNote","floor":20,"gold_loss":0,"cards_obtained":["hermit:CalledShot"]},{"damage_healed":0,"gold_gain":0,"player_choice":"Leave","damage_taken":0,"max_hp_gain":0,"max_hp_loss":0,"event_name":"conspire:Investor","floor":21,"gold_loss":0}],"is_beta":false,"boss_relics":[{"not_picked":["halation:HeavySnake","aspiration:WatcherSkillbook"],"picked":"SacredBark"}],"items_purged_floors":[],"is_endless":false,"potions_floor_spawned":[5,6,12,16],"killed_by":"theJungle:Flameango_and_Byrd","ascension_level":0}}