{"host":"5f8ute538gzudddu","time":1607904760,"event":{"mods":["BaseMod","Highlight Path","Minty Spire (QoL Compilation)","Relic Stats","StSLib"],"gold_per_floor":[112,57,70,70,87,114,130,130,130],"floor_reached":8,"playtime":257,"items_purged":[],"score":116,"play_id":"74d0ee6b-12fb-46b7-ba34-a28258a00e66","local_time":"20201213161240","is_ascension_mode":true,"campfire_choices":[],"circlet_count":0,"master_deck":["AscendersBane","Strike_P","Strike_P","Strike_P","Strike_P","Defend_P","Defend_P","Defend_P","Defend_P","Eruption","Vigilance","WheelKick","BattleHymn","Swivel","Halt","Adaptation"],"relics":["SlaversCollar","CultistMask","Strawberry"],"acts_visited":["Exordium"],"potions_floor_usage":[7],"damage_taken":[{"damage":12.0,"enemies":"Cultist","floor":1.0,"turns":3.0},{"damage":19.0,"enemies":"Jaw Worm","floor":3.0,"turns":4.0},{"damage":5.0,"enemies":"2 Louse","floor":5.0,"turns":3.0},{"damage":14.0,"enemies":"Gremlin Nob","floor":6.0,"turns":3.0},{"damage":5,"enemies":"Gremlin Gang","floor":7,"turns":4},{"damage":24,"enemies":"3 Sentries","floor":8,"turns":4}],"seed_played":"5992802685077834393","potions_obtained":[{"floor":3.0,"key":"Dexterity Potion"}],"is_trial":false,"path_per_floor":["M","$","M","?","M","E","M","E"],"character_chosen":"WATCHER","items_purchased":["Explosive Potion"],"campfire_rested":0,"item_purchase_floors":[2],"current_hp_per_floor":[49,49,30,30,25,18,13,0,0],"gold":130,"neow_bonus":"BOSS_RELIC","is_daily":false,"chose_seed":false,"campfire_upgraded":0,"win_rate":0.0,"timestamp":1607904760,"path_taken":["M","?","M","?","M","E","?","E"],"items_purchased_type":["Potion"],"build_version":"2020-12-13","purchased_purges":0,"victory":false,"max_hp_per_floor":[68,68,68,68,68,75,75,75,75],"relic_stats":{"counters":[6,21],"obtain_stats":[{"SlaversCollar":0,"Strawberry":6,"CultistMask":4,"PureWater":0},{"SlaversCollar":0,"Strawberry":4,"CultistMask":2,"PureWater":0},{"SlaversCollar":0,"Strawberry":13,"CultistMask":7,"PureWater":0}]},"card_choices":[{"not_picked":["CrushJoints","Consecrate"],"picked":"WheelKick","floor":1.0},{"not_picked":["PathToVictory","Study"],"picked":"BattleHymn","floor":3.0},{"not_picked":["InnerPeace","Evaluate"],"picked":"Swivel","floor":5.0},{"not_picked":["Prostrate","Evaluate"],"picked":"Halt","floor":6.0},{"not_picked":["DeceiveReality","Prostrate"],"picked":"Adaptation","floor":7}],"player_experience":875164,"relics_obtained":[{"floor":6.0,"key":"Strawberry"}],"event_choices":[{"damage_healed":0.0,"max_hp_gain":0.0,"max_hp_loss":0.0,"gold_gain":0.0,"event_name":"FaceTrader","player_choice":"Trade","floor":4.0,"gold_loss":0.0,"damage_taken":0.0,"relics_obtained":["CultistMask"]}],"is_beta":false,"boss_relics":[],"items_purged_floors":[],"is_endless":false,"potions_floor_spawned":[3],"killed_by":"3 Sentries","ascension_level":20}}