{"host":"Rich","time":1607979796,"event":{"mods":["AchievementEnabler","BaseMod","Highlight Path","Minty Spire (QoL Compilation)","Relic Stats"],"gold_per_floor":[109,109,34,34,49,49,63,63,110,110,110],"floor_reached":10,"playtime":265,"items_purged":["Normality"],"score":112,"play_id":"83f2aeb4-f279-4d7b-8bee-51af48ef392c","local_time":"20201214160316","is_ascension_mode":true,"campfire_choices":[{"data":"Body Slam","floor":6,"key":"SMITH"}],"circlet_count":0,"master_deck":["AscendersBane","Strike_R","Strike_R","Strike_R","Strike_R","Defend_R","Defend_R","Defend_R","Defend_R","Bash","Barricade","Body Slam+1","Seeing Red","Armaments"],"relics":["Burning Blood","Golden Idol","Pen Nib"],"acts_visited":["Exordium"],"potions_floor_usage":[7],"damage_taken":[{"damage":16,"enemies":"Jaw Worm","floor":1,"turns":5},{"damage":7,"enemies":"2 Louse","floor":5,"turns":5},{"damage":4,"enemies":"Cultist","floor":7,"turns":5},{"damage":15,"enemies":"3 Sentries","floor":10,"turns":3}],"seed_played":"9080967191073914716","potions_obtained":[{"floor":4,"key":"SteroidPotion"},{"floor":4,"key":"Weak Potion"}],"is_trial":false,"path_per_floor":["M","?","$","?","M","R","M","?","T","E"],"character_chosen":"IRONCLAD","items_purchased":[],"campfire_rested":0,"item_purchase_floors":[],"current_hp_per_floor":[58,58,58,58,57,57,59,59,59,44,44],"gold":110,"neow_bonus":"THREE_RARE_CARDS","is_daily":false,"chose_seed":false,"campfire_upgraded":1,"win_rate":0.0,"timestamp":1607979796,"path_taken":["M","?","$","?","?","R","M","?","T","E"],"items_purchased_type":[],"build_version":"2020-12-07","purchased_purges":1,"victory":false,"max_hp_per_floor":[75,68,68,68,68,68,68,68,68,68,68],"relic_stats":{"counters":[4,18],"Golden Idol":6,"Pen Nib":[0],"obtain_stats":[{"Golden Idol":2,"Pen Nib":9,"Burning Blood":0},{"Golden Idol":1,"Pen Nib":3,"Burning Blood":0},{"Golden Idol":5,"Pen Nib":15,"Burning Blood":0}],"Burning Blood":18},"card_choices":[{"not_picked":["Bludgeon","Limit Break"],"picked":"Barricade","floor":0},{"not_picked":["Perfected Strike","Warcry"],"picked":"Body Slam","floor":1},{"not_picked":["Warcry","Wild Strike"],"picked":"Seeing Red","floor":5},{"not_picked":["Perfected Strike","Rupture"],"picked":"Armaments","floor":7}],"player_experience":1900751,"relics_obtained":[{"floor":9,"key":"Pen Nib"}],"event_choices":[{"damage_healed":0,"gold_gain":0,"player_choice":"Lose Max HP","damage_taken":0,"relics_obtained":["Golden Idol"],"max_hp_gain":0,"max_hp_loss":7,"event_name":"Golden Idol","floor":2,"gold_loss":0},{"damage_healed":0,"gold_gain":0,"player_choice":"Got Potions","damage_taken":0,"max_hp_gain":0,"max_hp_loss":0,"event_name":"Lab","floor":4,"gold_loss":0},{"cards_removed":["Strike_R"],"damage_healed":0,"gold_gain":0,"player_choice":"Offered Basic","damage_taken":0,"max_hp_gain":0,"max_hp_loss":0,"event_name":"Bonfire Elementals","floor":8,"gold_loss":0}],"is_beta":true,"boss_relics":[],"items_purged_floors":[3],"is_endless":false,"potions_floor_spawned":[5],"killed_by":"3 Sentries","ascension_level":20}}