{"host":"dcj2yvrgcvh5dl2s","time":1607981288,"event":{"mods":["BaseMod","Better Note","Block Reminder","Colored Powertips","DeckTracker","Minty Spire (QoL Compilation)","Quick Restart","Rare Cards Sparkle","Relic Stats","StSLib"],"gold_per_floor":[11,11,186,186,205,205,205],"floor_reached":6,"playtime":1113,"items_purged":[],"score":49,"play_id":"2be8c5b9-41b5-4cc9-9245-441030288a49","local_time":"20201215072808","is_ascension_mode":true,"campfire_choices":[],"circlet_count":0,"master_deck":["Strike_R","Strike_R","Strike_R","Strike_R","Strike_R","Defend_R","Defend_R","Defend_R","Defend_R","Bash","Violence","Doubt"],"relics":["Burning Blood","Golden Idol","Gambling Chip"],"acts_visited":["Exordium"],"potions_floor_usage":[],"damage_taken":[{"damage":8.0,"enemies":"2 Louse","floor":1.0,"turns":3.0},{"damage":12.0,"enemies":"Jaw Worm","floor":5.0,"turns":3.0},{"damage":0,"enemies":"Lagavulin","floor":6,"turns":1}],"seed_played":"-6959263713630255436","potions_obtained":[],"is_trial":false,"path_per_floor":["M","?","?","T","M","E"],"character_chosen":"IRONCLAD","items_purchased":[],"campfire_rested":0,"item_purchase_floors":[],"current_hp_per_floor":[70,70,70,70,64,64,64],"gold":205,"neow_bonus":"RANDOM_COLORLESS_2","is_daily":false,"chose_seed":false,"campfire_upgraded":0,"win_rate":0.0,"timestamp":1607981288,"path_taken":["M","?","?","?","M","E"],"items_purchased_type":[],"build_version":"2020-12-13","purchased_purges":0,"victory":false,"max_hp_per_floor":[80,74,74,74,74,74,74],"relic_stats":{"counters":[3,7],"Golden Idol":4,"Gambling Chip":[6],"obtain_stats":[{"Golden Idol":2,"Gambling Chip":4,"Burning Blood":0},{"Golden Idol":1,"Gambling Chip":1,"Burning Blood":0},{"Golden Idol":3,"Gambling Chip":3,"Burning Blood":0}],"Burning Blood":12},"card_choices":[{"not_picked":["HandOfGreed","Panache"],"picked":"Violence","floor":0.0},{"not_picked":["Bloodletting","Perfected Strike","Combust"],"picked":"SKIP","floor":1.0},{"not_picked":["Flame Barrier","Wild Strike","Armaments"],"picked":"SKIP","floor":5.0}],"player_experience":1962087,"relics_obtained":[{"floor":4.0,"key":"Gambling Chip"}],"event_choices":[{"damage_healed":0.0,"max_hp_gain":0.0,"max_hp_loss":6.0,"gold_gain":0.0,"event_name":"Golden Idol","player_choice":"Lose Max HP","floor":2.0,"gold_loss":0.0,"damage_taken":0.0,"relics_obtained":["Golden Idol"]},{"damage_healed":0.0,"max_hp_gain":0.0,"max_hp_loss":0.0,"gold_gain":175.0,"event_name":"Liars Game","player_choice":"AGREE","floor":3.0,"gold_loss":0.0,"damage_taken":0.0,"cards_obtained":["Doubt"]}],"is_beta":false,"boss_relics":[],"items_purged_floors":[],"is_endless":false,"potions_floor_spawned":[],"killed_by":"Lagavulin","ascension_level":9}}