{"host":"p245q48pmopyklqs","time":1607940791,"event":{"mods":["AchievementEnabler","BaseMod","DeckTracker","Minty Spire (QoL Compilation)","Relic Stats","StSLib","SuperFastMode"],"gold_per_floor":[117,130,145,158,158,158,170,201,201,201,217,230,230,259,259,336,336,312,312,65,83,83,83,108,121,169,169,182,182,182,182,182,254,254,266,541,541,541],"floor_reached":37,"playtime":768,"items_purged":["Strike_R"],"score":1098,"play_id":"56d15553-72b9-4d07-a1ad-f38318b78ecd","local_time":"20201214191311","is_ascension_mode":true,"campfire_choices":[{"data":"Bludgeon","floor":6,"key":"SMITH"},{"data":"Seeing Red","floor":10,"key":"SMITH"},{"data":"Fire Breathing","floor":13,"key":"SMITH"},{"data":"Entrench","floor":15,"key":"SMITH"},{"data":"Demon Form","floor":23,"key":"SMITH"},{"data":"Corruption","floor":27,"key":"SMITH"},{"data":"Evolve","floor":30,"key":"SMITH"},{"floor":32,"key":"RECALL"}],"circlet_count":0,"master_deck":["AscendersBane","Strike_R","Strike_R","Defend_R","Defend_R","Defend_R","Defend_R","Bash","Bludgeon+1","Fire Breathing+1","Seeing Red+1","Shrug It Off","Power Through","Entrench+1","Demon Form+1","Evolve+1","Ghostly","Ghostly","Ghostly","Corruption+1","Sentinel","Clash","Shrug It Off","Regret"],"relics":["Burning Blood","Akabeko","Turnip","TungstenRod","Mark of Pain","Happy Flower","Dead Branch","Strawberry","Fusion Hammer"],"acts_visited":["Exordium","TheCity","TheBeyond"],"potions_floor_usage":[7,14,16],"damage_taken":[{"damage":1.0,"enemies":"Cultist","floor":1.0,"turns":3.0},{"damage":2.0,"enemies":"2 Louse","floor":2.0,"turns":2.0},{"damage":4.0,"enemies":"Small Slimes","floor":3.0,"turns":3.0},{"damage":11.0,"enemies":"2 Fungi Beasts","floor":4.0,"turns":3.0},{"damage":12,"enemies":"Red Slaver","floor":7,"turns":5},{"damage":32,"enemies":"Gremlin Nob","floor":8,"turns":4},{"damage":8,"enemies":"Exordium Wildlife","floor":11,"turns":3},{"damage":11,"enemies":"2 Fungi Beasts","floor":12,"turns":3},{"damage":0,"enemies":"Lagavulin","floor":14,"turns":6},{"damage":0,"enemies":"Slime Boss","floor":16,"turns":4},{"damage":10,"enemies":"2 Thieves","floor":18,"turns":4},{"damage":22,"enemies":"Shell Parasite","floor":21,"turns":5},{"damage":7,"enemies":"Book of Stabbing","floor":24,"turns":6},{"damage":0,"enemies":"Snake Plant","floor":25,"turns":3},{"damage":0,"enemies":"3 Cultists","floor":28,"turns":4},{"damage":9,"enemies":"Champ","floor":33,"turns":6},{"damage":0,"enemies":"Orb Walker","floor":35,"turns":3},{"damage":48,"enemies":"3 Darklings","floor":37,"turns":2}],"seed_played":"-3376446098943646146","potions_obtained":[{"floor":2.0,"key":"PowerPotion"},{"floor":4.0,"key":"GamblersBrew"},{"floor":7,"key":"LiquidMemories"},{"floor":14,"key":"BloodPotion"},{"floor":16,"key":"Ancient Potion"},{"floor":24,"key":"BloodPotion"}],"is_trial":false,"path_per_floor":["M","M","M","M","?","R","M","E","T","R","M","M","R","E","R","B",null,"M","?","$","M","?","R","E","M","T","R","M","?","R","?","R","B",null,"M","?","M"],"character_chosen":"IRONCLAD","items_purchased":["Happy Flower"],"campfire_rested":0,"item_purchase_floors":[20],"current_hp_per_floor":[73,75,75,70,70,70,64,38,38,38,36,31,31,37,37,43,67,63,63,63,47,37,37,36,37,44,44,44,44,44,44,44,41,43,44,44,0,0],"gold":541,"neow_bonus":"ONE_RANDOM_RARE_CARD","is_daily":false,"chose_seed":false,"campfire_upgraded":7,"win_rate":0.0,"timestamp":1607940791,"path_taken":["M","M","M","?","?","R","M","E","T","R","M","M","R","E","R","BOSS","M","?","$","M","?","R","E","M","T","R","M","?","R","?","R","BOSS","M","?","M"],"items_purchased_type":["Relic"],"build_version":"2020-12-13","purchased_purges":1,"victory":false,"max_hp_per_floor":[75,75,75,75,75,75,75,75,75,75,75,75,75,75,75,75,75,75,75,75,75,37,37,37,37,44,44,44,44,44,44,44,44,44,44,44,44,44],"relic_stats":{"Happy Flower":[9],"counters":[18,69],"Dead Branch":[66],"Turnip":[9],"obtain_stats":[{"Happy Flower":20,"Dead Branch":24,"Strawberry":26,"Turnip":9,"Mark of Pain":17,"Fusion Hammer":34,"Burning Blood":0,"Akabeko":8,"TungstenRod":14},{"Happy Flower":11,"Dead Branch":13,"Strawberry":14,"Turnip":6,"Mark of Pain":10,"Fusion Hammer":16,"Burning Blood":0,"Akabeko":6,"TungstenRod":9},{"Happy Flower":40,"Dead Branch":51,"Strawberry":54,"Turnip":20,"Mark of Pain":36,"Fusion Hammer":64,"Burning Blood":0,"Akabeko":20,"TungstenRod":32}],"Burning Blood":82,"TungstenRod":26},"card_choices":[{"not_picked":["Cleave","Flex"],"picked":"Fire Breathing","floor":1.0},{"not_picked":["Second Wind","Battle Trance"],"picked":"Seeing Red","floor":2.0},{"not_picked":["Rage","True Grit","Headbutt"],"picked":"SKIP","floor":3.0},{"not_picked":["Clash","Sword Boomerang"],"picked":"Shrug It Off","floor":4.0},{"not_picked":["Clothesline","Spot Weakness","Wild Strike"],"picked":"SKIP","floor":7},{"not_picked":["Iron Wave","Combust","Berserk"],"picked":"SKIP","floor":8},{"not_picked":["Shrug It Off","Iron Wave"],"picked":"Power Through","floor":11},{"not_picked":["Armaments","Clash","Thunderclap"],"picked":"SKIP","floor":12},{"not_picked":["Flex","Twin Strike"],"picked":"Entrench","floor":14},{"not_picked":["Reaper","Limit Break"],"picked":"Demon Form","floor":16},{"not_picked":["Armaments","Spot Weakness","Shrug It Off"],"picked":"SKIP","floor":18},{"not_picked":["Anger","Pummel","Metallicize"],"picked":"SKIP","floor":21},{"not_picked":["Headbutt+1","Perfected Strike"],"picked":"Corruption","floor":24},{"not_picked":["Armaments","Evolve","Iron Wave"],"picked":"SKIP","floor":25},{"not_picked":["Armaments","True Grit","Reckless Charge+1"],"picked":"SKIP","floor":28},{"not_picked":["Heavy Blade+1","Perfected Strike"],"picked":"Shrug It Off","floor":35}],"player_experience":2261433,"relics_obtained":[{"floor":8,"key":"Akabeko"},{"floor":9,"key":"Turnip"},{"floor":14,"key":"TungstenRod"},{"floor":24,"key":"Dead Branch"},{"floor":26,"key":"Strawberry"}],"event_choices":[{"damage_healed":0,"gold_gain":0,"player_choice":"Ignored","damage_taken":0,"max_hp_gain":0,"max_hp_loss":0,"event_name":"Liars Game","floor":5,"gold_loss":0},{"damage_healed":0,"gold_gain":0,"player_choice":"Read","damage_taken":0,"max_hp_gain":0,"max_hp_loss":0,"event_name":"The Library","floor":19,"gold_loss":0,"cards_obtained":["Evolve"]},{"damage_healed":0,"gold_gain":0,"player_choice":"Became a Ghost","damage_taken":0,"max_hp_gain":0,"max_hp_loss":38,"event_name":"Ghosts","floor":22,"gold_loss":0,"cards_obtained":["Ghostly","Ghostly","Ghostly"]},{"damage_healed":0,"gold_gain":0,"cards_transformed":["Strike_R","Strike_R"],"player_choice":"Became Test Subject","damage_taken":0,"max_hp_gain":0,"max_hp_loss":0,"event_name":"Drug Dealer","floor":29,"gold_loss":0,"cards_obtained":["Sentinel","Clash"]},{"damage_healed":0,"gold_gain":0,"player_choice":"Got Potions","damage_taken":0,"max_hp_gain":0,"max_hp_loss":0,"event_name":"Lab","floor":31,"gold_loss":0},{"damage_healed":0,"gold_gain":275,"player_choice":"Desecrate","damage_taken":0,"max_hp_gain":0,"max_hp_loss":0,"event_name":"Golden Shrine","floor":36,"gold_loss":0,"cards_obtained":["Regret"]}],"is_beta":false,"boss_relics":[{"not_picked":["Black Blood","Astrolabe"],"picked":"Mark of Pain"},{"not_picked":["Cursed Key","Empty Cage"],"picked":"Fusion Hammer"}],"items_purged_floors":[20],"is_endless":false,"potions_floor_spawned":[2,4,7,11,12,14,16,18,24,28],"killed_by":"3 Darklings","ascension_level":20}}