{"host":"cxizwatl5v7zq6a5","time":1607926530,"event":{"mods":["AchievementEnabler","Act Like it!","BaseMod","Colored Map","Colored Powertips","Downfall","Friendly Minions","Gensokyo","Hermit","HololiveMod","Hubris","Infinite Spire","Marisa????????","Minty Spire (QoL Compilation)","Quick Restart","READ ME - Guardian Mod","Rare Cards Sparkle","Remilia??????","Replay The Spire","StSLib","The Cursed","The Jungle","The Servant 0.9.4"],"gold_per_floor":[116,116,116,133,133,162,162,174,174,191,248,248,265,440,440,541,541,558,558,558,468,485,485,519,541,578,590,619,642,654,654],"floor_reached":30,"playtime":1186,"items_purged":[],"score":289,"play_id":"02d8ec71-7fe4-4ebc-9d76-71fd169a83ed","local_time":"20201214141530","is_ascension_mode":true,"campfire_choices":[{"data":"infinitespire:Starlight","floor":12.0,"key":"SMITH"},{"data":"Strike_R","floor":15.0,"key":"SMITH"},{"floor":23,"key":"REST"},{"floor":27,"key":"REST"}],"circlet_count":0,"master_deck":["Strike_R","Strike_R","Strike_R","Strike_R+1","Strike_R","Defend_R","Defend_R","Defend_R","Defend_R","Bash+1","Clash","Flame Barrier","Double Tap","infinitespire:Starlight+1","Rage","Ghostly Armor","Wild Strike+1","Whirlwind","Bludgeon","Armaments","Flame Barrier","Inflame","Rage+1","hubris:CleavingFinish+1","Sentinel+1"],"relics":["Burning Blood","NeowsBlessing","Bag of Preparation","infinitespire:EmpoweringShard","Replay:Accelerometer","Ring of Chaos","MawBank","Boot"],"acts_visited":["Exordium","TheCity"],"potions_floor_usage":[16,16,25,30,30],"damage_taken":[{"damage":0.0,"enemies":"Small Slimes","floor":1.0,"turns":1.0},{"damage":0.0,"enemies":"Jaw Worm","floor":4.0,"turns":1.0},{"damage":0.0,"enemies":"Gremlin Nob","floor":6.0,"turns":1.0},{"damage":6.0,"enemies":"2 Louse","floor":8.0,"turns":3.0},{"damage":12.0,"enemies":"Blue Slaver","floor":10.0,"turns":3.0},{"damage":24.0,"enemies":"Gremlin Nob","floor":11.0,"turns":4.0},{"damage":17.0,"enemies":"Large Slime","floor":13.0,"turns":6.0},{"damage":71,"enemies":"Hexaghost","floor":16,"turns":14},{"damage":30,"enemies":"Spheric Guardian","floor":18,"turns":4},{"damage":26,"enemies":"2 Thieves","floor":22,"turns":4},{"damage":31,"enemies":"Replay:Snechameleon","floor":24,"turns":8},{"damage":31,"enemies":"3 Cultists","floor":25,"turns":5},{"damage":39,"enemies":"Centurion and Healer","floor":28,"turns":8},{"damage":18,"enemies":"Snecko","floor":29,"turns":5},{"damage":68,"enemies":"Nightmare","floor":30,"turns":7}],"seed_played":"8288238087471839431","potions_obtained":[{"floor":1.0,"key":"Explosive Potion"},{"floor":6.0,"key":"SteroidPotion"},{"floor":10.0,"key":"Adrenaline Potion"},{"floor":18,"key":"Dexterity Potion"},{"floor":24,"key":"champ:CounterPotion"},{"floor":28,"key":"ColorlessPotion"}],"is_trial":false,"path_per_floor":["M","$","?","M","?","E","?","M","T","M","?","R","M","?","R","B",null,"M","?","?","?","M","R","E","M","T","R","M","M","NM"],"character_chosen":"IRONCLAD","items_purchased":[],"campfire_rested":2,"item_purchase_floors":[],"current_hp_per_floor":[80,80,80,80,80,80,60,70,70,74,66,66,70,70,70,20,80,56,56,41,41,36,61,51,41,41,66,48,51,0,0],"gold":654,"neow_bonus":"THREE_ENEMY_KILL","is_daily":false,"chose_seed":false,"campfire_upgraded":2,"win_rate":0.0,"timestamp":1607926530,"path_taken":["M","$","?","M","?","E","?","M","T","?","?","R","M","?","R","BOSS","M","?","?","?","M","R","E","?","T","R","M","M","NM"],"items_purchased_type":[],"build_version":"2020-12-13","purchased_purges":0,"victory":false,"max_hp_per_floor":[80,80,80,80,80,80,80,80,80,80,80,80,80,80,80,80,80,80,80,85,85,85,85,85,85,85,85,85,85,85,85],"card_choices":[{"not_picked":["True Grit","Warcry"],"picked":"Clash","floor":1.0},{"not_picked":["ReplayTheSpireMod:Limb From Limb","Replay:Undeath\u0027s Touch"],"picked":"Flame Barrier","floor":4.0},{"not_picked":["Sever Soul","Sword Boomerang"],"picked":"Double Tap","floor":6.0},{"not_picked":["infinitespire:SevenWalls","ReplayTheSpireMod:Haul"],"picked":"infinitespire:Starlight","floor":7.0},{"not_picked":["Armaments","Headbutt"],"picked":"Rage","floor":8.0},{"not_picked":["Whirlwind","Evolve"],"picked":"Ghostly Armor","floor":10.0},{"not_picked":["Perfected Strike","Headbutt"],"picked":"Wild Strike","floor":11.0},{"not_picked":["Clothesline","Twin Strike"],"picked":"Whirlwind","floor":13.0},{"not_picked":["Fiend Fire","Limit Break"],"picked":"Bludgeon","floor":16},{"not_picked":["Anger","Cleave"],"picked":"Armaments","floor":18},{"not_picked":["Twin Strike","Heavy Blade"],"picked":"Flame Barrier","floor":22},{"not_picked":["Headbutt","Massacre"],"picked":"Inflame","floor":24},{"not_picked":["ReplayTheSpireMod:Corrosion Curse","Body Slam"],"picked":"Rage+1","floor":25},{"not_picked":["Anger","Thunderclap"],"picked":"hubris:CleavingFinish+1","floor":28},{"not_picked":["Fire Breathing","Run Through"],"picked":"Sentinel+1","floor":29}],"player_experience":106696,"relics_obtained":[{"floor":6.0,"key":"Bag of Preparation"},{"floor":9.0,"key":"infinitespire:EmpoweringShard"},{"floor":24,"key":"MawBank"},{"floor":26,"key":"Boot"}],"event_choices":[{"damage_healed":0.0,"max_hp_gain":0.0,"max_hp_loss":0.0,"gold_gain":0.0,"event_name":"Living Wall","player_choice":"Grow","floor":3.0,"gold_loss":0.0,"damage_taken":0.0,"cards_upgraded":["Bash"]},{"damage_healed":0.0,"max_hp_gain":0.0,"max_hp_loss":0.0,"gold_gain":0.0,"event_name":"Dead Adventurer","player_choice":"Searched \u00273\u0027 times","floor":11.0,"gold_loss":0.0,"damage_taken":0.0,"relics_obtained":["Replay:Accelerometer"]},{"damage_healed":0.0,"max_hp_gain":0.0,"max_hp_loss":0.0,"gold_gain":175.0,"event_name":"Liars Game","player_choice":"AGREE","floor":14.0,"gold_loss":0.0,"damage_taken":0.0,"cards_obtained":["Doubt"]},{"damage_healed":0,"gold_gain":0,"player_choice":"Shed Blood","damage_taken":20,"max_hp_gain":5,"max_hp_loss":0,"event_name":"Forgotten Altar","floor":20,"gold_loss":0},{"cards_removed":["Doubt"],"damage_healed":0,"gold_gain":0,"player_choice":"Upgrade and Remove","damage_taken":0,"max_hp_gain":0,"max_hp_loss":0,"event_name":"Designer","floor":21,"gold_loss":90,"cards_upgraded":["Wild Strike"]}],"is_beta":false,"boss_relics":[{"not_picked":["hubris:TerracottaHorce","Fusion Hammer"],"picked":"Ring of Chaos"}],"items_purged_floors":[],"is_endless":false,"potions_floor_spawned":[1,6,10,13,18,24,28],"killed_by":"Nightmare","ascension_level":1}}