{"host":"kda2p2afd6bvz6qo","time":1607988483,"event":{"mods":["BaseMod","Colored Map","Minty Spire (QoL Compilation)","Relic Stats"],"gold_per_floor":[116,135,135,181,196,230,230,265,265,275,9,28,28,42,42,144,144,159,159,172,191,204,204,230,230,254,283,295,321,390,3,3,103,103,117,135,99,99,29,54,81,106,106,106,156,190,44,61,61,61],"floor_reached":51,"playtime":2959,"items_purged":["Strike_G"],"score":1179,"play_id":"e4976055-1399-46d5-9bc8-8e4fa455f829","local_time":"20201214232803","is_ascension_mode":true,"campfire_choices":[{"floor":7.0,"key":"REST"},{"data":"Footwork","floor":13.0,"key":"SMITH"},{"floor":15.0,"key":"REST"},{"data":"Phantasmal Killer","floor":23.0,"key":"SMITH"},{"data":"Night Terror","floor":25.0,"key":"SMITH"},{"data":"Blade Dance","floor":32.0,"key":"SMITH"},{"data":"Noxious Fumes","floor":44,"key":"SMITH"},{"data":"Good Instincts","floor":49,"key":"SMITH"}],"circlet_count":0,"master_deck":["Strike_G","Strike_G","Strike_G","Defend_G","Defend_G","Defend_G","Defend_G+1","Defend_G","Survivor","Neutralize","Quick Slash","Bane","Leg Sweep","Deadly Poison+1","Venomology","Backstab","Backflip","Footwork+1","Blade Dance+1","Phantasmal Killer+1","CurseOfTheBell","PiercingWail","Acrobatics+1","Cloak And Dagger+1","Terror+1","Night Terror+1","Riddle With Holes+1","Footwork+1","Caltrops","Corpse Explosion","Noxious Fumes+1","Good Instincts+1","Caltrops","Deflect+1"],"relics":["Runic Dome","Lantern","Strawberry","Kunai","CaptainsWheel","Gremlin Horn","Calling Bell","Eternal Feather","Unceasing Top","War Paint","Darkstone Periapt","Bottled Lightning","MealTicket","Calipers","Pear","Mummified Hand","Pen Nib","Busted Crown","Centennial Puzzle","Potion Belt","Toy Ornithopter","Shuriken","Bird Faced Urn","Mango","Snake Skull"],"acts_visited":["Exordium","TheCity","TheBeyond"],"potions_floor_usage":[42,46,46,48,50,50,50,50,50,50,50,50,50],"damage_taken":[{"damage":1.0,"enemies":"Small Slimes","floor":1.0,"turns":5.0},{"damage":0.0,"enemies":"Jaw Worm","floor":2.0,"turns":4.0},{"damage":2.0,"enemies":"Cultist","floor":5.0,"turns":4.0},{"damage":43.0,"enemies":"Gremlin Nob","floor":6.0,"turns":6.0},{"damage":10.0,"enemies":"3 Sentries","floor":8.0,"turns":11.0},{"damage":5.0,"enemies":"Exordium Thugs","floor":10.0,"turns":6.0},{"damage":14.0,"enemies":"Exordium Wildlife","floor":12.0,"turns":4.0},{"damage":0.0,"enemies":"Blue Slaver","floor":14.0,"turns":4.0},{"damage":12.0,"enemies":"Slime Boss","floor":16.0,"turns":6.0},{"damage":5.0,"enemies":"Shell Parasite","floor":18.0,"turns":6.0},{"damage":11.0,"enemies":"3 Byrds","floor":20.0,"turns":5.0},{"damage":4.0,"enemies":"3 Cultists","floor":21.0,"turns":8.0},{"damage":12.0,"enemies":"Centurion and Healer","floor":22.0,"turns":7.0},{"damage":20.0,"enemies":"Gremlin Leader","floor":24.0,"turns":7.0},{"damage":23.0,"enemies":"Slavers","floor":27.0,"turns":9.0},{"damage":3.0,"enemies":"Shelled Parasite and Fungi","floor":28.0,"turns":3.0},{"damage":6.0,"enemies":"Book of Stabbing","floor":29.0,"turns":3.0},{"damage":36.0,"enemies":"Automaton","floor":33.0,"turns":10.0},{"damage":1.0,"enemies":"3 Shapes","floor":35.0,"turns":2.0},{"damage":0.0,"enemies":"Orb Walker","floor":36.0,"turns":4.0},{"damage":24,"enemies":"Nemesis","floor":40,"turns":5},{"damage":14,"enemies":"Reptomancer","floor":42,"turns":5},{"damage":16,"enemies":"Mind Bloom Boss Battle","floor":45,"turns":5},{"damage":12,"enemies":"Nemesis","floor":46,"turns":7},{"damage":0,"enemies":"Spire Growth","floor":48,"turns":3},{"damage":32,"enemies":"Donu and Deca","floor":50,"turns":6}],"seed_played":"6050687836557589852","potions_obtained":[{"floor":6.0,"key":"SteroidPotion"},{"floor":10.0,"key":"Energy Potion"},{"floor":12.0,"key":"Regen Potion"},{"floor":14.0,"key":"CultistPotion"},{"floor":21.0,"key":"FearPotion"},{"floor":22.0,"key":"AttackPotion"},{"floor":24.0,"key":"ColorlessPotion"},{"floor":42,"key":"Regen Potion"},{"floor":46,"key":"EntropicBrew"}],"is_trial":false,"path_per_floor":["M","M","?","T","M","E","R","E","T","M","$","M","R","M","R","B",null,"M","?","M","M","M","R","E","R","T","E","M","E","T","$","R","B",null,"M","M","$","?","$","E","T","E","T","R","?","E","$","M","R","B",null],"character_chosen":"THE_SILENT","items_purchased":["Gremlin Horn","Backflip","Caltrops","Pen Nib","Strength Potion","Block Potion","Noxious Fumes","Caltrops","Snake Skull"],"campfire_rested":2,"item_purchase_floors":[11,11,31,31,31,31,37,39,47],"current_hp_per_floor":[62,62,55,55,53,17,40,30,30,25,25,11,11,11,34,37,67,62,62,51,47,35,50,30,45,45,22,19,23,23,38,53,17,70,69,69,84,84,87,63,63,49,49,67,51,94,101,101,101,101],"gold":61,"neow_bonus":"BOSS_RELIC","is_daily":false,"chose_seed":false,"campfire_upgraded":6,"win_rate":0.0,"timestamp":1607988483,"path_taken":["M","M","?","?","M","E","R","E","T","M","$","?","R","M","R","BOSS","M","?","M","?","M","R","E","R","T","E","M","E","?","?","R","BOSS","M","M","$","?","$","E","?","E","T","R","?","E","$","M","R","BOSS"],"items_purchased_type":["Relic","Card","Card","Relic","Potion","Potion","Card","Card","Relic"],"build_version":"2020-12-13","purchased_purges":1,"victory":true,"max_hp_per_floor":[70,70,70,70,70,77,77,77,77,77,77,77,77,77,77,77,77,77,77,77,77,77,77,77,77,77,77,77,87,87,87,87,87,87,87,87,87,87,87,87,87,87,87,87,87,101,101,101,101,101],"relic_stats":{"Darkstone Periapt":0,"Gremlin Horn":[24,24],"counters":[26,145],"Eternal Feather":63,"Pen Nib":[13],"Snake Skull":[19],"War Paint":["Deadly Poison","Defend_G"],"Centennial Puzzle":[12],"Busted Crown":16,"Mummified Hand":[26],"Shuriken":[15],"Bird Faced Urn":[22],"MealTicket":40,"Kunai":[67],"obtain_stats":[{"Darkstone Periapt":19,"Lantern":4,"Calipers":27,"Gremlin Horn":11,"Mango":46,"Snake Skull":47,"Centennial Puzzle":40,"Mummified Hand":30,"Strawberry":6,"MealTicket":26,"Kunai":8,"Ring of the Snake":0,"Potion Belt":41,"Pear":29,"Eternal Feather":17,"Pen Nib":31,"War Paint":17,"Calling Bell":17,"Runic Dome":0,"CaptainsWheel":9,"Busted Crown":34,"Shuriken":43,"Bird Faced Urn":45,"Bottled Lightning":24,"Unceasing Top":17,"Toy Ornithopter":42},{"Darkstone Periapt":10,"Lantern":2,"Calipers":15,"Gremlin Horn":6,"Mango":24,"Snake Skull":24,"Centennial Puzzle":21,"Mummified Hand":17,"Strawberry":4,"MealTicket":14,"Kunai":5,"Ring of the Snake":0,"Potion Belt":21,"Pear":17,"Eternal Feather":9,"Pen Nib":17,"War Paint":9,"Calling Bell":9,"Runic Dome":0,"CaptainsWheel":5,"Busted Crown":18,"Shuriken":22,"Bird Faced Urn":23,"Bottled Lightning":14,"Unceasing Top":9,"Toy Ornithopter":22},{"Darkstone Periapt":56,"Lantern":9,"Calipers":92,"Gremlin Horn":36,"Mango":136,"Snake Skull":136,"Centennial Puzzle":119,"Mummified Hand":98,"Strawberry":19,"MealTicket":83,"Kunai":30,"Ring of the Snake":0,"Potion Belt":119,"Pear":98,"Eternal Feather":50,"Pen Nib":98,"War Paint":50,"Calling Bell":50,"Runic Dome":0,"CaptainsWheel":30,"Busted Crown":108,"Shuriken":124,"Bird Faced Urn":129,"Bottled Lightning":83,"Unceasing Top":50,"Toy Ornithopter":124}],"Unceasing Top":[52],"Toy Ornithopter":36},"card_choices":[{"not_picked":["Cloak And Dagger","Terror"],"picked":"Quick Slash","floor":1.0},{"not_picked":["Dodge and Roll","Prepared"],"picked":"Bane","floor":2.0},{"not_picked":["Reflex","Prepared"],"picked":"Leg Sweep","floor":5.0},{"not_picked":["Masterful Stab","Escape Plan"],"picked":"Deadly Poison","floor":6.0},{"not_picked":["Dodge and Roll","Sucker Punch"],"picked":"Venomology","floor":8.0},{"not_picked":["Slice","Dagger Throw"],"picked":"Backstab","floor":10.0},{"not_picked":["Quick Slash","Dagger Throw"],"picked":"Footwork","floor":12.0},{"not_picked":["Cloak And Dagger","Sucker Punch"],"picked":"Blade Dance","floor":14.0},{"not_picked":["After Image","Night Terror"],"picked":"Phantasmal Killer","floor":16.0},{"not_picked":["Dodge and Roll","Dagger Spray"],"picked":"PiercingWail","floor":18.0},{"not_picked":["Underhanded Strike+1","Tactician"],"picked":"Acrobatics+1","floor":20.0},{"not_picked":["Tactician+1","Well Laid Plans"],"picked":"Cloak And Dagger+1","floor":21.0},{"not_picked":["Blade Dance","Expertise"],"picked":"Terror+1","floor":22.0},{"not_picked":["Backstab","Outmaneuver"],"picked":"Night Terror","floor":24.0},{"not_picked":["Footwork","Reflex"],"picked":"Riddle With Holes+1","floor":27.0},{"not_picked":["Poisoned Stab","Predator","Choke+1"],"picked":"SKIP","floor":28.0},{"not_picked":["Underhanded Strike+1","Reflex"],"picked":"Footwork+1","floor":29.0},{"not_picked":["Glass Knife","Venomology"],"picked":"Corpse Explosion","floor":33.0},{"not_picked":["Bane"],"picked":"SKIP","floor":35.0},{"not_picked":["Quick Slash"],"picked":"SKIP","floor":36.0},{"not_picked":[],"picked":"Good Instincts","floor":38.0},{"not_picked":["Terror"],"picked":"SKIP","floor":40},{"not_picked":["Blade Dance"],"picked":"SKIP","floor":42},{"not_picked":["Calculated Gamble"],"picked":"SKIP","floor":46},{"not_picked":[],"picked":"Deflect+1","floor":48}],"player_experience":56832,"relics_obtained":[{"floor":4.0,"key":"Lantern"},{"floor":6.0,"key":"Strawberry"},{"floor":8.0,"key":"Kunai"},{"floor":9.0,"key":"CaptainsWheel"},{"floor":17.0,"key":"Eternal Feather"},{"floor":17.0,"key":"Unceasing Top"},{"floor":17.0,"key":"War Paint"},{"floor":19.0,"key":"Darkstone Periapt"},{"floor":24.0,"key":"Bottled Lightning"},{"floor":26.0,"key":"MealTicket"},{"floor":27.0,"key":"Calipers"},{"floor":29.0,"key":"Pear"},{"floor":30.0,"key":"Mummified Hand"},{"floor":40,"key":"Centennial Puzzle"},{"floor":41,"key":"Potion Belt"},{"floor":42,"key":"Toy Ornithopter"},{"floor":43,"key":"Shuriken"},{"floor":45,"key":"Bird Faced Urn"},{"floor":46,"key":"Mango"}],"event_choices":[{"cards_removed":["Strike_G"],"damage_healed":0.0,"max_hp_gain":0.0,"max_hp_loss":0.0,"gold_gain":0.0,"event_name":"Golden Wing","player_choice":"Card Removal","floor":3.0,"gold_loss":0.0,"damage_taken":7.0},{"damage_healed":0.0,"max_hp_gain":0.0,"max_hp_loss":0.0,"gold_gain":0.0,"event_name":"Wheel of Change","player_choice":"Relic","floor":19.0,"gold_loss":0.0,"damage_taken":0.0},{"damage_healed":0.0,"max_hp_gain":0.0,"max_hp_loss":0.0,"gold_gain":0.0,"event_name":"SensoryStone","player_choice":"Memory 1","floor":38.0,"gold_loss":0.0,"damage_taken":0.0},{"damage_healed":0,"gold_gain":0,"player_choice":"Fight","damage_taken":0,"max_hp_gain":0,"max_hp_loss":0,"event_name":"MindBloom","floor":45,"gold_loss":0}],"is_beta":false,"boss_relics":[{"not_picked":["SacredBark","HoveringKite"],"picked":"Calling Bell"},{"not_picked":["Philosopher\u0027s Stone","SlaversCollar"],"picked":"Busted Crown"}],"items_purged_floors":[31],"is_endless":false,"potions_floor_spawned":[6,10,12,14,21,22,24,42,45,46],"ascension_level":8}}