{"host":"a3tkw4nmq0wjqe8p","time":1607933643,"event":{"mods":["2.2 Compatiblity","AchievementEnabler","Act Like it!","BaseMod","Better Note","Better Sensory Stone","Better Third Choice","ChefMod","Colored Map","Colored Powertips","Conspire","Downfall","Hermit","Jorbs\u0027s Wanderer Trilogy","Marked Mod","Minty Spire (QoL Compilation)","Potionbrewer","Quick Restart","Rare Cards Sparkle","Replay The Spire","Shade Mod","Shop Mod","StSLib","The Blackbeard","The Bug Knight","The Cursed","The Disciple","The Hierophant","The Judge","The Juggle","The Runesmith","The Servant 0.9.4","TheArtist","TheBandit","TheFirefly","everything is the same but u backflip on backflip"],"gold_per_floor":[112,127,146,146,158,158,158,170,193,218,233,247,258,1,1,98,98,110,125,125,191,210,240,240,258,281,291,15,26,26,26,26],"floor_reached":31,"playtime":1359,"items_purged":["Strike_R"],"score":265,"play_id":"eab313f2-3b2e-4069-a444-e9df0c815d00","local_time":"20201214011403","is_ascension_mode":false,"campfire_choices":[{"data":"Bash","floor":6.0,"key":"SMITH"},{"data":"Double Tap","floor":15.0,"key":"SMITH"},{"data":"expansioncontent:StudyTheSpire","floor":24,"key":"SMITH"},{"floor":30,"key":"REST"}],"circlet_count":0,"master_deck":["Strike_R","Strike_R","Strike_R","Defend_R","Defend_R","Defend_R","Defend_R","Bash+1","Clothesline","Wild Strike","Armaments","conspire:Charge","Pommel Strike","Double Tap+1","Power Through","Life Link","Twin Strike","expansioncontent:StudyTheSpire+1","Bandage Up","conspire:HitWhereItHurts","Shrug It Off","Anger+1","ReplayTheSpireMod:Corrosion Curse+1","conspire:HitWhereItHurts","Combust","Pummel+1","Rampage+1","Flex","Heavy Blade"],"relics":["Burning Blood","ReplayTheSpireMod:TigerMarble","Orichalcum","conspire:RoyalGoblet","SsserpentHead","Potion Belt","Centennial Puzzle","Oddly Smooth Stone"],"acts_visited":["Exordium","TheCity"],"potions_floor_usage":[23],"damage_taken":[{"damage":1.0,"enemies":"Cultist","floor":1.0,"turns":4.0},{"damage":3.0,"enemies":"Jaw Worm","floor":2.0,"turns":4.0},{"damage":5.0,"enemies":"2 Louse","floor":3.0,"turns":2.0},{"damage":16.0,"enemies":"Blue Slaver","floor":5.0,"turns":4.0},{"damage":19.0,"enemies":"Large Slime","floor":8.0,"turns":5.0},{"damage":27.0,"enemies":"3 Sentries","floor":10.0,"turns":6.0},{"damage":1.0,"enemies":"Looter","floor":11.0,"turns":3.0},{"damage":5.0,"enemies":"Blue Slaver","floor":12.0,"turns":6.0},{"damage":3.0,"enemies":"3 Louse","floor":13.0,"turns":3.0},{"damage":20.0,"enemies":"Fading Forest","floor":16.0,"turns":11.0},{"damage":5.0,"enemies":"3 Byrds","floor":18.0,"turns":6.0},{"damage":5.0,"enemies":"2 Thieves","floor":19.0,"turns":2.0},{"damage":18.0,"enemies":"Snake Plant","floor":21.0,"turns":4.0},{"damage":13.0,"enemies":"Snecko","floor":22.0,"turns":4.0},{"damage":29,"enemies":"Gremlin Leader","floor":23,"turns":5},{"damage":32,"enemies":"Chosen and Byrds","floor":25,"turns":7},{"damage":3,"enemies":"Cultist and Chosen","floor":27,"turns":5},{"damage":34,"enemies":"Centurion and Healer","floor":29,"turns":5},{"damage":0,"enemies":"Snecko","floor":31,"turns":2}],"seed_played":"3972467533988834070","potions_obtained":[{"floor":3.0,"key":"SkillPotion"},{"floor":5.0,"key":"Energy Potion"},{"floor":13.0,"key":"Swift Potion"},{"floor":16.0,"key":"sneckomod:MuddlingPotion"},{"floor":18.0,"key":"Milkshake"},{"floor":21.0,"key":"HeartOfIron"},{"floor":25,"key":"sneckomod:MuddlingPotion"},{"floor":29,"key":"Explosive Potion"}],"is_trial":false,"path_per_floor":["M","M","M","?","M","R","?","M","T","E","M","M","M","$","R","B",null,"M","M","?","M","M","E","R","M","T","M","$","M","R","M"],"character_chosen":"IRONCLAD","items_purchased":["expansioncontent:StudyTheSpire","Bandage Up","Oddly Smooth Stone","Flex"],"campfire_rested":1,"item_purchase_floors":[14,14,28,28],"current_hp_per_floor":[88,88,88,88,78,78,78,65,65,44,49,53,56,56,56,64,91,91,91,91,79,72,53,53,31,31,38,38,10,37,37,37],"gold":26,"neow_bonus":"TEN_PERCENT_HP_BONUS","is_daily":false,"chose_seed":false,"campfire_upgraded":3,"win_rate":0.0,"timestamp":1607933643,"path_taken":["M","M","M","?","?","R","?","M","T","E","M","M","?","$","R","BOSS","M","M","?","?","M","E","R","M","T","M","$","M","R","M"],"items_purchased_type":["Card","Card","Relic","Card"],"build_version":"2020-12-13","purchased_purges":1,"victory":false,"max_hp_per_floor":[88,88,88,88,88,88,88,88,88,88,88,91,91,91,91,91,91,91,91,91,91,91,91,91,91,91,91,91,91,91,91,91],"card_choices":[{"not_picked":["ReplayTheSpireMod:Corrosion Curse","Sword Boomerang"],"picked":"Clothesline","floor":1.0},{"not_picked":["Perfected Strike","True Grit"],"picked":"Wild Strike","floor":2.0},{"not_picked":["True Grit","Disarm"],"picked":"Armaments","floor":3.0},{"not_picked":["Clash","Headbutt"],"picked":"conspire:Charge","floor":5.0},{"not_picked":["Abandon","Defy Death"],"picked":"Pommel Strike","floor":8.0},{"not_picked":["Intimidate","ReplayTheSpireMod:Corrosion Curse"],"picked":"Double Tap","floor":10.0},{"not_picked":["Second Wind","Clothesline"],"picked":"Power Through","floor":11.0},{"not_picked":["Pommel Strike","Flex"],"picked":"Life Link","floor":12.0},{"not_picked":["Wild Strike","Intimidate"],"picked":"Twin Strike","floor":13.0},{"not_picked":["conspire:Purge","Limit Break"],"picked":"conspire:HitWhereItHurts","floor":16.0},{"not_picked":["Thunderclap+1","Headbutt"],"picked":"Shrug It Off","floor":18.0},{"not_picked":["Iron Wave+1","Clothesline"],"picked":"Anger+1","floor":19.0},{"not_picked":["Blood for Blood","ReplayTheSpireMod:Limb From Limb"],"picked":"ReplayTheSpireMod:Corrosion Curse+1","floor":21.0},{"not_picked":["Sentinel+1","Havoc"],"picked":"conspire:HitWhereItHurts","floor":22.0},{"not_picked":["Iron Wave","Dual Wield"],"picked":"Combust","floor":23},{"not_picked":["Iron Wave+1","Abandon"],"picked":"Pummel+1","floor":25},{"not_picked":["Shrug It Off","conspire:Charge+1"],"picked":"Rampage+1","floor":27},{"not_picked":["Perfected Strike+1","Defy Death"],"picked":"Heavy Blade","floor":29}],"player_experience":632901,"relics_obtained":[{"floor":9.0,"key":"ReplayTheSpireMod:TigerMarble"},{"floor":10.0,"key":"Orichalcum"},{"floor":23,"key":"Potion Belt"},{"floor":26,"key":"Centennial Puzzle"}],"event_choices":[{"cards_removed":["Strike_R"],"damage_healed":0.0,"max_hp_gain":0.0,"max_hp_loss":0.0,"gold_gain":0.0,"event_name":"betterNote:BetterNote","player_choice":"Give","floor":4.0,"gold_loss":0.0,"damage_taken":0.0,"cards_obtained":["Guardian:Strike_Guardian"]},{"cards_removed":["Strike_R"],"damage_healed":0.0,"max_hp_gain":0.0,"max_hp_loss":0.0,"gold_gain":0.0,"event_name":"Purifier","player_choice":"Purged","floor":7.0,"gold_loss":0.0,"damage_taken":0.0},{"damage_healed":0.0,"max_hp_gain":0.0,"max_hp_loss":0.0,"gold_gain":0.0,"event_name":"FaceTrader","player_choice":"Trade","floor":20.0,"gold_loss":0.0,"damage_taken":0.0,"relics_obtained":["SsserpentHead"]}],"is_beta":false,"boss_relics":[{"not_picked":["Empty Cage","ChewingGum"],"picked":"conspire:RoyalGoblet"}],"items_purged_floors":[28],"is_endless":false,"potions_floor_spawned":[3,5,13,16,18,21,25,29],"killed_by":"Snecko","ascension_level":0}}