{"host":"dntw6kil9p09eemm","time":1607961367,"event":{"mods":["Aspiration","BaseMod","Colored Powertips","Downfall","Hermit","Hubris","Minty Spire (QoL Compilation)","Replay The Spire","Shop Mod","StSLib","The Runesmith"],"gold_per_floor":[113,128,142,157,70,70,104,114,114,126,126,51,51,63,63,63,63],"floor_reached":16,"playtime":687,"items_purged":["hexamod:Defend"],"score":154,"play_id":"116093b9-e7b0-40a1-be75-373461d61202","local_time":"20201215005607","is_ascension_mode":false,"campfire_choices":[{"data":"hexamod:Float","floor":6,"key":"SMITH"},{"floor":11,"key":"REST"},{"floor":13,"key":"REST"},{"floor":15,"key":"DIG"}],"circlet_count":0,"master_deck":["hexamod:Strike","hexamod:Strike","hexamod:Strike","hexamod:Strike","hexamod:Defend","hexamod:Defend","hexamod:Defend","hexamod:Sear","hexamod:Float+1","hexamod:Toasty","hexamod:StepThrough","hexamod:Firestarter","hexamod:FastForward","hexamod:ExtraCrispy","hexamod:SearingWound+1"],"relics":["hexamod:SpiritBrand","MerchantsRug","Golden Egg","Replay:Kaleidoscope","hubris:TenFootPole"],"acts_visited":["Exordium"],"potions_floor_usage":[5],"damage_taken":[{"damage":0,"enemies":"Cultist","floor":1,"turns":3},{"damage":1,"enemies":"2 Louse","floor":2,"turns":2},{"damage":0,"enemies":"Small Slimes","floor":3,"turns":3},{"damage":8,"enemies":"3 Louse","floor":4,"turns":3},{"damage":18,"enemies":"Gremlin Nob","floor":7,"turns":4},{"damage":8,"enemies":"Blue Slaver","floor":8,"turns":3},{"damage":2,"enemies":"2 Fungi Beasts","floor":10,"turns":3},{"damage":21,"enemies":"Exordium Thugs","floor":14,"turns":4}],"seed_played":"-7156062781097250094","potions_obtained":[{"floor":1,"key":"EntropicBrew"},{"floor":7,"key":"hexamod:DoubleChargePotion"},{"floor":8,"key":"Dexterity Potion"},{"floor":14,"key":"Venom Potion"}],"is_trial":false,"path_per_floor":["M","M","M","M","$","R","E","M","T","M","R","$","R","M","R","B"],"character_chosen":"THE_SPIRIT","items_purchased":["MerchantsRug"],"campfire_rested":2,"item_purchase_floors":[5],"current_hp_per_floor":[63,62,62,54,54,54,36,28,28,26,44,44,62,41,41,0,0],"gold":63,"neow_bonus":"THREE_RARE_CARDS","is_daily":false,"chose_seed":false,"campfire_upgraded":1,"win_rate":0.0,"timestamp":1607961367,"path_taken":["M","M","M","M","$","R","E","M","T","M","R","$","R","?","R","BOSS"],"items_purchased_type":["Relic"],"build_version":"2020-12-13","purchased_purges":1,"victory":false,"max_hp_per_floor":[63,63,63,63,63,63,63,63,63,63,63,63,63,63,63,63,63],"card_choices":[{"not_picked":["hexamod:GiftsFromTheDead","hexamod:ApocalypseNow"],"picked":"hexamod:Toasty","floor":0},{"not_picked":["hexamod:FirstSeal","hexamod:AdvancingGuard"],"picked":"hexamod:StepThrough","floor":1},{"not_picked":["hexamod:RetreatToShadows","hexamod:InspiringFlames"],"picked":"hexamod:Firestarter","floor":2},{"not_picked":["hexamod:NightmareStrike","hexamod:ChargedBarrage"],"picked":"hexamod:FastForward","floor":3},{"not_picked":["hexamod:RecurringNightmare","hexamod:Rewind"],"picked":"hexamod:ExtraCrispy","floor":4},{"not_picked":["hexamod:GhostLash","hexamod:Again"],"picked":"hexamod:SearingWound","floor":7},{"not_picked":["hexamod:GhostShield","hexamod:ThirdSeal","hexamod:RainOfEmbers"],"picked":"SKIP","floor":8},{"not_picked":["hexamod:GhostOfSpirePresent","hexamod:GhostShield","hexamod:Haunt"],"picked":"SKIP","floor":10},{"not_picked":["hexamod:NightmareStrike","hexamod:GhostShield","hexamod:HauntingEcho"],"picked":"SKIP","floor":14}],"player_experience":348311,"relics_obtained":[{"floor":7,"key":"Golden Egg"},{"floor":9,"key":"Replay:Kaleidoscope"},{"floor":15,"key":"hubris:TenFootPole"}],"event_choices":[],"is_beta":false,"boss_relics":[],"items_purged_floors":[12],"is_endless":false,"potions_floor_spawned":[1,7,8,14],"killed_by":"The Guardian","ascension_level":0}}