{"host":"y89x8uui45kcjy42","time":1607939990,"event":{"mods":["2.2 Compatiblity","BaseMod","Colored Map","Colored Powertips","Friendly Minions","Hermit","Highlight Path","Keyboard Shortcuts","Minty Spire (QoL Compilation)","StSLib","SuperFastMode","Waifu the Spire"],"gold_per_floor":[118,131,147,159,171,171,171,171],"floor_reached":7,"playtime":321,"items_purged":[],"score":47,"play_id":"8e4d1762-0427-40c1-8efa-4829bbd0b429","local_time":"20201214185950","is_ascension_mode":true,"campfire_choices":[{"data":"hermit:HoleUp","floor":6,"key":"SMITH"}],"circlet_count":0,"master_deck":["hermit:Strike_Hermit","hermit:Strike_Hermit","hermit:Strike_Hermit","hermit:Defend_Hermit","hermit:Defend_Hermit","hermit:Defend_Hermit","hermit:Snapshot","hermit:Covet","Shame","hermit:Grudge","hermit:HoleUp+1","hermit:Determination","hermit:Misfire","hermit:SprayPray","hermit:Spite","hermit:Determination"],"relics":["hermit:Momento"],"acts_visited":["Exordium"],"potions_floor_usage":[],"damage_taken":[{"damage":7.0,"enemies":"Small Slimes","floor":1.0,"turns":4.0},{"damage":0.0,"enemies":"2 Louse","floor":2.0,"turns":3.0},{"damage":0.0,"enemies":"Jaw Worm","floor":3.0,"turns":3.0},{"damage":10.0,"enemies":"Large Slime","floor":4.0,"turns":5.0},{"damage":10.0,"enemies":"Looter","floor":5.0,"turns":3.0},{"damage":49,"enemies":"Lagavulin","floor":7,"turns":5}],"seed_played":"2956704760413487221","potions_obtained":[{"floor":1.0,"key":"Ancient Potion"},{"floor":3.0,"key":"Explosive Potion"}],"is_trial":false,"path_per_floor":["M","M","M","M","M","R","E"],"character_chosen":"HERMIT","items_purchased":[],"campfire_rested":0,"item_purchase_floors":[],"current_hp_per_floor":[68,68,68,58,48,48,0,0],"gold":171,"neow_bonus":"TRANSFORM_TWO_CARDS","is_daily":false,"chose_seed":false,"campfire_upgraded":1,"win_rate":0.0,"timestamp":1607939990,"path_taken":["M","M","M","M","M","R","E"],"items_purchased_type":[],"build_version":"2020-12-13","purchased_purges":0,"victory":false,"max_hp_per_floor":[75,75,75,75,75,75,75,75],"card_choices":[{"not_picked":["hermit:HoleUp","hermit:HighCaliber"],"picked":"hermit:Determination","floor":1.0},{"not_picked":["hermit:Ricochet","hermit:Malice"],"picked":"hermit:Misfire","floor":2.0},{"not_picked":["hermit:CalledShot","hermit:CursedWeapon"],"picked":"hermit:SprayPray","floor":3.0},{"not_picked":["hermit:Gestalt","hermit:Ricochet"],"picked":"hermit:Spite","floor":4.0},{"not_picked":["hermit:Desperado","hermit:Manifest"],"picked":"hermit:Determination","floor":5}],"player_experience":492857,"relics_obtained":[],"event_choices":[],"is_beta":false,"boss_relics":[],"items_purged_floors":[],"is_endless":false,"potions_floor_spawned":[1,3],"killed_by":"Lagavulin","ascension_level":1}}