{"host":"2ttsipbxjlhedj1t","time":1607910706,"event":{"mods":["2.2 Compatiblity","Act Like it!","BaseMod","Colored Map","Colored Powertips","Highlight Path","Minty Spire (QoL Compilation)","Quick Restart","Shop Mod","StSLib"],"gold_per_floor":[187,115,115,131,47,47,91,91,135,135,135,150,175,175,194,194,194,194],"floor_reached":16,"playtime":536,"items_purged":[],"score":176,"play_id":"587fd135-a30b-4ada-afb3-0ae93dc23f1c","local_time":"20201213205146","is_ascension_mode":true,"campfire_choices":[{"data":"Zap","floor":7,"key":"SMITH"},{"floor":10,"key":"REST"},{"data":"Electrodynamics","floor":15,"key":"SMITH"}],"circlet_count":0,"master_deck":["Strike_B","Strike_B","Strike_B","Strike_B","Defend_B","Defend_B","Defend_B","Defend_B","Zap+1","Dualcast","Injury","Dark Shackles","Electrodynamics+1","Ball Lightning"],"relics":["Cracked Core","NeowsBlessing","Golden Idol","HornCleat","Singing Bowl","Juzu Bracelet","Bottled Lightning","Unceasing Top"],"acts_visited":["Exordium"],"potions_floor_usage":[8,8,8,16,16],"damage_taken":[{"damage":0,"enemies":"Small Slimes","floor":1,"turns":1},{"damage":0,"enemies":"Jaw Worm","floor":3,"turns":1},{"damage":0,"enemies":"Lagavulin","floor":6,"turns":1},{"damage":38,"enemies":"Gremlin Nob","floor":8,"turns":5},{"damage":0,"enemies":"2 Louse","floor":11,"turns":3},{"damage":0,"enemies":"Exordium Thugs","floor":12,"turns":3},{"damage":0,"enemies":"2 Fungi Beasts","floor":14,"turns":2},{"damage":28,"enemies":"The Guardian","floor":16,"turns":9}],"seed_played":"113773994573465936","potions_obtained":[{"floor":3,"key":"EntropicBrew"},{"floor":6,"key":"FearPotion"},{"floor":11,"key":"LiquidMemories"}],"is_trial":false,"path_per_floor":["M","?","M","$","?","E","R","E","T","R","M","M","?","M","R","B"],"character_chosen":"DEFECT","items_purchased":["Dark Shackles"],"campfire_rested":1,"item_purchase_floors":[4],"current_hp_per_floor":[16,68,68,68,68,50,52,52,16,16,39,39,39,39,41,41,13,13],"gold":194,"neow_bonus":"THREE_ENEMY_KILL","is_daily":false,"chose_seed":false,"campfire_upgraded":2,"win_rate":0.0,"timestamp":1607910706,"path_taken":["M","?","M","$","?","E","R","E","T","R","M","M","?","M","R","BOSS"],"items_purchased_type":["Card"],"build_version":"2020-12-13","purchased_purges":0,"victory":false,"max_hp_per_floor":[75,75,75,75,75,75,77,77,79,79,79,79,79,79,81,81,81,81],"card_choices":[{"not_picked":["Beam Cell","Stack","Sweeping Beam"],"picked":"SKIP","floor":1},{"not_picked":["Leap","Compile Driver","Stack"],"picked":"SKIP","floor":3},{"not_picked":["Gash","Compile Driver","Hello World"],"picked":"Singing Bowl","floor":6},{"not_picked":["Melter","Sweeping Beam","Barrage"],"picked":"Singing Bowl","floor":8},{"not_picked":["Barrage","Compile Driver"],"picked":"Electrodynamics","floor":11},{"not_picked":["Stack","Steam"],"picked":"Ball Lightning","floor":12},{"not_picked":["Cold Snap","Fusion","Steam"],"picked":"Singing Bowl","floor":14}],"player_experience":335543,"relics_obtained":[{"floor":6,"key":"Singing Bowl"},{"floor":8,"key":"Juzu Bracelet"},{"floor":9,"key":"Bottled Lightning"}],"event_choices":[{"damage_healed":0,"gold_gain":0,"player_choice":"Take Wound","damage_taken":0,"relics_obtained":["Golden Idol"],"max_hp_gain":0,"max_hp_loss":0,"event_name":"Golden Idol","floor":2,"gold_loss":0,"cards_obtained":["Injury"]},{"damage_healed":0,"gold_gain":0,"player_choice":"Success","damage_taken":18,"relics_obtained":["HornCleat"],"max_hp_gain":0,"max_hp_loss":0,"event_name":"Scrap Ooze","floor":5,"gold_loss":0},{"damage_healed":0,"gold_gain":0,"player_choice":"Searched \u00272\u0027 times","damage_taken":0,"relics_obtained":["Unceasing Top"],"max_hp_gain":0,"max_hp_loss":0,"event_name":"Dead Adventurer","floor":13,"gold_loss":0}],"is_beta":false,"boss_relics":[],"items_purged_floors":[],"is_endless":false,"potions_floor_spawned":[3,6,11],"killed_by":"The Guardian","ascension_level":6}}