{"host":"igi9xpgoc000gxf5","time":1607981358,"event":{"mods":["BaseMod","Colored Powertips","Downfall","Googly Eyes","Minty Spire (QoL Compilation)","StSLib"],"gold_per_floor":[99,46,146,71,71,87,135,152,152,184,184,184,634,644,654,759,759,684,698,90,125,125,15,15,25,25,25],"floor_reached":26,"playtime":1742,"items_purged":[],"score":222,"play_id":"dd70160a-f030-4a6d-bcf9-4a41b8e19d48","local_time":"20201214222918","is_ascension_mode":false,"campfire_choices":[{"floor":1,"key":"RECALL"},{"data":"Guardian:ChargeUp","floor":4,"key":"SMITH"},{"data":"Guardian:TwinSlam","floor":9,"key":"SMITH"},{"data":"Guardian:BaubleBeam","floor":18,"key":"SMITH"}],"circlet_count":0,"master_deck":["Guardian:Strike_Guardian+1","Guardian:Strike_Guardian+1","Guardian:Strike_Guardian+1","Guardian:Strike_Guardian+1","Guardian:Defend_Guardian+1","Guardian:Defend_Guardian+1","Guardian:Defend_Guardian+1","Guardian:Defend_Guardian+1","Guardian:CurlUp","Guardian:TwinSlam+1","Guardian:ChargeUp+1","Guardian:SentryBeam","Guardian:FloatingOrbs+1","Guardian:Recover","Regret","Slimebound:Icky","Slimebound:Icky","Slimebound:Icky","Guardian:BaubleBeam+1","Guardian:ChargeCore","Guardian:GuardianWhirl","Guardian:EvasiveProtocol","Guardian:ShieldCharger","Guardian:GuardianWhirl","Guardian:TemporalStrike","expansioncontent:PolyBeam","Guardian:RollAttack","Guardian:Clone","Guardian:Gem_Red","Guardian:PiercingHide","Guardian:Gem_Purple"],"relics":["Guardian:ModeShifter","downfall:HeartBlessingRed","Mercury Hourglass","Lantern","Akabeko","Bag of Marbles","SacredBark","downfall:HeartBlessingGreen","Dream Catcher","TheAbacus","Bottled Flame","Matryoshka"],"acts_visited":["Exordium","TheCity"],"potions_floor_usage":[16,23],"damage_taken":[{"damage":3,"enemies":"downfall:FleeingMerchant","floor":2,"turns":4},{"damage":0,"enemies":"Cultist","floor":6,"turns":3},{"damage":0,"enemies":"2 Louse","floor":8,"turns":1},{"damage":13,"enemies":"Gremlin Nob","floor":10,"turns":4},{"damage":0,"enemies":"Small Slimes","floor":14,"turns":2},{"damage":6,"enemies":"Exordium Wildlife","floor":15,"turns":3},{"damage":21,"enemies":"downfall:Defect","floor":16,"turns":6},{"damage":10,"enemies":"Shell Parasite","floor":19,"turns":4},{"damage":11,"enemies":"downfall:FleeingMerchant","floor":20,"turns":4},{"damage":37,"enemies":"Slavers","floor":21,"turns":5},{"damage":3,"enemies":"downfall:FleeingMerchant","floor":23,"turns":4},{"damage":1,"enemies":"Chosen","floor":25,"turns":3},{"damage":27,"enemies":"Gremlin Leader","floor":26,"turns":6}],"seed_played":"-5458384062456331943","potions_obtained":[{"floor":6,"key":"Guardian:AcceleratePotion"},{"floor":8,"key":"champ:CounterPotion"},{"floor":15,"key":"Dexterity Potion"},{"floor":25,"key":"Dexterity Potion"}],"is_trial":false,"path_per_floor":["R","$","?","R","?","M","T","M","R","E","?","T","?","M","M","B",null,"R","M","$","E","?","$","T","M","E"],"character_chosen":"GUARDIAN","items_purchased":["Guardian:SentryBeam","Dream Catcher","TheAbacus","Guardian:EvasiveProtocol","Guardian:ShieldCharger","Guardian:GuardianWhirl","Guardian:TemporalStrike","expansioncontent:PolyBeam","Guardian:Gem_Red","Guardian:PiercingHide"],"campfire_rested":0,"item_purchase_floors":[2,20,20,20,20,20,20,20,23,23],"current_hp_per_floor":[88,85,85,85,82,82,82,82,82,69,69,69,69,69,63,42,88,88,78,67,30,30,27,27,26,0,0],"gold":25,"neow_bonus":"TEN_PERCENT_HP_BONUS","is_daily":false,"chose_seed":false,"campfire_upgraded":3,"win_rate":0.0,"timestamp":1607981358,"path_taken":["R","?","?","R","?","?","T","M","R","E","?","?","?","M","M","BOSS","R","M","$","E","?","$","T","M","E"],"items_purchased_type":["Card","Relic","Relic","Card","Card","Card","Card","Card","Card","Card"],"build_version":"2020-12-13","purchased_purges":0,"victory":false,"max_hp_per_floor":[88,88,88,88,88,88,88,88,88,88,88,88,88,88,88,88,88,88,88,88,88,88,88,88,88,88,88],"card_choices":[{"not_picked":["Guardian:TemporalShield","Guardian:DecasProtection"],"picked":"Guardian:ChargeUp","floor":2},{"not_picked":["Guardian:TemporalShield","Guardian:ShieldSpikes"],"picked":"Guardian:FloatingOrbs","floor":6},{"not_picked":["Guardian:PolyBeam","Guardian:PiercingHide"],"picked":"Guardian:Gem_Lightblue","floor":8},{"not_picked":["Guardian:PiercingHide","Guardian:Suspension"],"picked":"Guardian:Recover","floor":10},{"not_picked":["Guardian:Suspension","Guardian:PrimingBeam"],"picked":"Guardian:Gem_Lightblue","floor":14},{"not_picked":["Guardian:BaubleBeam","Guardian:Gem_Blue"],"picked":"Guardian:Gem_White","floor":15},{"not_picked":["Guardian:ExploitGems","Guardian:Gem_Synthetic"],"picked":"Guardian:BaubleBeam","floor":16},{"not_picked":["Guardian:Emergency+1","Guardian:Recover"],"picked":"Guardian:ChargeCore","floor":19},{"not_picked":["Guardian:PrismaticBeam","Guardian:SpikerProtocol"],"picked":"Guardian:GuardianWhirl","floor":20},{"not_picked":["Guardian:TemporalShield","Guardian:DonusPower"],"picked":"Guardian:RollAttack","floor":21},{"not_picked":["Guardian:WalkerClaw","Guardian:PiercingHide+1"],"picked":"Guardian:Clone","floor":23},{"not_picked":["Guardian:CrystalBeam","Guardian:Repulse"],"picked":"Guardian:Gem_Purple","floor":25}],"player_experience":854263,"relics_obtained":[{"floor":7,"key":"Lantern"},{"floor":10,"key":"Akabeko"},{"floor":12,"key":"Bag of Marbles"},{"floor":21,"key":"Bottled Flame"},{"floor":24,"key":"Matryoshka"}],"event_choices":[{"damage_healed":0,"gold_gain":0,"player_choice":"Success","damage_taken":3,"relics_obtained":["Mercury Hourglass"],"max_hp_gain":0,"max_hp_loss":0,"event_name":"Scrap Ooze","floor":5,"gold_loss":0},{"damage_healed":0,"gold_gain":0,"player_choice":"Simplicity","damage_taken":0,"max_hp_gain":0,"max_hp_loss":0,"event_name":"Back to Basics","floor":22,"gold_loss":0,"cards_upgraded":["Guardian:Strike_Guardian","Guardian:Strike_Guardian","Guardian:Strike_Guardian","Guardian:Defend_Guardian","Guardian:Defend_Guardian","Guardian:Defend_Guardian"]}],"is_beta":false,"boss_relics":[{"not_picked":["Guardian:ModeShifterPlus","Snecko Eye"],"picked":"SacredBark"}],"items_purged_floors":[],"is_endless":false,"potions_floor_spawned":[6,8,15,25],"killed_by":"Gremlin Leader","ascension_level":0}}