{"host":"5gc11emcm5chfr5t","time":1607967199,"event":{"mods":["2.2 Compatiblity","AchievementEnabler","BaseMod","Bestiary","Better Note","Colored Map","Colored Powertips","Downfall","Googly Eyes","Minty Spire (QoL Compilation)","Rare Cards Sparkle","Say the Spire","StSLib"],"gold_per_floor":[113,113,126,126,146,146,177,195,243,276,276,295,325,339,339,444,444,464,26,26,66,84,119,119,119,144,144,158,158,158,158,158,262,262,275,1274,388,406,0,0,26,26,26,37,37,47,47,58,58,58,58],"floor_reached":50,"playtime":2165,"items_purged":["Normality","Regret"],"score":664,"play_id":"f459190e-03ba-45f0-8810-a1d7d40f0f0e","local_time":"20201214123319","is_ascension_mode":true,"campfire_choices":[{"data":"Apotheosis","floor":6,"key":"SMITH"},{"floor":15,"key":"REST"},{"floor":25,"key":"REST"},{"floor":30,"key":"RECALL"},{"data":"sneckomod:Mudshield","floor":32,"key":"SMITH"},{"data":"sneckomod:DiceBoulder+1","floor":40,"key":"SMITH"},{"data":"sneckomod:DiceBoulder+2","floor":42,"key":"SMITH"},{"floor":47,"key":"REST"},{"floor":49,"key":"REST"}],"circlet_count":0,"master_deck":["sneckomod:TailWhip","sneckomod:SnekBite","sneckomod:Unknown","sneckomod:Unknown","Apotheosis+1","sneckomod:PureSnecko","sneckomod:SnakeSap","sneckomod:UnknownUncommonPower","sneckomod:Unknown2Cost","sneckomod:Unknown1Cost","sneckomod:SlitherStrike","sneckomod:ImprovisedAttack","sneckomod:UnknownUncommonAttack","sneckomod:UnknownDexterity","sneckomod:UnknownRareAttack","sneckomod:UnknownRareSkill","sneckomod:SnekBeam+1","expansioncontent:DefensiveMode","sneckomod:UnknownClassRED","sneckomod:Unknown","sneckomod:Unknown","sneckomod:UnknownColorless","sneckomod:UnknownClassSLIMEBOUND","sneckomod:UnknownVulnerable","sneckomod:Rotation+1","sneckomod:Mudshield+1","sneckomod:SoulCleanse","sneckomod:IronFang","sneckomod:MorePower","CurseOfTheBell","sneckomod:UnknownClassGREEN+1","sneckomod:UnknownRarePower","Normality","expansioncontent:StudyTheSpire","sneckomod:DiceBoulder+3","sneckomod:UnknownRareSkill+1","sneckomod:UnknownRareAttack+1","sneckomod:UnknownRarePower+1","sneckomod:SerpentIdol+1","sneckomod:UnknownWeak+1","sneckomod:UnknownRarePower+1"],"relics":["sneckomod:SuperSneckoSoul","Dream Catcher","Centennial Puzzle","Strawberry","Mummified Hand","Happy Flower","Matryoshka","Tiny Chest","Enchiridion","Bottled Lightning","Akabeko","sneckomod:LoadedDie","Molten Egg 2","Calling Bell","Bag of Marbles","Letter Opener","Calipers","Vajra","Boot","Medical Kit","Strange Spoon","Juzu Bracelet","Singing Bowl"],"acts_visited":["Exordium","TheCity","TheBeyond"],"potions_floor_usage":[16,16,16,23,23,23,23,23,33,41,44,44,44,44,46,46,50,50,50],"damage_taken":[{"damage":12,"enemies":"Jaw Worm","floor":1,"turns":4},{"damage":5,"enemies":"Cultist","floor":3,"turns":4},{"damage":0,"enemies":"Small Slimes","floor":5,"turns":2},{"damage":30,"enemies":"Lagavulin","floor":7,"turns":4},{"damage":3,"enemies":"Exordium Thugs","floor":8,"turns":3},{"damage":15,"enemies":"3 Sentries","floor":10,"turns":7},{"damage":4,"enemies":"Exordium Wildlife","floor":12,"turns":4},{"damage":18,"enemies":"Gremlin Nob","floor":13,"turns":3},{"damage":0,"enemies":"Blue Slaver","floor":14,"turns":1},{"damage":20,"enemies":"Hexaghost","floor":16,"turns":6},{"damage":16,"enemies":"Spheric Guardian","floor":18,"turns":4},{"damage":2,"enemies":"Chosen","floor":21,"turns":4},{"damage":34,"enemies":"Snake Plant","floor":22,"turns":4},{"damage":9,"enemies":"Book of Stabbing","floor":23,"turns":2},{"damage":38,"enemies":"Snecko","floor":28,"turns":4},{"damage":12,"enemies":"Automaton","floor":33,"turns":6},{"damage":5,"enemies":"Orb Walker","floor":35,"turns":2},{"damage":8,"enemies":"3 Shapes","floor":38,"turns":1},{"damage":25,"enemies":"Reptomancer","floor":41,"turns":6},{"damage":29,"enemies":"Maw","floor":44,"turns":6},{"damage":91,"enemies":"Transient","floor":46,"turns":5},{"damage":28,"enemies":"4 Shapes","floor":48,"turns":4},{"damage":56,"enemies":"Time Eater","floor":50,"turns":4}],"seed_played":"5073802094218590209","potions_obtained":[{"floor":7,"key":"champ:CounterPotion"},{"floor":8,"key":"champ:CounterPotion"},{"floor":10,"key":"Strength Potion"},{"floor":16,"key":"Guardian:BlockOnCardUsePotion"},{"floor":21,"key":"Strength Potion"},{"floor":28,"key":"Swift Potion"},{"floor":33,"key":"Block Potion"},{"floor":38,"key":"Block Potion"},{"floor":41,"key":"Strength Potion"},{"floor":48,"key":"Dexterity Potion"}],"is_trial":false,"path_per_floor":["M","?","M","T","M","R","E","M","T","E","?","M","E","M","R","B",null,"M","$","?","M","M","E","?","R","T","$","M","?","R","T","R","B",null,"M","?","$","M","$","R","E","R","T","M","?","M","R","M","R","B"],"character_chosen":"THE_SNECKO","items_purchased":["Matryoshka","EntropicBrew","expansioncontent:DefensiveMode","Vajra","Boot","Medical Kit","expansioncontent:StudyTheSpire","EntropicBrew","sneckomod:DiceBoulder+1","Strange Spoon","sneckomod:UnknownRareAttack+1"],"campfire_rested":4,"item_purchase_floors":[19,19,19,37,37,37,37,37,37,39,39],"current_hp_per_floor":[69,69,64,64,65,65,36,34,41,26,26,22,5,6,34,15,113,97,97,97,95,76,67,51,84,84,84,46,83,83,83,83,76,113,108,108,108,100,100,100,75,75,75,48,101,12,44,20,54,0,0],"gold":58,"neow_bonus":"RANDOM_COLORLESS_2","is_daily":false,"chose_seed":false,"campfire_upgraded":4,"win_rate":0.0,"timestamp":1607967199,"path_taken":["M","?","M","?","M","R","E","?","T","E","?","?","E","M","R","BOSS","M","$","?","M","M","E","?","R","T","?","M","?","R","?","R","BOSS","M","?","$","M","$","R","E","R","T","M","?","M","R","M","R","BOSS"],"items_purchased_type":["Relic","Potion","Card","Relic","Relic","Relic","Card","Potion","Card","Relic","Card"],"build_version":"2020-12-13","purchased_purges":2,"victory":false,"max_hp_per_floor":[81,81,81,81,82,82,83,84,91,91,91,91,92,93,94,95,113,113,113,113,113,113,113,113,113,113,113,113,113,113,113,113,113,113,113,113,113,113,113,113,113,113,113,115,101,103,105,109,111,111,111],"card_choices":[{"not_picked":["Secret Technique","Thinking Ahead"],"picked":"Apotheosis","floor":0},{"not_picked":["sneckomod:DiceBlock","sneckomod:SoulCleanse"],"picked":"sneckomod:PureSnecko","floor":1},{"not_picked":["sneckomod:UnknownClassSLIMEBOUND","sneckomod:UnknownExhaust"],"picked":"sneckomod:SnakeSap","floor":3},{"not_picked":["sneckomod:UnknownX","sneckomod:UnknownBlock"],"picked":"sneckomod:UnknownUncommonPower","floor":5},{"not_picked":["sneckomod:UnknownUncommonSkill","sneckomod:UnknownVulnerable"],"picked":"sneckomod:Unknown2Cost","floor":7},{"not_picked":["sneckomod:DiceCrush","sneckomod:QuickBite"],"picked":"sneckomod:Unknown1Cost","floor":8},{"not_picked":["sneckomod:RainOfDice","sneckomod:UnknownCommonAttack"],"picked":"sneckomod:SlitherStrike","floor":10},{"not_picked":["sneckomod:DiceCrush","sneckomod:QuickBite"],"picked":"sneckomod:ImprovisedAttack","floor":12},{"not_picked":["sneckomod:UnknownClassHEXA_GHOST_PURPLE","sneckomod:QuickBite"],"picked":"sneckomod:UnknownUncommonAttack","floor":13},{"not_picked":["sneckomod:UnknownClassGUARDIAN","sneckomod:Unknown0Cost"],"picked":"sneckomod:UnknownDexterity","floor":14},{"not_picked":["sneckomod:DiceBlock","sneckomod:ImprovisedAttack"],"picked":"sneckomod:UnknownRareAttack","floor":15},{"not_picked":["sneckomod:Restock","sneckomod:Unknown3Cost"],"picked":"sneckomod:UnknownRareSkill","floor":16},{"not_picked":["sneckomod:IronFang","sneckomod:SnakeSap"],"picked":"sneckomod:SnekBeam+1","floor":18},{"not_picked":["sneckomod:SoulDraw+1","sneckomod:SlitherStrike","sneckomod:SerpentIdol"],"picked":"SKIP","floor":21},{"not_picked":["sneckomod:Unknown2Cost+1","sneckomod:UnknownStrength+1"],"picked":"sneckomod:Rotation+1","floor":22},{"not_picked":["sneckomod:UnknownVulnerable+1","sneckomod:UnknownClassGUARDIAN+1"],"picked":"sneckomod:Mudshield","floor":23},{"not_picked":["sneckomod:SlitherStrike","sneckomod:DiceCrush"],"picked":"sneckomod:SoulCleanse","floor":25},{"not_picked":["sneckomod:WideSting","sneckomod:UnknownWeak"],"picked":"sneckomod:IronFang","floor":28},{"not_picked":["sneckomod:Mudshield","sneckomod:Cheat"],"picked":"sneckomod:MorePower","floor":33},{"not_picked":["sneckomod:UnknownStrike+1","sneckomod:UnknownWeak+1"],"picked":"sneckomod:UnknownClassGREEN+1","floor":35},{"not_picked":["sneckomod:SerpentIdol","sneckomod:UnknownBlock+1"],"picked":"sneckomod:UnknownRarePower","floor":35},{"not_picked":["sneckomod:UnknownUncommonAttack+1","sneckomod:UnknownDexterity+1"],"picked":"sneckomod:UnknownRareSkill+1","floor":38},{"not_picked":["sneckomod:UnknownUncommonSkill","sneckomod:SoulDraw+1","sneckomod:UnknownClassPURPLE"],"picked":"SKIP","floor":38},{"not_picked":["sneckomod:UnknownDexterity+1","sneckomod:UnknownClassRED+1"],"picked":"sneckomod:UnknownRarePower+1","floor":41},{"not_picked":["sneckomod:SoulExchange","sneckomod:UnknownUncommonPower"],"picked":"sneckomod:SerpentIdol+1","floor":41},{"not_picked":["sneckomod:UnknownClassBLUE+1","sneckomod:UnknownCommonAttack+1"],"picked":"sneckomod:UnknownWeak+1","floor":44},{"not_picked":["sneckomod:UnknownStrike+1","sneckomod:UnknownClassHEXA_GHOST_PURPLE","sneckomod:SoulCleanse"],"picked":"Singing Bowl","floor":44},{"not_picked":["sneckomod:UnknownClassSLIMEBOUND+1","sneckomod:UnknownClassRED+1"],"picked":"sneckomod:UnknownRarePower+1","floor":46},{"not_picked":["sneckomod:SoulCleanse+1","sneckomod:DiceBoulder+1","sneckomod:UnknownDexterity"],"picked":"Singing Bowl","floor":46},{"not_picked":["sneckomod:UnknownBlock","sneckomod:UnknownClassBLUE","sneckomod:Nope"],"picked":"Singing Bowl","floor":47},{"not_picked":["sneckomod:UnknownClassGREEN+1","sneckomod:Unknown1Cost+1","sneckomod:Unknown+1"],"picked":"Singing Bowl","floor":48},{"not_picked":["sneckomod:IronFang+1","sneckomod:QuickBite+1","sneckomod:MasterEye"],"picked":"Singing Bowl","floor":48},{"not_picked":["sneckomod:QuickMove","sneckomod:IronFang+1","sneckomod:UnknownCommonSkill"],"picked":"Singing Bowl","floor":49}],"player_experience":353532,"relics_obtained":[{"floor":7,"key":"Centennial Puzzle"},{"floor":9,"key":"Strawberry"},{"floor":10,"key":"Mummified Hand"},{"floor":13,"key":"Happy Flower"},{"floor":23,"key":"Tiny Chest"},{"floor":24,"key":"Enchiridion"},{"floor":26,"key":"Bottled Lightning"},{"floor":26,"key":"Akabeko"},{"floor":31,"key":"sneckomod:LoadedDie"},{"floor":31,"key":"Molten Egg 2"},{"floor":34,"key":"Bag of Marbles"},{"floor":34,"key":"Letter Opener"},{"floor":34,"key":"Calipers"},{"floor":41,"key":"Juzu Bracelet"},{"floor":43,"key":"Singing Bowl"}],"event_choices":[{"damage_healed":0,"gold_gain":0,"player_choice":"Box","damage_taken":0,"relics_obtained":["Dream Catcher"],"max_hp_gain":0,"max_hp_loss":0,"event_name":"Big Fish","floor":2,"gold_loss":0,"cards_obtained":["Regret"]},{"damage_healed":0,"gold_gain":0,"player_choice":"Bought 0 Potions","damage_taken":0,"max_hp_gain":0,"max_hp_loss":0,"event_name":"The Woman in Blue","floor":11,"gold_loss":0},{"damage_healed":0,"gold_gain":0,"player_choice":"Obtained Book","damage_taken":16,"max_hp_gain":0,"max_hp_loss":0,"event_name":"Cursed Tome","floor":24,"gold_loss":0},{"damage_healed":37,"gold_gain":0,"player_choice":"Heal","damage_taken":0,"max_hp_gain":0,"max_hp_loss":0,"event_name":"The Library","floor":29,"gold_loss":0},{"damage_healed":0,"gold_gain":999,"player_choice":"Gold","damage_taken":0,"max_hp_gain":0,"max_hp_loss":0,"event_name":"MindBloom","floor":36,"gold_loss":0,"cards_obtained":["Normality","Normality"]},{"damage_healed":101,"gold_gain":0,"player_choice":"Heal","damage_taken":0,"max_hp_gain":0,"max_hp_loss":14,"event_name":"The Moai Head","floor":45,"gold_loss":0}],"is_beta":false,"boss_relics":[{"not_picked":["Fusion Hammer","Sozu"],"picked":"sneckomod:SuperSneckoSoul"},{"not_picked":["Astrolabe","SlaversCollar"],"picked":"Calling Bell"}],"items_purged_floors":[37,39],"is_endless":false,"potions_floor_spawned":[7,8,10,12,13,16,21,28,33,38,41,48],"killed_by":"Time Eater","ascension_level":2}}