{"host":"hyzxin88cl4apzyp","time":1607936531,"event":{"mods":["Act Like it!","BaseMod","CapriCore","Friendly Minions","Gensokyo","Highlight Path","LagranYue(拉格朗・月)","Minty Spire (QoL Compilation)","Pale of the Ancients","RumiaBox-露米娅的神秘盒子","StSLib","SuperFastMode","The Alterego","Waifu the Spire","vexMod","【东方二次创作】八云紫mod"],"gold_per_floor":[118,118,134,134,152,178,178,191,191,208,208,233,158,173,173,273,273,290,290,300,319,81,109,109,128,128,28,47,47,61,76,76,175,175,195,208,208,222,222,255,255,267,267,267,142,156,169,181,181,181,181,181,31,63,63,63],"floor_reached":55,"playtime":3116,"items_purged":["alterego_mod:BigMeatyClaws","alterego_mod:Strike","alterego_mod:Strike","alterego_mod:Strike"],"score":810,"play_id":"cf318b56-26b3-4e03-b29e-afa358e6690b","local_time":"20201214170211","is_ascension_mode":false,"campfire_choices":[{"data":"alterego_mod:Impale","floor":7.0,"key":"SMITH"},{"data":"alterego_mod:Support","floor":15.0,"key":"SMITH"},{"data":"alterego_mod:BrynhildrRomantia","floor":24.0,"key":"SMITH"},{"data":"alterego_mod:Venus","floor":29.0,"key":"SMITH"},{"data":"alterego_mod:Support","floor":32.0,"key":"SMITH"},{"data":"alterego_mod:Cushion","floor":41.0,"key":"SMITH"},{"floor":49.0,"key":"RECALL"},{"data":"alterego_mod:BrynhildrsRune","floor":52.0,"key":"SMITH"}],"circlet_count":0,"master_deck":["alterego_mod:Strike+1","alterego_mod:Defend+1","alterego_mod:Defend","alterego_mod:Defend","alterego_mod:Impale+1","alterego_mod:BrynhildrsRune+1","alterego_mod:Bounce","alterego_mod:Cushion+1","alterego_mod:Bounce","alterego_mod:RingBreak","alterego_mod:Support+1","alterego_mod:Venus+1","alterego_mod:Support+1","alterego_mod:BrynhildrRomantia+1","alterego_mod:Bounce","alterego_mod:MagicResistance+1","alterego_mod:Bounce","alterego_mod:Palingenesis+1","alterego_mod:ChallengeComplete+1","alterego_mod:Nekomimi+1","alterego_mod:Smother+1","alterego_mod:Bounce+1"],"relics":["alterego_mod:MasochisticConstitution","LagranYue:RandomDrawCardRelic","NeowsBlessing","Bottled Lightning","Ornamental Fan","GodSword4","vexMod:CursedCompass","Frozen Egg 2","GodSword1","Turnip","Coffee Dripper","vexMod:RedPlottingStone","GodSword6"],"acts_visited":["Exordium","TheCity","TheBeyond","TheEnding"],"potions_floor_usage":[55,55],"damage_taken":[{"damage":0.0,"enemies":"Small Slimes","floor":1.0,"turns":1.0},{"damage":0.0,"enemies":"2 Louse","floor":3.0,"turns":1.0},{"damage":0.0,"enemies":"Cultist","floor":5.0,"turns":1.0},{"damage":32.0,"enemies":"Gremlin Nob","floor":6.0,"turns":6.0},{"damage":19.0,"enemies":"Large Slime","floor":8.0,"turns":8.0},{"damage":15.0,"enemies":"Exordium Thugs","floor":10.0,"turns":6.0},{"damage":23.0,"enemies":"3 Sentries","floor":12.0,"turns":14.0},{"damage":2.0,"enemies":"2 Fungi Beasts","floor":14.0,"turns":4.0},{"damage":0.0,"enemies":"Hexaghost","floor":16.0,"turns":11.0},{"damage":0.0,"enemies":"3 Byrds","floor":18.0,"turns":5.0},{"damage":6.0,"enemies":"Chosen","floor":20.0,"turns":5.0},{"damage":14.0,"enemies":"Snake Plant","floor":21.0,"turns":3.0},{"damage":17.0,"enemies":"Book of Stabbing","floor":23.0,"turns":4.0},{"damage":0.0,"enemies":"3 Cultists","floor":25.0,"turns":5.0},{"damage":0.0,"enemies":"Shelled Parasite and Fungi","floor":28.0,"turns":4.0},{"damage":0.0,"enemies":"Snake Plant","floor":30.0,"turns":3.0},{"damage":15.0,"enemies":"Cultist and Chosen","floor":31.0,"turns":5.0},{"damage":16.0,"enemies":"Collector","floor":33.0,"turns":8.0},{"damage":0.0,"enemies":"3 Darklings","floor":35.0,"turns":4.0},{"damage":0.0,"enemies":"Orb Walker","floor":36.0,"turns":4.0},{"damage":4.0,"enemies":"Jaw Worm Horde","floor":38.0,"turns":3.0},{"damage":17.0,"enemies":"Reptomancer","floor":40.0,"turns":4.0},{"damage":9.0,"enemies":"3 Darklings","floor":42.0,"turns":5.0},{"damage":29.0,"enemies":"4 Shapes","floor":46.0,"turns":6.0},{"damage":11.0,"enemies":"Maw","floor":47.0,"turns":6.0},{"damage":50.0,"enemies":"Sphere and 2 Shapes","floor":48.0,"turns":4.0},{"damage":13.0,"enemies":"Time Eater","floor":50.0,"turns":12.0},{"damage":76.0,"enemies":"Shield and Spear","floor":54.0,"turns":5.0},{"damage":71,"enemies":"The Heart","floor":55,"turns":8}],"seed_played":"-4705348449193308863","potions_obtained":[{"floor":3.0,"key":"Strength Potion"},{"floor":8.0,"key":"Regen Potion"},{"floor":14.0,"key":"EssenceOfSteel"},{"floor":21.0,"key":"LiquidMemories"},{"floor":30.0,"key":"ColorlessPotion"},{"floor":44.0,"key":"Weak Potion"},{"floor":54.0,"key":"Ancient Potion"}],"is_trial":false,"path_per_floor":["M","?","M","?","M","E","R","M","T","M","?","E","$","M","R","B",null,"M","?","M","M","$","E","R","M","T","$","M","R","M","M","R","B",null,"M","M","?","M","?","E","R","M","T","?","$","M","M","M","R","B",null,"R","$","E","B"],"character_chosen":"The_Alterego","items_purchased":["Frozen Egg 2"],"campfire_rested":0,"item_purchase_floors":[22],"current_hp_per_floor":[70,56,56,56,56,25,25,21,21,29,29,28,28,41,41,41,75,75,75,70,57,57,48,48,77,77,77,90,90,90,87,87,100,100,100,104,104,109,109,104,104,115,115,115,115,105,102,67,67,66,127,127,127,66,0,0],"gold":63,"neow_bonus":"THREE_ENEMY_KILL","is_daily":false,"chose_seed":false,"campfire_upgraded":7,"win_rate":0.0,"timestamp":1607936531,"path_taken":["M","?","M","?","M","E","R","?","T","M","?","E","?","M","R","BOSS","M","?","?","M","$","E","R","M","T","?","M","R","M","M","R","BOSS","M","M","?","M","?","E","R","M","T","?","$","M","M","M","R","BOSS","R","$","E","BOSS"],"items_purchased_type":["Relic"],"build_version":"2020-12-13","purchased_purges":4,"victory":false,"max_hp_per_floor":[70,70,70,70,70,71,71,72,72,73,73,74,74,75,75,75,75,75,75,76,77,77,78,78,86,86,86,90,90,90,95,95,100,100,100,104,104,109,109,114,114,115,115,115,115,120,121,122,122,127,127,127,127,128,128,128],"card_choices":[{"not_picked":["alterego_mod:Cooking","alterego_mod:Complex"],"picked":"alterego_mod:Undulate","floor":1.0},{"not_picked":["alterego_mod:TrashNCrash","alterego_mod:Jiggle","alterego_mod:Belts"],"picked":"SKIP","floor":3.0},{"not_picked":["alterego_mod:Rip","alterego_mod:Complex","alterego_mod:BiFurious"],"picked":"SKIP","floor":5.0},{"not_picked":["alterego_mod:PerceptionDisorder","alterego_mod:Antipathy"],"picked":"alterego_mod:Cushion","floor":6.0},{"not_picked":["alterego_mod:Jiggle","alterego_mod:DiscoLights","alterego_mod:Cycle"],"picked":"SKIP","floor":8.0},{"not_picked":["alterego_mod:BoobPocket","alterego_mod:Exercise"],"picked":"alterego_mod:Bounce","floor":10.0},{"not_picked":["alterego_mod:Maid","alterego_mod:PurpleHair"],"picked":"alterego_mod:RingBreak","floor":12.0},{"not_picked":["alterego_mod:1TonWallop","alterego_mod:Smother"],"picked":"alterego_mod:Support","floor":14.0},{"not_picked":["alterego_mod:Weigh","alterego_mod:Antipathy"],"picked":"alterego_mod:Venus","floor":16.0},{"not_picked":["alterego_mod:Skirt","alterego_mod:1TonWallop"],"picked":"alterego_mod:Support","floor":18.0},{"not_picked":["alterego_mod:Swimsuit+1","alterego_mod:Cycle","alterego_mod:GoddessCore"],"picked":"SKIP","floor":20.0},{"not_picked":["alterego_mod:DeftHands+1","alterego_mod:BiFurious","alterego_mod:Clap"],"picked":"SKIP","floor":21.0},{"not_picked":["alterego_mod:BreastValley+1","alterego_mod:MagicResistance+1"],"picked":"alterego_mod:BrynhildrRomantia","floor":23.0},{"not_picked":["alterego_mod:MagicResistance","alterego_mod:HighServant","alterego_mod:Clones"],"picked":"SKIP","floor":25.0},{"not_picked":["alterego_mod:BustOut+1","alterego_mod:DiscoLights+1"],"picked":"alterego_mod:Bounce","floor":28.0},{"not_picked":["alterego_mod:SakuraPetals","alterego_mod:Stockings"],"picked":"alterego_mod:MagicResistance+1","floor":30.0},{"not_picked":["alterego_mod:Mirror","alterego_mod:GoddessCore"],"picked":"alterego_mod:Bounce","floor":31.0},{"not_picked":["alterego_mod:TrickOrTreatment+1","alterego_mod:RingBreak+1"],"picked":"alterego_mod:Palingenesis+1","floor":33.0},{"not_picked":["alterego_mod:Punishment+1","alterego_mod:1TonWallop"],"picked":"alterego_mod:ChallengeComplete+1","floor":35.0},{"not_picked":["alterego_mod:Belts+1","alterego_mod:Pet","alterego_mod:GachaTicket+1"],"picked":"SKIP","floor":36.0},{"not_picked":["alterego_mod:Rip+1","alterego_mod:Bounce+1"],"picked":"alterego_mod:Nekomimi+1","floor":38.0},{"not_picked":["alterego_mod:DeftHands","alterego_mod:Skirt","alterego_mod:BoobPocket+1"],"picked":"SKIP","floor":40.0},{"not_picked":["alterego_mod:Cooking","alterego_mod:Rip","alterego_mod:Mirror"],"picked":"SKIP","floor":42.0},{"not_picked":["alterego_mod:Jiggle+1","alterego_mod:MagicResistance+1"],"picked":"alterego_mod:Smother+1","floor":46.0},{"not_picked":["alterego_mod:PerceptionDisorder+1","alterego_mod:Belts+1","alterego_mod:Pet"],"picked":"SKIP","floor":47.0},{"not_picked":["alterego_mod:Table","alterego_mod:BoobPocket+1"],"picked":"alterego_mod:Bounce+1","floor":48.0},{"not_picked":["alterego_mod:GoddessCore","alterego_mod:HighServant","alterego_mod:Lingerie"],"picked":"SKIP","floor":54.0}],"player_experience":97512,"relics_obtained":[{"floor":6.0,"key":"Bottled Lightning"},{"floor":9.0,"key":"Ornamental Fan"},{"floor":12.0,"key":"GodSword4"},{"floor":23.0,"key":"GodSword1"},{"floor":26.0,"key":"Turnip"},{"floor":40.0,"key":"vexMod:RedPlottingStone"},{"floor":54.0,"key":"GodSword6"}],"event_choices":[{"damage_healed":0.0,"max_hp_gain":0.0,"max_hp_loss":0.0,"gold_gain":0.0,"event_name":"Shining Light","player_choice":"Entered Light","floor":2.0,"gold_loss":0.0,"damage_taken":14.0,"cards_upgraded":["alterego_mod:Defend","alterego_mod:Strike"]},{"damage_healed":0.0,"max_hp_gain":0.0,"max_hp_loss":0.0,"gold_gain":0.0,"event_name":"Match and Keep!","player_choice":"1 cards matched","floor":4.0,"gold_loss":0.0,"damage_taken":0.0,"cards_obtained":["alterego_mod:Bounce"]},{"cards_removed":["alterego_mod:Defend"],"damage_healed":0.0,"max_hp_gain":0.0,"max_hp_loss":0.0,"gold_gain":0.0,"event_name":"Living Wall","player_choice":"Forget","floor":11.0,"gold_loss":0.0,"damage_taken":0.0},{"damage_healed":0.0,"max_hp_gain":0.0,"max_hp_loss":0.0,"gold_gain":0.0,"event_name":"N\u0027loth","player_choice":"Ignored","floor":19.0,"gold_loss":0.0,"damage_taken":0.0},{"cards_removed":["alterego_mod:Undulate"],"damage_healed":0.0,"max_hp_gain":0.0,"max_hp_loss":0.0,"gold_gain":0.0,"event_name":"Falling","player_choice":"Removed Skill","floor":39.0,"gold_loss":0.0,"damage_taken":0.0},{"damage_healed":0.0,"max_hp_gain":0.0,"max_hp_loss":0.0,"gold_gain":0.0,"event_name":"Lab","player_choice":"Got Potions","floor":44.0,"gold_loss":0.0,"damage_taken":0.0}],"is_beta":false,"boss_relics":[{"not_picked":["vexMod:DeviousBotling","Cursed Key"],"picked":"vexMod:CursedCompass"},{"not_picked":["Sozu","vexMod:MysteryBossChallenge"],"picked":"Coffee Dripper"}],"items_purged_floors":[13,27,45,53],"is_endless":false,"potions_floor_spawned":[3,8,14,21,30,31,33,35,40,42,54],"killed_by":"The Heart","ascension_level":0}}