{"host":"jgyoyy5iuhtvyvtg","time":1607911854,"event":{"mods":["2.2 Compatiblity","BaseMod","Challenge The Spire","Colored Map","Conspire","Downfall","Hermit","Highlight Path","Infinite Spire","Lobotomy","LobotomyExtend","Minty Spire (QoL Compilation)","Quick Restart","Replay The Spire","Spikes Relics","StSLib","The Construct","The Disciple","The Jungle","Yuri Mod"],"gold_per_floor":[118,137,137,137,156,156,156,156,156,156,484,497,516,39,39,137,137,153,187,200,200,200],"floor_reached":21,"playtime":2842,"items_purged":["yuri:yuriStrike"],"score":179,"play_id":"51ce3088-f58c-4013-8814-57da081dc8e5","local_time":"20201213181054","is_ascension_mode":false,"campfire_choices":[{"data":"yuri:MagneticKnives","floor":6,"key":"SMITH"},{"data":"yuri:Oolong","floor":8,"key":"SMITH"},{"data":"yuri:CalmingAura","floor":10,"key":"SMITH"},{"data":"yuri:yuriQuickStrike","floor":15,"key":"SMITH"}],"circlet_count":0,"master_deck":["yuri:yuriStrike","yuri:yuriStrike","yuri:yuriStrike","yuri:yuriDefend","yuri:yuriDefend","yuri:yuriDefend","yuri:yuriDefend","yuri:yuriDefend","yuri:Oolong+1","yuri:yuriStab","yuri:yuriQuickStrike+1","yuri:MagneticKnives+1","yuri:WickedSlash","yuri:CalmingAura+1","yuri:WickedSlash","yuri:DragonForm","yuri:MarkovCurse","BodiesMountain","yuri:Stalk","yuri:HeavierStrike","DreamingCurrent","yuri:BookRed+1"],"relics":["yuri:yuriKnife","CogitoBucket","RabbitCall","LetterFromLob","InkBottle","Old Coin","HellTrain","yuri:GlassOfWater","Sling","yuri:PortraitOfMarkov","Mirror"],"acts_visited":["Exordium","Exordium"],"potions_floor_usage":[21],"damage_taken":[{"damage":10,"enemies":"Jaw Worm","floor":1,"turns":5},{"damage":0,"enemies":"Cultist","floor":2,"turns":2},{"damage":5,"enemies":"infinitespire:Voidling","floor":5,"turns":3},{"damage":13,"enemies":"Lagavulin","floor":11,"turns":7},{"damage":7,"enemies":"conspire:2 RoseBushes","floor":12,"turns":4},{"damage":15,"enemies":"Large Slime","floor":13,"turns":4},{"damage":7,"enemies":"The Guardian","floor":16,"turns":11},{"damage":16,"enemies":"theJungle:MUSHROOMGANG","floor":18,"turns":4},{"damage":19,"enemies":"conspire:MimicChest","floor":19,"turns":4},{"damage":16,"enemies":"theJungle:5_Spyders","floor":20,"turns":4},{"damage":100,"enemies":"theJungle:2_Snecko_Cultists","floor":21,"turns":4}],"seed_played":"4746520922353134494","potions_obtained":[{"floor":12,"key":"Dexterity Potion"},{"floor":13,"key":"Weak Potion"},{"floor":16,"key":"FearPotion"}],"is_trial":false,"path_per_floor":["M","M","?","$","M","R","E","R","T","R","E","M","M","$","R","B",null,"M","?","M","M"],"character_chosen":"YURI","items_purchased":["yuri:GlassOfWater","Sling"],"campfire_rested":0,"item_purchase_floors":[14,14],"current_hp_per_floor":[74,78,78,78,77,77,77,77,77,77,71,71,63,63,63,63,80,64,57,51,0,0],"gold":200,"neow_bonus":"","is_daily":false,"chose_seed":false,"campfire_upgraded":4,"win_rate":0.0,"timestamp":1607911854,"path_taken":["M","M","?","?","M","R","E","R","T","R","E","?","M","$","R","BOSS","M","?","M","M"],"items_purchased_type":["Relic","Relic"],"build_version":"2020-12-13","purchased_purges":1,"victory":false,"max_hp_per_floor":[80,80,80,80,80,80,80,80,80,80,80,80,80,80,80,80,80,80,80,80,80,80],"card_choices":[{"not_picked":["QueenBee","Porccubus","RedShoes"],"picked":"Singing Bowl","floor":1},{"not_picked":["yuri:InduceGlitch","yuri:GlitchedStrike"],"picked":"yuri:yuriQuickStrike","floor":1},{"not_picked":["CherryBlossoms","FairyFestival","ShyLook"],"picked":"Singing Bowl","floor":2},{"not_picked":["yuri:RecklessStrike","yuri:ThrowBook"],"picked":"yuri:MagneticKnives","floor":2},{"not_picked":["RedShoes","BeautyBeast","OSAHOGD"],"picked":"Singing Bowl","floor":5},{"not_picked":["yuri:DebugCard","yuri:ThrowingKnives"],"picked":"yuri:CalmingAura","floor":5},{"not_picked":["Bloodbath","MHz","BeautyBeast"],"picked":"Singing Bowl","floor":11},{"not_picked":["yuri:ThrowBook","yuri:Torment"],"picked":"yuri:WickedSlash","floor":11},{"not_picked":["Bloodbath","Laetitia","OSAHOGD"],"picked":"Singing Bowl","floor":12},{"not_picked":["yuri:CalmingAura","yuri:yuriQuickStrike","yuri:RecklessStrike"],"picked":"SKIP","floor":12},{"not_picked":["LaLuna","Freischutz","LittlePrince"],"picked":"Singing Bowl","floor":13},{"not_picked":["yuri:Spin","yuri:Stare","yuri:RecklessStrike"],"picked":"SKIP","floor":13},{"not_picked":["SingingMachine","CrumblingArmor","MeatLantern"],"picked":"Singing Bowl","floor":16},{"not_picked":["yuri:MirrorInsanity","yuri:ConsumeGlitch"],"picked":"yuri:DragonForm","floor":16},{"not_picked":["CENSORED","Wellcheers"],"picked":"BodiesMountain","floor":18},{"not_picked":["yuri:DeepBreathing","yuri:Stare"],"picked":"yuri:Stalk","floor":18},{"not_picked":["FairyFestival","GreedKing","QueenOfHatred"],"picked":"Singing Bowl","floor":19},{"not_picked":["yuri:TPose","yuri:UntestedCode"],"picked":"yuri:HeavierStrike","floor":19},{"not_picked":["LaLuna","Variant","PunishingBird"],"picked":"Singing Bowl","floor":20},{"not_picked":["Scorched","MeatLantern"],"picked":"DreamingCurrent","floor":20},{"not_picked":["yuri:Torment","yuri:Stare"],"picked":"yuri:BookRed+1","floor":20}],"player_experience":3083046,"relics_obtained":[{"floor":1,"key":"LetterFromLob"},{"floor":9,"key":"InkBottle"},{"floor":11,"key":"Old Coin"},{"floor":19,"key":"Mirror"}],"event_choices":[{"damage_healed":0,"gold_gain":0,"cards_transformed":["yuri:yuriStrike"],"player_choice":"Transformed","damage_taken":0,"max_hp_gain":0,"max_hp_loss":0,"event_name":"Transmorgrifier","floor":3,"gold_loss":0,"cards_obtained":["yuri:WickedSlash"]}],"is_beta":false,"boss_relics":[{"not_picked":["Replay:Drink Me","SlaversCollar"],"picked":"yuri:PortraitOfMarkov"}],"items_purged_floors":[14],"is_endless":false,"potions_floor_spawned":[12,13,16,18,19],"killed_by":"theJungle:2_Snecko_Cultists","ascension_level":0}}