{"host":"sxnl403xm2xmiyj1","time":1607938188,"event":{"mods":["AchievementEnabler","BaseMod","Colored Map","Keyboard Shortcuts","Minty Spire (QoL Compilation)","Quick Restart","StSLib","SuperFastMode"],"gold_per_floor":[113,124,124,142,160,195,195,213,237,257,291,291,306,306,306,382,382,398,76,1,91,107,107,107,107,160,171,188,207,207,39,39,39,39],"floor_reached":33,"playtime":710,"items_purged":["Strike_G"],"score":568,"play_id":"f265b247-2c63-498f-8392-41b047fc7fef","local_time":"20201214182948","is_ascension_mode":true,"campfire_choices":[{"data":"Footwork","floor":7.0,"key":"SMITH"},{"data":"Cloak And Dagger","floor":12.0,"key":"SMITH"},{"data":"Noxious Fumes","floor":15.0,"key":"SMITH"},{"floor":23.0,"key":"REST"},{"data":"Footwork","floor":25.0,"key":"SMITH"},{"floor":32.0,"key":"REST"}],"circlet_count":0,"master_deck":["AscendersBane","Strike_G","Strike_G","Strike_G","Defend_G","Defend_G","Defend_G","Defend_G","Defend_G","Survivor","Neutralize","A Thousand Cuts+1","Dagger Spray","Prepared","Backstab","Poisoned Stab","Footwork+1","Noxious Fumes+1","Cloak And Dagger+1","Acrobatics","Prepared+1","Footwork+1","A Thousand Cuts+1","Blur","Cloak And Dagger","PiercingWail","Acrobatics","Choke","Backstab"],"relics":["Ring of the Snake","Centennial Puzzle","Pen Nib","WristBlade","DollysMirror","Dream Catcher","Snake Skull"],"acts_visited":["Exordium","TheCity"],"potions_floor_usage":[],"damage_taken":[{"damage":3.0,"enemies":"Cultist","floor":1.0,"turns":5.0},{"damage":8.0,"enemies":"Small Slimes","floor":2.0,"turns":3.0},{"damage":4.0,"enemies":"2 Louse","floor":4.0,"turns":3.0},{"damage":19.0,"enemies":"Exordium Wildlife","floor":5.0,"turns":3.0},{"damage":25.0,"enemies":"3 Sentries","floor":6.0,"turns":6.0},{"damage":0.0,"enemies":"Lots of Slimes","floor":8.0,"turns":4.0},{"damage":0.0,"enemies":"Large Slime","floor":10.0,"turns":4.0},{"damage":0.0,"enemies":"Lagavulin","floor":11.0,"turns":6.0},{"damage":5.0,"enemies":"Blue Slaver","floor":13.0,"turns":4.0},{"damage":10.0,"enemies":"The Guardian","floor":16.0,"turns":12.0},{"damage":14.0,"enemies":"3 Byrds","floor":18.0,"turns":4.0},{"damage":18.0,"enemies":"Chosen","floor":22.0,"turns":5.0},{"damage":9.0,"enemies":"Snake Plant","floor":27.0,"turns":5.0},{"damage":2.0,"enemies":"Centurion and Healer","floor":28.0,"turns":8.0},{"damage":4.0,"enemies":"3 Cultists","floor":29.0,"turns":4.0},{"damage":24,"enemies":"Automaton","floor":33,"turns":4}],"seed_played":"-1318080686662094154","potions_obtained":[{"floor":2.0,"key":"FairyPotion"},{"floor":5.0,"key":"Weak Potion"},{"floor":6.0,"key":"SteroidPotion"},{"floor":13.0,"key":"AttackPotion"},{"floor":22.0,"key":"Poison Potion"},{"floor":27.0,"key":"Dexterity Potion"},{"floor":28.0,"key":"LiquidBronze"}],"is_trial":false,"path_per_floor":["M","M","?","M","M","E","R","M","T","M","E","R","M","?","R","B",null,"M","$","?","?","M","R","?","R","T","M","M","M","?","$","R","B"],"character_chosen":"THE_SILENT","items_purchased":["Footwork","DollysMirror","Snake Skull"],"campfire_rested":2,"item_purchase_floors":[19,19,31],"current_hp_per_floor":[56,48,48,44,25,18,18,18,18,18,18,18,13,13,13,3,46,32,32,32,20,2,20,20,20,20,11,9,5,5,5,23,0,0],"gold":39,"neow_bonus":"THREE_RARE_CARDS","is_daily":false,"chose_seed":false,"campfire_upgraded":4,"win_rate":0.0,"timestamp":1607938188,"path_taken":["M","M","?","M","M","E","R","M","T","M","E","R","M","?","R","BOSS","M","$","?","?","?","R","?","R","T","M","M","M","?","?","R","BOSS"],"items_purchased_type":["Card","Relic","Relic"],"build_version":"2020-12-13","purchased_purges":1,"victory":false,"max_hp_per_floor":[60,60,60,60,60,60,60,60,60,60,60,60,60,60,60,60,60,60,60,60,60,60,60,60,60,60,60,60,60,60,60,60,60,60],"card_choices":[{"not_picked":["Grand Finale","Corpse Explosion"],"picked":"A Thousand Cuts","floor":0.0},{"not_picked":["Quick Slash","Deflect"],"picked":"Dagger Spray","floor":1.0},{"not_picked":["Underhanded Strike","Bane"],"picked":"Prepared","floor":2.0},{"not_picked":["Flying Knee","Dodge and Roll"],"picked":"Backstab","floor":4.0},{"not_picked":["Skewer","Leg Sweep"],"picked":"Poisoned Stab","floor":5.0},{"not_picked":["Choke","Dagger Spray"],"picked":"Footwork","floor":6.0},{"not_picked":["Tactician","Bouncing Flask"],"picked":"Noxious Fumes","floor":8.0},{"not_picked":["Bouncing Flask","Concentrate","Sucker Punch"],"picked":"SKIP","floor":10.0},{"not_picked":["Catalyst","Reflex"],"picked":"Cloak And Dagger","floor":11.0},{"not_picked":["Sucker Punch","Prepared"],"picked":"Acrobatics","floor":13.0},{"not_picked":["Noxious Fumes+1","Backflip"],"picked":"Prepared+1","floor":18.0},{"not_picked":["Dodge and Roll","Acrobatics"],"picked":"Blur","floor":22.0},{"not_picked":["Slice","Dagger Spray"],"picked":"Cloak And Dagger","floor":27.0},{"not_picked":["Acrobatics","Deflect"],"picked":"PiercingWail","floor":28.0},{"not_picked":["Poisoned Stab","Crippling Poison"],"picked":"Acrobatics","floor":29.0},{"not_picked":["Well Laid Plans","Prepared"],"picked":"Backstab","floor":32.0}],"player_experience":200699,"relics_obtained":[{"floor":6.0,"key":"Centennial Puzzle"},{"floor":11.0,"key":"Pen Nib"},{"floor":26.0,"key":"Dream Catcher"}],"event_choices":[{"damage_healed":0.0,"max_hp_gain":0.0,"max_hp_loss":0.0,"gold_gain":0.0,"event_name":"Living Wall","player_choice":"Grow","floor":3.0,"gold_loss":0.0,"damage_taken":0.0,"cards_upgraded":["A Thousand Cuts"]},{"damage_healed":0.0,"max_hp_gain":0.0,"max_hp_loss":0.0,"gold_gain":0.0,"event_name":"Golden Idol","player_choice":"Ignored","floor":14.0,"gold_loss":0.0,"damage_taken":0.0},{"cards_removed":["Strike_G"],"damage_healed":0.0,"max_hp_gain":0.0,"max_hp_loss":0.0,"gold_gain":0.0,"event_name":"Beggar","player_choice":"Gave Gold","floor":20.0,"gold_loss":75.0,"damage_taken":0.0},{"damage_healed":0.0,"max_hp_gain":0.0,"max_hp_loss":0.0,"gold_gain":90.0,"event_name":"Knowing Skull","player_choice":"GOLD ","floor":21.0,"potions_obtained":[],"gold_loss":0.0,"damage_taken":12.0,"cards_obtained":[]},{"damage_healed":0.0,"max_hp_gain":0.0,"max_hp_loss":0.0,"gold_gain":0.0,"event_name":"Vampires","player_choice":"Ignored","floor":24.0,"gold_loss":0.0,"damage_taken":0.0},{"damage_healed":0.0,"max_hp_gain":0.0,"max_hp_loss":0.0,"gold_gain":0.0,"event_name":"The Library","player_choice":"Read","floor":30.0,"gold_loss":0.0,"damage_taken":0.0,"cards_obtained":["Choke"]}],"is_beta":false,"boss_relics":[{"not_picked":["Calling Bell","HoveringKite"],"picked":"WristBlade"}],"items_purged_floors":[19],"is_endless":false,"potions_floor_spawned":[2,5,6,13,22,27,28],"killed_by":"Automaton","ascension_level":20}}