{"host":"cr9rpoy6dx9riis3","time":1607967861,"event":{"mods":["AchievementEnabler","BaseMod","Better Altar","Better Note","Better Sensory Stone","Better Skull","Better Third Choice","Better-Laid Plans","BetterRewards","Block Reminder","Curses Come First","Displayed Cursed Tome","Emptier Cage","Marked Mod","Minty Spire (QoL Compilation)","Permanent Neow","Relic Sorter","StSLib","The Blue Laboratory","Transform Curses"],"gold_per_floor":[119,135,135,152,168,168,187,216,267,267,442,464,464,490,490,590,590,610,610,610,535,535,569,569,588,588,613,633,647,419,449,449,551,551,563,573,573,589,539,539,568,568,593,593,610,610,610,267,267,267,267,267,43,75,75,75],"floor_reached":55,"playtime":2995,"items_purged":["Strike_R","Parasite","Strike_R","Strike_R"],"score":1027,"play_id":"c6d4e943-0cf1-48f7-bb93-284d2d2e5e62","local_time":"20201214184421","is_ascension_mode":true,"campfire_choices":[{"data":"Uppercut","floor":6.0,"key":"SMITH"},{"data":"Ghostly Armor","floor":10.0,"key":"SMITH"},{"data":"Seeing Red","floor":13.0,"key":"SMITH"},{"data":"Seeing Red","floor":15.0,"key":"SMITH"},{"data":"Reaper","floor":24.0,"key":"SMITH"},{"data":"Demon Form","floor":32.0,"key":"SMITH"},{"data":"Double Tap","floor":40.0,"key":"SMITH"},{"data":"Disarm","floor":42.0,"key":"SMITH"},{"data":"Disarm","floor":44.0,"key":"SMITH"},{"data":"Dropkick","floor":46.0,"key":"SMITH"},{"floor":49,"key":"RECALL"},{"data":"Defend_R","floor":52,"key":"SMITH"}],"circlet_count":0,"master_deck":["Strike_R","Defend_R","Defend_R","Defend_R+1","Defend_R","Uppercut+1","Dropkick+1","Seeing Red+1","Ghostly Armor+1","Disarm+1","Seeing Red+1","Reaper+1","Disarm+1","Necronomicurse","Seeing Red+1","Uppercut+1","Demon Form+1","Dropkick+1","Double Tap+1","Immolate+1","Ghostly Armor+1","Flame Barrier+1","Reaper+1","Metallicize","Flash of Steel+1"],"relics":["Burning Blood","Bronze Scales","Philosopher\u0027s Stone","Meat on the Bone","Smiling Mask","Molten Egg 2","Sozu","Eternal Feather","Vajra","Brimstone","TheAbacus","Orichalcum","TungstenRod","Strange Spoon","Necronomicon"],"acts_visited":["Exordium","TheCity","TheBeyond","TheEnding"],"potions_floor_usage":[55],"damage_taken":[{"damage":1.0,"enemies":"2 Louse","floor":1.0,"turns":3.0},{"damage":1.0,"enemies":"Small Slimes","floor":2.0,"turns":5.0},{"damage":4.0,"enemies":"Cultist","floor":4.0,"turns":3.0},{"damage":1.0,"enemies":"2 Fungi Beasts","floor":5.0,"turns":4.0},{"damage":3.0,"enemies":"Looter","floor":7.0,"turns":3.0},{"damage":13.0,"enemies":"3 Sentries","floor":8.0,"turns":7.0},{"damage":21.0,"enemies":"The Mushroom Lair","floor":12.0,"turns":7.0},{"damage":18.0,"enemies":"Lagavulin","floor":14.0,"turns":8.0},{"damage":29.0,"enemies":"The Guardian","floor":16.0,"turns":13.0},{"damage":24.0,"enemies":"2 Thieves","floor":18.0,"turns":5.0},{"damage":34.0,"enemies":"Slavers","floor":23.0,"turns":9.0},{"damage":8.0,"enemies":"Chosen","floor":25.0,"turns":8.0},{"damage":13.0,"enemies":"Book of Stabbing","floor":27.0,"turns":9.0},{"damage":16.0,"enemies":"Shelled Parasite and Fungi","floor":28.0,"turns":8.0},{"damage":17.0,"enemies":"Centurion and Healer","floor":29.0,"turns":4.0},{"damage":41.0,"enemies":"Slavers","floor":31.0,"turns":5.0},{"damage":88.0,"enemies":"Automaton","floor":33.0,"turns":12.0},{"damage":16.0,"enemies":"3 Shapes","floor":35.0,"turns":5.0},{"damage":55.0,"enemies":"3 Darklings","floor":36.0,"turns":6.0},{"damage":9.0,"enemies":"Writhing Mass","floor":38.0,"turns":6.0},{"damage":49.0,"enemies":"Reptomancer","floor":41.0,"turns":6.0},{"damage":5.0,"enemies":"Maw","floor":45.0,"turns":6.0},{"damage":49,"enemies":"Time Eater","floor":50,"turns":8},{"damage":66,"enemies":"Shield and Spear","floor":54,"turns":5},{"damage":194,"enemies":"The Heart","floor":55,"turns":9}],"seed_played":"-2864870391242727416","potions_obtained":[{"floor":2.0,"key":"LiquidBronze"},{"floor":7.0,"key":"Block Potion"},{"floor":8.0,"key":"blueLaboratory:ForbiddenFruitJuice"},{"floor":14.0,"key":"blueLaboratory:ForbiddenFruitJuice"}],"is_trial":false,"path_per_floor":["M","M","?","M","M","R","M","E","T","R","?","?","R","E","R","B",null,"M","?","?","?","?","E","R","M","T","E","M","M","$","E","R","B",null,"M","M","?","M","$","R","E","R","T","R","M","R","?","$","R","B",null,"R","$","E","B"],"character_chosen":"IRONCLAD","items_purchased":["TheAbacus","Dropkick+1","Strange Spoon","Reaper+1","Brimstone","Metallicize","Flash of Steel+1"],"campfire_rested":0,"item_purchase_floors":[0,30,30,48,48,53,53],"current_hp_per_floor":[80,80,80,80,80,80,80,73,73,73,73,58,58,46,46,35,80,62,62,62,62,46,54,54,62,62,69,59,62,62,51,51,60,70,61,67,67,69,67,67,60,67,67,67,67,67,67,67,67,63,67,67,67,44,0,0],"gold":75,"neow_bonus":"","is_daily":false,"chose_seed":false,"campfire_upgraded":11,"win_rate":0.0,"timestamp":1607967861,"path_taken":["M","M","?","M","M","R","M","E","T","R","?","?","R","E","R","BOSS","M","?","?","?","?","E","R","M","T","E","M","M","?","E","R","BOSS","M","M","?","M","$","R","E","R","T","R","M","R","?","$","R","BOSS","R","$","E","BOSS"],"items_purchased_type":["Relic","Card","Relic","Card","Relic","Card","Card"],"build_version":"2020-12-13","purchased_purges":4,"victory":false,"max_hp_per_floor":[80,80,80,80,80,80,80,80,80,80,80,80,80,80,80,80,80,80,80,80,80,80,80,80,80,80,80,80,80,80,80,80,70,70,70,70,70,70,67,67,67,67,67,67,67,67,67,67,67,67,67,67,67,67,57,57],"card_choices":[{"not_picked":["Perfected Strike","Armaments","Shrug It Off"],"picked":"SKIP","floor":1.0},{"not_picked":["Anger","Heavy Blade"],"picked":"Uppercut","floor":2.0},{"not_picked":["Cleave","Headbutt"],"picked":"Dropkick","floor":4.0},{"not_picked":["Warcry","Perfected Strike","Flex"],"picked":"SKIP","floor":5.0},{"not_picked":["Sword Boomerang","Twin Strike"],"picked":"Seeing Red","floor":7.0},{"not_picked":["Blood for Blood","Disarm"],"picked":"Ghostly Armor","floor":8.0},{"not_picked":["Infernal Blade","Second Wind"],"picked":"Disarm","floor":12.0},{"not_picked":["Sword Boomerang","Pommel Strike"],"picked":"Seeing Red","floor":14.0},{"not_picked":["Demon Form","Brutality"],"picked":"Reaper","floor":16.0},{"not_picked":["Feel No Pain","Intimidate"],"picked":"Disarm","floor":18.0},{"not_picked":["Twin Strike","Heavy Blade"],"picked":"Seeing Red+1","floor":23.0},{"not_picked":["Twin Strike","Body Slam","Wild Strike+1"],"picked":"SKIP","floor":25.0},{"not_picked":["Shrug It Off","Blood for Blood+1","Body Slam+1"],"picked":"SKIP","floor":27.0},{"not_picked":["Spot Weakness+1","Headbutt+1"],"picked":"Uppercut+1","floor":28.0},{"not_picked":["Searing Blow+1","Second Wind"],"picked":"Demon Form","floor":29.0},{"not_picked":["Havoc","Juggernaut","Iron Wave+1"],"picked":"SKIP","floor":31.0},{"not_picked":["Exhume","Barricade"],"picked":"Double Tap","floor":33.0},{"not_picked":["Entrench+1","Heavy Blade+1","Perfected Strike+1"],"picked":"SKIP","floor":35.0},{"not_picked":["Evolve+1","Anger+1","Perfected Strike+1"],"picked":"SKIP","floor":36.0},{"not_picked":["Clothesline+1","Sword Boomerang+1","Heavy Blade+1"],"picked":"SKIP","floor":38.0},{"not_picked":["Shrug It Off","Flex+1"],"picked":"Ghostly Armor+1","floor":41.0},{"not_picked":["Inflame+1","Burning Pact+1"],"picked":"Flame Barrier+1","floor":45.0},{"not_picked":["Thunderclap+1","Body Slam+1","Shrug It Off+1"],"picked":"SKIP","floor":54}],"player_experience":694941,"relics_obtained":[{"floor":8.0,"key":"Orichalcum"},{"floor":14.0,"key":"Meat on the Bone"},{"floor":26.0,"key":"Molten Egg 2"},{"floor":27.0,"key":"Smiling Mask"},{"floor":31.0,"key":"TungstenRod"},{"floor":41.0,"key":"Eternal Feather"},{"floor":43.0,"key":"Vajra"},{"floor":54,"key":"Bronze Scales"}],"event_choices":[{"cards_removed":["Bash"],"damage_healed":0.0,"max_hp_gain":0.0,"max_hp_loss":0.0,"gold_gain":0.0,"event_name":"Living Wall","player_choice":"Forget","floor":3.0,"gold_loss":0.0,"damage_taken":0.0},{"damage_healed":0.0,"max_hp_gain":0.0,"max_hp_loss":0.0,"gold_gain":175.0,"event_name":"betterThird:BetterSerpent","player_choice":"AGREE","floor":11.0,"gold_loss":0.0,"damage_taken":267.0},{"damage_healed":0.0,"max_hp_gain":0.0,"max_hp_loss":0.0,"gold_gain":0.0,"event_name":"Mushrooms","player_choice":"Fought Mushrooms","floor":12.0,"gold_loss":0.0,"damage_taken":0.0},{"damage_healed":0.0,"max_hp_gain":0.0,"max_hp_loss":0.0,"gold_gain":0.0,"event_name":"betterNote:BetterNote","player_choice":"Ignored","floor":19.0,"gold_loss":0.0,"damage_taken":0.0,"cards_obtained":["Immolate"]},{"cards_removed":["Doubt"],"damage_healed":0.0,"max_hp_gain":0.0,"max_hp_loss":0.0,"gold_gain":0.0,"event_name":"betterThird:BetterWriting","player_choice":"Elegance","floor":20.0,"gold_loss":0.0,"damage_taken":0.0},{"cards_removed":["Strike_R"],"damage_healed":0.0,"max_hp_gain":0.0,"max_hp_loss":0.0,"gold_gain":0.0,"event_name":"Beggar","player_choice":"Gave Gold","floor":21.0,"gold_loss":75.0,"damage_taken":0.0},{"damage_healed":0.0,"max_hp_gain":0.0,"max_hp_loss":0.0,"gold_gain":0.0,"event_name":"Cursed Tome","player_choice":"Obtained Book","floor":22.0,"gold_loss":0.0,"damage_taken":16.0},{"damage_healed":0.0,"max_hp_gain":0.0,"max_hp_loss":0.0,"gold_gain":3.0,"event_name":"betterStone:BetterStone","player_choice":"4","floor":37.0,"gold_loss":0.0,"damage_taken":0.0,"cards_obtained":["Immolate"]},{"damage_healed":0.0,"max_hp_gain":0.0,"max_hp_loss":0.0,"gold_gain":0.0,"event_name":"Tomb of Lord Red Mask","player_choice":"Ignored","floor":47.0,"gold_loss":0.0,"damage_taken":0.0}],"is_beta":false,"boss_relics":[{"not_picked":["Black Star","Pandora\u0027s Box"],"picked":"Sozu"},{"not_picked":["Astrolabe","Snecko Eye"],"picked":"Philosopher\u0027s Stone"}],"items_purged_floors":[30,39,48,53],"is_endless":false,"potions_floor_spawned":[2,7,8,14,25,29,31,38,41],"killed_by":"The Heart","ascension_level":2}}