{"host":"idmgg8r816nmas40","time":1607989423,"event":{"mods":["AchievementEnabler","AlwaysNeverKeys","BaseMod","BetterRewards","Block Reminder","Colored Map","Colored Powertips","DeckTracker","Googly Eyes","Highlight Path","Minty Spire (QoL Compilation)","Quick Restart","Relic Stats","Shop Mod","StSLib","SuperFastMode","Synergy Search","Transform Curses"],"gold_per_floor":[119,119,269,269,282,282,282,282],"floor_reached":7,"playtime":215,"items_purged":[],"score":72,"play_id":"5445173b-7467-452d-a552-96e981e90011","local_time":"20201214164343","is_ascension_mode":true,"campfire_choices":[{"floor":6,"key":"REST"}],"circlet_count":0,"master_deck":["AscendersBane","Strike_B","Strike_B","Strike_B","Strike_B","Defend_B","Defend_B","Defend_B","Defend_B","Zap","Dualcast","CurseOfTheBell","Self Repair","Stack"],"relics":["Calling Bell","Oddly Smooth Stone","Question Card","Peace Pipe","Sundial"],"acts_visited":["Exordium"],"potions_floor_usage":[7],"damage_taken":[{"damage":8,"enemies":"2 Louse","floor":1,"turns":4},{"damage":16,"enemies":"Small Slimes","floor":5,"turns":5},{"damage":73,"enemies":"Lagavulin","floor":7,"turns":11}],"seed_played":"774106277218386735","potions_obtained":[{"floor":5,"key":"SpeedPotion"}],"is_trial":false,"path_per_floor":["M","?","?","?","M","R","E"],"character_chosen":"DEFECT","items_purchased":[],"campfire_rested":1,"item_purchase_floors":[],"current_hp_per_floor":[56,45,45,45,36,57,0,0],"gold":282,"neow_bonus":"BOSS_RELIC","is_daily":false,"chose_seed":false,"campfire_upgraded":0,"win_rate":0.0,"timestamp":1607989423,"path_taken":["M","?","?","?","?","R","E"],"items_purchased_type":[],"build_version":"2020-12-13","purchased_purges":0,"victory":false,"max_hp_per_floor":[71,71,71,71,71,71,71,71],"relic_stats":{"Peace Pipe":0,"counters":[3,20],"Sundial":[4],"Question Card":2,"obtain_stats":[{"Calling Bell":0,"Peace Pipe":0,"Sundial":2,"Oddly Smooth Stone":0,"Cracked Core":0,"Question Card":0},{"Calling Bell":0,"Peace Pipe":0,"Sundial":1,"Oddly Smooth Stone":0,"Cracked Core":0,"Question Card":0},{"Calling Bell":0,"Peace Pipe":0,"Sundial":4,"Oddly Smooth Stone":0,"Cracked Core":0,"Question Card":0}]},"card_choices":[{"not_picked":["Tempest","Rebound","Recycle"],"picked":"Self Repair","floor":1},{"not_picked":["Beam Cell","Hologram","Undo"],"picked":"Stack","floor":5}],"player_experience":992553,"relics_obtained":[{"floor":0,"key":"Oddly Smooth Stone"},{"floor":0,"key":"Question Card"},{"floor":0,"key":"Peace Pipe"}],"event_choices":[{"damage_healed":0,"gold_gain":0,"player_choice":"Success","damage_taken":11,"relics_obtained":["Sundial"],"max_hp_gain":0,"max_hp_loss":0,"event_name":"Scrap Ooze","floor":2,"gold_loss":0},{"damage_healed":0,"gold_gain":150,"player_choice":"AGREE","damage_taken":0,"max_hp_gain":0,"max_hp_loss":0,"event_name":"Liars Game","floor":3,"gold_loss":0,"cards_obtained":["Doubt"]},{"cards_removed":["Doubt"],"damage_healed":0,"gold_gain":0,"player_choice":"Purged","damage_taken":0,"max_hp_gain":0,"max_hp_loss":0,"event_name":"Purifier","floor":4,"gold_loss":0}],"is_beta":false,"boss_relics":[],"items_purged_floors":[],"is_endless":false,"potions_floor_spawned":[5],"killed_by":"Lagavulin","ascension_level":17}}