{"host":"wl5kcyk3ocgwii71","time":1607975448,"event":{"mods":["AchievementEnabler","BaseMod","Better Altar","Better Match","Better Note","Better Sensory Stone","Better Skull","Better Third Choice","Colored Powertips","Downfall","Hermit","Minty Spire (QoL Compilation)","Quick Restart","Replay The Spire","StSLib","The Servant 0.9.4"],"gold_per_floor":[113,113,113,113,125,160,183,183,183,183,28,78,106,181,181,304,304,245,245,245,245,32,48,48],"floor_reached":23,"playtime":688,"items_purged":["Strike_G"],"score":283,"play_id":"f6e3dfac-6c86-4879-9e6a-23b222c9a928","local_time":"20201214115048","is_ascension_mode":true,"campfire_choices":[{"data":"Footwork","floor":8,"key":"SMITH"},{"data":"Concentrate","floor":10,"key":"SMITH"},{"data":"Leg Sweep","floor":15,"key":"SMITH"}],"circlet_count":0,"master_deck":["Defend_G","Defend_G","Defend_G","Defend_G","Defend_G","Survivor","Neutralize","Footwork+1","Poisoned Stab","Concentrate+1","Dagger Spray+1","Blur","Leg Sweep+1","After Image","Blade Dance+1","Voices","Slimebound:Tackle+1","Slimebound:Tackle+1","Slimebound:Tackle+1","Caltrops"],"relics":["Ring of the Snake","NeowsBlessing","Replay:Bandana","Molten Egg 2","Centennial Puzzle","Replay:Wax Seal","Boot","Cursed Key","ReplayTheSpireMod:Ring of Challenge","ClockworkSouvenir"],"acts_visited":["Exordium","TheCity"],"potions_floor_usage":[12,16],"damage_taken":[{"damage":0,"enemies":"2 Louse","floor":1,"turns":1},{"damage":0,"enemies":"Cultist","floor":5,"turns":1},{"damage":0,"enemies":"Lagavulin","floor":6,"turns":1},{"damage":0,"enemies":"Jaw Worm","floor":7,"turns":5},{"damage":4,"enemies":"3 Sentries","floor":12,"turns":6},{"damage":0,"enemies":"2 Fungi Beasts","floor":13,"turns":4},{"damage":47,"enemies":"Fading Forest","floor":16,"turns":11},{"damage":10,"enemies":"2 Thieves","floor":18,"turns":5},{"damage":63,"enemies":"Gremlin Leader","floor":23,"turns":10}],"seed_played":"-2264903868588382955","potions_obtained":[{"floor":1,"key":"SkillPotion"},{"floor":5,"key":"AttackPotion"},{"floor":6,"key":"Elixir"}],"is_trial":false,"path_per_floor":["M","?","?","?","M","E","M","R","T","R","$","E","M","?","R","B",null,"M","?","?","?","$","E"],"character_chosen":"THE_SILENT","items_purchased":["Replay:Wax Seal","ClockworkSouvenir","Caltrops"],"campfire_rested":0,"item_purchase_floors":[11,22,22],"current_hp_per_floor":[63,68,56,75,75,75,75,75,75,75,75,71,71,60,60,25,63,53,53,53,53,53,0,0],"gold":48,"neow_bonus":"THREE_ENEMY_KILL","is_daily":false,"chose_seed":false,"campfire_upgraded":3,"win_rate":0.0,"timestamp":1607975448,"path_taken":["M","?","?","?","?","E","M","R","T","R","$","E","M","?","R","BOSS","M","?","?","?","$","E"],"items_purchased_type":["Relic","Relic","Card"],"build_version":"2020-12-13","purchased_purges":1,"victory":false,"max_hp_per_floor":[70,75,75,75,75,75,75,75,75,75,75,75,75,75,75,75,75,75,75,75,75,75,75,75],"card_choices":[{"not_picked":["Catalyst","Backflip"],"picked":"Footwork","floor":1},{"not_picked":["Distraction","Hidden Blade"],"picked":"Poisoned Stab","floor":5},{"not_picked":["Acrobatics","Quick Slash+1"],"picked":"Concentrate","floor":6},{"not_picked":["Poisoned Stab+1","Backflip"],"picked":"Dagger Spray+1","floor":7},{"not_picked":["ReplayTheSpireMod:Speed Training","Accuracy"],"picked":"Blur","floor":12},{"not_picked":["ReplayTheSpireMod:Shiv Toss","Footwork"],"picked":"Leg Sweep","floor":13},{"not_picked":["Storm of Steel","Doppelganger"],"picked":"After Image","floor":16},{"not_picked":["Cloak And Dagger","Blur"],"picked":"Blade Dance+1","floor":18}],"player_experience":353998,"relics_obtained":[{"floor":6,"key":"Molten Egg 2"},{"floor":9,"key":"Centennial Puzzle"},{"floor":12,"key":"Boot"},{"floor":19,"key":"ReplayTheSpireMod:Ring of Challenge"}],"event_choices":[{"damage_healed":0,"gold_gain":0,"player_choice":"Donut","damage_taken":0,"max_hp_gain":5,"max_hp_loss":0,"event_name":"Big Fish","floor":2,"gold_loss":0},{"damage_healed":0,"gold_gain":0,"player_choice":"Relic ","damage_taken":12,"max_hp_gain":0,"max_hp_loss":0,"event_name":"betterThird:BetterScrap","floor":3,"gold_loss":0,"cards_obtained":["Sunder"]},{"damage_healed":19,"gold_gain":0,"player_choice":"Full Heal","damage_taken":0,"max_hp_gain":0,"max_hp_loss":0,"event_name":"Wheel of Change","floor":4,"gold_loss":0},{"damage_healed":0,"gold_gain":75,"player_choice":"Gold","damage_taken":11,"max_hp_gain":0,"max_hp_loss":0,"event_name":"betterThird:BetterGoop","floor":14,"gold_loss":0},{"damage_healed":0,"gold_gain":0,"player_choice":"Ignored","damage_taken":0,"max_hp_gain":0,"max_hp_loss":0,"event_name":"Ghosts","floor":21,"gold_loss":0}],"is_beta":false,"boss_relics":[{"not_picked":["Empty Cage","Ring of the Serpent"],"picked":"Cursed Key"}],"items_purged_floors":[11],"is_endless":false,"potions_floor_spawned":[1,5,6],"killed_by":"Gremlin Leader","ascension_level":6}}