{"host":"fqid566djxhwi0rl","time":1607956657,"event":{"mods":["2.2 Compatiblity","AchievementEnabler","Aspiration","BaseMod","Downfall","Energized Spire","Faster Ascension Climbing","GifTheSpireLib","Minty Spire (QoL Compilation)","Replay The Spire","Robot Space Explorer","StSLib","The Blackbeard","The Gatherer","Trackpad","Yuri Mod"],"gold_per_floor":[115,115,133,65,80,110,110,80,80,80,80,109,109,126,126,222,222,236,254,254,274,120,145,145,171,171,171,206,206,233,233,233,335,335,345,345,383,145,161,180,190,521,546,573,593,593,693,705,705,705],"floor_reached":51,"playtime":6085,"items_purged":["champ:Strike","champ:Strike"],"score":1143,"play_id":"838c5c66-0ea3-41b8-99b0-47cd63ed0644","local_time":"20201214163737","is_ascension_mode":true,"campfire_choices":[{"data":"champ:StanceDance","floor":7.0,"key":"SMITH"},{"data":"champ:GladiatorStyle","floor":13.0,"key":"SMITH"},{"data":"champ:Duel","floor":15.0,"key":"SMITH"},{"data":"champ:VampiricStrike","floor":24.0,"key":"SMITH"},{"data":"champ:Haymaker","floor":27.0,"key":"SMITH"},{"data":"champ:IronFortress","floor":29.0,"key":"SMITH"},{"data":"champ:Riposte","floor":32.0,"key":"SMITH"},{"data":"champ:ViciousMockery","floor":49,"key":"SMITH"}],"circlet_count":0,"master_deck":["champ:Strike","champ:Defend","champ:Defend","champ:Defend","champ:Defend","champ:Execute","champ:Taunt","champ:Haymaker+1","champ:Duel+1","champ:IronFortress+1","champ:StanceDance+1","champ:Riposte+1","champ:GladiatorStyle+1","champ:ShieldThrow","champ:VampiricStrike+1","champ:Circumvent+1","champ:GladiatorStyle","champ:Haymaker+1","champ:VampiricStrike+1","champ:Improvising","Hallucinations","champ:ShieldWall+1","champ:ViciousMockery+1","champ:BladeFlurry+1","champ:FlashCut+1","champ:StanceDance+1"],"relics":["champ:ChampionCrown","NeowsBlessing","Mango","trackpad:ZombieHeart","Replay:Rubber Ducky","Replay:WaspNest","energizedSpire:MagnifyingGlass","trackpad:Compendium","Smiling Mask","aspiration:SeaSaltIceCream","aspiration:Nostalgia","m_SnakeBloodCore","trackpad:RapidFire","trackpad:AdjectivePendant","Black Star","ReplayTheSpireMod:Ring of Exchange","PreservedInsect","Old Coin","trackpad:SneckoScepter","Potion Belt","Replay:Wax Seal","aspiration:FetidBarrel"],"acts_visited":["Exordium","TheCity","TheBeyond"],"potions_floor_usage":[35,41,41,50,50],"damage_taken":[{"damage":0.0,"enemies":"Jaw Worm","floor":1.0,"turns":1.0},{"damage":0.0,"enemies":"Cultist","floor":3.0,"turns":1.0},{"damage":0.0,"enemies":"2 Louse","floor":5.0,"turns":1.0},{"damage":11.0,"enemies":"Gremlin Nob","floor":6.0,"turns":4.0},{"damage":9.0,"enemies":"Looter","floor":8.0,"turns":4.0},{"damage":0.0,"enemies":"Lagavulin","floor":12.0,"turns":7.0},{"damage":21.0,"enemies":"Lots of Slimes","floor":14.0,"turns":3.0},{"damage":36.0,"enemies":"The Guardian","floor":16.0,"turns":8.0},{"damage":4.0,"enemies":"3 Byrds","floor":18.0,"turns":3.0},{"damage":0.0,"enemies":"Shell Parasite","floor":19.0,"turns":4.0},{"damage":26.0,"enemies":"Sentry and Sphere","floor":21.0,"turns":5.0},{"damage":14.0,"enemies":"Replay:Snechameleon","floor":23.0,"turns":5.0},{"damage":39.0,"enemies":"Gremlin Leader","floor":25.0,"turns":8.0},{"damage":5.0,"enemies":"Book of Stabbing","floor":28.0,"turns":5.0},{"damage":28.0,"enemies":"Slavers","floor":30.0,"turns":5.0},{"damage":26.0,"enemies":"Collector","floor":33.0,"turns":9.0},{"damage":7,"enemies":"3 Darklings","floor":35,"turns":7},{"damage":41,"enemies":"3 Shapes","floor":39,"turns":4},{"damage":17,"enemies":"Sphere and 2 Shapes","floor":40,"turns":7},{"damage":11,"enemies":"Jaw Worm Horde","floor":41,"turns":5},{"damage":23,"enemies":"Reptomancer","floor":42,"turns":4},{"damage":1,"enemies":"Giant Head","floor":44,"turns":5},{"damage":18,"enemies":"3 Darklings","floor":45,"turns":6},{"damage":29,"enemies":"Spire Growth","floor":48,"turns":4},{"damage":110,"enemies":"Donu and Deca","floor":50,"turns":9}],"seed_played":"-4732325558240072901","potions_obtained":[{"floor":3.0,"key":"DistilledChaos"},{"floor":6.0,"key":"Elixir"},{"floor":12.0,"key":"Swift Potion"},{"floor":14.0,"key":"Explosive Potion"},{"floor":16.0,"key":"Strength Potion"},{"floor":19.0,"key":"Block Potion"},{"floor":23.0,"key":"Guardian:BlockOnCardUsePotion"},{"floor":25.0,"key":"SpeedPotion"},{"floor":28.0,"key":"LiquidMemories"},{"floor":30.0,"key":"Block Potion"},{"floor":35,"key":"SteroidPotion"},{"floor":42,"key":"Swift Potion"},{"floor":44,"key":"Cursed Concoction"},{"floor":45,"key":"Explosive Potion"}],"is_trial":false,"path_per_floor":["M","?","M","$","M","E","R","M","T","?","?","E","R","M","R","B",null,"M","M","?","M","$","E","R","E","T","R","E","R","E","?","R","B",null,"M","?","?","$","M","M","M","E","T","E","M","?","?","M","R","B",null],"character_chosen":"THE_CHAMP","items_purchased":["champ:IronFortress","champ:GladiatorStyle","PreservedInsect","champ:ViciousMockery"],"campfire_rested":0,"item_purchase_floors":[4,22,38,38],"current_hp_per_floor":[81,81,81,81,81,89,89,88,88,93,93,94,94,83,83,69,104,109,120,120,119,119,119,119,114,114,114,125,125,126,126,126,122,127,137,137,83,83,111,137,146,127,127,148,142,142,142,145,145,97],"gold":705,"neow_bonus":"THREE_ENEMY_KILL","is_daily":false,"chose_seed":false,"campfire_upgraded":8,"win_rate":0.0,"timestamp":1607956657,"path_taken":["M","?","M","$","M","E","R","?","T","?","?","E","R","M","R","BOSS","M","?","?","M","$","E","R","E","T","R","E","R","E","?","R","BOSS","M","?","?","$","M","M","M","E","T","E","?","?","?","?","R","BOSS"],"items_purchased_type":["Card","Card","Relic","Card"],"build_version":"2020-12-13","purchased_purges":2,"victory":true,"max_hp_per_floor":[90,90,90,90,90,104,104,104,104,109,109,110,110,115,115,116,116,119,120,120,122,122,123,123,124,124,124,125,125,128,128,128,129,129,137,137,137,137,140,143,146,147,147,148,157,149,149,150,150,152],"card_choices":[{"not_picked":["champ:DefensiveShout","champ:CrookedStrike"],"picked":"champ:Haymaker","floor":1.0},{"not_picked":["champ:CrookedStrike","champ:GladiatorsShout"],"picked":"champ:Duel","floor":3.0},{"not_picked":["champ:DefensiveShout","champ:Circumvent"],"picked":"champ:StanceDance","floor":5.0},{"not_picked":["champ:GutPunch","champ:Backstep"],"picked":"champ:Riposte","floor":6.0},{"not_picked":["champ:Duel","champ:GutPunch"],"picked":"champ:GladiatorStyle","floor":8.0},{"not_picked":["champ:FaceSlap","champ:BerserkerStyle"],"picked":"champ:ShieldThrow","floor":12.0},{"not_picked":["champ:Lariat","champ:CrookedStrike","champ:PerfectedStrike"],"picked":"SKIP","floor":14.0},{"not_picked":["champ:CrownThrow","champ:PerfectForm"],"picked":"champ:VampiricStrike","floor":16.0},{"not_picked":["champ:EnragedBash+1","champ:BladeFlurry","champ:AdrenalArmor"],"picked":"SKIP","floor":18.0},{"not_picked":["champ:RecklessLeap","champ:HeartStrike+1","champ:Encircle"],"picked":"SKIP","floor":19.0},{"not_picked":["champ:CrookedStrike","champ:DefensiveShout"],"picked":"champ:Circumvent+1","floor":21.0},{"not_picked":["champ:Encircle","champ:BladeFlurry"],"picked":"champ:Haymaker+1","floor":23.0},{"not_picked":["champ:BerserkersShout","champ:BladeFlurry","champ:DefensiveShout+1"],"picked":"SKIP","floor":25.0},{"not_picked":["champ:DancingMaster","champ:Circumvent","champ:Riposte"],"picked":"SKIP","floor":28.0},{"not_picked":["champ:Duel","Dual Wield","champ:PerfectedStrike+1"],"picked":"SKIP","floor":30.0},{"not_picked":["champ:SwordThrow","champ:SteelEdge"],"picked":"champ:Improvising","floor":33.0},{"not_picked":["champ:PerfectedStrike","champ:ViciousMockery","champ:HeartStrike+1"],"picked":"SKIP","floor":35},{"not_picked":["champ:FocusedDefense","champ:StanceDance"],"picked":"champ:ShieldWall+1","floor":37},{"not_picked":["champ:HeartStrike","champ:FaceSlap"],"picked":"champ:BladeFlurry+1","floor":39},{"not_picked":["champ:BringItOn+1","champ:FightOn","champ:CrookedStrike+1"],"picked":"SKIP","floor":40},{"not_picked":["champ:SkillfulDodge+1","champ:Encircle+1"],"picked":"champ:FlashCut+1","floor":41},{"not_picked":["champ:Improvising","champ:DeathBlow+1","champ:ShieldThrow"],"picked":"SKIP","floor":42},{"not_picked":["champ:EnGarde+1","champ:FaceSlap","champ:Circumvent"],"picked":"SKIP","floor":44},{"not_picked":["champ:RecklessLeap+1","champ:SkillfulDodge","champ:FlashCut+1"],"picked":"SKIP","floor":45},{"not_picked":["champ:CrookedStrike+1","champ:PerfectedStrike+1"],"picked":"champ:StanceDance+1","floor":48}],"player_experience":666046,"relics_obtained":[{"floor":6.0,"key":"Mango"},{"floor":9.0,"key":"trackpad:ZombieHeart"},{"floor":12.0,"key":"Replay:WaspNest"},{"floor":23.0,"key":"trackpad:Compendium"},{"floor":25.0,"key":"Smiling Mask"},{"floor":26.0,"key":"aspiration:SeaSaltIceCream"},{"floor":28.0,"key":"trackpad:RapidFire"},{"floor":30.0,"key":"trackpad:AdjectivePendant"},{"floor":36,"key":"ReplayTheSpireMod:Ring of Exchange"},{"floor":42,"key":"Old Coin"},{"floor":42,"key":"trackpad:SneckoScepter"},{"floor":43,"key":"Potion Belt"},{"floor":44,"key":"Replay:Wax Seal"},{"floor":44,"key":"aspiration:FetidBarrel"}],"event_choices":[{"cards_removed":["champ:Strike"],"damage_healed":0.0,"max_hp_gain":0.0,"max_hp_loss":0.0,"gold_gain":0.0,"event_name":"Wheel of Change","player_choice":"Card Removal","floor":2.0,"gold_loss":0.0,"damage_taken":0.0},{"damage_healed":0.0,"max_hp_gain":5.0,"max_hp_loss":0.0,"gold_gain":0.0,"event_name":"Big Fish","player_choice":"Donut","floor":10.0,"gold_loss":0.0,"damage_taken":0.0},{"damage_healed":0.0,"max_hp_gain":0.0,"max_hp_loss":0.0,"gold_gain":0.0,"event_name":"WeMeetAgain","player_choice":"Gave Potion","floor":11.0,"gold_loss":0.0,"damage_taken":0.0,"relics_obtained":["Replay:Rubber Ducky"]},{"damage_healed":0.0,"max_hp_gain":0.0,"max_hp_loss":0.0,"gold_gain":0.0,"event_name":"Duplicator","player_choice":"Copied","floor":31.0,"gold_loss":0.0,"damage_taken":0.0,"cards_obtained":["champ:VampiricStrike"]},{"damage_healed":0,"gold_gain":0,"player_choice":"Max HP","damage_taken":0,"max_hp_gain":0,"max_hp_loss":8,"event_name":"Winding Halls","floor":46,"gold_loss":0},{"damage_healed":0,"gold_gain":100,"player_choice":"Pray","damage_taken":0,"max_hp_gain":0,"max_hp_loss":0,"event_name":"Golden Shrine","floor":47,"gold_loss":0}],"is_beta":false,"boss_relics":[{"not_picked":["trackpad:Coffee","energizedSpire:OgreHead"],"picked":"energizedSpire:MagnifyingGlass"},{"not_picked":["Calling Bell","Replay:Bronze Core"],"picked":"Black Star"}],"items_purged_floors":[22,38],"is_endless":false,"potions_floor_spawned":[3,6,12,14,16,19,23,25,28,30,35,42,44,45],"ascension_level":7}}