{"host":"t69ji15hgys5mqmu","time":1607943867,"event":{"mods":["BaseMod","Downfall","Hermit","Marisa????????","Minty Spire (QoL Compilation)","StSLib","The IronCluck"],"gold_per_floor":[112,39,56,56,56,56,90,90,90,105,132,132],"floor_reached":11,"playtime":503,"items_purged":[],"score":106,"play_id":"77c9e9c3-7cc9-4c8a-a17a-5f4f37b6942c","local_time":"20201214050427","is_ascension_mode":false,"campfire_choices":[{"data":"hermit:GoldenBullet","floor":6,"key":"SMITH"},{"data":"hermit:CalledShot","floor":8,"key":"SMITH"}],"circlet_count":0,"master_deck":["hermit:Strike_Hermit","hermit:Strike_Hermit","hermit:Strike_Hermit","hermit:Strike_Hermit","hermit:Defend_Hermit","hermit:Defend_Hermit","hermit:Defend_Hermit","hermit:Defend_Hermit","hermit:Snapshot","hermit:Dive","hermit:GoldenBullet+1","hermit:Quickdraw","hermit:CalledShot+1","hermit:Shortfuse"],"relics":["hermit:Momento","NeowsBlessing","Mercury Hourglass","hermit:CharredGlove","Pocketwatch","hermit:RedScarf"],"acts_visited":["Exordium"],"potions_floor_usage":[],"damage_taken":[{"damage":0,"enemies":"Jaw Worm","floor":1,"turns":1},{"damage":0,"enemies":"Cultist","floor":3,"turns":1},{"damage":0,"enemies":"3 Sentries","floor":7,"turns":1},{"damage":0,"enemies":"Small Slimes","floor":10,"turns":2},{"damage":28,"enemies":"Lagavulin","floor":11,"turns":6}],"seed_played":"-1680395000133530594","potions_obtained":[{"floor":7,"key":"SkillPotion"}],"is_trial":false,"path_per_floor":["M","$","M","?","T","R","E","R","T","M","E"],"character_chosen":"HERMIT","items_purchased":["hermit:GoldenBullet"],"campfire_rested":0,"item_purchase_floors":[2],"current_hp_per_floor":[75,75,75,68,68,68,68,68,68,68,40,40],"gold":132,"neow_bonus":"THREE_ENEMY_KILL","is_daily":false,"chose_seed":false,"campfire_upgraded":2,"win_rate":0.0,"timestamp":1607943867,"path_taken":["M","$","M","?","?","R","E","R","T","M","E"],"items_purchased_type":["Card"],"build_version":"2020-12-13","purchased_purges":0,"victory":false,"max_hp_per_floor":[75,75,75,75,75,75,75,75,75,75,75,75],"card_choices":[{"not_picked":["hermit:Grudge","hermit:SprayPray"],"picked":"hermit:Dive","floor":1},{"not_picked":["hermit:Manifest","hermit:HoleUp"],"picked":"hermit:Quickdraw","floor":3},{"not_picked":["hermit:Spite","hermit:Virtue"],"picked":"hermit:CalledShot","floor":7},{"not_picked":["hermit:HighNoon","hermit:Quickdraw"],"picked":"hermit:Shortfuse","floor":10}],"player_experience":139897,"relics_obtained":[{"floor":5,"key":"Mercury Hourglass"},{"floor":7,"key":"hermit:CharredGlove"},{"floor":9,"key":"Pocketwatch"},{"floor":11,"key":"hermit:RedScarf"}],"event_choices":[{"cards_removed":["hermit:Covet"],"damage_healed":0,"gold_gain":0,"player_choice":"Card Removal","damage_taken":7,"max_hp_gain":0,"max_hp_loss":0,"event_name":"Golden Wing","floor":4,"gold_loss":0}],"is_beta":false,"boss_relics":[],"items_purged_floors":[],"is_endless":false,"potions_floor_spawned":[7],"killed_by":"Lagavulin","ascension_level":0}}