{"host":"ow9msrs9p2ctkx99","time":1607960616,"event":{"mods":["AchievementEnabler","BaseMod","Colored Map","Colored Powertips","Minty Spire (QoL Compilation)","Permanent Neow","Quick Restart","SuperFastMode"],"gold_per_floor":[117,392,412,412,431,456,456,456,456,470,481,481,514,531,531,606,606,623,221,235,235,250,284,284,297,297,328,328,340,124,124,124,202,202,218,93,111,36,53,86,0,23,23,23,43,74,74,107,107,107,107,107,107,134,134,134],"floor_reached":55,"playtime":2455,"items_purged":["Regret","Strike_G","Bane"],"score":1539,"play_id":"1633460b-aed5-45c3-8ba1-ccc521e8ec53","local_time":"20201214164336","is_ascension_mode":true,"campfire_choices":[{"data":"Blade Dance","floor":8.0,"key":"SMITH"},{"floor":12.0,"key":"REST"},{"floor":15.0,"key":"REST"},{"floor":28,"key":"REST"},{"data":"Well Laid Plans","floor":32,"key":"SMITH"},{"floor":44,"key":"RECALL"},{"data":"Blade Dance","floor":47,"key":"SMITH"},{"floor":49,"key":"REST"},{"data":"Adrenaline","floor":52,"key":"SMITH"}],"circlet_count":0,"master_deck":["AscendersBane","Strike_G+1","Strike_G+1","Defend_G","Defend_G","Defend_G","Defend_G","Defend_G","Survivor","Neutralize","Predator","Blur","Blade Dance+1","Blade Dance+1","Cloak And Dagger","Acrobatics","After Image","Blade Dance","Accuracy","Leg Sweep","Infinite Blades","Dagger Throw","Footwork","Escape Plan","Well Laid Plans+1","Adrenaline+1","Escape Plan+1","Accuracy","Footwork","Acrobatics","Doppelganger"],"relics":["WristBlade","Vajra","HornCleat","Kunai","Black Star","Pen Nib","Art of War","Anchor","Tiny Chest","Ninja Scroll","Whetstone","Sozu","Lantern","Snake Skull","Red Mask","Juzu Bracelet","StrikeDummy","Strawberry","Thread and Needle","Omamori","Blood Vial","Toy Ornithopter","Ornamental Fan"],"acts_visited":["Exordium","TheCity","TheBeyond","TheEnding"],"potions_floor_usage":[27,54,55],"damage_taken":[{"damage":7.0,"enemies":"Small Slimes","floor":1.0,"turns":3.0},{"damage":3.0,"enemies":"Cultist","floor":3.0,"turns":3.0},{"damage":4.0,"enemies":"2 Louse","floor":5.0,"turns":2.0},{"damage":29.0,"enemies":"3 Sentries","floor":6.0,"turns":8.0},{"damage":26.0,"enemies":"Exordium Thugs","floor":10.0,"turns":6.0},{"damage":0.0,"enemies":"Exordium Wildlife","floor":11.0,"turns":2.0},{"damage":0.0,"enemies":"Lagavulin","floor":13.0,"turns":3.0},{"damage":3.0,"enemies":"Blue Slaver","floor":14.0,"turns":2.0},{"damage":33.0,"enemies":"The Guardian","floor":16.0,"turns":8.0},{"damage":0.0,"enemies":"Spheric Guardian","floor":18.0,"turns":3.0},{"damage":0.0,"enemies":"Shell Parasite","floor":20.0,"turns":1.0},{"damage":12.0,"enemies":"Centurion and Healer","floor":22.0,"turns":4.0},{"damage":21.0,"enemies":"Book of Stabbing","floor":23.0,"turns":4.0},{"damage":0,"enemies":"Cultist and Chosen","floor":25,"turns":4},{"damage":0,"enemies":"Gremlin Leader","floor":27,"turns":6},{"damage":0,"enemies":"Snake Plant","floor":29,"turns":2},{"damage":27,"enemies":"Automaton","floor":33,"turns":5},{"damage":0,"enemies":"3 Darklings","floor":35,"turns":5},{"damage":0,"enemies":"Orb Walker","floor":37,"turns":1},{"damage":6,"enemies":"Maw","floor":39,"turns":6},{"damage":0,"enemies":"Giant Head","floor":40,"turns":6},{"damage":3,"enemies":"Spire Growth","floor":45,"turns":3},{"damage":8,"enemies":"Reptomancer","floor":46,"turns":4},{"damage":0,"enemies":"Nemesis","floor":48,"turns":5},{"damage":46,"enemies":"Awakened One","floor":50,"turns":13},{"damage":20,"enemies":"Shield and Spear","floor":54,"turns":6},{"damage":50,"enemies":"The Heart","floor":55,"turns":3}],"seed_played":"-4142327373216992452","potions_obtained":[{"floor":1.0,"key":"SteroidPotion"},{"floor":5.0,"key":"Dexterity Potion"},{"floor":13.0,"key":"BlessingOfTheForge"},{"floor":20.0,"key":"Explosive Potion"},{"floor":23.0,"key":"PowerPotion"},{"floor":33,"key":"Swift Potion"}],"is_trial":false,"path_per_floor":["M","?","M","T","M","E","?","R","T","M","M","R","E","M","R","B",null,"M","$","M","?","M","E","?","M","T","E","R","M","$","?","R","B",null,"M","$","M","$","M","E","?","T","T","R","M","E","R","E","R","B",null,"R","$","E","B"],"character_chosen":"THE_SILENT","items_purchased":["Pen Nib","Accuracy","Leg Sweep","Escape Plan","Well Laid Plans","Accuracy"],"campfire_rested":4,"item_purchase_floors":[19,19,19,30,30,38],"current_hp_per_floor":[52,52,49,49,45,16,38,38,38,12,12,31,31,28,47,14,53,53,53,53,53,41,20,20,20,20,20,39,39,39,39,39,12,53,53,53,53,53,47,47,47,47,47,47,44,43,43,43,64,20,60,60,60,42,0,0],"gold":134,"neow_bonus":"BOSS_RELIC","is_daily":false,"chose_seed":false,"campfire_upgraded":4,"win_rate":0.0,"timestamp":1607960616,"path_taken":["M","?","?","?","M","E","?","R","T","M","M","R","E","?","R","BOSS","M","$","M","?","M","E","?","M","T","E","R","?","$","?","R","BOSS","M","$","M","$","M","E","?","?","T","R","M","E","R","E","R","BOSS","R","$","E","BOSS"],"items_purchased_type":["Relic","Card","Card","Card","Card","Card"],"build_version":"2020-12-13","purchased_purges":3,"victory":false,"max_hp_per_floor":[66,66,66,66,66,66,66,66,66,66,66,66,66,66,66,66,66,66,66,66,66,66,66,66,66,66,66,66,66,66,66,66,66,66,66,66,66,66,66,66,66,66,66,66,66,73,73,73,73,73,73,73,73,73,73,73],"card_choices":[{"not_picked":["Flying Knee","Skewer"],"picked":"Predator","floor":1.0},{"not_picked":["Outmaneuver","Choke"],"picked":"Blur","floor":3.0},{"not_picked":["Cloak And Dagger","Accuracy"],"picked":"Blade Dance","floor":5.0},{"not_picked":["Prepared","Dagger Spray"],"picked":"Blade Dance","floor":6.0},{"not_picked":["Storm of Steel","Slice"],"picked":"Cloak And Dagger","floor":10.0},{"not_picked":["Bouncing Flask","Flying Knee"],"picked":"Acrobatics","floor":11.0},{"not_picked":["Deadly Poison","Expertise","Predator"],"picked":"SKIP","floor":13.0},{"not_picked":["Reflex","Deflect","Dagger Throw"],"picked":"SKIP","floor":14.0},{"not_picked":["Grand Finale","Die Die Die"],"picked":"After Image","floor":16.0},{"not_picked":["Backflip","Cloak And Dagger"],"picked":"Blade Dance","floor":18.0},{"not_picked":["Prepared","Quick Slash"],"picked":"Infinite Blades","floor":20.0},{"not_picked":["Infinite Blades","Outmaneuver+1","Corpse Explosion"],"picked":"SKIP","floor":22.0},{"not_picked":["Poisoned Stab+1","Caltrops","Noxious Fumes"],"picked":"SKIP","floor":23.0},{"not_picked":["Dagger Spray","Expertise"],"picked":"Footwork","floor":25},{"not_picked":["Catalyst","Cloak And Dagger","Bane"],"picked":"SKIP","floor":27},{"not_picked":["Dagger Spray","Dagger Throw","Cloak And Dagger"],"picked":"SKIP","floor":29},{"not_picked":["Corpse Explosion","Venomology"],"picked":"Adrenaline","floor":33},{"not_picked":["Slice","Dagger Spray"],"picked":"Escape Plan+1","floor":35},{"not_picked":["Eviscerate+1","Underhanded Strike","Well Laid Plans+1"],"picked":"SKIP","floor":37},{"not_picked":["Deflect","After Image","Bouncing Flask"],"picked":"SKIP","floor":39},{"not_picked":["Dagger Throw","Caltrops","Deflect"],"picked":"SKIP","floor":40},{"not_picked":["Deadly Poison","Unload","Setup"],"picked":"SKIP","floor":45},{"not_picked":["Predator","Acrobatics"],"picked":"Footwork","floor":46},{"not_picked":["Bane","Cloak And Dagger"],"picked":"Acrobatics","floor":48},{"not_picked":["Deadly Poison+1","Cloak And Dagger"],"picked":"Doppelganger","floor":54}],"player_experience":1063332,"relics_obtained":[{"floor":6.0,"key":"Vajra"},{"floor":9.0,"key":"HornCleat"},{"floor":13.0,"key":"Kunai"},{"floor":23.0,"key":"Art of War"},{"floor":23.0,"key":"Anchor"},{"floor":26,"key":"Tiny Chest"},{"floor":27,"key":"Ninja Scroll"},{"floor":27,"key":"Whetstone"},{"floor":40,"key":"Lantern"},{"floor":40,"key":"Snake Skull"},{"floor":42,"key":"Juzu Bracelet"},{"floor":43,"key":"StrikeDummy"},{"floor":46,"key":"Strawberry"},{"floor":46,"key":"Thread and Needle"},{"floor":48,"key":"Omamori"},{"floor":48,"key":"Blood Vial"},{"floor":54,"key":"Toy Ornithopter"},{"floor":54,"key":"Ornamental Fan"}],"event_choices":[{"damage_healed":0.0,"max_hp_gain":0.0,"max_hp_loss":0.0,"gold_gain":275.0,"event_name":"Golden Shrine","player_choice":"Desecrate","floor":2.0,"gold_loss":0.0,"damage_taken":0.0,"cards_obtained":["Regret"]},{"damage_healed":22.0,"max_hp_gain":0.0,"max_hp_loss":0.0,"gold_gain":0.0,"event_name":"Big Fish","player_choice":"Banana","floor":7.0,"gold_loss":0.0,"damage_taken":0.0},{"damage_healed":0.0,"max_hp_gain":0.0,"max_hp_loss":0.0,"gold_gain":0.0,"event_name":"Vampires","player_choice":"Ignored","floor":21.0,"gold_loss":0.0,"damage_taken":0.0},{"damage_healed":0.0,"max_hp_gain":0.0,"max_hp_loss":0.0,"gold_gain":0.0,"cards_transformed":["Strike_G","Strike_G"],"event_name":"Drug Dealer","player_choice":"Became Test Subject","floor":24.0,"gold_loss":0.0,"damage_taken":0.0,"cards_obtained":["Dagger Throw","Bane"]},{"damage_healed":0,"gold_gain":0,"player_choice":"0 cards matched","damage_taken":0,"max_hp_gain":0,"max_hp_loss":0,"event_name":"Match and Keep!","floor":31,"gold_loss":0,"cards_obtained":[]},{"damage_healed":0,"gold_gain":0,"player_choice":"Paid","damage_taken":0,"relics_obtained":["Red Mask"],"max_hp_gain":0,"max_hp_loss":0,"event_name":"Tomb of Lord Red Mask","floor":41,"gold_loss":86}],"is_beta":false,"boss_relics":[{"not_picked":["Coffee Dripper","Empty Cage"],"picked":"Black Star"},{"not_picked":["Runic Dome","Tiny House"],"picked":"Sozu"}],"items_purged_floors":[19,30,36],"is_endless":false,"potions_floor_spawned":[1,5,10,13,14,20,23,25,33,39,45,48,54],"killed_by":"The Heart","ascension_level":16}}