{"host":"utqe55yv0jihe4d6","time":1607916859,"event":{"mods":["2.2 Compatiblity","AchievementEnabler","BaseMod","Block Reminder","Colored Map","Colored Powertips","Minty Spire (QoL Compilation)","Quick Restart","Rare Cards Sparkle","Relic Stats","SuperFastMode"],"gold_per_floor":[10,10,30,30,48,83,83,83,83,83,108,108,123,142,142,231,231,252,252,252],"floor_reached":19,"playtime":537,"items_purged":[],"score":358,"play_id":"2e0b257f-66e6-44e6-9779-636e97f7b50e","local_time":"20201213223419","is_ascension_mode":true,"campfire_choices":[{"floor":7,"key":"REST"},{"floor":10,"key":"REST"},{"data":"Inflame","floor":15,"key":"SMITH"}],"circlet_count":0,"master_deck":["AscendersBane","Strike_R","Strike_R","Defend_R","Defend_R","Defend_R","Defend_R","Bash","Inflame+1","Cleave","Twin Strike","Carnage","Rupture","Shrug It Off","Demon Form","Rampage+1","Havoc+1","Doubt"],"relics":["Burning Blood","Incense Burner","Golden Idol","Nunchaku","InkBottle","WarpedTongs","Astrolabe"],"acts_visited":["Exordium","TheCity"],"potions_floor_usage":[6,8],"damage_taken":[{"damage":2,"enemies":"Cultist","floor":1,"turns":4},{"damage":0,"enemies":"2 Louse","floor":3,"turns":4},{"damage":4,"enemies":"Jaw Worm","floor":5,"turns":9},{"damage":35,"enemies":"Lagavulin","floor":6,"turns":7},{"damage":32,"enemies":"Gremlin Nob","floor":8,"turns":4},{"damage":12,"enemies":"Lots of Slimes","floor":11,"turns":3},{"damage":5,"enemies":"Large Slime","floor":13,"turns":5},{"damage":14,"enemies":"Exordium Thugs","floor":14,"turns":4},{"damage":29,"enemies":"Hexaghost","floor":16,"turns":8},{"damage":38,"enemies":"Spheric Guardian","floor":18,"turns":10},{"damage":28,"enemies":"Shell Parasite","floor":19,"turns":3}],"seed_played":"-6783754903660902346","potions_obtained":[{"floor":1,"key":"Dexterity Potion"},{"floor":3,"key":"Energy Potion"},{"floor":6,"key":"SmokeBomb"},{"floor":13,"key":"Explosive Potion"}],"is_trial":false,"path_per_floor":["M","?","M","?","M","E","R","E","T","R","M","?","M","M","R","B",null,"M","M"],"character_chosen":"IRONCLAD","items_purchased":[],"campfire_rested":2,"item_purchase_floors":[],"current_hp_per_floor":[72,46,52,52,54,25,47,21,21,43,37,37,38,30,30,7,58,26,0,0],"gold":252,"neow_bonus":"ONE_RARE_RELIC","is_daily":false,"chose_seed":false,"campfire_upgraded":1,"win_rate":0.0,"timestamp":1607916859,"path_taken":["M","?","M","?","M","E","R","E","T","R","?","?","M","M","R","BOSS","M","?"],"items_purchased_type":[],"build_version":"2020-11-30","purchased_purges":0,"victory":false,"max_hp_per_floor":[75,75,75,75,75,75,75,75,75,75,75,75,75,75,75,75,75,75,75,75],"relic_stats":{"Nunchaku":[5],"counters":[11,61],"Golden Idol":57,"Astrolabe":["Rampage","Havoc","Doubt"],"obtain_stats":[{"Nunchaku":6,"Golden Idol":2,"Astrolabe":17,"Incense Burner":0,"Burning Blood":0,"InkBottle":9,"WarpedTongs":12},{"Nunchaku":4,"Golden Idol":1,"Astrolabe":9,"Incense Burner":0,"Burning Blood":0,"InkBottle":5,"WarpedTongs":6},{"Nunchaku":24,"Golden Idol":4,"Astrolabe":48,"Incense Burner":0,"Burning Blood":0,"InkBottle":28,"WarpedTongs":31}],"Burning Blood":60,"InkBottle":[8],"WarpedTongs":[30]},"card_choices":[{"not_picked":["Disarm","Entrench"],"picked":"Inflame","floor":1},{"not_picked":["Thunderclap","Dropkick"],"picked":"Cleave","floor":3},{"not_picked":["Intimidate","Sword Boomerang"],"picked":"Twin Strike","floor":5},{"not_picked":["Perfected Strike","Armaments","Exhume"],"picked":"SKIP","floor":6},{"not_picked":["Armaments","Sever Soul"],"picked":"Carnage","floor":11},{"not_picked":["Sword Boomerang","Armaments"],"picked":"Rupture","floor":13},{"not_picked":["True Grit","Body Slam"],"picked":"Shrug It Off","floor":14},{"not_picked":["Corruption","Berserk"],"picked":"Demon Form","floor":16},{"not_picked":["Sentinel","Flex","Sword Boomerang"],"picked":"SKIP","floor":18}],"player_experience":2752472,"relics_obtained":[{"floor":6,"key":"Nunchaku"},{"floor":9,"key":"InkBottle"}],"event_choices":[{"damage_healed":0,"gold_gain":0,"player_choice":"Take Damage","damage_taken":26,"relics_obtained":["Golden Idol"],"max_hp_gain":0,"max_hp_loss":0,"event_name":"Golden Idol","floor":2,"gold_loss":0},{"cards_removed":["Strike_R"],"damage_healed":0,"gold_gain":0,"player_choice":"Purged","damage_taken":0,"max_hp_gain":0,"max_hp_loss":0,"event_name":"Purifier","floor":4,"gold_loss":0},{"damage_healed":0,"gold_gain":0,"player_choice":"Rummage","damage_taken":0,"relics_obtained":["WarpedTongs"],"max_hp_gain":0,"max_hp_loss":0,"event_name":"Accursed Blacksmith","floor":12,"gold_loss":0,"cards_obtained":["Pain"]}],"is_beta":false,"boss_relics":[{"not_picked":["Empty Cage","Tiny House"],"picked":"Astrolabe"}],"items_purged_floors":[],"is_endless":false,"potions_floor_spawned":[1,3,6,8,13],"killed_by":"Shell Parasite","ascension_level":20}}