{"host":"b6xe5c77fhd1azzp","time":1607932092,"event":{"mods":["AchievementEnabler","BaseMod","Colored Map","Colored Powertips","Minty Spire (QoL Compilation)","Rare Cards Sparkle"],"gold_per_floor":[109,124,135,135,146,146,171,188,188,188,154,172,234,245,245,345,345,364,384,417,437,16,16,16,27,101,130,144,144,244,256,256,354,354,365,383,383,383],"floor_reached":37,"playtime":5882,"items_purged":[],"score":445,"play_id":"a8301a42-d3b3-4c93-a58f-f9d1a87f23cd","local_time":"20201214004812","is_ascension_mode":false,"campfire_choices":[{"data":"Eruption","floor":6.0,"key":"SMITH"},{"data":"CutThroughFate","floor":10.0,"key":"SMITH"},{"floor":15.0,"key":"REST"},{"data":"Judgement","floor":23,"key":"SMITH"},{"floor":29,"key":"REST"},{"data":"WaveOfTheHand","floor":32,"key":"SMITH"}],"circlet_count":0,"master_deck":["Strike_P+1","Strike_P","Strike_P","Strike_P","Defend_P","Defend_P","Defend_P+1","Defend_P","Eruption+1","Vigilance","LikeWater","EmptyBody+1","CutThroughFate+1","CarveReality","InnerPeace","WaveOfTheHand+1","CutThroughFate+1","SandsOfTime","ClearTheMind","Judgement+1","Consecrate+1","Worship","Halt","FollowUp","FlyingSleeves","Perseverance","Protect+1","ThirdEye+1","WheelKick","Establishment","Vengeance+1","Consecrate+1"],"relics":["HolyWater","Pear","MealTicket","Bronze Scales","Runic Pyramid","Red Mask","Bottled Tornado","Whetstone","Gremlin Horn","Pantograph"],"acts_visited":["TheBeyond"],"potions_floor_usage":[27,27,33,33,37,37,37],"damage_taken":[{"damage":0.0,"enemies":"2 Louse","floor":1.0,"turns":4.0},{"damage":0.0,"enemies":"Small Slimes","floor":2.0,"turns":4.0},{"damage":0.0,"enemies":"Jaw Worm","floor":3.0,"turns":6.0},{"damage":0.0,"enemies":"Blue Slaver","floor":5.0,"turns":5.0},{"damage":0.0,"enemies":"Lagavulin","floor":7.0,"turns":5.0},{"damage":12.0,"enemies":"3 Louse","floor":8.0,"turns":3.0},{"damage":4.0,"enemies":"Gremlin Gang","floor":12.0,"turns":5.0},{"damage":20.0,"enemies":"Lagavulin Event","floor":13.0,"turns":7.0},{"damage":7.0,"enemies":"2 Fungi Beasts","floor":14.0,"turns":3.0},{"damage":10.0,"enemies":"Hexaghost","floor":16.0,"turns":6.0},{"damage":5,"enemies":"Shell Parasite","floor":18,"turns":4},{"damage":0,"enemies":"Spheric Guardian","floor":19,"turns":3},{"damage":12,"enemies":"Masked Bandits","floor":20,"turns":3},{"damage":4,"enemies":"Cultist and Chosen","floor":21,"turns":6},{"damage":0,"enemies":"3 Cultists","floor":25,"turns":3},{"damage":17,"enemies":"Book of Stabbing","floor":27,"turns":5},{"damage":0,"enemies":"Snecko","floor":28,"turns":4},{"damage":0,"enemies":"Sentry and Sphere","floor":31,"turns":3},{"damage":32,"enemies":"Champ","floor":33,"turns":8},{"damage":30,"enemies":"3 Darklings","floor":35,"turns":6},{"damage":23,"enemies":"3 Shapes","floor":36,"turns":3},{"damage":44,"enemies":"Maw","floor":37,"turns":9}],"seed_played":"-4406002652269343431","potions_obtained":[{"floor":1.0,"key":"SneckoOil"},{"floor":3.0,"key":"Weak Potion"},{"floor":8.0,"key":"Ambrosia"},{"floor":16.0,"key":"Regen Potion"},{"floor":21,"key":"Block Potion"},{"floor":27,"key":"SpeedPotion"},{"floor":31,"key":"ColorlessPotion"},{"floor":33,"key":"LiquidMemories"},{"floor":36,"key":"Dexterity Potion"}],"is_trial":false,"path_per_floor":["M","M","M","?","M","R","E","M","T","R","?","M","?","M","R","B",null,"M","M","?","M","$","R","?","M","T","E","M","R","?","M","R","B",null,"M","M","M"],"character_chosen":"WATCHER","items_purchased":["Bottled Tornado","Whetstone","FlyingSleeves"],"campfire_rested":2,"item_purchase_floors":[22,22,22],"current_hp_per_floor":[79,79,79,63,63,63,73,61,61,61,61,57,37,30,56,46,89,84,84,72,68,83,83,66,66,66,58,58,86,86,86,86,62,94,64,41,0,0],"gold":383,"neow_bonus":"TEN_PERCENT_HP_BONUS","is_daily":false,"chose_seed":false,"campfire_upgraded":4,"win_rate":0.0,"timestamp":1607932092,"path_taken":["M","M","M","?","M","R","E","M","T","R","?","M","?","M","R","BOSS","M","M","?","M","$","R","?","M","T","E","M","R","?","M","R","BOSS","M","M","?"],"items_purchased_type":["Relic","Relic","Card"],"build_version":"2020-12-13","purchased_purges":0,"victory":false,"max_hp_per_floor":[79,79,79,79,79,79,89,89,89,89,89,89,89,89,89,89,89,89,89,89,89,89,89,94,94,94,94,94,94,94,94,94,94,94,94,94,94,94],"card_choices":[{"not_picked":["InnerPeace","Halt"],"picked":"LikeWater","floor":1.0},{"not_picked":["Wallop","FlurryOfBlows"],"picked":"EmptyBody","floor":2.0},{"not_picked":["SashWhip","Weave"],"picked":"CutThroughFate","floor":3.0},{"not_picked":["FlurryOfBlows","FlyingSleeves"],"picked":"CarveReality","floor":5.0},{"not_picked":["EmptyBody","Worship"],"picked":"InnerPeace","floor":7.0},{"not_picked":["WindmillStrike","Perseverance"],"picked":"WaveOfTheHand","floor":8.0},{"not_picked":["Indignation","PathToVictory"],"picked":"CutThroughFate","floor":12.0},{"not_picked":["FlyingSleeves","EmptyMind"],"picked":"SandsOfTime","floor":13.0},{"not_picked":["SandsOfTime","CutThroughFate"],"picked":"ClearTheMind","floor":14.0},{"not_picked":["Omniscience","Ragnarok"],"picked":"Judgement","floor":16.0},{"not_picked":["SashWhip","CrushJoints"],"picked":"Consecrate+1","floor":18},{"not_picked":["Meditate","Swivel"],"picked":"Worship","floor":19},{"not_picked":["ReachHeaven","CutThroughFate"],"picked":"Halt","floor":20},{"not_picked":["Evaluate","SignatureMove+1"],"picked":"FollowUp","floor":21},{"not_picked":["EmptyFist","ClearTheMind"],"picked":"Perseverance","floor":25},{"not_picked":["EmptyFist+1","CrushJoints"],"picked":"Protect+1","floor":27},{"not_picked":["WaveOfTheHand+1","FlyingSleeves"],"picked":"ThirdEye+1","floor":28},{"not_picked":["Wallop","Evaluate"],"picked":"WheelKick","floor":31},{"not_picked":["Vault","ConjureBlade"],"picked":"Establishment","floor":33},{"not_picked":["Swivel+1","PathToVictory"],"picked":"Vengeance+1","floor":35},{"not_picked":["EmptyBody+1","SignatureMove+1"],"picked":"Consecrate+1","floor":36}],"player_experience":24180,"relics_obtained":[{"floor":7.0,"key":"Pear"},{"floor":9.0,"key":"MealTicket"},{"floor":20,"key":"Red Mask"},{"floor":26,"key":"Gremlin Horn"},{"floor":27,"key":"Pantograph"}],"event_choices":[{"damage_healed":0.0,"max_hp_gain":0.0,"max_hp_loss":0.0,"gold_gain":0.0,"event_name":"Shining Light","player_choice":"Entered Light","floor":4.0,"gold_loss":0.0,"damage_taken":16.0,"cards_upgraded":["Defend_P","EmptyBody"]},{"damage_healed":0.0,"max_hp_gain":0.0,"max_hp_loss":0.0,"gold_gain":0.0,"event_name":"World of Goop","player_choice":"Left Gold","floor":11.0,"gold_loss":34.0,"damage_taken":0.0},{"damage_healed":0.0,"max_hp_gain":0.0,"max_hp_loss":0.0,"gold_gain":0.0,"event_name":"Dead Adventurer","player_choice":"Searched \u00272\u0027 times","floor":13.0,"gold_loss":0.0,"damage_taken":0.0,"relics_obtained":["Bronze Scales"]},{"damage_healed":0,"gold_gain":0,"player_choice":"Fought Bandits","damage_taken":0,"max_hp_gain":0,"max_hp_loss":0,"event_name":"Masked Bandits","floor":20,"gold_loss":0},{"damage_healed":0,"gold_gain":0,"player_choice":"Shed Blood","damage_taken":22,"max_hp_gain":5,"max_hp_loss":0,"event_name":"Forgotten Altar","floor":24,"gold_loss":0},{"damage_healed":0,"gold_gain":100,"player_choice":"Pray","damage_taken":0,"max_hp_gain":0,"max_hp_loss":0,"event_name":"Golden Shrine","floor":30,"gold_loss":0}],"is_beta":false,"boss_relics":[{"not_picked":["Velvet Choker","Calling Bell"],"picked":"Runic Pyramid"},{"not_picked":["Black Star","SlaversCollar"],"picked":"HolyWater"}],"items_purged_floors":[],"is_endless":false,"potions_floor_spawned":[1,3,8,16,21,25,27,31,33,36],"killed_by":"Maw","ascension_level":0}}