{"host":"6o1vh5lr98s0jjq7","time":1607983819,"event":{"mods":["2.2 Compatiblity","Act Like it!","Aspiration","BaseMod","Better Altar","Better Match","Better Note","Better Third Choice","Conspire","Downfall","Gensokyo","Hallownest","Infinite Spire","Marisa????????","Minty Spire (QoL Compilation)","Replay The Spire","StSLib","The Alterego","WarShipGirlsR/????R mod"],"gold_per_floor":[117,117,117,135,146,163,197,9,9,9,29,58,94,43,43,148,148,175,355,364,464,484,484,484,484,508,534,562,562,562,585,585,691,691,711,737,737,746,779,779,816,109,158,175,284,293,293,293],"floor_reached":47,"playtime":2587,"items_purged":["Decay"],"score":563,"play_id":"0dc7d090-2e43-4b7b-affd-719d31dd87aa","local_time":"20201214161019","is_ascension_mode":false,"campfire_choices":[{"floor":10,"key":"REST"},{"floor":15,"key":"REST"},{"floor":23,"key":"RECALL"},{"floor":25,"key":"REST"},{"data":"DC","floor":30,"key":"SMITH"},{"floor":32,"key":"REST"},{"floor":40,"key":"REST"}],"circlet_count":0,"master_deck":["Strike_MRS","Strike_MRS","Strike_MRS","Strike_MRS","Defend_MRS","Defend_MRS","Defend_MRS","Defend_MRS","MasterSpark","UpSweep+1","OpenUniverse","DC+1","ChargeUpSpray","UnstableBomb","SatelliteIllusion","MysteriousBeam","Replay:SS_fish_2","SprinkleStarSeal","MilkyWay","AsteroidBelt","UltimateShortwave","UnstableBomb","UltimateShortwave","AsteroidBelt","PowerUp+1","DeepEcoloBomb+1","ManaRampage","DoubleSpark","GrandCross","Parasite","OpenUniverse","DeepEcoloBomb","Mayhem","infinitespire:DeathsTouch"],"relics":["MiniHakkero","Regal Pillow","CeramicFish","conspire:DecoderRing","Replay:Bronze Core","Snack Pack","Replay:Baseball","MealTicket","Philosopher\u0027s Stone","Mercury Hourglass","Blood Vial","Akabeko","Singing Bowl","Toy Ornithopter"],"acts_visited":["Exordium","TheCity","TheBeyond"],"potions_floor_usage":[7,7,11,16,16,28,36,41,44,47],"damage_taken":[{"damage":7,"enemies":"Small Slimes","floor":1,"turns":4},{"damage":1,"enemies":"Jaw Worm","floor":4,"turns":3},{"damage":0,"enemies":"2 Louse","floor":5,"turns":2},{"damage":2,"enemies":"Blue Slaver","floor":6,"turns":3},{"damage":31,"enemies":"3 Sentries","floor":7,"turns":5},{"damage":6,"enemies":"Large Slime","floor":11,"turns":4},{"damage":10,"enemies":"Looter","floor":12,"turns":3},{"damage":23,"enemies":"Lagavulin","floor":13,"turns":7},{"damage":0,"enemies":"The Guardian","floor":16,"turns":9},{"damage":17,"enemies":"Chosen","floor":18,"turns":6},{"damage":4,"enemies":"Shell Parasite","floor":22,"turns":6},{"damage":22,"enemies":"Shelled Parasite and Fungi","floor":28,"turns":5},{"damage":13,"enemies":"Snake Plant","floor":31,"turns":2},{"damage":58,"enemies":"Champ","floor":33,"turns":9},{"damage":9,"enemies":"Orb Walker","floor":35,"turns":2},{"damage":20,"enemies":"3 Darklings","floor":36,"turns":2},{"damage":38,"enemies":"Writhing Mass","floor":39,"turns":7},{"damage":81,"enemies":"Nemesis","floor":41,"turns":7},{"damage":0,"enemies":"4 Shapes","floor":44,"turns":3},{"damage":7,"enemies":"infinitespire:Three Voidlings","floor":47,"turns":4},{"damage":62,"enemies":"Nightmare_Alpha","floor":47,"turns":2}],"seed_played":"-496273813692747681","potions_obtained":[{"floor":1,"key":"Venom Potion"},{"floor":6,"key":"PowerPotion"},{"floor":7,"key":"champ:CounterPotion"},{"floor":22,"key":"AttackPotion"},{"floor":33,"key":"Dexterity Potion"},{"floor":39,"key":"AttackPotion"},{"floor":44,"key":"SteroidPotion"}],"is_trial":false,"path_per_floor":["M","?","?","M","M","M","E","$","T","R","M","M","E","$","R","B",null,"M","?","?","?","M","R","AVR","R","T","T","M","?","R","M","R","B",null,"M","M","AVR","?","M","R","E","$","T","M","?","?","?"],"character_chosen":"MARISA","items_purchased":["MysteriousBeam","Replay:SS_fish_2","DistilledChaos","ColorlessPotion","Akabeko","Singing Bowl","Mayhem","Regen Potion"],"campfire_rested":5,"item_purchase_floors":[8,8,8,14,42,42,42,42],"current_hp_per_floor":[68,68,68,67,67,65,34,34,34,71,65,63,40,40,75,75,75,58,39,39,39,35,35,35,72,72,72,62,62,62,59,75,32,75,66,55,55,55,33,70,10,25,25,53,59,40,0,0],"gold":293,"neow_bonus":"RANDOM_COMMON_RELIC","is_daily":false,"chose_seed":false,"campfire_upgraded":1,"win_rate":0.0,"timestamp":1607983819,"path_taken":["M","?","?","M","M","M","E","?","T","R","M","M","E","$","R","BOSS","M","?","?","?","M","R","AVR","R","T","?","M","?","R","M","R","BOSS","M","M","AVR","?","?","R","E","$","T","M","?","?","?"],"items_purchased_type":["Card","Card","Potion","Potion","Relic","Relic","Card","Potion"],"build_version":"2020-12-13","purchased_purges":1,"victory":false,"max_hp_per_floor":[75,75,75,75,75,75,75,75,75,75,75,75,75,75,75,75,75,75,75,75,75,75,75,75,75,75,75,75,75,75,75,75,75,75,75,75,75,75,75,75,75,75,75,77,83,83,83,83],"card_choices":[{"not_picked":["SporeBomb","GravityBeat"],"picked":"OpenUniverse","floor":1},{"not_picked":["WitchLeyline","MagicChant"],"picked":"DC","floor":4},{"not_picked":["IllusionStar","EarthLightRay"],"picked":"ChargeUpSpray","floor":5},{"not_picked":["FairyDestructionRay","MysteriousBeam"],"picked":"UnstableBomb","floor":6},{"not_picked":["GalacticHalo","DragonMeteor"],"picked":"SatelliteIllusion","floor":7},{"not_picked":["UnstableBomb","GravityBeat"],"picked":"SprinkleStarSeal","floor":11},{"not_picked":["UnstableBomb","GrandCross"],"picked":"MilkyWay","floor":12},{"not_picked":["DC","WitchLeyline"],"picked":"AsteroidBelt","floor":13},{"not_picked":["StarDustReverie","EscapeVelocity"],"picked":"UltimateShortwave","floor":16},{"not_picked":["FairyDestructionRay+1","WitchLeyline"],"picked":"UnstableBomb","floor":18},{"not_picked":["WitchOfGreed","LuminesStrike"],"picked":"AsteroidBelt","floor":22},{"not_picked":["ManaConvection","EarthLightRay"],"picked":"PowerUp+1","floor":28},{"not_picked":["SprinkleStarSeal+1","BlazingStar"],"picked":"DeepEcoloBomb+1","floor":31},{"not_picked":["CollectingQuirk","StarDustReverie"],"picked":"ManaRampage","floor":33},{"not_picked":["OneTimeOff","WitchOfGreed+1"],"picked":"DoubleSpark","floor":35},{"not_picked":["Orbital+1","SporeBomb"],"picked":"GrandCross","floor":36},{"not_picked":["WitchLeyline","Acceleration+1"],"picked":"OpenUniverse","floor":39},{"not_picked":["LuminesStrike+1","Acceleration+1"],"picked":"DeepEcoloBomb","floor":41},{"not_picked":["Occultation+1","UnstableBomb","EnergyRecoil"],"picked":"Singing Bowl","floor":44},{"not_picked":["EnergyFlow+1","DoubleSpark","UnstableBomb"],"picked":"Singing Bowl","floor":45},{"not_picked":["GrandCross","MilkyWay","PowerUp"],"picked":"Singing Bowl","floor":45},{"not_picked":["EnergyRecoil","GalacticHalo","OneTimeOff"],"picked":"Singing Bowl","floor":45},{"not_picked":["ReplayTheSpireMod:Haul","infinitespire:Gouge"],"picked":"infinitespire:DeathsTouch","floor":46}],"player_experience":210855,"relics_obtained":[{"floor":7,"key":"CeramicFish"},{"floor":13,"key":"conspire:DecoderRing"},{"floor":26,"key":"Replay:Baseball"},{"floor":27,"key":"MealTicket"},{"floor":41,"key":"Blood Vial"},{"floor":43,"key":"Toy Ornithopter"}],"event_choices":[{"damage_healed":0,"gold_gain":0,"player_choice":"Leave","damage_taken":0,"max_hp_gain":0,"max_hp_loss":0,"event_name":"conspire:Investor","floor":2,"gold_loss":0},{"damage_healed":0,"gold_gain":180,"player_choice":"GOLD GOLD ","damage_taken":19,"max_hp_gain":0,"max_hp_loss":0,"event_name":"Knowing Skull","floor":19,"potions_obtained":[],"gold_loss":0,"cards_obtained":[]},{"damage_healed":0,"gold_gain":0,"player_choice":"Copied","damage_taken":0,"max_hp_gain":0,"max_hp_loss":0,"event_name":"Duplicator","floor":20,"gold_loss":0,"cards_obtained":["UltimateShortwave"]},{"damage_healed":0,"gold_gain":100,"player_choice":"Pray","damage_taken":0,"max_hp_gain":0,"max_hp_loss":0,"event_name":"Golden Shrine","floor":21,"gold_loss":0},{"damage_healed":0,"gold_gain":0,"player_choice":"Ignored","damage_taken":0,"max_hp_gain":0,"max_hp_loss":0,"event_name":"Vampires","floor":29,"gold_loss":0},{"damage_healed":0,"gold_gain":0,"player_choice":"Cursed","damage_taken":0,"max_hp_gain":0,"max_hp_loss":0,"event_name":"Wheel of Change","floor":38,"gold_loss":0,"cards_obtained":["Decay"]}],"is_beta":false,"boss_relics":[{"not_picked":["Coffee Dripper","aspiration:RitualDagger"],"picked":"Replay:Bronze Core"},{"not_picked":["aspiration:WatcherSkillbook","ExperimentalFamiliar"],"picked":"Philosopher\u0027s Stone"}],"items_purged_floors":[42],"is_endless":false,"potions_floor_spawned":[1,6,7,22,33,39,44],"killed_by":"Nightmare_Alpha","ascension_level":0}}