{"host":"aovv4e73998kgan0","time":1607904563,"event":{"mods":["BaseMod","Minty Spire (QoL Compilation)","StSLib"],"gold_per_floor":[109,184,184,184,200,249,278,294,294,314,333,367,367,385,385,486,486,506,456,49,61,81,113,113,131,156,186,196,9,43,63,63,159,159,172,192,203,28,83,83,112,112,158,186,0,33,43,43,43,43],"floor_reached":51,"playtime":3519,"items_purged":["Strike_R","Strike_R"],"score":1039,"play_id":"5989fc5a-8523-4fc8-9737-0ef75a9dd181","local_time":"20201213190923","is_ascension_mode":true,"campfire_choices":[{"data":"Bash","floor":13,"key":"SMITH"},{"data":"Spot Weakness","floor":15,"key":"SMITH"},{"floor":24,"key":"REST"},{"data":"Heavy Blade","floor":32,"key":"SMITH"},{"data":"Barricade","floor":40,"key":"SMITH"},{"data":"Evolve","floor":42,"key":"SMITH"},{"data":"Rupture","floor":49,"key":"SMITH"}],"circlet_count":0,"master_deck":["Strike_R","Strike_R","Defend_R+1","Defend_R","Defend_R+1","Defend_R","Bash+1","Spot Weakness+1","Inflame","Double Tap+1","Thunderclap+1","Shockwave+1","Spot Weakness+1","Bloodletting+1","Dropkick+1","Impervious+1","Headbutt+1","Disarm+1","True Grit+1","Warcry+1","Power Through+1","Flame Barrier+1","Limit Break+1","Hemokinesis","Offering+1","Heavy Blade+1","Barricade+1","Flex+1","Armaments+1","Evolve+1","Dark Embrace+1","Fire Breathing","Rupture+1","Flex+1"],"relics":["Burning Blood","NeowsBlessing","Blood Vial","Art of War","Toxic Egg 2","Magic Flower","Turnip","Mark of Pain","Kunai","Paper Frog","Whetstone","Ancient Tea Set","Orichalcum","Coffee Dripper","Charon\u0027s Ashes","Bronze Scales","Centennial Puzzle","Mummified Hand","Red Mask","Ornamental Fan"],"acts_visited":["Exordium","TheCity","TheBeyond"],"potions_floor_usage":[10,12,16,22,39,50,50],"damage_taken":[{"damage":0,"enemies":"Jaw Worm","floor":1,"turns":1},{"damage":0,"enemies":"2 Louse","floor":5,"turns":1},{"damage":0,"enemies":"Gremlin Nob","floor":7,"turns":1},{"damage":2,"enemies":"Cultist","floor":8,"turns":4},{"damage":8,"enemies":"Gremlin Gang","floor":10,"turns":4},{"damage":10,"enemies":"3 Louse","floor":11,"turns":3},{"damage":35,"enemies":"3 Sentries","floor":12,"turns":5},{"damage":0,"enemies":"Large Slime","floor":14,"turns":5},{"damage":40,"enemies":"Hexaghost","floor":16,"turns":9},{"damage":23,"enemies":"Shell Parasite","floor":18,"turns":6},{"damage":13,"enemies":"3 Byrds","floor":21,"turns":5},{"damage":32,"enemies":"Snake Plant","floor":22,"turns":3},{"damage":44,"enemies":"Slavers","floor":23,"turns":9},{"damage":15,"enemies":"Centurion and Healer","floor":25,"turns":5},{"damage":15,"enemies":"Gremlin Leader","floor":27,"turns":7},{"damage":2,"enemies":"3 Cultists","floor":28,"turns":6},{"damage":13,"enemies":"Slavers","floor":30,"turns":5},{"damage":11,"enemies":"Shelled Parasite and Fungi","floor":31,"turns":2},{"damage":24,"enemies":"Automaton","floor":33,"turns":7},{"damage":0,"enemies":"Orb Walker","floor":35,"turns":3},{"damage":15,"enemies":"3 Shapes","floor":36,"turns":6},{"damage":8,"enemies":"Spire Growth","floor":37,"turns":5},{"damage":12,"enemies":"2 Orb Walkers","floor":39,"turns":5},{"damage":10,"enemies":"Reptomancer","floor":41,"turns":3},{"damage":8,"enemies":"Nemesis","floor":44,"turns":5},{"damage":6,"enemies":"Giant Head","floor":46,"turns":6},{"damage":41,"enemies":"3 Darklings","floor":47,"turns":6},{"damage":33,"enemies":"Awakened One","floor":50,"turns":8}],"seed_played":"6350847352765262967","potions_obtained":[{"floor":1,"key":"Ancient Potion"},{"floor":5,"key":"Fire Potion"},{"floor":8,"key":"Weak Potion"},{"floor":11,"key":"PowerPotion"},{"floor":21,"key":"BlessingOfTheForge"},{"floor":25,"key":"SmokeBomb"},{"floor":27,"key":"Strength Potion"},{"floor":31,"key":"Weak Potion"},{"floor":39,"key":"Explosive Potion"}],"is_trial":false,"path_per_floor":["M","?","?","?","M","T","E","M","T","M","M","E","R","M","R","B",null,"M","?","$","M","M","E","R","M","T","E","M","$","E","M","R","B",null,"M","M","M","$","?","R","E","R","T","E","?","E","M","?","R","B",null],"character_chosen":"IRONCLAD","items_purchased":["Kunai","Disarm+1","Limit Break+1","Hemokinesis","Evolve"],"campfire_rested":1,"item_purchase_floors":[20,20,29,29,38],"current_hp_per_floor":[80,69,53,41,49,49,57,63,63,67,69,46,46,58,58,30,80,66,66,66,65,45,13,37,34,34,31,41,41,40,41,41,29,80,80,74,78,78,77,77,79,79,79,80,80,80,48,48,48,27],"gold":43,"neow_bonus":"THREE_ENEMY_KILL","is_daily":false,"chose_seed":false,"campfire_upgraded":6,"win_rate":0.0,"timestamp":1607904563,"path_taken":["M","?","?","?","M","?","E","M","T","M","M","E","R","M","R","BOSS","M","?","?","M","M","E","R","M","T","E","M","$","E","M","R","BOSS","M","M","?","$","?","R","E","R","T","E","?","E","M","?","R","BOSS"],"items_purchased_type":["Relic","Card","Card","Card","Card"],"build_version":"2020-11-30","purchased_purges":2,"victory":true,"max_hp_per_floor":[80,80,80,80,80,80,80,80,80,80,80,80,80,80,80,80,80,80,80,80,80,80,80,80,80,80,80,80,80,80,80,80,80,80,80,80,80,80,80,80,80,80,80,80,80,80,80,80,80,80],"card_choices":[{"not_picked":["Bloodletting","Twin Strike"],"picked":"Spot Weakness","floor":1},{"not_picked":["Entrench","Iron Wave"],"picked":"Inflame","floor":5},{"not_picked":["Uppercut","Rampage"],"picked":"Double Tap+1","floor":7},{"not_picked":["Pommel Strike","Reckless Charge"],"picked":"Thunderclap","floor":8},{"not_picked":["Thunderclap","Immolate"],"picked":"Shockwave+1","floor":10},{"not_picked":["Sword Boomerang","Clothesline"],"picked":"Spot Weakness+1","floor":11},{"not_picked":["Dropkick","Pommel Strike"],"picked":"Bloodletting+1","floor":12},{"not_picked":["Bloodletting+1","Twin Strike"],"picked":"Dropkick","floor":14},{"not_picked":["Corruption","Bludgeon"],"picked":"Impervious+1","floor":16},{"not_picked":["Body Slam","Entrench+1"],"picked":"Headbutt+1","floor":18},{"not_picked":["Cleave","Havoc+1"],"picked":"True Grit+1","floor":21},{"not_picked":["Feel No Pain","Shockwave+1"],"picked":"Warcry+1","floor":22},{"not_picked":["Headbutt","Pommel Strike"],"picked":"Power Through+1","floor":23},{"not_picked":["Cleave","Body Slam+1","Anger+1"],"picked":"SKIP","floor":25},{"not_picked":["Exhume+1","Impervious+1"],"picked":"Flame Barrier+1","floor":27},{"not_picked":["Searing Blow+1","Warcry+1","Headbutt"],"picked":"SKIP","floor":28},{"not_picked":["Anger","Sword Boomerang"],"picked":"Offering+1","floor":30},{"not_picked":["True Grit+1","Blood for Blood"],"picked":"Heavy Blade","floor":31},{"not_picked":["Juggernaut","Reaper"],"picked":"Barricade","floor":33},{"not_picked":["Carnage","Dual Wield+1"],"picked":"Flex+1","floor":35},{"not_picked":["Thunderclap+1","Wild Strike"],"picked":"Armaments+1","floor":36},{"not_picked":["Sword Boomerang+1","Second Wind+1","Whirlwind"],"picked":"SKIP","floor":37},{"not_picked":["Inflame+1","Uppercut+1"],"picked":"Dark Embrace+1","floor":41},{"not_picked":["Body Slam","Shrug It Off+1"],"picked":"Fire Breathing","floor":44},{"not_picked":["Twin Strike+1","Evolve+1"],"picked":"Rupture","floor":46},{"not_picked":["Havoc+1","Cleave+1"],"picked":"Flex+1","floor":47}],"player_experience":141881,"relics_obtained":[{"floor":6,"key":"Art of War"},{"floor":7,"key":"Toxic Egg 2"},{"floor":9,"key":"Magic Flower"},{"floor":12,"key":"Turnip"},{"floor":23,"key":"Paper Frog"},{"floor":26,"key":"Whetstone"},{"floor":27,"key":"Ancient Tea Set"},{"floor":30,"key":"Orichalcum"},{"floor":39,"key":"Charon\u0027s Ashes"},{"floor":41,"key":"Bronze Scales"},{"floor":43,"key":"Centennial Puzzle"},{"floor":44,"key":"Mummified Hand"},{"floor":46,"key":"Ornamental Fan"}],"event_choices":[{"damage_healed":0,"gold_gain":75,"player_choice":"Gather Gold","damage_taken":11,"max_hp_gain":0,"max_hp_loss":0,"event_name":"World of Goop","floor":2,"gold_loss":0},{"damage_healed":0,"gold_gain":0,"player_choice":"Entered Light","damage_taken":16,"max_hp_gain":0,"max_hp_loss":0,"event_name":"Shining Light","floor":3,"gold_loss":0,"cards_upgraded":["Defend_R","Defend_R"]},{"damage_healed":0,"gold_gain":0,"player_choice":"Success","damage_taken":12,"relics_obtained":["Blood Vial"],"max_hp_gain":0,"max_hp_loss":0,"event_name":"Scrap Ooze","floor":4,"gold_loss":0},{"damage_healed":0,"gold_gain":0,"player_choice":"Bet on Murderer","damage_taken":0,"max_hp_gain":0,"max_hp_loss":0,"event_name":"The Joust","floor":19,"gold_loss":50},{"damage_healed":0,"gold_gain":0,"player_choice":"Fight","damage_taken":0,"max_hp_gain":0,"max_hp_loss":0,"event_name":"Mysterious Sphere","floor":39,"gold_loss":0},{"damage_healed":0,"gold_gain":0,"player_choice":"Paid","damage_taken":0,"relics_obtained":["Red Mask"],"max_hp_gain":0,"max_hp_loss":0,"event_name":"Tomb of Lord Red Mask","floor":45,"gold_loss":186},{"cards_removed":["Strike_R"],"damage_healed":0,"gold_gain":0,"player_choice":"Removed Attack","damage_taken":0,"max_hp_gain":0,"max_hp_loss":0,"event_name":"Falling","floor":48,"gold_loss":0}],"is_beta":false,"boss_relics":[{"not_picked":["Runic Cube","SacredBark"],"picked":"Mark of Pain"},{"not_picked":["Cursed Key","Fusion Hammer"],"picked":"Coffee Dripper"}],"items_purged_floors":[20,38],"is_endless":false,"potions_floor_spawned":[1,5,8,11,21,25,27,31,39,41,46,47],"ascension_level":3}}