{"host":"ecr3kz287jr92u81","time":1607929535,"event":{"mods":["Act Like it!","BaseMod","Dota2Spire","Hallownest","Lobotomy","LobotomyExtend","Minty Spire (QoL Compilation)","Pale of the Ancients","Quick Restart","Replay The Spire","RumiaBox-露米娅的神秘盒子","Spicy Shops","StSLib","[IsaacMod]以撒尖塔","vexMod","【东方二次创作】八云紫mod"],"gold_per_floor":[139,157,177,187,205,232,242,61,61,61,61,61],"floor_reached":11,"playtime":637,"items_purged":["AT_purpleEX"],"score":244,"play_id":"852e67e8-5b61-428c-be09-9fb0ec647459","local_time":"20201214150535","daily_mods":["Vintage","Heirloom","Time Dilation","Flight","DeadlyEvents","Elite Swarm"],"is_ascension_mode":true,"campfire_choices":[],"circlet_count":0,"master_deck":[],"relics":["Boundary_crack","Memoryfragments_purpleEX","replay:Trail_Library","HushsDoor","SteamSale","vexMod:PlasmaPancake","Lantern","LetterFromLob","AddBug","SecretRecord","SecretRecord"],"acts_visited":["Hallownest:Greenpath"],"potions_floor_usage":[6],"damage_taken":[{"damage":0,"enemies":"Hallownest:monsterHuskGuard","floor":1,"turns":3},{"damage":5,"enemies":"Hallownest:2_Baldur","floor":2,"turns":2},{"damage":1,"enemies":"Hallownest:2_Tiktiks_and_1_Crawlid","floor":3,"turns":1},{"damage":2,"enemies":"Hallownest:1_Baldur_1_Crawlid_1_Warrior","floor":4,"turns":4},{"damage":2,"enemies":"Hallownest:2_Tiktiks_1_Baldur_1_Crawlid","floor":5,"turns":3},{"damage":41,"enemies":"Hallownest:eliteVengeflyKing","floor":6,"turns":13},{"damage":11,"enemies":"Hallownest:monsterFoolEater","floor":7,"turns":5},{"damage":0,"enemies":"Hallownest:eliteCrystalGuardian","floor":11,"turns":1}],"seed_played":"-1237240077480850029","potions_obtained":[{"floor":3,"key":"Adrenaline Potion"},{"floor":7,"key":"FearPotion"}],"is_trial":true,"path_per_floor":["M","M","M","M","M","E","M","$","T","?","E"],"character_chosen":"Youkari","items_purchased":["CommonSense_AntiCommonSense_purple","DarkRealmRedLine_purple","Centennial Puzzle"],"campfire_rested":0,"item_purchase_floors":[8,8,8],"current_hp_per_floor":[67,64,63,63,65,29,23,23,23,71,71,71],"gold":61,"neow_bonus":"","is_daily":false,"chose_seed":false,"campfire_upgraded":0,"win_rate":0.0,"timestamp":1607929535,"path_taken":["M","M","M","M","M","E","M","$","T","?","E"],"items_purchased_type":["Card","Card","Relic"],"build_version":"2020-12-13","purchased_purges":1,"victory":false,"max_hp_per_floor":[71,71,71,71,71,71,71,71,71,71,71,71],"card_choices":[{"not_picked":["BarrageBoundary_PipeDream_purple","LoveAcrossDimensions_purple"],"picked":"WangLiang_LineAndCurveDreams_purple","floor":6}],"player_experience":152228,"relics_obtained":[{"floor":1,"key":"Lantern"},{"floor":1,"key":"LetterFromLob"},{"floor":1,"key":"AddBug"},{"floor":2,"key":"Dota2Spire:Butterfly"},{"floor":3,"key":"Regal Pillow"},{"floor":4,"key":"UnicornStump"},{"floor":5,"key":"Dota2Spire:LinkenSphere"},{"floor":6,"key":"SecretRecord"},{"floor":6,"key":"BookOfRevelations"},{"floor":7,"key":"vexMod:ConsolationPrize"},{"floor":9,"key":"BookOfRevelations"}],"event_choices":[],"is_beta":false,"boss_relics":[],"items_purged_floors":[8],"is_endless":true,"potions_floor_spawned":[3,7],"killed_by":"Hallownest:eliteCrystalGuardian","ascension_level":20}}