{"host":"ih7ofq2zpufcoifs","time":1607961912,"event":{"mods":["BaseMod","Colored Map","Minty Spire (QoL Compilation)"],"gold_per_floor":[112,125,9,25,38,64,64,96,96,96,113,129,129,158,158,236,236,248,267,7,106,21,21,56,56,82,82,112,131,81,3,3,78,78,89,106,25,39,52,84,84,102,125,150,150,175,175,205,205,205,205,205,23,58,58],"floor_reached":56,"playtime":4123,"items_purged":["Defend_G","Strike_G","Defend_G"],"score":2031,"play_id":"eb384a35-2b52-4881-8309-735b09553b52","local_time":"20201215020512","is_ascension_mode":true,"campfire_choices":[{"floor":7,"key":"REST"},{"data":"Calculated Gamble","floor":13,"key":"SMITH"},{"data":"Crippling Poison","floor":15,"key":"SMITH"},{"data":"Calculated Gamble","floor":23,"key":"SMITH"},{"data":"Corpse Explosion","floor":25,"key":"SMITH"},{"data":"Catalyst","floor":27,"key":"SMITH"},{"data":"Reflex","floor":32,"key":"SMITH"},{"data":"Burst","floor":41,"key":"SMITH"},{"floor":45,"key":"RECALL"},{"data":"Reflex","floor":49,"key":"SMITH"},{"data":"Reflex","floor":52,"key":"SMITH"}],"circlet_count":0,"master_deck":["AscendersBane","Strike_G","Strike_G","Strike_G","Defend_G","Defend_G","Defend_G","Survivor","Neutralize","Concentrate","Reflex+1","Eviscerate","Quick Slash","Reflex+1","Endless Agony","Calculated Gamble+1","Calculated Gamble+1","Eviscerate","Crippling Poison+1","Corpse Explosion+1","PiercingWail","Reflex+1","Footwork","Catalyst+1","Noxious Fumes","Burst+1","Acrobatics","PiercingWail","PiercingWail+1","Caltrops","Backflip"],"relics":["HoveringKite","Bag of Preparation","StrikeDummy","CaptainsWheel","Mango","Black Star","Membership Card","Eternal Feather","Smiling Mask","Orichalcum","Vajra","Ancient Tea Set","Anchor","TheAbacus","Sozu","Meat on the Bone","Regal Pillow","PreservedInsect","Incense Burner","FossilizedHelix","Sundial","Art of War","Darkstone Periapt","Tingsha","Kunai","Strawberry"],"acts_visited":["Exordium","TheCity","TheBeyond","TheEnding"],"potions_floor_usage":[5,6,8,28,55,55],"damage_taken":[{"damage":1.0,"enemies":"Small Slimes","floor":1.0,"turns":4.0},{"damage":11.0,"enemies":"Cultist","floor":2.0,"turns":6.0},{"damage":0.0,"enemies":"2 Louse","floor":4.0,"turns":3.0},{"damage":0,"enemies":"Exordium Wildlife","floor":5,"turns":3},{"damage":18,"enemies":"Gremlin Nob","floor":6,"turns":5},{"damage":10,"enemies":"3 Sentries","floor":8,"turns":7},{"damage":0,"enemies":"2 Fungi Beasts","floor":11,"turns":2},{"damage":0,"enemies":"Gremlin Gang","floor":12,"turns":3},{"damage":0,"enemies":"Gremlin Nob","floor":14,"turns":2},{"damage":35,"enemies":"The Guardian","floor":16,"turns":9},{"damage":6,"enemies":"Spheric Guardian","floor":18,"turns":3},{"damage":0,"enemies":"2 Thieves","floor":19,"turns":1},{"damage":30,"enemies":"Slavers","floor":24,"turns":4},{"damage":9,"enemies":"Book of Stabbing","floor":28,"turns":4},{"damage":0,"enemies":"Snake Plant","floor":29,"turns":3},{"damage":40,"enemies":"Champ","floor":33,"turns":9},{"damage":0,"enemies":"Orb Walker","floor":35,"turns":2},{"damage":0,"enemies":"3 Shapes","floor":36,"turns":2},{"damage":0,"enemies":"3 Darklings","floor":38,"turns":3},{"damage":0,"enemies":"4 Shapes","floor":39,"turns":5},{"damage":43,"enemies":"Nemesis","floor":40,"turns":9},{"damage":0,"enemies":"Writhing Mass","floor":42,"turns":1},{"damage":0,"enemies":"Mind Bloom Boss Battle","floor":44,"turns":6},{"damage":28,"enemies":"Reptomancer","floor":46,"turns":5},{"damage":12,"enemies":"Giant Head","floor":48,"turns":6},{"damage":29,"enemies":"Donu and Deca","floor":50,"turns":6},{"damage":27,"enemies":"Shield and Spear","floor":54,"turns":5},{"damage":38,"enemies":"The Heart","floor":55,"turns":6}],"seed_played":"3409716846256095238","potions_obtained":[{"floor":2.0,"key":"AttackPotion"},{"floor":4.0,"key":"Energy Potion"},{"floor":5,"key":"BlessingOfTheForge"},{"floor":14,"key":"SteroidPotion"},{"floor":19,"key":"Explosive Potion"},{"floor":24,"key":"DuplicationPotion"},{"floor":28,"key":"Energy Potion"},{"floor":29,"key":"Weak Potion"}],"is_trial":false,"path_per_floor":["M","M","$","M","M","E","R","E","T","?","M","M","R","E","R","B",null,"M","M","$","?","?","R","E","R","T","R","E","M","$","$","R","B",null,"M","M","?","M","M","E","R","M","T","?","R","E","?","E","R","B",null,"R","$","E","B",null],"character_chosen":"THE_SILENT","items_purchased":["Eviscerate","Membership Card","Reflex","Footwork","TheAbacus","Tingsha","Backflip"],"campfire_rested":1,"item_purchase_floors":[3,20,20,20,31,53,53],"current_hp_per_floor":[58,47,47,47,47,29,48,38,38,38,38,38,38,52,52,17,64,58,58,58,58,58,70,40,55,55,70,61,61,61,61,76,36,69,69,69,69,69,69,38,53,53,53,53,68,52,52,40,58,41,67,76,76,56,30],"gold":58,"neow_bonus":"BOSS_RELIC","is_daily":false,"chose_seed":false,"campfire_upgraded":9,"win_rate":0.0,"timestamp":1607961912,"path_taken":["M","M","$","M","M","E","R","E","T","?","?","M","R","E","R","BOSS","M","?","$","?","?","R","E","R","T","R","E","M","?","$","R","BOSS","M","M","?","M","M","E","R","?","T","?","R","E","?","E","R","BOSS","R","$","E","BOSS"],"items_purchased_type":["Card","Relic","Card","Card","Relic","Relic","Card"],"build_version":"2020-12-13","purchased_purges":3,"victory":true,"max_hp_per_floor":[66,66,66,66,66,66,66,66,66,66,66,66,66,80,80,80,80,80,80,80,80,80,80,80,80,80,80,80,80,80,80,80,80,80,80,80,80,80,80,80,80,80,80,80,80,80,76,76,76,76,76,76,76,83,83],"card_choices":[{"not_picked":["Slice","Backflip"],"picked":"Concentrate","floor":1.0},{"not_picked":["Expertise","Dodge and Roll"],"picked":"Reflex","floor":2.0},{"not_picked":["Deadly Poison","Catalyst"],"picked":"Quick Slash","floor":4.0},{"not_picked":["Calculated Gamble","Cloak And Dagger"],"picked":"Reflex","floor":5},{"not_picked":["Slice","Backstab"],"picked":"Endless Agony","floor":6},{"not_picked":["Catalyst","Deflect"],"picked":"Calculated Gamble","floor":8},{"not_picked":["Bouncing Flask","Deflect"],"picked":"Calculated Gamble","floor":11},{"not_picked":["Deflect","Blade Dance"],"picked":"Eviscerate","floor":12},{"not_picked":["Dagger Throw","Flechettes"],"picked":"Crippling Poison","floor":14},{"not_picked":["A Thousand Cuts","Bullet Time"],"picked":"Corpse Explosion","floor":16},{"not_picked":["Dagger Spray","Crippling Poison","Eviscerate+1"],"picked":"SKIP","floor":18},{"not_picked":["Prepared","Infinite Blades"],"picked":"PiercingWail","floor":19},{"not_picked":["Flying Knee","Expertise"],"picked":"Catalyst","floor":24},{"not_picked":["Crippling Poison","Underhanded Strike"],"picked":"Noxious Fumes","floor":28},{"not_picked":["Bane","Outmaneuver","Eviscerate"],"picked":"SKIP","floor":29},{"not_picked":["A Thousand Cuts","Storm of Steel"],"picked":"Burst","floor":33},{"not_picked":["Underhanded Strike","Outmaneuver+1"],"picked":"Acrobatics","floor":35},{"not_picked":["Outmaneuver","Quick Slash+1","Dagger Spray"],"picked":"SKIP","floor":36},{"not_picked":["Dagger Spray","Finisher"],"picked":"PiercingWail","floor":38},{"not_picked":["Blade Dance","Bouncing Flask+1"],"picked":"PiercingWail+1","floor":39},{"not_picked":["Sucker Punch+1","Flying Knee","Storm of Steel"],"picked":"SKIP","floor":40},{"not_picked":["Crippling Poison","Predator","Deflect"],"picked":"SKIP","floor":42},{"not_picked":["Riddle With Holes","Dash","Eviscerate"],"picked":"SKIP","floor":46},{"not_picked":["Backflip","Footwork"],"picked":"Caltrops","floor":48},{"not_picked":["Quick Slash","Bullet Time","Cloak And Dagger"],"picked":"SKIP","floor":54}],"player_experience":335062,"relics_obtained":[{"floor":6,"key":"Bag of Preparation"},{"floor":8,"key":"StrikeDummy"},{"floor":9,"key":"CaptainsWheel"},{"floor":14,"key":"Mango"},{"floor":24,"key":"Smiling Mask"},{"floor":24,"key":"Orichalcum"},{"floor":26,"key":"Vajra"},{"floor":28,"key":"Ancient Tea Set"},{"floor":28,"key":"Anchor"},{"floor":40,"key":"Regal Pillow"},{"floor":40,"key":"PreservedInsect"},{"floor":44,"key":"Incense Burner"},{"floor":46,"key":"FossilizedHelix"},{"floor":46,"key":"Sundial"},{"floor":48,"key":"Art of War"},{"floor":48,"key":"Darkstone Periapt"},{"floor":54,"key":"Kunai"},{"floor":54,"key":"Strawberry"}],"event_choices":[{"cards_removed":["Strike_G"],"damage_healed":0,"gold_gain":0,"player_choice":"Purged","damage_taken":0,"max_hp_gain":0,"max_hp_loss":0,"event_name":"Purifier","floor":10,"gold_loss":0},{"damage_healed":0,"gold_gain":99,"player_choice":"Stole From Cult","damage_taken":0,"max_hp_gain":0,"max_hp_loss":0,"event_name":"Nest","floor":21,"gold_loss":0},{"damage_healed":0,"gold_gain":0,"player_choice":"Obtained Relic","damage_taken":0,"relics_obtained":["Eternal Feather"],"max_hp_gain":0,"max_hp_loss":0,"event_name":"Addict","floor":22,"gold_loss":85},{"damage_healed":0,"gold_gain":0,"player_choice":"Paid Gold","damage_taken":0,"relics_obtained":["Meat on the Bone"],"max_hp_gain":0,"max_hp_loss":0,"event_name":"WeMeetAgain","floor":37,"gold_loss":81},{"damage_healed":0,"gold_gain":0,"player_choice":"Fight","damage_taken":0,"max_hp_gain":0,"max_hp_loss":0,"event_name":"MindBloom","floor":44,"gold_loss":0},{"damage_healed":0,"gold_gain":0,"player_choice":"Max HP","damage_taken":0,"max_hp_gain":0,"max_hp_loss":4,"event_name":"Winding Halls","floor":47,"gold_loss":0}],"is_beta":false,"boss_relics":[{"not_picked":["Snecko Eye","SacredBark"],"picked":"Black Star"},{"not_picked":["Tiny House","WristBlade"],"picked":"Sozu"}],"items_purged_floors":[3,20,30],"is_endless":false,"potions_floor_spawned":[2,4,5,14,19,24,28,29,42,44,54],"ascension_level":14}}