{"host":"5vp09kzjmsnmc21d","time":1607962382,"event":{"mods":["AchievementEnabler","BaseMod","Colored Map","Colored Powertips","DeckTracker","Keyboard Shortcuts","Minty Spire (QoL Compilation)","Permanent Neow","Quick Restart","StSLib","SuperFastMode","everything is the same but u backflip on backflip"],"gold_per_floor":[117,132,143,24,40,67,87,121,147,160,160,176,176,189,189,291,291,303,323,340,193,213,213,238,238,238,238,256,256,266,266,266,365,365,384,140,140,140,155,184,184,184],"floor_reached":41,"playtime":2558,"items_purged":["Strike_R","Strike_R"],"score":571,"play_id":"5cce27e1-d135-4f17-a63d-4f25696cabfe","local_time":"20201215011302","is_ascension_mode":true,"campfire_choices":[{"floor":11.0,"key":"REST"},{"data":"Whirlwind","floor":15.0,"key":"SMITH"},{"floor":23,"key":"RECALL"},{"data":"Limit Break","floor":25,"key":"SMITH"},{"data":"Bludgeon","floor":27,"key":"SMITH"},{"data":"Double Tap","floor":29,"key":"SMITH"},{"data":"Second Wind","floor":32,"key":"SMITH"}],"circlet_count":0,"master_deck":["Strike_R","Strike_R","Defend_R","Defend_R","Defend_R","Defend_R","Bash","Wild Strike","Spot Weakness","Rampage","Bludgeon+1","Shrug It Off","Power Through","Second Wind+1","Pommel Strike","Whirlwind+1","Double Tap+1","Defend_R","Limit Break+1","Flex+1","Sentinel+1","Shrug It Off","Feel No Pain","Fiend Fire","Shrug It Off","Decay","Metallicize+1"],"relics":["Burning Blood","Nunchaku","HornCleat","MealTicket","Happy Flower","Runic Pyramid","Art of War","SlaversCollar","Chemical X","Regal Pillow"],"acts_visited":["Exordium","TheCity","TheBeyond"],"potions_floor_usage":[22,22,33,40],"damage_taken":[{"damage":1.0,"enemies":"Cultist","floor":1.0,"turns":4.0},{"damage":4.0,"enemies":"Jaw Worm","floor":2.0,"turns":3.0},{"damage":7.0,"enemies":"2 Louse","floor":3.0,"turns":3.0},{"damage":13.0,"enemies":"Blue Slaver","floor":5.0,"turns":4.0},{"damage":48.0,"enemies":"Gremlin Nob","floor":6.0,"turns":5.0},{"damage":0.0,"enemies":"Looter","floor":7.0,"turns":1.0},{"damage":15.0,"enemies":"3 Sentries","floor":8.0,"turns":8.0},{"damage":12.0,"enemies":"Lots of Slimes","floor":10.0,"turns":5.0},{"damage":0.0,"enemies":"Blue Slaver","floor":12.0,"turns":3.0},{"damage":0.0,"enemies":"Red Slaver","floor":14.0,"turns":1.0},{"damage":17.0,"enemies":"Slime Boss","floor":16.0,"turns":8.0},{"damage":3.0,"enemies":"2 Thieves","floor":18.0,"turns":4.0},{"damage":0.0,"enemies":"Spheric Guardian","floor":19.0,"turns":3.0},{"damage":18.0,"enemies":"Centurion and Healer","floor":20.0,"turns":6.0},{"damage":2,"enemies":"Cultist and Chosen","floor":22,"turns":4},{"damage":29,"enemies":"Book of Stabbing","floor":24,"turns":6},{"damage":0,"enemies":"Snecko","floor":28,"turns":4},{"damage":1,"enemies":"Shelled Parasite and Fungi","floor":30,"turns":4},{"damage":19,"enemies":"Colosseum Slavers","floor":31,"turns":4},{"damage":38,"enemies":"Automaton","floor":33,"turns":10},{"damage":39,"enemies":"3 Shapes","floor":35,"turns":3},{"damage":1,"enemies":"Orb Walker","floor":39,"turns":3},{"damage":32,"enemies":"Nemesis","floor":40,"turns":7},{"damage":40,"enemies":"Transient","floor":41,"turns":2}],"seed_played":"-2172851202381106806","potions_obtained":[{"floor":2.0,"key":"LiquidBronze"},{"floor":6.0,"key":"FearPotion"},{"floor":8.0,"key":"GamblersBrew"},{"floor":10.0,"key":"EssenceOfSteel"},{"floor":12.0,"key":"PowerPotion"},{"floor":14.0,"key":"AttackPotion"},{"floor":19.0,"key":"Fruit Juice"},{"floor":28,"key":"LiquidBronze"},{"floor":33,"key":"DistilledChaos"}],"is_trial":false,"path_per_floor":["M","M","M","$","M","E","M","E","T","M","R","M","?","M","R","B",null,"M","M","M","$","M","R","E","R","T","R","M","R","M","?","R","B",null,"M","$","?","?","M","E","M"],"character_chosen":"IRONCLAD","items_purchased":["Bludgeon","Shrug It Off","DuplicationPotion","Chemical X"],"campfire_rested":1,"item_purchase_floors":[4,4,21,36],"current_hp_per_floor":[80,80,79,79,72,30,36,27,27,21,45,51,51,57,57,46,72,75,80,68,80,85,85,62,62,62,62,68,68,73,60,60,28,71,38,53,53,53,58,32,0,0],"gold":184,"neow_bonus":"RANDOM_COMMON_RELIC","is_daily":false,"chose_seed":false,"campfire_upgraded":5,"win_rate":0.0,"timestamp":1607962382,"path_taken":["M","M","M","?","M","E","M","E","T","M","R","M","?","?","R","BOSS","M","M","M","$","M","R","E","R","T","R","M","R","M","?","R","BOSS","M","$","?","?","M","E","?"],"items_purchased_type":["Card","Card","Potion","Relic"],"build_version":"2020-12-13","purchased_purges":2,"victory":false,"max_hp_per_floor":[80,80,80,80,80,80,80,80,80,80,80,80,80,80,80,80,80,80,80,80,80,85,85,85,85,85,85,85,85,85,85,85,85,85,85,85,85,85,85,85,85,85],"card_choices":[{"not_picked":["Warcry","Heavy Blade"],"picked":"Wild Strike","floor":1.0},{"not_picked":["Battle Trance","Flame Barrier"],"picked":"Spot Weakness","floor":2.0},{"not_picked":["Perfected Strike","Sword Boomerang"],"picked":"Rampage","floor":3.0},{"not_picked":["Twin Strike","Iron Wave"],"picked":"Power Through","floor":5.0},{"not_picked":["Clash","Shockwave"],"picked":"Second Wind","floor":6.0},{"not_picked":["Infernal Blade","True Grit"],"picked":"Pommel Strike","floor":7.0},{"not_picked":["Heavy Blade","Clash","Dropkick"],"picked":"SKIP","floor":8.0},{"not_picked":["Cleave","Perfected Strike"],"picked":"Whirlwind","floor":10.0},{"not_picked":["Sentinel","Dark Embrace"],"picked":"Double Tap","floor":12.0},{"not_picked":["Whirlwind","Twin Strike","Rupture"],"picked":"SKIP","floor":14.0},{"not_picked":["Brutality","Exhume"],"picked":"Limit Break","floor":16.0},{"not_picked":["Battle Trance","Uppercut+1","Flex"],"picked":"SKIP","floor":18.0},{"not_picked":["Cleave","Intimidate"],"picked":"Flex+1","floor":19.0},{"not_picked":["Rupture","Pommel Strike"],"picked":"Sentinel+1","floor":20.0},{"not_picked":["Sword Boomerang+1","Pommel Strike"],"picked":"Shrug It Off","floor":22},{"not_picked":["Carnage","Anger","Armaments"],"picked":"SKIP","floor":24},{"not_picked":["Searing Blow","Thunderclap+1","Clash"],"picked":"SKIP","floor":28},{"not_picked":["Seeing Red+1","Dropkick"],"picked":"Feel No Pain","floor":30},{"not_picked":["Reaper","Exhume"],"picked":"Fiend Fire","floor":33},{"not_picked":["Dark Embrace","Iron Wave"],"picked":"Shrug It Off","floor":35},{"not_picked":["Anger+1","Feel No Pain+1"],"picked":"Metallicize+1","floor":39},{"not_picked":["Cleave","Infernal Blade+1","Headbutt+1"],"picked":"SKIP","floor":40}],"player_experience":1086044,"relics_obtained":[{"floor":6.0,"key":"HornCleat"},{"floor":8.0,"key":"MealTicket"},{"floor":9.0,"key":"Happy Flower"},{"floor":24,"key":"Art of War"},{"floor":40,"key":"Regal Pillow"}],"event_choices":[{"cards_removed":["Strike_R"],"damage_healed":0.0,"max_hp_gain":0.0,"max_hp_loss":0.0,"gold_gain":0.0,"event_name":"NoteForYourself","player_choice":"Took Card","floor":13.0,"gold_loss":0.0,"damage_taken":0.0,"cards_obtained":["Defend_R"]},{"damage_healed":0,"gold_gain":0,"player_choice":"Fight","damage_taken":0,"max_hp_gain":0,"max_hp_loss":0,"event_name":"Colosseum","floor":31,"gold_loss":0},{"damage_healed":0,"gold_gain":0,"player_choice":"Fled From Nobs","damage_taken":0,"max_hp_gain":0,"max_hp_loss":0,"event_name":"Colosseum","floor":31,"gold_loss":0},{"damage_healed":0,"gold_gain":0,"player_choice":"Ignored","damage_taken":0,"max_hp_gain":0,"max_hp_loss":0,"event_name":"Tomb of Lord Red Mask","floor":37,"gold_loss":0},{"damage_healed":0,"gold_gain":0,"player_choice":"Cursed","damage_taken":0,"max_hp_gain":0,"max_hp_loss":0,"event_name":"Wheel of Change","floor":38,"gold_loss":0,"cards_obtained":["Decay"]}],"is_beta":false,"boss_relics":[{"not_picked":["Busted Crown","Calling Bell"],"picked":"Runic Pyramid"},{"not_picked":["Pandora\u0027s Box","Black Star"],"picked":"SlaversCollar"}],"items_purged_floors":[21,36],"is_endless":false,"potions_floor_spawned":[2,6,8,10,12,14,19,28,31,33],"killed_by":"Transient","ascension_level":5}}