{"host":"udzsrhbqdxqtlypj","time":1607983098,"event":{"mods":["BaseMod","Minty Spire (QoL Compilation)","Relic Stats"],"gold_per_floor":[113,125,125,135,85,85,113,113,113,124,77,90,90,118,118,214,214,229,304,58,58,68,98,116,116,116,148,148,160,115,127,127,229,229,243,243,7,57,74,74,109,119,145,161,187,197,197,208,208,208,208],"floor_reached":50,"playtime":4467,"items_purged":["Strike_G+1"],"score":1041,"play_id":"fa451e83-b367-4107-9c1d-fc50fa499c2a","local_time":"20201214155818","is_ascension_mode":true,"campfire_choices":[{"data":"Footwork","floor":6,"key":"SMITH"},{"floor":8,"key":"REST"},{"floor":13,"key":"REST"},{"data":"Neutralize","floor":15,"key":"SMITH"},{"floor":25,"key":"REST"},{"floor":32,"key":"REST"},{"floor":40,"key":"REST"},{"floor":47,"key":"REST"},{"floor":49,"key":"RECALL"}],"circlet_count":0,"master_deck":["AscendersBane","Strike_G+1","Strike_G+1","Strike_G+1","Defend_G+1","Defend_G+1","Defend_G+1","Defend_G+1","Defend_G+1","Survivor","Neutralize+1","Poisoned Stab+1","Crippling Poison+1","Footwork+1","Blade Dance","PiercingWail","Blade Dance","Envenom","Glass Knife","Adrenaline","Distraction+1","PiercingWail+1","Burst","Expertise+1","Dodge and Roll+1","Dagger Spray+1","Blade Dance+1","Corpse Explosion+1","Bane","Leg Sweep+1","Purity+1","Outmaneuver+1","Calculated Gamble+1","Concentrate+1","Calculated Gamble+1","Backflip+1","Blur+1"],"relics":["Runic Dome","Whetstone","Blue Candle","Happy Flower","SlaversCollar","Sling","PreservedInsect","Mummified Hand","Toxic Egg 2","Runic Pyramid","Dead Branch","Boot","Juzu Bracelet"],"acts_visited":["Exordium","TheCity","TheBeyond"],"potions_floor_usage":[7,14,14,27,29,33,38,42],"damage_taken":[{"damage":7,"enemies":"Jaw Worm","floor":1,"turns":6},{"damage":0,"enemies":"2 Louse","floor":2,"turns":3},{"damage":0,"enemies":"Cultist","floor":4,"turns":3},{"damage":47,"enemies":"Gremlin Nob","floor":7,"turns":5},{"damage":0,"enemies":"2 Fungi Beasts","floor":10,"turns":2},{"damage":8,"enemies":"Looter","floor":12,"turns":3},{"damage":0,"enemies":"3 Sentries","floor":14,"turns":5},{"damage":4,"enemies":"The Guardian","floor":16,"turns":10},{"damage":10,"enemies":"Spheric Guardian","floor":18,"turns":5},{"damage":0,"enemies":"3 Byrds","floor":22,"turns":4},{"damage":0,"enemies":"Gremlin Leader","floor":23,"turns":6},{"damage":17,"enemies":"Sentry and Sphere","floor":24,"turns":7},{"damage":0,"enemies":"Slavers","floor":27,"turns":3},{"damage":2,"enemies":"Snecko","floor":29,"turns":4},{"damage":7,"enemies":"Centurion and Healer","floor":31,"turns":8},{"damage":4,"enemies":"Champ","floor":33,"turns":9},{"damage":3,"enemies":"3 Shapes","floor":35,"turns":4},{"damage":16,"enemies":"2 Orb Walkers","floor":38,"turns":4},{"damage":27,"enemies":"3 Darklings","floor":39,"turns":6},{"damage":0,"enemies":"Giant Head","floor":41,"turns":4},{"damage":24,"enemies":"Transient","floor":42,"turns":5},{"damage":0,"enemies":"Sphere and 2 Shapes","floor":44,"turns":2},{"damage":9,"enemies":"Nemesis","floor":45,"turns":5},{"damage":0,"enemies":"Spire Growth","floor":46,"turns":4},{"damage":7,"enemies":"Writhing Mass","floor":48,"turns":4},{"damage":30,"enemies":"Time Eater","floor":50,"turns":7}],"seed_played":"4836407316115149770","potions_obtained":[{"floor":4,"key":"DistilledChaos"},{"floor":7,"key":"SteroidPotion"},{"floor":12,"key":"Explosive Potion"},{"floor":22,"key":"Dexterity Potion"},{"floor":24,"key":"Explosive Potion"},{"floor":27,"key":"AttackPotion"},{"floor":38,"key":"Block Potion"},{"floor":39,"key":"LiquidBronze"},{"floor":44,"key":"FearPotion"},{"floor":45,"key":"LiquidBronze"}],"is_trial":false,"path_per_floor":["M","M","?","M","?","R","E","R","T","M","$","M","R","E","R","B",null,"M","?","$","?","M","E","M","R","T","E","?","M","$","M","R","B",null,"M","?","$","?","M","R","E","M","T","M","E","M","R","M","R","B"],"character_chosen":"THE_SILENT","items_purchased":["Blade Dance","Sling","CultistPotion","Blade Dance+1","Leg Sweep+1","Purity+1"],"campfire_rested":6,"item_purchase_floors":[11,20,20,30,37,37],"current_hp_per_floor":[56,56,56,56,56,56,9,30,30,30,30,22,43,43,43,39,62,52,45,45,45,45,45,28,49,49,49,36,34,34,27,49,45,68,65,65,65,49,22,44,44,20,20,20,11,11,33,26,26,0,0],"gold":208,"neow_bonus":"BOSS_RELIC","is_daily":false,"chose_seed":false,"campfire_upgraded":2,"win_rate":0.0,"timestamp":1607983098,"path_taken":["M","M","?","M","?","R","E","R","T","M","$","M","R","E","R","BOSS","M","?","?","?","M","E","M","R","T","E","?","M","$","M","R","BOSS","M","?","$","?","M","R","E","M","T","M","E","M","R","M","R","BOSS"],"items_purchased_type":["Card","Relic","Potion","Card","Card","Card"],"build_version":"2020-12-13","purchased_purges":1,"victory":false,"max_hp_per_floor":[70,70,70,70,70,70,70,70,70,70,70,70,70,70,70,70,70,70,70,70,70,70,70,70,70,70,70,75,75,75,75,75,75,75,75,75,75,75,75,75,75,75,75,75,75,75,75,75,75,75,75],"relic_stats":{"Happy Flower":[33],"counters":[26,128],"Mummified Hand":[35],"Blue Candle":[0],"Dead Branch":[128],"PreservedInsect":222,"Juzu Bracelet":0,"Whetstone":["Poisoned Stab","Strike_G"],"Boot":[76],"obtain_stats":[{"Happy Flower":14,"Blue Candle":9,"Dead Branch":38,"PreservedInsect":23,"Juzu Bracelet":45,"Whetstone":7,"Sling":20,"Boot":41,"Runic Dome":0,"SlaversCollar":17,"Mummified Hand":26,"Toxic Egg 2":27,"Ring of the Snake":0,"Runic Pyramid":34},{"Happy Flower":7,"Blue Candle":4,"Dead Branch":18,"PreservedInsect":11,"Juzu Bracelet":23,"Whetstone":4,"Sling":9,"Boot":20,"Runic Dome":0,"SlaversCollar":8,"Mummified Hand":12,"Toxic Egg 2":13,"Ring of the Snake":0,"Runic Pyramid":16},{"Happy Flower":27,"Blue Candle":17,"Dead Branch":91,"PreservedInsect":52,"Juzu Bracelet":113,"Whetstone":17,"Sling":42,"Boot":101,"Runic Dome":0,"SlaversCollar":37,"Mummified Hand":59,"Toxic Egg 2":62,"Ring of the Snake":0,"Runic Pyramid":83}]},"card_choices":[{"not_picked":["Underhanded Strike","Flying Knee"],"picked":"Poisoned Stab","floor":1},{"not_picked":["Infinite Blades","All Out Attack"],"picked":"Crippling Poison","floor":2},{"not_picked":["Blade Dance","Phantasmal Killer"],"picked":"Footwork","floor":4},{"not_picked":["Sucker Punch","Dagger Throw"],"picked":"Blade Dance","floor":7},{"not_picked":["Cloak And Dagger","Slice"],"picked":"PiercingWail","floor":10},{"not_picked":["Distraction","Dagger Spray"],"picked":"Envenom","floor":12},{"not_picked":["Prepared","Slice"],"picked":"Glass Knife","floor":14},{"not_picked":["Storm of Steel","Doppelganger"],"picked":"Adrenaline","floor":16},{"not_picked":["Underhanded Strike+1","Prepared+1"],"picked":"Distraction+1","floor":18},{"not_picked":["Bane","Underhanded Strike+1"],"picked":"PiercingWail+1","floor":22},{"not_picked":["Underhanded Strike+1","Bane"],"picked":"Burst","floor":23},{"not_picked":["Reflex+1","Dash"],"picked":"Expertise+1","floor":24},{"not_picked":["Expertise+1","Dagger Spray"],"picked":"Dodge and Roll+1","floor":27},{"not_picked":["Predator","Outmaneuver+1"],"picked":"Dagger Spray+1","floor":29},{"not_picked":["Setup+1","Unload","Dagger Spray"],"picked":"SKIP","floor":31},{"not_picked":["Storm of Steel+1","Doppelganger+1"],"picked":"Corpse Explosion+1","floor":33},{"not_picked":["Slice","Tactician+1"],"picked":"Bane","floor":35},{"not_picked":["Poisoned Stab+1","Footwork+1"],"picked":"Outmaneuver+1","floor":38},{"not_picked":["Setup+1","Bane"],"picked":"Calculated Gamble+1","floor":39},{"not_picked":["Backflip+1","Adrenaline+1"],"picked":"Concentrate+1","floor":41},{"not_picked":["Underhanded Strike+1","Bane+1"],"picked":"Calculated Gamble+1","floor":42},{"not_picked":["Bane+1","Blade Dance+1","Riddle With Holes"],"picked":"SKIP","floor":44},{"not_picked":["Masterful Stab+1","Dagger Throw"],"picked":"Backflip+1","floor":45},{"not_picked":["Dagger Spray","Poisoned Stab+1","Dagger Throw+1"],"picked":"SKIP","floor":46},{"not_picked":["Dagger Throw+1","Deadly Poison+1"],"picked":"Blur+1","floor":48}],"player_experience":2620893,"relics_obtained":[{"floor":7,"key":"Whetstone"},{"floor":9,"key":"Blue Candle"},{"floor":14,"key":"Happy Flower"},{"floor":23,"key":"PreservedInsect"},{"floor":26,"key":"Mummified Hand"},{"floor":27,"key":"Toxic Egg 2"},{"floor":38,"key":"Dead Branch"},{"floor":41,"key":"Boot"},{"floor":45,"key":"Juzu Bracelet"}],"event_choices":[{"damage_healed":0,"gold_gain":0,"player_choice":"Grow","damage_taken":0,"max_hp_gain":0,"max_hp_loss":0,"event_name":"Living Wall","floor":3,"gold_loss":0,"cards_upgraded":["Crippling Poison"]},{"cards_removed":["Strike_G"],"damage_healed":0,"gold_gain":0,"player_choice":"Card Removal","damage_taken":0,"max_hp_gain":0,"max_hp_loss":0,"event_name":"The Cleric","floor":5,"gold_loss":50},{"damage_healed":0,"gold_gain":75,"player_choice":"Touch","damage_taken":7,"max_hp_gain":0,"max_hp_loss":0,"event_name":"FaceTrader","floor":19,"gold_loss":0},{"damage_healed":0,"gold_gain":0,"player_choice":"Simplicity","damage_taken":0,"max_hp_gain":0,"max_hp_loss":0,"event_name":"Back to Basics","floor":21,"gold_loss":0,"cards_upgraded":["Strike_G","Strike_G","Strike_G","Defend_G","Defend_G","Defend_G","Defend_G","Defend_G"]},{"damage_healed":0,"gold_gain":0,"player_choice":"Shed Blood","damage_taken":18,"max_hp_gain":5,"max_hp_loss":0,"event_name":"Forgotten Altar","floor":28,"gold_loss":0},{"damage_healed":0,"gold_gain":0,"player_choice":"Ignored","damage_taken":0,"max_hp_gain":0,"max_hp_loss":0,"event_name":"Tomb of Lord Red Mask","floor":36,"gold_loss":0},{"damage_healed":0,"gold_gain":0,"player_choice":"Fight","damage_taken":0,"max_hp_gain":0,"max_hp_loss":0,"event_name":"Mysterious Sphere","floor":38,"gold_loss":0}],"is_beta":false,"boss_relics":[{"not_picked":["Ectoplasm","Philosopher\u0027s Stone"],"picked":"SlaversCollar"},{"not_picked":["Empty Cage","Black Star"],"picked":"Runic Pyramid"}],"items_purged_floors":[37],"is_endless":false,"potions_floor_spawned":[4,7,12,22,24,27,38,39,44,45],"killed_by":"Time Eater","ascension_level":10}}