{"host":"exexdi9os29xec1d","time":1607959088,"event":{"mods":["Act Like it!","BaseMod","Colored Map","Conspire","Decade(王小明)","Downfall","Gensokyo","Hero for Fun","HololiveMod","Hubris","Infinite Spire","KinomotoSakuraMod(木之本樱)","Koishi","LagranYue(拉格朗・月)","Marisa（F雨　魔理沙）","Minty Spire (QoL Compilation)","READ ME - Guardian Mod","Remilia（蕾米莉亚）","Replay The Spire","Shop Mod","StSLib","The Animator","The Bladedancer","The Bug Knight","The Cursed","The Disciple","The Hierophant","The Necromancer","The Servant 0.9.4","Youmu（魂魄妖梦）","[地精首领爬塔]The Maniac"],"gold_per_floor":[117,137,137,155,174,174,205,219,245,245,263,280,290,328,328,432,432,444,19,19,30,30,30],"floor_reached":22,"playtime":1172,"items_purged":[],"score":190,"play_id":"d281a995-2f0f-405b-8127-47aa09434b58","local_time":"20201214231808","is_ascension_mode":false,"campfire_choices":[{"data":"TheCursedMod:CircleOfCorruption","floor":6,"key":"SMITH"},{"data":"TheCursedMod:ReleasedStrength","floor":10,"key":"SMITH"},{"floor":15,"key":"REST"}],"circlet_count":0,"master_deck":["TheCursedMod:Strike_TheCursed","TheCursedMod:Strike_TheCursed","TheCursedMod:Strike_TheCursed","TheCursedMod:Strike_TheCursed","TheCursedMod:Defend_TheCursed","TheCursedMod:Defend_TheCursed","TheCursedMod:Defend_TheCursed","TheCursedMod:Defend_TheCursed","TheCursedMod:CursedWand","TheCursedMod:CleanUpWorkshop","TheCursedMod:Dregs","TheCursedMod:RapidMovement+1","TheCursedMod:SoulCrush","TheCursedMod:CircleOfFlame","TheCursedMod:CircleOfCorruption+1","TheCursedMod:ReleasedStrength+1","TheCursedMod:Grudge","TheCursedMod:SpitefulStrike","TheCursedMod:CircleOfCorruption","TheCursedMod:CursedMace","TheCursedMod:AbyssShockwave","TheCursedMod:ManaCirculation","TheCursedMod:SpitefulPray","TheCursedMod:CursedBlade","TheCursedMod:CursedBlade","TheCursedMod:CursedArmor","TheCursedMod:CursedMace","TheCursedMod:EmpowerCircles","TheCursedMod:SpitefulPlan"],"relics":["TheCursedMod:BlackMagic101","LagranYue:RandomDrawCardRelic","NeowsBlessing","LagranYue:MagicReflectiveArmorRelic","Bag of Marbles","Regal Pillow","TheCursedMod:OminousMark","infinitespire:Eraser"],"acts_visited":["Exordium","TheCity"],"potions_floor_usage":[7,16,16],"damage_taken":[{"damage":0,"enemies":"2 Louse","floor":1,"turns":1},{"damage":0,"enemies":"Cultist","floor":2,"turns":1},{"damage":0,"enemies":"Small Slimes","floor":4,"turns":1},{"damage":0,"enemies":"2 Fungi Beasts","floor":5,"turns":5},{"damage":9,"enemies":"Gremlin Nob","floor":7,"turns":4},{"damage":2,"enemies":"Blue Slaver","floor":8,"turns":5},{"damage":13,"enemies":"Large Slime","floor":11,"turns":6},{"damage":8,"enemies":"Red Slaver","floor":12,"turns":2},{"damage":2,"enemies":"Blue Slaver","floor":13,"turns":2},{"damage":21,"enemies":"conspire:MimicChest","floor":14,"turns":7},{"damage":55,"enemies":"Hexaghost","floor":16,"turns":10},{"damage":10,"enemies":"2 Thieves","floor":18,"turns":4},{"damage":46,"enemies":"Shell Parasite","floor":21,"turns":9},{"damage":21,"enemies":"Centurion and Healer","floor":22,"turns":2}],"seed_played":"-4381041937668181411","potions_obtained":[{"floor":4,"key":"conspire:TimeTravelPotion"},{"floor":5,"key":"Block Potion"},{"floor":8,"key":"Venom Potion"},{"floor":11,"key":"Fire Potion"}],"is_trial":false,"path_per_floor":["M","M","?","M","M","R","E","M","T","R","M","M","M","?","R","B",null,"M","$","?","M","M"],"character_chosen":"THE_CURSED","items_purchased":["TheCursedMod:CursedBlade","TheCursedMod:CursedArmor","TheCursedMod:CursedMace","infinitespire:Eraser"],"campfire_rested":1,"item_purchase_floors":[19,19,19,19],"current_hp_per_floor":[75,75,75,75,75,75,66,64,64,64,51,43,41,20,57,24,75,65,65,65,19,0,0],"gold":30,"neow_bonus":"THREE_ENEMY_KILL","is_daily":false,"chose_seed":false,"campfire_upgraded":2,"win_rate":0.0,"timestamp":1607959088,"path_taken":["M","M","?","M","M","R","E","M","T","R","M","M","?","?","R","BOSS","M","$","?","M","M"],"items_purchased_type":["Card","Card","Card","Relic"],"build_version":"2020-12-13","purchased_purges":0,"victory":false,"max_hp_per_floor":[75,75,75,75,75,75,75,75,75,75,75,75,75,75,75,75,75,75,75,75,75,75,75],"card_choices":[{"not_picked":["TheCursedMod:CursedShiv","TheCursedMod:SurpriseAttack"],"picked":"TheCursedMod:RapidMovement","floor":1},{"not_picked":["TheCursedMod:Torture","TheCursedMod:FuryStrike"],"picked":"TheCursedMod:SoulCrush","floor":2},{"not_picked":["TheCursedMod:FleshFromBone","TheCursedMod:CircleOfAmplification"],"picked":"TheCursedMod:CircleOfFlame","floor":4},{"not_picked":["TheCursedMod:FuryStrike","TheCursedMod:SpreadPlague"],"picked":"TheCursedMod:CircleOfCorruption","floor":5},{"not_picked":["TheCursedMod:CursedBoomerang","TheCursedMod:CursedShiv"],"picked":"TheCursedMod:ReleasedStrength","floor":7},{"not_picked":["TheCursedMod:FleshFromBone","TheCursedMod:Obscuration"],"picked":"TheCursedMod:Grudge","floor":8},{"not_picked":["TheCursedMod:AshesToAshes","TheCursedMod:ReleasedKnowledge"],"picked":"TheCursedMod:SpitefulStrike","floor":11},{"not_picked":["TheCursedMod:Mangle","TheCursedMod:CircleOfFocus"],"picked":"TheCursedMod:CircleOfCorruption","floor":12},{"not_picked":["TheCursedMod:Wield","TheCursedMod:SmokeScreen"],"picked":"TheCursedMod:CursedMace","floor":13},{"not_picked":["TheCursedMod:SurpriseAttack","TheCursedMod:SmokeScreen"],"picked":"TheCursedMod:AbyssShockwave","floor":14},{"not_picked":["TheCursedMod:DarkBarrier","TheCursedMod:StunningStrike"],"picked":"TheCursedMod:ManaCirculation","floor":16},{"not_picked":["TheCursedMod:LuckyCharm","TheCursedMod:CircleOfCorruption"],"picked":"TheCursedMod:SpitefulPray","floor":18},{"not_picked":["TheCursedMod:VitalStrike+1","TheCursedMod:RavingStaff"],"picked":"TheCursedMod:SpitefulPlan","floor":21}],"player_experience":53993,"relics_obtained":[{"floor":7,"key":"LagranYue:MagicReflectiveArmorRelic"},{"floor":9,"key":"Bag of Marbles"},{"floor":14,"key":"Regal Pillow"}],"event_choices":[{"damage_healed":0,"gold_gain":0,"player_choice":"Upgraded","damage_taken":0,"max_hp_gain":0,"max_hp_loss":0,"event_name":"Upgrade Shrine","floor":3,"gold_loss":0,"cards_upgraded":["TheCursedMod:RapidMovement"]},{"damage_healed":0,"gold_gain":0,"player_choice":"Read","damage_taken":0,"max_hp_gain":0,"max_hp_loss":0,"event_name":"The Library","floor":20,"gold_loss":0,"cards_obtained":["TheCursedMod:EmpowerCircles"]}],"is_beta":false,"boss_relics":[{"not_picked":["Philosopher\u0027s Stone","TheCursedMod:FourLeafCloverCharm"],"picked":"TheCursedMod:OminousMark"}],"items_purged_floors":[],"is_endless":false,"potions_floor_spawned":[4,5,8,11,13,14],"killed_by":"Centurion and Healer","ascension_level":0}}