{"host":"yb1yv0i4ygq2c9jc","time":1607936369,"event":{"mods":["AchievementEnabler","BaseMod","Bestiary","Better Third Choice","Colored Powertips","Displayed Cursed Tome","Downfall","Mimic Mod","Minty Spire (QoL Compilation)","Rare Cards Sparkle","Relic Stats","StSLib","The Servant 0.9.4"],"gold_per_floor":[99,199,256,256,273,198,198,235,247,298,410,423,466,505,545,671,683,695,470,498,498,1,34,34,34,34,75,75,75],"floor_reached":28,"playtime":2266,"items_purged":["hexamod:Strike","Pain"],"score":242,"play_id":"25cc5fc8-27e8-496e-8c91-a9ae8443f9e0","local_time":"20201214005929","is_ascension_mode":false,"campfire_choices":[{"data":"hexamod:Sear","floor":1.0,"key":"SMITH"},{"floor":4.0,"key":"RECALL"},{"data":"hexamod:EmpoweredFlame","floor":6.0,"key":"SMITH"},{"floor":9.0,"key":"REST"},{"data":"hexamod:CatchUp","floor":18.0,"key":"SMITH"},{"floor":26.0,"key":"REST"}],"circlet_count":0,"master_deck":["hexamod:Defend","hexamod:Defend+1","hexamod:Defend","hexamod:Defend","hexamod:Sear+1","hexamod:Float","hexamod:ThirdSeal","hexamod:SecondSeal","hexamod:EmpoweredFlame+1","hexamod:FourthSeal","hexamod:SoulSteal+1","hexamod:Firestarter","hexamod:GhostShield","hexamod:SecondSeal","hexamod:FlamesFromBeyond+1","hexamod:EmpoweredFlame","hexamod:InspiringFlames","hexamod:CatchUp+1","hexamod:AdvancingGuard+1","hexamod:HeatShield","hexamod:FifthSeal","hexamod:SixthSeal","hexamod:RecurringNightmare","hexamod:HeatMetal+1","hexamod:RadiantFlame","hexamod:FastForward","Panacea","hexamod:FifthSeal","hexamod:FirstSeal","hexamod:FastForward+1"],"relics":["hexamod:SpiritBrand","Thread and Needle","Regal Pillow","downfall:HeartBlessingRed","Happy Flower","MawBank","Art of War","Runic Pyramid","Gremlin Horn","OrangePellets","Bag of Preparation","Eternal Feather"],"acts_visited":["Exordium","TheCity"],"potions_floor_usage":[],"damage_taken":[{"damage":0.0,"enemies":"3 Sentries","floor":3.0,"turns":13.0},{"damage":0.0,"enemies":"Jaw Worm","floor":5.0,"turns":3.0},{"damage":14.0,"enemies":"3 Sentries","floor":8.0,"turns":12.0},{"damage":20.0,"enemies":"Lagavulin","floor":10.0,"turns":8.0},{"damage":21.0,"enemies":"downfall:Heads","floor":11.0,"turns":6.0},{"damage":1.0,"enemies":"downfall:FleeingMerchant","floor":12.0,"turns":4.0},{"damage":1.0,"enemies":"Small Slimes","floor":13.0,"turns":4.0},{"damage":3.0,"enemies":"Cultist","floor":14.0,"turns":5.0},{"damage":3.0,"enemies":"Blue Slaver","floor":15.0,"turns":4.0},{"damage":6.0,"enemies":"downfall:Ironclad","floor":16.0,"turns":7.0},{"damage":0.0,"enemies":"downfall:FleeingMerchant","floor":19.0,"turns":4.0},{"damage":33.0,"enemies":"Chosen","floor":20.0,"turns":9.0},{"damage":13.0,"enemies":"downfall:FleeingMerchant","floor":22.0,"turns":4.0},{"damage":6.0,"enemies":"3 Byrds","floor":23.0,"turns":5.0},{"damage":19.0,"enemies":"Book of Stabbing","floor":27.0,"turns":8.0},{"damage":8,"enemies":"Centurion and Healer","floor":28,"turns":2}],"seed_played":"8698942350819076070","potions_obtained":[{"floor":3.0,"key":"champ:CounterPotion"},{"floor":5.0,"key":"SpeedPotion"},{"floor":11.0,"key":"DistilledChaos"},{"floor":12.0,"key":"FairyPotion"},{"floor":13.0,"key":"sneckomod:MuddlingPotion"},{"floor":15.0,"key":"BlessingOfTheForge"},{"floor":16.0,"key":"DistilledChaos"},{"floor":19.0,"key":"Strength Potion"},{"floor":22.0,"key":"SneckoOil"},{"floor":27.0,"key":"SpeedPotion"}],"is_trial":false,"path_per_floor":["R","?","?","R","M","R","T","E","R","E","?","$","M","M","M","B",null,"R","$","M","?","$","M","T","?","R","E","M"],"character_chosen":"THE_SPIRIT","items_purchased":["hexamod:HeatMetal","hexamod:RadiantFlame","hexamod:FastForward","OrangePellets","Bag of Preparation","Panacea"],"campfire_rested":2,"item_purchase_floors":[19,19,19,22,22,22],"current_hp_per_floor":[49,49,49,49,49,49,49,35,70,50,29,28,27,24,21,15,70,70,70,37,37,24,18,18,18,54,35,27,27],"gold":75,"neow_bonus":"ONE_RARE_RELIC","is_daily":false,"chose_seed":false,"campfire_upgraded":3,"win_rate":0.0,"timestamp":1607936369,"path_taken":["R","?","?","R","M","R","T","E","R","E","?","$","M","M","M","BOSS","R","$","M","?","?","M","T","?","R","E","M"],"items_purchased_type":["Card","Card","Card","Relic","Relic","Card"],"build_version":"2020-12-13","purchased_purges":2,"victory":false,"max_hp_per_floor":[70,70,70,70,70,70,70,70,70,70,70,70,70,70,70,70,70,70,70,70,70,70,70,70,70,70,70,70,70],"relic_stats":{"OrangePellets":[0],"Regal Pillow":29,"Happy Flower":[27],"Gremlin Horn":[2,2],"counters":[16,97],"Eternal Feather":0,"Art of War":[28],"Bag of Preparation":[6],"MawBank":132,"obtain_stats":[{"OrangePellets":22,"Regal Pillow":3,"downfall:HeartBlessingRed":6,"Happy Flower":7,"Gremlin Horn":21,"Thread and Needle":0,"Eternal Feather":27,"Art of War":10,"Bag of Preparation":22,"MawBank":8,"hexamod:SpiritBrand":0,"Runic Pyramid":17},{"OrangePellets":13,"Regal Pillow":1,"downfall:HeartBlessingRed":2,"Happy Flower":2,"Gremlin Horn":12,"Thread and Needle":0,"Eternal Feather":15,"Art of War":4,"Bag of Preparation":13,"MawBank":3,"hexamod:SpiritBrand":0,"Runic Pyramid":10},{"OrangePellets":83,"Regal Pillow":13,"downfall:HeartBlessingRed":16,"Happy Flower":16,"Gremlin Horn":79,"Thread and Needle":0,"Eternal Feather":96,"Art of War":36,"Bag of Preparation":83,"MawBank":28,"hexamod:SpiritBrand":0,"Runic Pyramid":66}]},"card_choices":[{"not_picked":["hexamod:BurningTouch","hexamod:FirstSeal"],"picked":"hexamod:ThirdSeal","floor":3.0},{"not_picked":["hexamod:SwordOfDarkness","hexamod:RainOfEmbers"],"picked":"hexamod:SecondSeal","floor":5.0},{"not_picked":["hexamod:GhostLash","hexamod:HeatMetal"],"picked":"hexamod:EmpoweredFlame","floor":5.0},{"not_picked":["hexamod:UnleashSpirits","hexamod:ThirdSeal"],"picked":"hexamod:FourthSeal","floor":8.0},{"not_picked":["hexamod:BacktrackSmack","hexamod:Hexaguard"],"picked":"hexamod:SoulSteal","floor":10.0},{"not_picked":["hexamod:NightmareStrike","hexamod:NecessarySacrifice"],"picked":"hexamod:GhostShield","floor":11.0},{"not_picked":["hexamod:BurningTouch","hexamod:RainOfEmbers"],"picked":"hexamod:SecondSeal","floor":11.0},{"not_picked":["hexamod:Incineration","hexamod:GhostShield"],"picked":"hexamod:FlamesFromBeyond","floor":12.0},{"not_picked":["hexamod:PowerFromBeyond","hexamod:SwordOfDarkness"],"picked":"hexamod:EmpoweredFlame","floor":12.0},{"not_picked":["hexamod:SpectersWail","hexamod:NightmareStrike"],"picked":"hexamod:InspiringFlames","floor":13.0},{"not_picked":["hexamod:RainOfEmbers","hexamod:SpectersWail","hexamod:Haunt"],"picked":"SKIP","floor":13.0},{"not_picked":["hexamod:Firestarter","hexamod:BurningTouch"],"picked":"hexamod:CatchUp","floor":14.0},{"not_picked":["hexamod:InspiringFlames","hexamod:GhostShield"],"picked":"hexamod:AdvancingGuard","floor":14.0},{"not_picked":["hexamod:NightmareGuise","hexamod:BurningTouch"],"picked":"hexamod:HeatShield","floor":15.0},{"not_picked":["hexamod:NightmareStrike","hexamod:HauntingEcho","hexamod:GhostLash"],"picked":"SKIP","floor":15.0},{"not_picked":["hexamod:TurnItUp","hexamod:TimeOfNeed"],"picked":"hexamod:FifthSeal","floor":16.0},{"not_picked":["hexamod:SecondSeal","hexamod:ThirdSeal"],"picked":"hexamod:SixthSeal","floor":19.0},{"not_picked":["hexamod:DynamicBlow","hexamod:CrushingStance"],"picked":"hexamod:RecurringNightmare","floor":19.0},{"not_picked":["hexamod:Firestarter","hexamod:ShieldOfDarkness","hexamod:NightmareStrike"],"picked":"SKIP","floor":19.0},{"not_picked":["hexamod:SecondSeal","hexamod:FifthSeal","hexamod:FourthSeal"],"picked":"SKIP","floor":20.0},{"not_picked":["hexamod:Firestarter","hexamod:GhostflameBarrier","hexamod:GhostLash"],"picked":"SKIP","floor":20.0},{"not_picked":["hexamod:BacktrackSmack","hexamod:NightmareGuise","hexamod:FastForward"],"picked":"SKIP","floor":20.0},{"not_picked":["hexamod:Firestarter","hexamod:GhostOfSpirePresent","hexamod:GhostLash+1"],"picked":"SKIP","floor":22.0},{"not_picked":["hexamod:SecondSeal","hexamod:EtherealExpedition"],"picked":"hexamod:FifthSeal","floor":23.0},{"not_picked":["hexamod:ShieldOfDarkness","hexamod:ThirdSeal","hexamod:NecessarySacrifice+1"],"picked":"SKIP","floor":23.0},{"not_picked":["hexamod:FourthSeal","hexamod:ThirdSeal"],"picked":"hexamod:FirstSeal","floor":27.0},{"not_picked":["hexamod:ParanormalForm","hexamod:Again"],"picked":"hexamod:FastForward+1","floor":27.0},{"not_picked":["hexamod:GhostOfSpirePresent","hexamod:GhostLash","hexamod:AdvancingGuard"],"picked":"SKIP","floor":27.0}],"player_experience":357219,"relics_obtained":[{"floor":3.0,"key":"Regal Pillow"},{"floor":7.0,"key":"Happy Flower"},{"floor":8.0,"key":"MawBank"},{"floor":10.0,"key":"Art of War"},{"floor":27.0,"key":"Eternal Feather"}],"event_choices":[],"is_beta":false,"boss_relics":[{"not_picked":["Calling Bell","Philosopher\u0027s Stone"],"picked":"Runic Pyramid"}],"items_purged_floors":[19,22],"is_endless":false,"potions_floor_spawned":[3,5,15,16],"killed_by":"Centurion and Healer","ascension_level":0}}