{"host":"ks12kfi5c4d9hdxy","time":1607966242,"event":{"mods":["BaseMod","Conspire","GifTheSpireLib","HololiveMod","Koishi","LagranYue(拉格朗・月)","Marisa（F雨　魔理沙）","Minty Spire (QoL Compilation)","Reimu（博丽灵梦）","Remilia（蕾米莉亚）","Replay The Spire","RumiaBox-露米娅的神秘盒子","StSLib","SuperFastMode","The Administrix","The Servant 0.9.4","Youmu（魂魄妖梦）","Yuyuko","【功能Mod】混沌之环修复补丁","【功能Mod】聪明的最终Boss","篝火指南"],"gold_per_floor":[109,109,109,6,6,38,38,70,370,398,413,413,413,441,37,50,50,50,50],"floor_reached":18,"playtime":349,"items_purged":["Defend_MRS"],"score":344,"play_id":"ae231481-b1c4-4475-80d6-915d5eeb71f1","local_time":"20201215011722","is_ascension_mode":true,"campfire_choices":[{"data":"MilkyWay","floor":7,"key":"SMITH"},{"data":"MachineGunSpark","floor":17,"key":"SMITH"}],"circlet_count":0,"master_deck":["AscendersBane","Strike_MRS","Strike_MRS","Strike_MRS","Strike_MRS","Defend_MRS","Defend_MRS","Defend_MRS","MasterSpark","UpSweep","MilkyWay+1","PowerUp","SprinkleStarSeal","ManaConvection","Parasite","Parasite","MachineGunSpark+1"],"relics":["MiniHakkero","LagranYue:RandomDrawCardRelic","NeowsBlessing","Meat on the Bone","Happy Flower","Pantograph","Old Coin","Frozen Egg 2","Anchor","ShroomBag","Sling"],"acts_visited":["Exordium"],"potions_floor_usage":[10,14],"damage_taken":[{"damage":0,"enemies":"2 Louse","floor":1,"turns":1},{"damage":0,"enemies":"Gremlin Nob","floor":6,"turns":1},{"damage":0,"enemies":"3 Sentries","floor":8,"turns":1},{"damage":7,"enemies":"Gremlin Nob","floor":10,"turns":4},{"damage":4,"enemies":"Small Slimes","floor":11,"turns":3},{"damage":10,"enemies":"Lagavulin","floor":14,"turns":6},{"damage":0,"enemies":"Jaw Worm","floor":16,"turns":3},{"damage":82,"enemies":"Fading Forest","floor":18,"turns":10}],"seed_played":"4470194339079937666","potions_obtained":[{"floor":8,"key":"BlessingOfTheForge"},{"floor":10,"key":"SmokeBomb"},{"floor":11,"key":"DistilledChaos"}],"is_trial":false,"path_per_floor":["M","?","?","$","?","E","R","E","T","E","M","PTL","PTL","E","$","M","R","B"],"character_chosen":"MARISA","items_purchased":["PowerUp","ShroomBag","Sling","MachineGunSpark"],"campfire_rested":0,"item_purchase_floors":[4,15,15,15],"current_hp_per_floor":[63,58,70,70,66,66,66,66,66,59,55,55,55,45,45,49,49,0,0],"gold":50,"neow_bonus":"THREE_ENEMY_KILL","is_daily":false,"chose_seed":false,"campfire_upgraded":2,"win_rate":0.0,"timestamp":1607966242,"path_taken":["M","?","?","?","?","E","R","E","T","E","M","PTL","PTL","E","?","M","R","BOSS"],"items_purchased_type":["Card","Relic","Relic","Card"],"build_version":"2020-12-13","purchased_purges":1,"victory":false,"max_hp_per_floor":[70,70,70,70,70,70,70,70,70,70,70,70,70,70,70,70,70,70,70],"card_choices":[{"not_picked":["AsteroidBelt","GrandCross"],"picked":"MilkyWay","floor":1},{"not_picked":["AlicesGift","MagicAbsorber","MagicChant"],"picked":"SKIP","floor":6},{"not_picked":["AsteroidBelt","ShootingEcho","NonDirectionalLaser"],"picked":"SKIP","floor":8},{"not_picked":["WitchLeyline","StarBarrage"],"picked":"SprinkleStarSeal","floor":10},{"not_picked":["SprinkleStarSeal","DoubleSpark","GalacticHalo"],"picked":"SKIP","floor":11},{"not_picked":["LuminesStrike","DC"],"picked":"ManaConvection","floor":14},{"not_picked":["OneTimeOff","ShootingEcho","WitchLeyline"],"picked":"SKIP","floor":16}],"player_experience":481719,"relics_obtained":[{"floor":6,"key":"Happy Flower"},{"floor":8,"key":"Pantograph"},{"floor":9,"key":"Old Coin"},{"floor":10,"key":"Frozen Egg 2"},{"floor":14,"key":"Anchor"}],"event_choices":[{"damage_healed":0,"gold_gain":0,"player_choice":"Success","damage_taken":5,"relics_obtained":["Meat on the Bone"],"max_hp_gain":0,"max_hp_loss":0,"event_name":"Scrap Ooze","floor":2,"gold_loss":0},{"damage_healed":23,"gold_gain":0,"player_choice":"Banana","damage_taken":0,"max_hp_gain":0,"max_hp_loss":0,"event_name":"Big Fish","floor":3,"gold_loss":0},{"damage_healed":0,"gold_gain":0,"player_choice":"Leave","damage_taken":0,"max_hp_gain":0,"max_hp_loss":0,"event_name":"conspire:Investor","floor":5,"gold_loss":0}],"is_beta":false,"boss_relics":[],"items_purged_floors":[4],"is_endless":false,"potions_floor_spawned":[8,10,11],"killed_by":"Fading Forest","ascension_level":17}}