{"host":"kh6fvhxn285ncg0o","time":1607911723,"event":{"mods":["Act Like it!","BaseMod","Colored Map","Friendly Minions","Keyboard Shortcuts","Minty Spire (QoL Compilation)","Quick Restart","Relic Stats","StSLib","SuperFastMode"],"gold_per_floor":[113,113,113,38,52,77,77,102,102,115,141,41,41,51,51,129,129,140,190,190,25,38,70,70,86,112,112,143,143,174,194,194,269,269,288,288,288,299,127,127,153,153,180,215,234,248,278,288,288,288,288,288,288,6,35,35],"floor_reached":57,"playtime":1813,"items_purged":["Strike_R","Strike_R","Pain"],"score":3082,"play_id":"1a6a892e-5a30-4cd9-a0e1-4d437efe04a6","local_time":"20201214110843","is_ascension_mode":true,"campfire_choices":[{"data":"Bash","floor":7.0,"key":"SMITH"},{"floor":13,"key":"REST"},{"data":"Disarm","floor":15,"key":"SMITH"},{"data":"Battle Trance","floor":27,"key":"SMITH"},{"data":"Feel No Pain","floor":32,"key":"SMITH"},{"data":"Feel No Pain","floor":40,"key":"SMITH"},{"floor":42,"key":"RECALL"},{"data":"True Grit","floor":49,"key":"SMITH"},{"data":"Burning Pact","floor":53,"key":"SMITH"}],"circlet_count":0,"master_deck":["AscendersBane","Defend_R","Defend_R","Defend_R","Defend_R","Bash+1","Immolate+1","Battle Trance+1","Burning Pact+1","Feel No Pain+1","Disarm+1","Flame Barrier","Exhume","Flex+1","Fiend Fire","Shockwave+1","Power Through","Shrug It Off","Feel No Pain+1","Disarm+1","True Grit+1","Body Slam+1","Armaments+1","Exhume"],"relics":["Burning Blood","Gremlin Horn","Centennial Puzzle","Letter Opener","Red Skull","Coffee Dripper","Enchiridion","Akabeko","StoneCalendar","Pen Nib","Juzu Bracelet","Dead Branch","Regal Pillow","Cursed Key","ClockworkSouvenir","Dream Catcher","Happy Flower","Vajra","Anchor","Strawberry"],"acts_visited":["Exordium","TheCity","TheBeyond","TheEnding"],"potions_floor_usage":[11,16,45,55,56,56],"damage_taken":[{"damage":7.0,"enemies":"Jaw Worm","floor":1.0,"turns":2.0},{"damage":3.0,"enemies":"Small Slimes","floor":5.0,"turns":2.0},{"damage":34.0,"enemies":"Gremlin Nob","floor":6.0,"turns":4.0},{"damage":12.0,"enemies":"3 Sentries","floor":8.0,"turns":4.0},{"damage":0.0,"enemies":"Cultist","floor":10.0,"turns":2.0},{"damage":36,"enemies":"Gremlin Nob","floor":11,"turns":4},{"damage":0,"enemies":"Looter","floor":14,"turns":4},{"damage":27,"enemies":"The Guardian","floor":16,"turns":15},{"damage":0,"enemies":"3 Byrds","floor":18,"turns":3},{"damage":7,"enemies":"2 Thieves","floor":22,"turns":2},{"damage":17,"enemies":"Slavers","floor":23,"turns":3},{"damage":0,"enemies":"Snecko","floor":25,"turns":3},{"damage":0,"enemies":"Book of Stabbing","floor":28,"turns":4},{"damage":12,"enemies":"Slavers","floor":30,"turns":2},{"damage":0,"enemies":"Shelled Parasite and Fungi","floor":31,"turns":1},{"damage":0,"enemies":"Collector","floor":33,"turns":3},{"damage":0,"enemies":"Orb Walker","floor":35,"turns":1},{"damage":0,"enemies":"3 Darklings","floor":38,"turns":3},{"damage":6,"enemies":"Reptomancer","floor":41,"turns":2},{"damage":7,"enemies":"Giant Head","floor":44,"turns":3},{"damage":14,"enemies":"Jaw Worm Horde","floor":45,"turns":3},{"damage":4,"enemies":"Sphere and 2 Shapes","floor":46,"turns":3},{"damage":3,"enemies":"Reptomancer","floor":47,"turns":4},{"damage":2,"enemies":"4 Shapes","floor":48,"turns":3},{"damage":19,"enemies":"Awakened One","floor":50,"turns":10},{"damage":20,"enemies":"Time Eater","floor":51,"turns":12},{"damage":39,"enemies":"Shield and Spear","floor":55,"turns":3},{"damage":24,"enemies":"The Heart","floor":56,"turns":8}],"seed_played":"972623811208370487","potions_obtained":[{"floor":5.0,"key":"SkillPotion"},{"floor":6.0,"key":"Dexterity Potion"},{"floor":11,"key":"SpeedPotion"},{"floor":16,"key":"Energy Potion"},{"floor":18,"key":"SteroidPotion"},{"floor":38,"key":"LiquidMemories"},{"floor":45,"key":"Regen Potion"},{"floor":55,"key":"Weak Potion"}],"is_trial":false,"path_per_floor":["M","?","?","$","M","E","R","E","T","M","E","$","R","M","R","B",null,"M","?","?","$","M","E","?","M","T","R","E","T","E","M","R","B",null,"M","?","?","M","$","R","E","R","T","E","M","M","E","M","R","B","B",null,"R","$","E","B",null],"character_chosen":"IRONCLAD","items_purchased":["Akabeko","ClockworkSouvenir","Anchor"],"campfire_rested":1,"item_purchase_floors":[21,39,54],"current_hp_per_floor":[67,67,67,67,68,40,40,34,34,40,10,10,30,36,36,15,55,61,61,40,40,39,28,9,15,15,15,21,21,15,21,21,27,62,68,68,68,73,73,73,73,73,73,72,64,66,69,73,73,60,46,66,66,66,45,27],"gold":35,"neow_bonus":"THREE_RARE_CARDS","is_daily":false,"chose_seed":false,"campfire_upgraded":7,"win_rate":0.0,"timestamp":1607911723,"path_taken":["M","?","?","$","?","E","R","E","T","M","E","$","R","M","R","BOSS","M","?","?","?","?","E","?","M","T","R","E","?","E","M","R","BOSS","M","?","?","M","?","R","E","R","T","E","M","M","E","M","R","BOSS","BOSS","R","$","E","BOSS"],"items_purchased_type":["Relic","Relic","Relic"],"build_version":"2020-12-13","purchased_purges":3,"victory":true,"max_hp_per_floor":[68,68,68,68,68,68,68,68,68,68,68,68,68,68,68,68,68,68,68,68,68,68,68,73,73,73,73,73,73,73,73,73,73,73,73,73,73,73,73,73,73,73,73,73,73,73,73,73,73,73,73,73,73,73,80,80],"relic_stats":{"Regal Pillow":0,"Gremlin Horn":[27,32],"Happy Flower":[15],"counters":[28,113],"Dead Branch":[272],"StoneCalendar":[77],"Pen Nib":[9],"Juzu Bracelet":1,"Letter Opener":[335],"Cursed Key":1,"Burning Blood":165,"Centennial Puzzle":[45],"Dream Catcher":0,"obtain_stats":[{"Regal Pillow":30,"Gremlin Horn":6,"Happy Flower":44,"Dead Branch":29,"Enchiridion":20,"Vajra":47,"StoneCalendar":23,"Pen Nib":26,"Juzu Bracelet":28,"Letter Opener":9,"Cursed Key":34,"Burning Blood":0,"Akabeko":21,"ClockworkSouvenir":39,"Centennial Puzzle":8,"Dream Catcher":41,"Anchor":54,"Strawberry":55,"Coffee Dripper":17,"Red Skull":11},{"Regal Pillow":14,"Gremlin Horn":3,"Happy Flower":20,"Dead Branch":13,"Enchiridion":9,"Vajra":23,"StoneCalendar":11,"Pen Nib":12,"Juzu Bracelet":13,"Letter Opener":4,"Cursed Key":16,"Burning Blood":0,"Akabeko":9,"ClockworkSouvenir":18,"Centennial Puzzle":4,"Dream Catcher":19,"Anchor":26,"Strawberry":27,"Coffee Dripper":8,"Red Skull":6},{"Regal Pillow":54,"Gremlin Horn":8,"Happy Flower":67,"Dead Branch":52,"Enchiridion":40,"Vajra":77,"StoneCalendar":45,"Pen Nib":48,"Juzu Bracelet":52,"Letter Opener":12,"Cursed Key":58,"Burning Blood":0,"Akabeko":40,"ClockworkSouvenir":62,"Centennial Puzzle":12,"Dream Catcher":64,"Anchor":102,"Strawberry":105,"Coffee Dripper":37,"Red Skull":18}]},"card_choices":[{"not_picked":["Fiend Fire","Demon Form"],"picked":"Immolate","floor":0.0},{"not_picked":["Sword Boomerang","Heavy Blade","Whirlwind"],"picked":"SKIP","floor":5.0},{"not_picked":["Wild Strike","Iron Wave"],"picked":"Battle Trance","floor":6.0},{"not_picked":["Twin Strike","Sever Soul"],"picked":"Burning Pact","floor":8.0},{"not_picked":["Flex","Ghostly Armor"],"picked":"Feel No Pain","floor":10.0},{"not_picked":["Perfected Strike","Bloodletting"],"picked":"Disarm","floor":11},{"not_picked":["Dropkick","Headbutt"],"picked":"Flame Barrier","floor":14},{"not_picked":["Demon Form","Limit Break"],"picked":"Exhume","floor":16},{"not_picked":["Flex","Intimidate","Body Slam"],"picked":"SKIP","floor":18},{"not_picked":["Pommel Strike","Wild Strike","Rupture"],"picked":"SKIP","floor":22},{"not_picked":["Pommel Strike","Sword Boomerang"],"picked":"Flex+1","floor":23},{"not_picked":["Headbutt+1","Pummel"],"picked":"Fiend Fire","floor":25},{"not_picked":["Intimidate","Bloodletting"],"picked":"Shockwave+1","floor":28},{"not_picked":["Twin Strike","Double Tap"],"picked":"Power Through","floor":30},{"not_picked":["Body Slam","Twin Strike"],"picked":"Shrug It Off","floor":31},{"not_picked":["Flex","Disarm"],"picked":"Feel No Pain","floor":35},{"not_picked":["Seeing Red","Anger"],"picked":"Disarm+1","floor":38},{"not_picked":["Clothesline","Flex","True Grit"],"picked":"SKIP","floor":41},{"not_picked":["Cleave","Clash"],"picked":"True Grit","floor":44},{"not_picked":["Anger","Searing Blow"],"picked":"Body Slam+1","floor":45},{"not_picked":["Perfected Strike","Sword Boomerang","Limit Break"],"picked":"SKIP","floor":46},{"not_picked":["Clothesline+1","Pommel Strike+1"],"picked":"Armaments+1","floor":47},{"not_picked":["Flex","Cleave+1","Sword Boomerang"],"picked":"SKIP","floor":48},{"not_picked":["Disarm","Entrench"],"picked":"Exhume","floor":55}],"player_experience":3156441,"relics_obtained":[{"floor":6.0,"key":"Gremlin Horn"},{"floor":8.0,"key":"Centennial Puzzle"},{"floor":9.0,"key":"Letter Opener"},{"floor":11,"key":"Red Skull"},{"floor":20,"key":"Enchiridion"},{"floor":23,"key":"StoneCalendar"},{"floor":26,"key":"Pen Nib"},{"floor":28,"key":"Juzu Bracelet"},{"floor":29,"key":"Dead Branch"},{"floor":30,"key":"Regal Pillow"},{"floor":41,"key":"Dream Catcher"},{"floor":44,"key":"Happy Flower"},{"floor":47,"key":"Vajra"},{"floor":55,"key":"Strawberry"}],"event_choices":[{"damage_healed":0.0,"max_hp_gain":0.0,"max_hp_loss":0.0,"gold_gain":0.0,"event_name":"Living Wall","player_choice":"Grow","floor":2.0,"gold_loss":0.0,"damage_taken":0.0,"cards_upgraded":["Immolate"]},{"cards_removed":["Strike_R"],"damage_healed":0.0,"max_hp_gain":0.0,"max_hp_loss":0.0,"gold_gain":0.0,"event_name":"Purifier","player_choice":"Purged","floor":3.0,"gold_loss":0.0,"damage_taken":0.0},{"damage_healed":0,"gold_gain":50,"player_choice":"Stole From Cult","damage_taken":0,"max_hp_gain":0,"max_hp_loss":0,"event_name":"Nest","floor":19,"gold_loss":0},{"damage_healed":0,"gold_gain":0,"player_choice":"Obtained Book","damage_taken":21,"max_hp_gain":0,"max_hp_loss":0,"event_name":"Cursed Tome","floor":20,"gold_loss":0},{"damage_healed":0,"gold_gain":0,"player_choice":"Shed Blood","damage_taken":24,"max_hp_gain":5,"max_hp_loss":0,"event_name":"Forgotten Altar","floor":24,"gold_loss":0},{"cards_removed":["Strike_R"],"damage_healed":0,"gold_gain":0,"player_choice":"Card Removal","damage_taken":0,"max_hp_gain":0,"max_hp_loss":0,"event_name":"Wheel of Change","floor":36,"gold_loss":0},{"cards_removed":["Strike_R"],"damage_healed":0,"gold_gain":0,"player_choice":"Offered Basic","damage_taken":0,"max_hp_gain":0,"max_hp_loss":0,"event_name":"Bonfire Elementals","floor":37,"gold_loss":0}],"is_beta":false,"boss_relics":[{"not_picked":["Philosopher\u0027s Stone","Snecko Eye"],"picked":"Coffee Dripper"},{"not_picked":["Pandora\u0027s Box","Calling Bell"],"picked":"Cursed Key"}],"items_purged_floors":[4,12,54],"is_endless":false,"potions_floor_spawned":[5,6,11,16,18,22,23,31,33,38,45,48,55],"ascension_level":20}}