{"host":"zekcc3vicrep0och","time":1607942348,"event":{"mods":["AchievementEnabler","BaseMod","Colored Map","Colored Powertips","Displayed Cursed Tome","Minty Spire (QoL Compilation)","Relic Stats","StSLib"],"gold_per_floor":[115,134,153,170,188,188,214,214,214,240,240,273,348,383,383,383,383],"floor_reached":16,"playtime":690,"items_purged":[],"score":228,"play_id":"c4f4c2d2-d855-401e-8f29-9e9f68d0e2ed","local_time":"20201214133908","is_ascension_mode":true,"campfire_choices":[{"data":"Bash","floor":6.0,"key":"SMITH"},{"data":"Twin Strike","floor":8.0,"key":"SMITH"},{"data":"Iron Wave","floor":15,"key":"SMITH"}],"circlet_count":0,"master_deck":["AscendersBane","Strike_R","Strike_R","Strike_R","Strike_R","Strike_R","Defend_R","Defend_R","Defend_R","Defend_R","Bash+1","Shame","Battle Trance","Shrug It Off","Twin Strike+1","Iron Wave+1","Cleave","True Grit+1","Flex+1","Armaments+1"],"relics":["Burning Blood","FossilizedHelix","Question Card","Toxic Egg 2","Singing Bowl","Mummified Hand","Bag of Preparation"],"acts_visited":["Exordium"],"potions_floor_usage":[],"damage_taken":[{"damage":0.0,"enemies":"2 Louse","floor":1.0,"turns":4.0},{"damage":0.0,"enemies":"Small Slimes","floor":2.0,"turns":4.0},{"damage":0.0,"enemies":"Jaw Worm","floor":3.0,"turns":3.0},{"damage":6.0,"enemies":"Blue Slaver","floor":4.0,"turns":6.0},{"damage":9.0,"enemies":"2 Fungi Beasts","floor":5.0,"turns":4.0},{"damage":11.0,"enemies":"3 Sentries","floor":7.0,"turns":6.0},{"damage":27.0,"enemies":"Lagavulin","floor":10.0,"turns":8.0},{"damage":8.0,"enemies":"Gremlin Nob","floor":12.0,"turns":4.0},{"damage":8,"enemies":"3 Sentries","floor":14,"turns":10},{"damage":35,"enemies":"Hexaghost","floor":16,"turns":12}],"seed_played":"4895577725758727730","potions_obtained":[{"floor":2.0,"key":"Fire Potion"},{"floor":10.0,"key":"GamblersBrew"},{"floor":14,"key":"Fire Potion"}],"is_trial":false,"path_per_floor":["M","M","M","M","M","R","E","R","T","E","?","E","?","E","R","B"],"character_chosen":"IRONCLAD","items_purchased":[],"campfire_rested":0,"item_purchase_floors":[],"current_hp_per_floor":[74,75,75,75,72,72,67,67,67,46,46,44,33,31,31,0,0],"gold":383,"neow_bonus":"ONE_RARE_RELIC","is_daily":false,"chose_seed":false,"campfire_upgraded":3,"win_rate":0.0,"timestamp":1607942348,"path_taken":["M","M","M","M","M","R","E","R","T","E","?","E","?","E","R","BOSS"],"items_purchased_type":[],"build_version":"2020-12-13","purchased_purges":0,"victory":false,"max_hp_per_floor":[75,75,75,75,75,75,75,75,75,75,75,75,75,75,75,75,75],"relic_stats":{"Singing Bowl":0,"counters":[10,61],"Mummified Hand":[0],"Bag of Preparation":[2],"Question Card":3,"obtain_stats":[{"Singing Bowl":10,"Mummified Hand":12,"Bag of Preparation":14,"Toxic Egg 2":9,"Question Card":7,"Burning Blood":0,"FossilizedHelix":0},{"Singing Bowl":7,"Mummified Hand":8,"Bag of Preparation":9,"Toxic Egg 2":6,"Question Card":6,"Burning Blood":0,"FossilizedHelix":0},{"Singing Bowl":35,"Mummified Hand":39,"Bag of Preparation":49,"Toxic Egg 2":27,"Question Card":27,"Burning Blood":0,"FossilizedHelix":0}],"Burning Blood":43},"card_choices":[{"not_picked":["Perfected Strike","Heavy Blade"],"picked":"Battle Trance","floor":1.0},{"not_picked":["Anger","Clash"],"picked":"Shrug It Off","floor":2.0},{"not_picked":["Sword Boomerang","Heavy Blade"],"picked":"Twin Strike","floor":3.0},{"not_picked":["Battle Trance","Sword Boomerang"],"picked":"Iron Wave","floor":4.0},{"not_picked":["Uppercut","Second Wind"],"picked":"Cleave","floor":5.0},{"not_picked":["Iron Wave","Searing Blow","Brutality"],"picked":"SKIP","floor":7.0},{"not_picked":["Iron Wave","Wild Strike","Searing Blow"],"picked":"True Grit+1","floor":10.0},{"not_picked":["Clothesline","Anger","Battle Trance+1"],"picked":"Flex+1","floor":12.0},{"not_picked":["Havoc+1","Sever Soul","Double Tap+1"],"picked":"Armaments+1","floor":14}],"player_experience":403071,"relics_obtained":[{"floor":7.0,"key":"Question Card"},{"floor":9.0,"key":"Toxic Egg 2"},{"floor":10.0,"key":"Singing Bowl"},{"floor":12.0,"key":"Mummified Hand"},{"floor":14,"key":"Bag of Preparation"}],"event_choices":[{"damage_healed":0.0,"max_hp_gain":0.0,"max_hp_loss":0.0,"gold_gain":0.0,"event_name":"Scrap Ooze","player_choice":"Fled","floor":11.0,"gold_loss":0.0,"damage_taken":0.0},{"damage_healed":0.0,"max_hp_gain":0.0,"max_hp_loss":0.0,"gold_gain":75.0,"event_name":"World of Goop","player_choice":"Gather Gold","floor":13.0,"gold_loss":0.0,"damage_taken":11.0}],"is_beta":false,"boss_relics":[],"items_purged_floors":[],"is_endless":false,"potions_floor_spawned":[2,10,14],"killed_by":"Hexaghost","ascension_level":15}}