{"host":"szp1d6dso4pv7ddl","time":1607923327,"event":{"mods":["AchievementEnabler","Alarm Clock","BaseMod","Bestiary","Block Reminder","Colored Map","Colored Powertips","Curses Come First","Displayed Cursed Tome","Highlight Path","Minty Spire (QoL Compilation)","Permanent Neow","Quick Restart","Relic Stats","StSLib"],"gold_per_floor":[12,25,41,56,71,103,103,28,97,97,97,97,97,113,113,212,212,230,230,229,129,141,141,141,141],"floor_reached":24,"playtime":1429,"items_purged":["Strike_B","Strike_B"],"score":235,"play_id":"e0734554-8a49-4697-bfc5-4aa72103fe9e","local_time":"20201213212207","is_ascension_mode":true,"campfire_choices":[{"floor":7,"key":"REST"},{"data":"Coolheaded","floor":10,"key":"SMITH"},{"data":"Mayhem","floor":12,"key":"SMITH"},{"data":"Self Repair","floor":15,"key":"SMITH"},{"data":"Hologram","floor":23,"key":"SMITH"}],"circlet_count":0,"master_deck":["Strike_B","Strike_B","Defend_B","Defend_B","Defend_B","Defend_B","Zap","Dualcast","Mayhem+1","Consume","Redo","Self Repair+1","Melter","Coolheaded+1","Streamline","Core Surge","Hologram+1"],"relics":["Cracked Core","Gambling Chip","Sundial","Torii","Busted Crown","SsserpentHead"],"acts_visited":["Exordium","TheCity"],"potions_floor_usage":[4,5],"damage_taken":[{"damage":13,"enemies":"Small Slimes","floor":1,"turns":4},{"damage":8,"enemies":"Jaw Worm","floor":2,"turns":4},{"damage":1,"enemies":"Cultist","floor":3,"turns":3},{"damage":12,"enemies":"2 Fungi Beasts","floor":4,"turns":4},{"damage":5,"enemies":"Gremlin Gang","floor":5,"turns":4},{"damage":32,"enemies":"Lagavulin","floor":6,"turns":7},{"damage":9,"enemies":"3 Louse","floor":14,"turns":5},{"damage":16,"enemies":"The Guardian","floor":16,"turns":13},{"damage":2,"enemies":"Chosen","floor":18,"turns":4},{"damage":36,"enemies":"Shell Parasite","floor":22,"turns":4},{"damage":58,"enemies":"Gremlin Leader","floor":24,"turns":6}],"seed_played":"3092396053495805173","potions_obtained":[{"floor":1,"key":"Energy Potion"},{"floor":4,"key":"Explosive Potion"},{"floor":6,"key":"GamblersBrew"},{"floor":16,"key":"GamblersBrew"}],"is_trial":false,"path_per_floor":["M","M","M","M","M","E","R","$","T","R","?","R","?","M","R","B",null,"M","?","$","$","M","R","E"],"character_chosen":"DEFECT","items_purchased":["Hologram"],"campfire_rested":1,"item_purchase_floors":[20],"current_hp_per_floor":[62,54,53,48,50,25,47,47,47,47,47,47,29,27,27,21,75,73,73,73,73,47,47,0,0],"gold":141,"neow_bonus":"RANDOM_COLORLESS_2","is_daily":false,"chose_seed":false,"campfire_upgraded":4,"win_rate":0.0,"timestamp":1607923327,"path_taken":["M","M","M","M","M","E","R","$","T","R","?","R","?","M","R","BOSS","M","?","?","$","M","R","E"],"items_purchased_type":["Card"],"build_version":"2020-12-13","purchased_purges":2,"victory":false,"max_hp_per_floor":[75,75,75,75,75,75,75,75,75,75,75,75,75,75,75,75,75,75,75,75,75,75,75,75,75],"relic_stats":{"SsserpentHead":50,"Busted Crown":4,"Torii":21,"counters":[11,58],"Sundial":[8],"Gambling Chip":[12],"obtain_stats":[{"SsserpentHead":19,"Busted Crown":17,"Torii":13,"Sundial":9,"Gambling Chip":6,"Cracked Core":0},{"SsserpentHead":9,"Busted Crown":8,"Torii":6,"Sundial":6,"Gambling Chip":6,"Cracked Core":0},{"SsserpentHead":48,"Busted Crown":44,"Torii":26,"Sundial":26,"Gambling Chip":26,"Cracked Core":0}]},"card_choices":[{"not_picked":["Secret Technique","Transmutation"],"picked":"Mayhem","floor":0},{"not_picked":["Steam","Sweeping Beam"],"picked":"Consume","floor":1},{"not_picked":["Turbo","Cold Snap"],"picked":"Redo","floor":2},{"not_picked":["Barrage","Stack"],"picked":"Self Repair","floor":3},{"not_picked":["Beam Cell","Barrage","Recycle"],"picked":"SKIP","floor":4},{"not_picked":["Auto Shields","Chill"],"picked":"Melter","floor":5},{"not_picked":["Cold Snap","Amplify"],"picked":"Coolheaded","floor":6},{"not_picked":["Loop","Barrage"],"picked":"Streamline","floor":14},{"not_picked":["Biased Cognition","Fission"],"picked":"Core Surge","floor":16},{"not_picked":["Beam Cell"],"picked":"SKIP","floor":18},{"not_picked":["Scrape"],"picked":"SKIP","floor":22}],"player_experience":936267,"relics_obtained":[{"floor":6,"key":"Gambling Chip"},{"floor":9,"key":"Sundial"}],"event_choices":[{"damage_healed":0,"gold_gain":0,"player_choice":"Ignored","damage_taken":0,"max_hp_gain":0,"max_hp_loss":0,"event_name":"Liars Game","floor":11,"gold_loss":0},{"damage_healed":0,"gold_gain":0,"player_choice":"Success","damage_taken":18,"relics_obtained":["Torii"],"max_hp_gain":0,"max_hp_loss":0,"event_name":"Scrap Ooze","floor":13,"gold_loss":0},{"damage_healed":0,"gold_gain":0,"player_choice":"Trade","damage_taken":0,"relics_obtained":["SsserpentHead"],"max_hp_gain":0,"max_hp_loss":0,"event_name":"FaceTrader","floor":19,"gold_loss":0}],"is_beta":false,"boss_relics":[{"not_picked":["Ectoplasm","Runic Dome"],"picked":"Busted Crown"}],"items_purged_floors":[8,21],"is_endless":false,"potions_floor_spawned":[1,4,6,16],"killed_by":"Gremlin Leader","ascension_level":4}}