{"host":"x6tlfgqpy55vgxdn","time":1607956136,"event":{"mods":["AchievementEnabler","BaseMod","DeckTracker","Minty Spire (QoL Compilation)","Permanent Neow","StSLib","SuperFastMode"],"gold_per_floor":[118,118,134,134,134,160,160,186,186,218,218,234,234,16,16,112,112,129,139,39,54,54,81,101,101,125,125,153,153,187,137,137,236,236,253,253,269,269,294,294,305,337,337,287,306,100,119,119,119,119],"floor_reached":51,"playtime":1509,"items_purged":["Strike_P","Strike_P","Defend_P","Defend_P","BowlingBash+1"],"score":1593,"play_id":"15df2e51-0630-4bc0-a99b-c0cfb551c6ca","local_time":"20201214232856","is_ascension_mode":true,"campfire_choices":[{"data":"BowlingBash","floor":7.0,"key":"SMITH"},{"data":"SignatureMove","floor":13.0,"key":"SMITH"},{"data":"DevaForm","floor":15.0,"key":"SMITH"},{"data":"Omniscience","floor":25.0,"key":"SMITH"},{"data":"Vault","floor":27.0,"key":"SMITH"},{"data":"MentalFortress","floor":32.0,"key":"SMITH"},{"data":"Vault","floor":40.0,"key":"SMITH"},{"data":"Vigilance","floor":49.0,"key":"SMITH"}],"circlet_count":0,"master_deck":["AscendersBane","Eruption+1","Vigilance+1","MentalFortress+1","FlurryOfBlows","DevaForm+1","SignatureMove+1","Vault+1","Omniscience+1","WheelKick+1","Indignation","Vault+1","InnerPeace"],"relics":["PureWater","Pear","FossilizedHelix","Omamori","Yang","Molten Egg 2","Happy Flower","Bag of Preparation","Coffee Dripper","White Beast Statue","Question Card","Smiling Mask","Nunchaku","Calling Bell","Tiny Chest","Darkstone Periapt","CloakClasp","Orichalcum","Anchor","Sundial","Pen Nib"],"acts_visited":["Exordium","TheCity","TheBeyond"],"potions_floor_usage":[50,50],"damage_taken":[{"damage":5.0,"enemies":"Small Slimes","floor":1.0,"turns":4.0},{"damage":0.0,"enemies":"Cultist","floor":3.0,"turns":2.0},{"damage":14.0,"enemies":"Gremlin Nob","floor":6.0,"turns":3.0},{"damage":0.0,"enemies":"Lagavulin","floor":8.0,"turns":6.0},{"damage":0.0,"enemies":"3 Sentries","floor":10.0,"turns":4.0},{"damage":0.0,"enemies":"Jaw Worm","floor":12.0,"turns":2.0},{"damage":0.0,"enemies":"Slime Boss","floor":16.0,"turns":6.0},{"damage":0.0,"enemies":"Spheric Guardian","floor":18.0,"turns":2.0},{"damage":0.0,"enemies":"2 Thieves","floor":19.0,"turns":3.0},{"damage":0.0,"enemies":"Shelled Parasite and Fungi","floor":21.0,"turns":6.0},{"damage":0.0,"enemies":"Gremlin Leader","floor":23.0,"turns":3.0},{"damage":7.0,"enemies":"Cultist and Chosen","floor":24.0,"turns":6.0},{"damage":14.0,"enemies":"Book of Stabbing","floor":28.0,"turns":4.0},{"damage":0.0,"enemies":"Slavers","floor":30.0,"turns":3.0},{"damage":42.0,"enemies":"Collector","floor":33.0,"turns":3.0},{"damage":0.0,"enemies":"3 Darklings","floor":35.0,"turns":3.0},{"damage":0.0,"enemies":"Orb Walker","floor":37.0,"turns":1.0},{"damage":0.0,"enemies":"Writhing Mass","floor":41.0,"turns":2.0},{"damage":0.0,"enemies":"Nemesis","floor":42.0,"turns":4.0},{"damage":0.0,"enemies":"Maw","floor":45.0,"turns":4.0},{"damage":0.0,"enemies":"Jaw Worm Horde","floor":47.0,"turns":3.0},{"damage":0,"enemies":"Awakened One","floor":50,"turns":6}],"seed_played":"2975015411386847495","potions_obtained":[{"floor":3.0,"key":"AttackPotion"},{"floor":12.0,"key":"Explosive Potion"},{"floor":16.0,"key":"StancePotion"},{"floor":21.0,"key":"Fire Potion"},{"floor":23.0,"key":"Regen Potion"},{"floor":24.0,"key":"SteroidPotion"},{"floor":28.0,"key":"EssenceOfSteel"},{"floor":35.0,"key":"Dexterity Potion"},{"floor":41.0,"key":"Swift Potion"},{"floor":47.0,"key":"Strength Potion"}],"is_trial":false,"path_per_floor":["M","?","M","?","?","E","R","E","T","E","T","M","R","$","R","B",null,"M","M","$","M","T","E","M","R","T","R","E","?","E","$","R","B",null,"M","?","M","?","T","R","M","E","T","$","M","$","M","?","R","B",null],"character_chosen":"WATCHER","items_purchased":["Bag of Preparation","Pen Nib"],"campfire_rested":0,"item_purchase_floors":[14,46],"current_hp_per_floor":[60,60,60,60,63,49,49,49,49,49,49,49,49,49,49,49,74,74,74,74,74,74,74,79,79,79,79,65,65,65,65,65,23,67,67,67,67,67,67,67,67,67,67,67,67,67,67,67,67,67],"gold":119,"neow_bonus":"TRANSFORM_CARD","is_daily":false,"chose_seed":false,"campfire_upgraded":8,"win_rate":0.0,"timestamp":1607956136,"path_taken":["M","?","?","?","?","E","R","E","T","E","?","?","R","$","R","BOSS","M","?","?","M","?","E","M","R","T","R","E","?","E","$","R","BOSS","M","?","?","?","?","R","M","E","T","$","M","$","M","?","R","BOSS"],"items_purchased_type":["Relic","Relic"],"build_version":"2020-12-13","purchased_purges":5,"victory":true,"max_hp_per_floor":[72,72,72,72,82,82,82,82,82,82,82,82,82,82,82,82,82,82,82,82,82,82,82,82,82,82,82,82,82,82,82,82,82,82,82,82,82,82,82,82,82,82,82,82,82,82,82,82,82,82],"card_choices":[{"not_picked":["CrushJoints","Halt"],"picked":"MentalFortress","floor":1.0},{"not_picked":["Crescendo","CutThroughFate"],"picked":"FlurryOfBlows","floor":3.0},{"not_picked":["InnerPeace","FlurryOfBlows"],"picked":"DevaForm","floor":6.0},{"not_picked":["BattleHymn","CrushJoints"],"picked":"SignatureMove","floor":8.0},{"not_picked":["CrushJoints+1","Evaluate","Swivel"],"picked":"SKIP","floor":10.0},{"not_picked":["EmptyBody","SashWhip+1","Halt"],"picked":"SKIP","floor":12.0},{"not_picked":["DeusExMachina","ConjureBlade"],"picked":"Vault","floor":16.0},{"not_picked":["ClearTheMind","CutThroughFate+1","Prostrate"],"picked":"SKIP","floor":18.0},{"not_picked":["Prostrate","Nirvana","FearNoEvil+1"],"picked":"SKIP","floor":19.0},{"not_picked":["SignatureMove+1","Crescendo","Conclude+1"],"picked":"SKIP","floor":21.0},{"not_picked":["Study","SignatureMove+1"],"picked":"Omniscience","floor":23.0},{"not_picked":["ReachHeaven+1","ThirdEye","CutThroughFate+1","SandsOfTime+1"],"picked":"SKIP","floor":24.0},{"not_picked":["ReachHeaven+1","ThirdEye","CutThroughFate+1","SandsOfTime+1"],"picked":"SKIP","floor":24.0},{"not_picked":["ForeignInfluence","Consecrate+1","WaveOfTheHand"],"picked":"WheelKick+1","floor":28.0},{"not_picked":["Study","Prostrate","MentalFortress"],"picked":"Indignation","floor":30.0},{"not_picked":["Judgement","MasterReality","LessonLearned+1"],"picked":"Vault","floor":33.0},{"not_picked":["InnerPeace","WheelKick+1","EmptyMind","Indignation"],"picked":"SKIP","floor":35.0},{"not_picked":["Indignation","Swivel","EmptyBody","CrushJoints+1"],"picked":"SKIP","floor":37.0},{"not_picked":["Crescendo","FearNoEvil+1","JustLucky+1","Consecrate+1"],"picked":"SKIP","floor":41.0},{"not_picked":["CutThroughFate+1","DeceiveReality","Judgement","Vengeance"],"picked":"SKIP","floor":42.0},{"not_picked":["Evaluate+1","CarveReality+1","ThirdEye"],"picked":"InnerPeace","floor":45.0},{"not_picked":["FlyingSleeves+1","Prostrate","Indignation"],"picked":"TalkToTheHand+1","floor":47.0}],"player_experience":154806,"relics_obtained":[{"floor":6.0,"key":"FossilizedHelix"},{"floor":8.0,"key":"Omamori"},{"floor":9.0,"key":"Yang"},{"floor":10.0,"key":"Molten Egg 2"},{"floor":11.0,"key":"Happy Flower"},{"floor":22.0,"key":"White Beast Statue"},{"floor":23.0,"key":"Question Card"},{"floor":26.0,"key":"Smiling Mask"},{"floor":28.0,"key":"Nunchaku"},{"floor":34.0,"key":"Tiny Chest"},{"floor":34.0,"key":"Darkstone Periapt"},{"floor":34.0,"key":"CloakClasp"},{"floor":39.0,"key":"Orichalcum"},{"floor":42.0,"key":"Anchor"},{"floor":43.0,"key":"Sundial"}],"event_choices":[{"damage_healed":0.0,"max_hp_gain":0.0,"max_hp_loss":0.0,"gold_gain":0.0,"event_name":"Accursed Blacksmith","player_choice":"Forge","floor":2.0,"gold_loss":0.0,"damage_taken":0.0,"cards_upgraded":["Eruption"]},{"cards_removed":["Strike_P"],"damage_healed":0.0,"max_hp_gain":0.0,"max_hp_loss":0.0,"gold_gain":0.0,"event_name":"Living Wall","player_choice":"Forget","floor":4.0,"gold_loss":0.0,"damage_taken":0.0},{"damage_healed":0.0,"max_hp_gain":0.0,"max_hp_loss":0.0,"gold_gain":0.0,"event_name":"Scrap Ooze","player_choice":"Success","floor":5.0,"gold_loss":0.0,"damage_taken":7.0,"relics_obtained":["Pear"]},{"cards_removed":["Strike_P"],"damage_healed":0.0,"max_hp_gain":0.0,"max_hp_loss":0.0,"gold_gain":0.0,"event_name":"Back to Basics","player_choice":"Elegance","floor":29.0,"gold_loss":0.0,"damage_taken":0.0},{"damage_healed":0.0,"max_hp_gain":0.0,"max_hp_loss":0.0,"gold_gain":0.0,"event_name":"SecretPortal","player_choice":"Ignored","floor":36.0,"gold_loss":0.0,"damage_taken":0.0},{"cards_removed":["Defend_P"],"damage_healed":0.0,"max_hp_gain":0.0,"max_hp_loss":0.0,"gold_gain":0.0,"event_name":"Purifier","player_choice":"Purged","floor":38.0,"gold_loss":0.0,"damage_taken":0.0},{"cards_removed":["TalkToTheHand"],"damage_healed":0.0,"max_hp_gain":0.0,"max_hp_loss":0.0,"gold_gain":0.0,"event_name":"Falling","player_choice":"Removed Attack","floor":48.0,"gold_loss":0.0,"damage_taken":0.0}],"is_beta":false,"boss_relics":[{"not_picked":["Cursed Key","Ectoplasm"],"picked":"Coffee Dripper"},{"not_picked":["Snecko Eye","Pandora\u0027s Box"],"picked":"Calling Bell"}],"items_purged_floors":[14,20,31,44,46],"is_endless":false,"potions_floor_spawned":[3,12,16,21,23,24,28,30,33,35,37,41,42,45,47],"ascension_level":12}}