{"host":"4qkvkh7pd9qr2mca","time":1607987991,"event":{"mods":["AchievementEnabler","BaseMod","Colored Map","Colored Powertips","Highlight Path","Minty Spire (QoL Compilation)","Permanent Neow","Quick Restart","StSLib","SuperFastMode"],"gold_per_floor":[115,130,13,13,29,29,59,74,74,105,105,105,135,148,148,224,224,242,252,4,18,33,59,59,59,130,130,155,166,8,19,19,95,95,115,126,126,0,16,16,41,41,66,66,77,77,77],"floor_reached":46,"playtime":2208,"items_purged":["Decay"],"score":985,"play_id":"dd9abe4b-1da2-4321-9e65-337732a74bf9","local_time":"20201215001951","is_ascension_mode":true,"campfire_choices":[{"data":"Well Laid Plans","floor":6,"key":"SMITH"},{"floor":12,"key":"REST"},{"floor":15,"key":"REST"},{"floor":25,"key":"REST"},{"floor":27,"key":"REST"},{"floor":32,"key":"RECALL"},{"floor":40,"key":"REST"},{"floor":42,"key":"REST"},{"floor":44,"key":"REST"}],"circlet_count":0,"master_deck":["AscendersBane","Defend_G","Defend_G","Defend_G","Defend_G","Defend_G","Survivor","Neutralize","Poisoned Stab","Bouncing Flask+1","Well Laid Plans+1","Glass Knife","Crippling Poison","Blur","Bane","Blur","Deadly Poison","Corpse Explosion","Dash","Apotheosis","Backflip","Leg Sweep","Bite","Bite","Bite","Bite","Bite","Escape Plan","Deflect+1","After Image","PiercingWail","Calculated Gamble+1","Leg Sweep+1"],"relics":["Ring of the Serpent","Snake Skull","Turnip","Bottled Flame","InkBottle","Smiling Mask","Fusion Hammer","Regal Pillow","Mercury Hourglass","Question Card","Toy Ornithopter","Red Mask","Gambling Chip","Omamori"],"acts_visited":["Exordium","TheCity","TheBeyond"],"potions_floor_usage":[7,13,13,21,28,29,39,45],"damage_taken":[{"damage":4,"enemies":"Cultist","floor":1,"turns":6},{"damage":0,"enemies":"2 Louse","floor":2,"turns":3},{"damage":3,"enemies":"Jaw Worm","floor":5,"turns":3},{"damage":34,"enemies":"3 Sentries","floor":7,"turns":8},{"damage":5,"enemies":"Exordium Wildlife","floor":8,"turns":3},{"damage":5,"enemies":"Lagavulin","floor":10,"turns":6},{"damage":13,"enemies":"Gremlin Nob","floor":13,"turns":3},{"damage":2,"enemies":"Large Slime","floor":14,"turns":5},{"damage":28,"enemies":"Slime Boss","floor":16,"turns":8},{"damage":10,"enemies":"Spheric Guardian","floor":18,"turns":4},{"damage":6,"enemies":"Chosen","floor":19,"turns":3},{"damage":10,"enemies":"Snecko","floor":21,"turns":4},{"damage":7,"enemies":"Centurion and Healer","floor":22,"turns":5},{"damage":21,"enemies":"Gremlin Leader","floor":23,"turns":6},{"damage":24,"enemies":"Slavers","floor":28,"turns":6},{"damage":0,"enemies":"3 Cultists","floor":29,"turns":2},{"damage":0,"enemies":"Sentry and Sphere","floor":31,"turns":4},{"damage":14,"enemies":"Automaton","floor":33,"turns":12},{"damage":6,"enemies":"Orb Walker","floor":35,"turns":3},{"damage":10,"enemies":"3 Darklings","floor":36,"turns":4},{"damage":4,"enemies":"Writhing Mass","floor":39,"turns":9},{"damage":9,"enemies":"Mind Bloom Boss Battle","floor":41,"turns":6},{"damage":15,"enemies":"Jaw Worm Horde","floor":45,"turns":4},{"damage":35,"enemies":"Giant Head","floor":46,"turns":10}],"seed_played":"4505172487373013780","potions_obtained":[{"floor":2,"key":"Energy Potion"},{"floor":5,"key":"PowerPotion"},{"floor":7,"key":"FearPotion"},{"floor":14,"key":"SteroidPotion"},{"floor":16,"key":"Strength Potion"},{"floor":18,"key":"Regen Potion"},{"floor":28,"key":"AttackPotion"},{"floor":31,"key":"Swift Potion"},{"floor":35,"key":"SkillPotion"},{"floor":39,"key":"SneckoOil"}],"is_trial":false,"path_per_floor":["M","M","$","?","M","R","E","M","T","E","?","R","E","M","R","B",null,"M","M","$","M","M","E","?","R","T","R","E","M","$","M","R","B",null,"M","M","?","?","M","R","?","R","T","R","M","E"],"character_chosen":"THE_SILENT","items_purchased":["Bouncing Flask","Well Laid Plans","Apotheosis","Toy Ornithopter"],"campfire_rested":7,"item_purchase_floors":[3,3,20,30],"current_hp_per_floor":[55,55,55,55,52,52,18,13,13,8,8,27,14,12,31,3,50,40,34,34,38,31,10,10,38,38,46,27,33,33,42,42,46,46,42,40,40,40,44,44,44,44,44,44,35,0,0],"gold":77,"neow_bonus":"RANDOM_COMMON_RELIC","is_daily":false,"chose_seed":false,"campfire_upgraded":1,"win_rate":0.0,"timestamp":1607987991,"path_taken":["M","M","$","?","M","R","E","?","T","E","?","R","E","M","R","BOSS","M","M","$","M","M","E","?","R","T","R","E","M","$","M","R","BOSS","M","M","?","?","M","R","?","R","T","R","?","E"],"items_purchased_type":["Card","Card","Card","Relic"],"build_version":"2020-12-13","purchased_purges":1,"victory":false,"max_hp_per_floor":[66,66,66,66,66,66,66,66,66,66,66,66,66,66,66,66,66,66,66,66,66,66,66,46,46,46,46,46,46,46,46,46,46,46,46,46,44,44,44,44,44,44,44,44,44,44,44],"card_choices":[{"not_picked":["Cloak And Dagger","Quick Slash"],"picked":"Poisoned Stab","floor":1},{"not_picked":["Sucker Punch","Masterful Stab","Outmaneuver"],"picked":"SKIP","floor":2},{"not_picked":["Poisoned Stab","Quick Slash"],"picked":"Glass Knife","floor":5},{"not_picked":["Dagger Spray","Predator"],"picked":"Crippling Poison","floor":7},{"not_picked":["Eviscerate","Quick Slash"],"picked":"Blur","floor":8},{"not_picked":["Dagger Spray","Quick Slash"],"picked":"Bane","floor":10},{"not_picked":["Blade Dance","Deflect"],"picked":"Blur","floor":13},{"not_picked":["Bane","Endless Agony"],"picked":"Deadly Poison","floor":14},{"not_picked":["Night Terror","Wraith Form v2"],"picked":"Corpse Explosion","floor":16},{"not_picked":["Flechettes","Riddle With Holes","Outmaneuver+1"],"picked":"SKIP","floor":18},{"not_picked":["Deadly Poison","Choke"],"picked":"Dash","floor":19},{"not_picked":["Prepared","Flying Knee","Dagger Spray"],"picked":"SKIP","floor":21},{"not_picked":["Outmaneuver","Flying Knee"],"picked":"Backflip","floor":22},{"not_picked":["Sucker Punch+1","Dodge and Roll"],"picked":"Leg Sweep","floor":23},{"not_picked":["Dagger Spray","Sucker Punch","Unload"],"picked":"SKIP","floor":28},{"not_picked":["Prepared","Backflip","Flying Knee"],"picked":"Escape Plan","floor":29},{"not_picked":["Leg Sweep+1","Slice","Prepared"],"picked":"Deflect+1","floor":31},{"not_picked":["Envenom","Corpse Explosion","Wraith Form v2"],"picked":"After Image","floor":33},{"not_picked":["Dagger Spray","Underhanded Strike","Poisoned Stab"],"picked":"PiercingWail","floor":35},{"not_picked":["Outmaneuver","Cloak And Dagger","Well Laid Plans","Slice"],"picked":"SKIP","floor":36},{"not_picked":["Flying Knee","Setup","Masterful Stab","Deflect"],"picked":"SKIP","floor":39},{"not_picked":["Dodge and Roll+1","Tactician+1","Sucker Punch"],"picked":"Calculated Gamble+1","floor":41},{"not_picked":["Cloak And Dagger","Accuracy","Dagger Throw+1"],"picked":"Leg Sweep+1","floor":45}],"player_experience":330881,"relics_obtained":[{"floor":7,"key":"Turnip"},{"floor":9,"key":"Bottled Flame"},{"floor":10,"key":"InkBottle"},{"floor":13,"key":"Smiling Mask"},{"floor":23,"key":"Regal Pillow"},{"floor":26,"key":"Mercury Hourglass"},{"floor":28,"key":"Question Card"},{"floor":41,"key":"Gambling Chip"},{"floor":43,"key":"Omamori"}],"event_choices":[{"damage_healed":0,"gold_gain":0,"player_choice":"Forge","damage_taken":0,"max_hp_gain":0,"max_hp_loss":0,"event_name":"Accursed Blacksmith","floor":4,"gold_loss":0,"cards_upgraded":["Bouncing Flask"]},{"damage_healed":0,"gold_gain":0,"player_choice":"Cursed","damage_taken":0,"max_hp_gain":0,"max_hp_loss":0,"event_name":"Wheel of Change","floor":11,"gold_loss":0,"cards_obtained":["Decay"]},{"damage_healed":0,"gold_gain":0,"player_choice":"Became a vampire","damage_taken":0,"max_hp_gain":0,"max_hp_loss":20,"event_name":"Vampires","floor":24,"gold_loss":0,"cards_obtained":["Bite","Bite","Bite","Bite","Bite"]},{"damage_healed":0,"gold_gain":0,"player_choice":"Max HP","damage_taken":0,"max_hp_gain":0,"max_hp_loss":2,"event_name":"Winding Halls","floor":37,"gold_loss":0},{"damage_healed":0,"gold_gain":0,"player_choice":"Paid","damage_taken":0,"relics_obtained":["Red Mask"],"max_hp_gain":0,"max_hp_loss":0,"event_name":"Tomb of Lord Red Mask","floor":38,"gold_loss":126},{"damage_healed":0,"gold_gain":0,"player_choice":"Fight","damage_taken":0,"max_hp_gain":0,"max_hp_loss":0,"event_name":"MindBloom","floor":41,"gold_loss":0}],"is_beta":false,"boss_relics":[{"not_picked":["Calling Bell","Black Star"],"picked":"Fusion Hammer"},{"not_picked":["WristBlade","Pandora\u0027s Box"],"picked":"Ring of the Serpent"}],"items_purged_floors":[20],"is_endless":false,"potions_floor_spawned":[2,5,7,14,16,18,19,28,31,35,36,39],"killed_by":"Giant Head","ascension_level":20}}