{"host":"ormi09wwzv7sq47a","time":1607962860,"event":{"mods":["2.2 Compatiblity","AchievementEnabler","Act Like it!","BaseMod","Better Note","Better Vampires","Colored Map","Colored Powertips","DeckTracker","Downfall","Hermit","Highlight Path","Jorbs\u0027s Wanderer Trilogy","Minty Spire (QoL Compilation)","Permanent Neow","Quick Restart","Rare Cards Sparkle","Relic Stats","Shop Mod","StSLib","The Cursed","The Hierophant","The Jungle","The Servant 0.9.4"],"gold_per_floor":[219,239,239,249,269,269,287,287,287,301,301,301,14,42,42,120,120,134,56,70,70,88,88,13,63,63,63,63,63],"floor_reached":28,"playtime":919,"items_purged":["Strike_B"],"score":382,"play_id":"bb16b9e4-35b1-40c7-b1e1-7920218e945c","local_time":"20201214132100","is_ascension_mode":true,"campfire_choices":[{"data":"Zap","floor":6,"key":"SMITH"},{"data":"Dualcast","floor":8,"key":"SMITH"},{"data":"Glacier","floor":12,"key":"SMITH"},{"data":"Coolheaded","floor":15,"key":"SMITH"},{"data":"Creative AI","floor":23,"key":"SMITH"},{"data":"Defragment","floor":27,"key":"SMITH"}],"circlet_count":0,"master_deck":["AscendersBane","Strike_B","Strike_B","Strike_B","Defend_B","Defend_B","Defend_B","Defend_B","Zap+1","Dualcast+1","Cold Snap","Rip and Tear+1","White Noise","Glacier+1","Coolheaded+1","Parasite","Leap","Creative AI+1","Defragment+1","Undo"],"relics":["Cracked Core","TungstenRod","DataDisk","Sozu","Nloth\u0027s Gift","CaptainsWheel"],"acts_visited":["Exordium","TheCity"],"potions_floor_usage":[22],"damage_taken":[{"damage":4,"enemies":"Jaw Worm","floor":1,"turns":4},{"damage":0,"enemies":"Cultist","floor":2,"turns":3},{"damage":0,"enemies":"Small Slimes","floor":4,"turns":3},{"damage":9,"enemies":"Red Slaver","floor":5,"turns":4},{"damage":7,"enemies":"2 Fungi Beasts","floor":7,"turns":3},{"damage":1,"enemies":"3 Louse","floor":10,"turns":3},{"damage":7,"enemies":"Lagavulin","floor":14,"turns":7},{"damage":31,"enemies":"The Guardian","floor":16,"turns":18},{"damage":6,"enemies":"Chosen","floor":18,"turns":5},{"damage":6,"enemies":"Spheric Guardian","floor":20,"turns":4},{"damage":21,"enemies":"3 Cultists","floor":22,"turns":5},{"damage":26,"enemies":"Snake Plant","floor":28,"turns":2}],"seed_played":"8808879387887216053","potions_obtained":[{"floor":5,"key":"Strength Potion"},{"floor":10,"key":"Slimebound:ThreeZeroPotion"},{"floor":14,"key":"Fire Potion"}],"is_trial":false,"path_per_floor":["M","M","?","M","M","R","M","R","T","M","?","R","$","E","R","B",null,"M","$","M","?","M","R","$","?","T","R","M"],"character_chosen":"DEFECT","items_purchased":["TungstenRod","Defragment"],"campfire_rested":0,"item_purchase_floors":[13,19],"current_hp_per_floor":[60,60,60,60,51,51,44,44,44,43,60,60,60,53,53,22,59,53,53,47,47,26,26,26,26,26,26,0,0],"gold":63,"neow_bonus":"HUNDRED_GOLD","is_daily":false,"chose_seed":false,"campfire_upgraded":6,"win_rate":0.0,"timestamp":1607962860,"path_taken":["M","M","?","M","M","R","M","R","T","?","?","R","$","E","R","BOSS","M","$","M","?","?","R","$","?","T","R","M"],"items_purchased_type":["Relic","Card"],"build_version":"2020-12-13","purchased_purges":1,"victory":false,"max_hp_per_floor":[71,71,71,71,71,71,71,71,71,71,71,71,71,71,71,71,71,71,71,71,71,71,71,71,71,71,71,71,71],"relic_stats":{"Sozu":1,"counters":[12,60],"Nloth\u0027s Gift":1,"obtain_stats":[{"Sozu":17,"DataDisk":14,"CaptainsWheel":26,"Blue Candle":9,"Nloth\u0027s Gift":21,"Cracked Core":0,"TungstenRod":13},{"Sozu":8,"DataDisk":7,"CaptainsWheel":11,"Blue Candle":5,"Nloth\u0027s Gift":10,"Cracked Core":0,"TungstenRod":6},{"Sozu":44,"DataDisk":27,"CaptainsWheel":58,"Blue Candle":17,"Nloth\u0027s Gift":53,"Cracked Core":0,"TungstenRod":20}],"TungstenRod":20},"card_choices":[{"not_picked":["Stack","Darkness"],"picked":"Cold Snap","floor":1},{"not_picked":["Stack","Streamline"],"picked":"Rip and Tear","floor":2},{"not_picked":["Rip and Tear","Ball Lightning"],"picked":"White Noise","floor":4},{"not_picked":["Barrage","Beam Cell","Ball Lightning"],"picked":"SKIP","floor":5},{"not_picked":["Aggregate","Consume"],"picked":"Glacier","floor":7},{"not_picked":["Turbo","Multi-Cast"],"picked":"Coolheaded","floor":10},{"not_picked":["Sweeping Beam","Heatsinks"],"picked":"Leap","floor":14},{"not_picked":["Core Surge","Rainbow"],"picked":"Creative AI","floor":16},{"not_picked":["Ball Lightning","Aggregate","Leap"],"picked":"SKIP","floor":18},{"not_picked":["Steam","Gash"],"picked":"Undo","floor":20},{"not_picked":["Compile Driver","Aggregate","Hyperbeam"],"picked":"SKIP","floor":22}],"player_experience":746161,"relics_obtained":[{"floor":9,"key":"Blue Candle"},{"floor":14,"key":"DataDisk"},{"floor":26,"key":"CaptainsWheel"}],"event_choices":[{"damage_healed":0,"gold_gain":0,"player_choice":"Forge","damage_taken":0,"max_hp_gain":0,"max_hp_loss":0,"event_name":"Accursed Blacksmith","floor":3,"gold_loss":0,"cards_upgraded":["Rip and Tear"]},{"damage_healed":17,"gold_gain":0,"player_choice":"Healed and dodged fight","damage_taken":0,"max_hp_gain":0,"max_hp_loss":0,"event_name":"Mushrooms","floor":11,"gold_loss":0,"cards_obtained":["Parasite"]},{"damage_healed":0,"gold_gain":0,"player_choice":"Traded Relic","damage_taken":0,"relics_obtained":["Nloth\u0027s Gift"],"max_hp_gain":0,"max_hp_loss":0,"event_name":"N\u0027loth","floor":21,"relics_lost":["Blue Candle"],"gold_loss":0},{"damage_healed":0,"gold_gain":50,"player_choice":"Stole From Cult","damage_taken":0,"max_hp_gain":0,"max_hp_loss":0,"event_name":"Nest","floor":25,"gold_loss":0}],"is_beta":false,"boss_relics":[{"not_picked":["Ectoplasm","FrozenCore"],"picked":"Sozu"}],"items_purged_floors":[24],"is_endless":false,"potions_floor_spawned":[5,10,14,20],"killed_by":"Snake Plant","ascension_level":15}}