{"host":"1rcu5ixl4icqax5v","time":1607971237,"event":{"mods":["BaseMod","Bestiary","Block Reminder","Colored Map","DeckTracker","Highlight Path","Minty Spire (QoL Compilation)","Quick Restart","Relic Sorter","Relic Stats"],"gold_per_floor":[110,121,71,81,97,124,140,152,152,152,162,187,207,207,207,309,309,325,325,4,23,36,36,49,69,69,94,114,114,147,39,39,140,140,182,182,182,202,245,245,245],"floor_reached":40,"playtime":3441,"items_purged":[],"score":629,"play_id":"9751d3df-3ae7-406a-9b6d-c75e4f5dd486","local_time":"20201214214037","is_ascension_mode":true,"campfire_choices":[{"data":"BowlingBash","floor":10.0,"key":"SMITH"},{"data":"WaveOfTheHand","floor":15.0,"key":"SMITH"},{"data":"BattleHymn","floor":23.0,"key":"SMITH"},{"data":"Establishment","floor":29.0,"key":"SMITH"},{"floor":32.0,"key":"REST"}],"circlet_count":0,"master_deck":["Strike_P","Strike_P","Strike_P","Defend_P","Defend_P","Defend_P","Defend_P","Eruption","Vigilance","LikeWater","BowlingBash+1","Halt","WheelKick","MentalFortress","SandsOfTime","WaveOfTheHand+1","Establishment+1","BattleHymn+1","Evaluate+1","EmptyBody+1","CutThroughFate","Wallop","PanicButton","Wish","Madness","Madness","Halt"],"relics":["SlaversCollar","Ancient Tea Set","Meat on the Bone","Vajra","Busted Crown","Gremlin Horn","Red Mask","The Courier","Philosopher\u0027s Stone"],"acts_visited":["Exordium","TheCity","TheBeyond"],"potions_floor_usage":[40],"damage_taken":[{"damage":7.0,"enemies":"Jaw Worm","floor":1.0,"turns":5.0},{"damage":0.0,"enemies":"2 Louse","floor":2.0,"turns":3.0},{"damage":0.0,"enemies":"Cultist","floor":4.0,"turns":4.0},{"damage":1.0,"enemies":"3 Louse","floor":5.0,"turns":4.0},{"damage":2.0,"enemies":"Gremlin Nob","floor":6.0,"turns":3.0},{"damage":3.0,"enemies":"Exordium Thugs","floor":7.0,"turns":3.0},{"damage":0.0,"enemies":"2 Fungi Beasts","floor":8.0,"turns":4.0},{"damage":3.0,"enemies":"3 Louse","floor":11.0,"turns":3.0},{"damage":0.0,"enemies":"3 Sentries","floor":12.0,"turns":10.0},{"damage":12.0,"enemies":"Lots of Slimes","floor":13.0,"turns":5.0},{"damage":0.0,"enemies":"Slime Boss","floor":16.0,"turns":4.0},{"damage":21.0,"enemies":"3 Byrds","floor":18.0,"turns":5.0},{"damage":13.0,"enemies":"Chosen","floor":21.0,"turns":7.0},{"damage":15.0,"enemies":"Shelled Parasite and Fungi","floor":22.0,"turns":8.0},{"damage":5.0,"enemies":"Snecko","floor":24.0,"turns":4.0},{"damage":5.0,"enemies":"Centurion and Healer","floor":25.0,"turns":4.0},{"damage":0.0,"enemies":"Masked Bandits","floor":27.0,"turns":3.0},{"damage":5.0,"enemies":"Shelled Parasite and Fungi","floor":28.0,"turns":6.0},{"damage":0.0,"enemies":"Gremlin Leader","floor":30.0,"turns":3.0},{"damage":40.0,"enemies":"Collector","floor":33.0,"turns":9.0},{"damage":0.0,"enemies":"3 Shapes","floor":35.0,"turns":6.0},{"damage":15,"enemies":"Orb Walker","floor":38,"turns":5},{"damage":6,"enemies":"Jaw Worm Horde","floor":39,"turns":4},{"damage":92,"enemies":"Giant Head","floor":40,"turns":8}],"seed_played":"2856394967956183850","potions_obtained":[{"floor":1.0,"key":"Explosive Potion"},{"floor":2.0,"key":"EssenceOfSteel"},{"floor":5.0,"key":"DistilledChaos"},{"floor":7.0,"key":"Strength Potion"},{"floor":12.0,"key":"Regen Potion"},{"floor":13.0,"key":"Ancient Potion"},{"floor":25.0,"key":"PowerPotion"},{"floor":28.0,"key":"Swift Potion"},{"floor":30.0,"key":"StancePotion"},{"floor":39,"key":"Block Potion"}],"is_trial":false,"path_per_floor":["M","M","?","M","M","E","M","M","T","R","M","E","M","?","R","B",null,"M","?","$","M","M","R","M","M","T","?","M","R","E","$","R","B",null,"M","?","?","M","M","E"],"character_chosen":"WATCHER","items_purchased":["Gremlin Horn","BattleHymn","Wallop","PanicButton"],"campfire_rested":1,"item_purchase_floors":[20,20,31,31],"current_hp_per_floor":[65,65,65,65,64,62,59,59,59,59,56,56,44,44,44,44,72,51,48,48,50,47,47,42,37,37,37,44,44,44,44,65,37,72,72,63,63,48,42,0,0],"gold":245,"neow_bonus":"BOSS_RELIC","is_daily":false,"chose_seed":false,"campfire_upgraded":4,"win_rate":0.0,"timestamp":1607971237,"path_taken":["M","M","?","M","M","E","M","M","T","R","M","E","M","?","R","BOSS","M","?","$","M","M","R","M","?","T","?","M","R","E","?","R","BOSS","M","?","?","M","?","E"],"items_purchased_type":["Relic","Card","Card","Card"],"build_version":"2020-12-13","purchased_purges":0,"victory":false,"max_hp_per_floor":[72,72,72,72,72,72,72,72,72,72,72,72,72,72,72,72,72,72,72,72,72,72,72,72,72,72,72,72,72,72,72,72,72,72,72,72,72,72,72,72,72],"relic_stats":{"Busted Crown":24,"Gremlin Horn":[16,16],"counters":[24,120],"obtain_stats":[{"SlaversCollar":0,"Busted Crown":17,"Gremlin Horn":20,"Vajra":12,"Philosopher\u0027s Stone":34,"The Courier":30,"Red Mask":27,"PureWater":0,"Ancient Tea Set":6,"Meat on the Bone":9},{"SlaversCollar":0,"Busted Crown":11,"Gremlin Horn":12,"Vajra":9,"Philosopher\u0027s Stone":20,"The Courier":19,"Red Mask":17,"PureWater":0,"Ancient Tea Set":5,"Meat on the Bone":7},{"SlaversCollar":0,"Busted Crown":48,"Gremlin Horn":53,"Vajra":39,"Philosopher\u0027s Stone":97,"The Courier":88,"Red Mask":79,"PureWater":0,"Ancient Tea Set":19,"Meat on the Bone":26}],"Meat on the Bone":36},"card_choices":[{"not_picked":["FlyingSleeves","CutThroughFate"],"picked":"LikeWater","floor":1.0},{"not_picked":["CrushJoints","SashWhip"],"picked":"BowlingBash","floor":2.0},{"not_picked":["FlurryOfBlows","Evaluate"],"picked":"Halt","floor":4.0},{"not_picked":["SashWhip","Crescendo","DeusExMachina"],"picked":"SKIP","floor":5.0},{"not_picked":["Protect","FollowUp"],"picked":"WheelKick","floor":6.0},{"not_picked":["Evaluate","Crescendo","JustLucky"],"picked":"SKIP","floor":7.0},{"not_picked":["SashWhip","Consecrate"],"picked":"MentalFortress","floor":8.0},{"not_picked":["EmptyFist","EmptyBody","BowlingBash"],"picked":"SKIP","floor":11.0},{"not_picked":["Evaluate","MasterReality"],"picked":"SandsOfTime","floor":12.0},{"not_picked":["WreathOfFlame","PathToVictory"],"picked":"WaveOfTheHand","floor":13.0},{"not_picked":["Scrawl","DevaForm"],"picked":"Establishment","floor":16.0},{"not_picked":["EmptyFist"],"picked":"SKIP","floor":18.0},{"not_picked":[],"picked":"Evaluate+1","floor":21.0},{"not_picked":["CrushJoints"],"picked":"SKIP","floor":22.0},{"not_picked":[],"picked":"EmptyBody+1","floor":24.0},{"not_picked":["Collect"],"picked":"SKIP","floor":25.0},{"not_picked":[],"picked":"CutThroughFate","floor":28.0},{"not_picked":["SashWhip"],"picked":"SKIP","floor":30.0},{"not_picked":[],"picked":"Wish","floor":33.0},{"not_picked":["CarveReality+1"],"picked":"SKIP","floor":35.0},{"not_picked":[],"picked":"Halt","floor":38},{"not_picked":["Consecrate"],"picked":"SKIP","floor":39}],"player_experience":633429,"relics_obtained":[{"floor":6.0,"key":"Ancient Tea Set"},{"floor":9.0,"key":"Meat on the Bone"},{"floor":12.0,"key":"Vajra"},{"floor":27.0,"key":"Red Mask"},{"floor":30.0,"key":"The Courier"}],"event_choices":[{"cards_removed":["Strike_P"],"damage_healed":0.0,"max_hp_gain":0.0,"max_hp_loss":0.0,"gold_gain":0.0,"event_name":"The Cleric","player_choice":"Card Removal","floor":3.0,"gold_loss":50.0,"damage_taken":0.0},{"damage_healed":0.0,"max_hp_gain":0.0,"max_hp_loss":0.0,"gold_gain":0.0,"event_name":"Shining Light","player_choice":"Ignored","floor":14.0,"gold_loss":0.0,"damage_taken":0.0},{"damage_healed":0.0,"max_hp_gain":0.0,"max_hp_loss":0.0,"gold_gain":0.0,"event_name":"Designer","player_choice":"Punched","floor":19.0,"gold_loss":0.0,"damage_taken":3.0},{"damage_healed":0.0,"max_hp_gain":0.0,"max_hp_loss":0.0,"gold_gain":0.0,"event_name":"Masked Bandits","player_choice":"Fought Bandits","floor":27.0,"gold_loss":0.0,"damage_taken":0.0},{"damage_healed":0.0,"max_hp_gain":0.0,"max_hp_loss":0.0,"gold_gain":0.0,"event_name":"Winding Halls","player_choice":"Embrace Madness","floor":36.0,"gold_loss":0.0,"damage_taken":9.0,"cards_obtained":["Madness","Madness"]},{"damage_healed":0,"gold_gain":0,"player_choice":"Ignored","damage_taken":0,"max_hp_gain":0,"max_hp_loss":0,"event_name":"WeMeetAgain","floor":37,"gold_loss":0}],"is_beta":false,"boss_relics":[{"not_picked":["Tiny House","Runic Dome"],"picked":"Busted Crown"},{"not_picked":["Black Star","Velvet Choker"],"picked":"Philosopher\u0027s Stone"}],"items_purged_floors":[],"is_endless":false,"potions_floor_spawned":[1,2,5,7,12,13,18,25,28,30,39],"killed_by":"Giant Head","ascension_level":4}}