{"host":"j4g6ia6asvpyu2b0","time":1607957220,"event":{"mods":["BaseMod","Colored Map","Minty Spire (QoL Compilation)","Permanent Neow","Quick Restart","Relic Stats","StSLib","Unceasing Turn Reminder"],"gold_per_floor":[113,129,149,163,175,175,203,203,203,232,246,264,264,292,292,389,389,407,48,48,68,82,108,108,139,206,218,230,270,295,327,339,447,459,488,500,524,173,193,218,237,251,251,269,297,261,261,261,261,261,261,261,4,31,31],"floor_reached":56,"playtime":2060,"items_purged":["Strike_B","Pain"],"score":1468,"play_id":"e27d3647-6e57-42fd-bf6d-8355e08bf7f6","local_time":"20201214074700","is_ascension_mode":true,"campfire_choices":[{"data":"Zap","floor":6,"key":"SMITH"},{"data":"Defragment","floor":15,"key":"SMITH"},{"floor":24,"key":"REST"},{"floor":27,"key":"REST"},{"floor":32,"key":"REST"},{"floor":47,"key":"RECALL"},{"data":"Buffer","floor":49,"key":"SMITH"},{"data":"Static Discharge","floor":52,"key":"SMITH"}],"circlet_count":0,"master_deck":["Strike_B+1","Strike_B+1","Defend_B","Defend_B","Defend_B","Defend_B+1","Zap+1","Dualcast","Coolheaded","White Noise","Cold Snap","Beam Cell+1","Gash","Sweeping Beam","Doom and Gloom","Defragment+1","Ball Lightning","Echo Form","Sweeping Beam","Core Surge","Static Discharge+1","Gash","Lockon+1","Buffer+1","Auto Shields","Coolheaded","Coolheaded","Cold Snap","Recycle+1","Caltrops+1","Capacitor+1","Glacier","Fusion+1","Buffer+1","Melter+1","BootSequence+1","Loop+1","Echo Form+1","Chaos+1"],"relics":["Cracked Core","CaptainsWheel","Boot","Lantern","Happy Flower","Pantograph","Black Star","DataDisk","WarpedTongs","Akabeko","Omamori","MawBank","Ornamental Fan","Anchor","Frozen Egg 2","Busted Crown","Runic Capacitor","PreservedInsect","Kunai","White Beast Statue","Regal Pillow","Toxic Egg 2","DollysMirror","Whetstone","Blood Vial"],"acts_visited":["Exordium","TheCity","TheBeyond","TheEnding"],"potions_floor_usage":[7,10,14,23,23,29,54,55,55,55],"damage_taken":[{"damage":1,"enemies":"Cultist","floor":1,"turns":3},{"damage":1,"enemies":"Jaw Worm","floor":2,"turns":4},{"damage":0,"enemies":"Small Slimes","floor":3,"turns":4},{"damage":2,"enemies":"Looter","floor":4,"turns":4},{"damage":8,"enemies":"Gremlin Gang","floor":5,"turns":4},{"damage":3,"enemies":"Gremlin Nob","floor":7,"turns":3},{"damage":6,"enemies":"3 Sentries","floor":10,"turns":9},{"damage":2,"enemies":"Blue Slaver","floor":11,"turns":3},{"damage":5,"enemies":"Red Slaver","floor":12,"turns":3},{"damage":0,"enemies":"Lagavulin","floor":14,"turns":4},{"damage":15,"enemies":"The Guardian","floor":16,"turns":8},{"damage":6,"enemies":"Spheric Guardian","floor":18,"turns":3},{"damage":9,"enemies":"Shell Parasite","floor":21,"turns":4},{"damage":14,"enemies":"Cultist and Chosen","floor":22,"turns":4},{"damage":14,"enemies":"Book of Stabbing","floor":23,"turns":4},{"damage":47,"enemies":"Gremlin Leader","floor":25,"turns":6},{"damage":12,"enemies":"Book of Stabbing","floor":29,"turns":5},{"damage":0,"enemies":"Centurion and Healer","floor":30,"turns":7},{"damage":0,"enemies":"Snecko","floor":31,"turns":5},{"damage":23,"enemies":"Automaton","floor":33,"turns":9},{"damage":7,"enemies":"3 Darklings","floor":35,"turns":5},{"damage":0,"enemies":"3 Shapes","floor":37,"turns":2},{"damage":5,"enemies":"Jaw Worm Horde","floor":39,"turns":3},{"damage":0,"enemies":"Reptomancer","floor":40,"turns":6},{"damage":9,"enemies":"Spire Growth","floor":41,"turns":5},{"damage":0,"enemies":"Transient","floor":42,"turns":5},{"damage":0,"enemies":"Sphere and 2 Shapes","floor":44,"turns":6},{"damage":0,"enemies":"Nemesis","floor":45,"turns":5},{"damage":54,"enemies":"Awakened One","floor":50,"turns":15},{"damage":55,"enemies":"Shield and Spear","floor":54,"turns":7},{"damage":41,"enemies":"The Heart","floor":55,"turns":10}],"seed_played":"-2979111319917002552","potions_obtained":[{"floor":3,"key":"Block Potion"},{"floor":4,"key":"LiquidMemories"},{"floor":5,"key":"Strength Potion"},{"floor":10,"key":"DistilledChaos"},{"floor":11,"key":"SkillPotion"},{"floor":22,"key":"BlessingOfTheForge"},{"floor":25,"key":"Weak Potion"},{"floor":30,"key":"Fire Potion"},{"floor":37,"key":"Fire Potion"},{"floor":54,"key":"Strength Potion"}],"is_trial":false,"path_per_floor":["M","M","M","M","M","R","E","?","T","E","M","M","?","E","R","B",null,"M","$","?","M","M","E","R","E","T","R","?","E","M","M","R","B",null,"M","?","M","$","M","E","M","M","T","M","E","$","R","$","R","B",null,"R","$","E","B",null],"character_chosen":"DEFECT","items_purchased":["DataDisk","Core Surge","Static Discharge","Runic Capacitor","Capacitor+1","Glacier","Loop+1","DollysMirror","Chaos+1","LiquidMemories"],"campfire_rested":3,"item_purchase_floors":[19,19,19,38,38,38,46,53,53,53],"current_hp_per_floor":[53,52,52,50,42,42,39,32,32,26,24,19,4,4,4,14,75,69,69,69,60,46,32,54,7,7,29,15,3,3,3,27,29,80,73,73,73,73,68,68,59,59,59,59,59,59,59,59,59,26,80,80,80,25,11],"gold":31,"neow_bonus":"ONE_RARE_RELIC","is_daily":false,"chose_seed":false,"campfire_upgraded":4,"win_rate":0.0,"timestamp":1607957220,"path_taken":["M","M","M","?","M","R","E","?","T","E","M","M","?","E","R","BOSS","M","$","?","M","?","E","R","E","T","R","?","E","M","M","R","BOSS","M","?","M","$","M","E","M","M","T","?","E","$","R","$","R","BOSS","R","$","E","BOSS"],"items_purchased_type":["Relic","Card","Card","Relic","Card","Card","Card","Relic","Card","Potion"],"build_version":"2020-12-13","purchased_purges":2,"victory":true,"max_hp_per_floor":[75,75,75,75,75,75,75,75,75,75,75,75,75,75,75,75,75,75,75,75,75,75,75,75,75,75,75,80,80,80,80,80,80,80,80,80,80,80,80,80,80,80,80,80,80,80,80,80,80,80,80,80,80,80,80],"relic_stats":{"Regal Pillow":0,"Happy Flower":[44],"counters":[31,165],"PreservedInsect":115,"Whetstone":["Beam Cell","Strike_B"],"Boot":[114],"MawBank":156,"WarpedTongs":[112],"Blood Vial":2,"Busted Crown":18,"Ornamental Fan":[152],"Pantograph":96,"Black Star":6,"Kunai":[25],"obtain_stats":[{"Lantern":9,"Regal Pillow":45,"Runic Capacitor":38,"Whetstone":54,"Boot":7,"Blood Vial":54,"DollysMirror":53,"Pantograph":14,"Kunai":40,"Toxic Egg 2":45,"Cracked Core":0,"Happy Flower":10,"PreservedInsect":40,"Omamori":23,"Frozen Egg 2":29,"MawBank":25,"Akabeko":23,"White Beast Statue":43,"WarpedTongs":20,"CaptainsWheel":0,"DataDisk":19,"Anchor":29,"Busted Crown":34,"Ornamental Fan":25,"Black Star":17},{"Lantern":6,"Regal Pillow":28,"Runic Capacitor":22,"Whetstone":30,"Boot":6,"Blood Vial":30,"DollysMirror":29,"Pantograph":10,"Kunai":24,"Toxic Egg 2":28,"Cracked Core":0,"Happy Flower":7,"PreservedInsect":24,"Omamori":15,"Frozen Egg 2":17,"MawBank":16,"Akabeko":15,"White Beast Statue":26,"WarpedTongs":12,"CaptainsWheel":0,"DataDisk":12,"Anchor":17,"Busted Crown":20,"Ornamental Fan":16,"Black Star":11},{"Lantern":22,"Regal Pillow":133,"Runic Capacitor":103,"Whetstone":155,"Boot":22,"Blood Vial":155,"DollysMirror":148,"Pantograph":41,"Kunai":112,"Toxic Egg 2":133,"Cracked Core":0,"Happy Flower":31,"PreservedInsect":112,"Omamori":64,"Frozen Egg 2":75,"MawBank":70,"Akabeko":64,"White Beast Statue":122,"WarpedTongs":52,"CaptainsWheel":0,"DataDisk":52,"Anchor":75,"Busted Crown":96,"Ornamental Fan":70,"Black Star":49}]},"card_choices":[{"not_picked":["Beam Cell","Double Energy"],"picked":"Coolheaded","floor":1},{"not_picked":["Sweeping Beam","Turbo"],"picked":"White Noise","floor":2},{"not_picked":["Blizzard","Aggregate"],"picked":"Cold Snap","floor":3},{"not_picked":["Stack","Reprogram"],"picked":"Beam Cell","floor":4},{"not_picked":["Hologram","Reboot"],"picked":"Gash","floor":5},{"not_picked":["Conserve Battery","Turbo"],"picked":"Sweeping Beam","floor":7},{"not_picked":["FTL","Beam Cell"],"picked":"Doom and Gloom","floor":10},{"not_picked":["Conserve Battery","Steam Power"],"picked":"Defragment","floor":11},{"not_picked":["Compile Driver","Turbo"],"picked":"Ball Lightning","floor":12},{"not_picked":["Steam Power","Rebound","Recycle"],"picked":"SKIP","floor":14},{"not_picked":["Reboot","Rainbow"],"picked":"Echo Form","floor":16},{"not_picked":["Scrape","FTL"],"picked":"Sweeping Beam","floor":18},{"not_picked":["Darkness","Reprogram"],"picked":"Gash","floor":21},{"not_picked":["Turbo+1","Ball Lightning+1"],"picked":"Lockon+1","floor":22},{"not_picked":["Beam Cell","Go for the Eyes"],"picked":"Buffer","floor":23},{"not_picked":["Genetic Algorithm","Go for the Eyes"],"picked":"Auto Shields","floor":25},{"not_picked":["Barrage","Rebound"],"picked":"Coolheaded","floor":29},{"not_picked":["Auto Shields","Stack"],"picked":"Coolheaded","floor":30},{"not_picked":["Rip and Tear","Barrage"],"picked":"Cold Snap","floor":31},{"not_picked":["Reboot","Machine Learning+1"],"picked":"Echo Form+1","floor":33},{"not_picked":[],"picked":"Recycle+1","floor":35},{"not_picked":["Stack"],"picked":"SKIP","floor":37},{"not_picked":[],"picked":"Fusion+1","floor":39},{"not_picked":["Turbo+1"],"picked":"SKIP","floor":40},{"not_picked":["Turbo+1"],"picked":"SKIP","floor":41},{"not_picked":[],"picked":"Buffer+1","floor":42},{"not_picked":[],"picked":"Melter+1","floor":44},{"not_picked":[],"picked":"BootSequence+1","floor":45},{"not_picked":["Rebound+1"],"picked":"SKIP","floor":54}],"player_experience":641619,"relics_obtained":[{"floor":7,"key":"Boot"},{"floor":9,"key":"Lantern"},{"floor":10,"key":"Happy Flower"},{"floor":14,"key":"Pantograph"},{"floor":23,"key":"Akabeko"},{"floor":23,"key":"Omamori"},{"floor":25,"key":"MawBank"},{"floor":25,"key":"Ornamental Fan"},{"floor":29,"key":"Anchor"},{"floor":29,"key":"Frozen Egg 2"},{"floor":40,"key":"PreservedInsect"},{"floor":40,"key":"Kunai"},{"floor":43,"key":"White Beast Statue"},{"floor":45,"key":"Regal Pillow"},{"floor":45,"key":"Toxic Egg 2"},{"floor":54,"key":"Whetstone"},{"floor":54,"key":"Blood Vial"}],"event_choices":[{"cards_removed":["Strike_B"],"damage_healed":0,"gold_gain":0,"player_choice":"Card Removal","damage_taken":7,"max_hp_gain":0,"max_hp_loss":0,"event_name":"Golden Wing","floor":8,"gold_loss":0},{"damage_healed":0,"gold_gain":0,"player_choice":"Entered Light","damage_taken":15,"max_hp_gain":0,"max_hp_loss":0,"event_name":"Shining Light","floor":13,"gold_loss":0,"cards_upgraded":["Defend_B","Strike_B"]},{"damage_healed":0,"gold_gain":0,"player_choice":"Rummage","damage_taken":0,"relics_obtained":["WarpedTongs"],"max_hp_gain":0,"max_hp_loss":0,"event_name":"Accursed Blacksmith","floor":20,"gold_loss":0,"cards_obtained":["Pain"]},{"damage_healed":0,"gold_gain":0,"player_choice":"Shed Blood","damage_taken":19,"max_hp_gain":5,"max_hp_loss":0,"event_name":"Forgotten Altar","floor":28,"gold_loss":0},{"cards_removed":["Echo Form"],"damage_healed":0,"gold_gain":0,"player_choice":"Took Card","damage_taken":0,"max_hp_gain":0,"max_hp_loss":0,"event_name":"NoteForYourself","floor":36,"gold_loss":0,"cards_obtained":["Caltrops"]}],"is_beta":false,"boss_relics":[{"not_picked":["Runic Dome","Cursed Key"],"picked":"Black Star"},{"not_picked":["Empty Cage","Velvet Choker"],"picked":"Busted Crown"}],"items_purged_floors":[19,38],"is_endless":false,"potions_floor_spawned":[3,4,5,10,11,22,25,30,37,39,44,45,54],"ascension_level":1}}