{"host":"7z9w9s73v2jobm2z","time":1607956819,"event":{"mods":["AchievementEnabler","BaseMod","Colored Map","Colored Powertips","Custom Start","Minty Spire (QoL Compilation)","Quick Restart","Rare Cards Sparkle","Relic Stats","StSLib"],"gold_per_floor":[119,119,143,46,66,102,117,42,90,90,113,113,128,147,147,278,278,296,309,333,45,65,65,65,65],"floor_reached":24,"playtime":800,"items_purged":["Noxious Fumes","Outmaneuver"],"score":200,"play_id":"360001b5-3d32-401d-9fa9-3f6d587cc4a6","local_time":"20201214094019","is_ascension_mode":false,"campfire_choices":[{"floor":12.0,"key":"REST"},{"floor":15.0,"key":"REST"},{"floor":23,"key":"REST"}],"circlet_count":0,"master_deck":["Survivor","Neutralize","Phantasmal Killer","Dagger Throw","Dagger Throw","Underhanded Strike","Heel Hook","Footwork","Accuracy","Accuracy","Accuracy","Blade Dance","Setup","Storm of Steel","Backstab","Panache"],"relics":["Pandora\u0027s Box","Golden Idol","Pen Nib","Potion Belt","Tiny Chest","SacredBark"],"acts_visited":["Exordium","TheCity"],"potions_floor_usage":[20],"damage_taken":[{"damage":3.0,"enemies":"Jaw Worm","floor":1.0,"turns":2.0},{"damage":10.0,"enemies":"Small Slimes","floor":5.0,"turns":3.0},{"damage":18.0,"enemies":"3 Sentries","floor":6.0,"turns":3.0},{"damage":6.0,"enemies":"Cultist","floor":7.0,"turns":3.0},{"damage":13.0,"enemies":"Gremlin Gang","floor":11.0,"turns":3.0},{"damage":4.0,"enemies":"Exordium Thugs","floor":13.0,"turns":3.0},{"damage":12.0,"enemies":"Blue Slaver","floor":14.0,"turns":2.0},{"damage":26.0,"enemies":"The Guardian","floor":16.0,"turns":5.0},{"damage":2.0,"enemies":"Chosen","floor":18.0,"turns":3.0},{"damage":22,"enemies":"Shell Parasite","floor":19,"turns":3},{"damage":0,"enemies":"Snecko","floor":20,"turns":3},{"damage":42,"enemies":"Snake Plant","floor":22,"turns":3},{"damage":29,"enemies":"Shelled Parasite and Fungi","floor":24,"turns":2}],"seed_played":"-5006531099613006879","potions_obtained":[{"floor":5.0,"key":"LiquidMemories"},{"floor":11.0,"key":"Weak Potion"},{"floor":13.0,"key":"EssenceOfSteel"},{"floor":14.0,"key":"Swift Potion"},{"floor":19,"key":"SkillPotion"},{"floor":20,"key":"Fire Potion"},{"floor":22,"key":"SmokeBomb"}],"is_trial":false,"path_per_floor":["M","?","T","$","M","E","M","$","T","?","M","R","M","M","R","B",null,"M","M","M","$","M","R","M"],"character_chosen":"THE_SILENT","items_purchased":["Accuracy","Blade Dance","Panache"],"campfire_rested":3,"item_purchase_floors":[4,4,21],"current_hp_per_floor":[67,50,50,50,40,22,16,16,16,16,3,24,20,8,29,3,70,68,46,46,46,4,25,0,0],"gold":65,"neow_bonus":"BOSS_RELIC","is_daily":false,"chose_seed":false,"campfire_upgraded":0,"win_rate":0.0,"timestamp":1607956819,"path_taken":["M","?","?","?","?","E","M","$","T","?","M","R","M","M","R","BOSS","M","M","M","$","M","R","M"],"items_purchased_type":["Card","Card","Card"],"build_version":"2020-11-30","purchased_purges":2,"victory":false,"max_hp_per_floor":[70,70,70,70,70,70,70,70,70,70,70,70,70,70,70,70,70,70,70,70,70,70,70,70,70],"relic_stats":{"counters":[13,38],"Golden Idol":68,"Pandora\u0027s Box":["Outmaneuver","Noxious Fumes","Phantasmal Killer","Dagger Throw","Dagger Throw","Envenom","Underhanded Strike","Heel Hook","Footwork","Accuracy"],"Tiny Chest":0,"Pen Nib":[8],"obtain_stats":[{"Potion Belt":6,"Golden Idol":2,"SacredBark":17,"Pandora\u0027s Box":0,"Tiny Chest":9,"Pen Nib":3,"Ring of the Snake":0},{"Potion Belt":3,"Golden Idol":1,"SacredBark":8,"Pandora\u0027s Box":0,"Tiny Chest":4,"Pen Nib":1,"Ring of the Snake":0},{"Potion Belt":8,"Golden Idol":2,"SacredBark":24,"Pandora\u0027s Box":0,"Tiny Chest":11,"Pen Nib":2,"Ring of the Snake":0}]},"card_choices":[{"not_picked":["Blade Dance","Flechettes"],"picked":"Accuracy","floor":1.0},{"not_picked":["Prepared","Reflex","Riddle With Holes"],"picked":"SKIP","floor":5.0},{"not_picked":["Slice","Outmaneuver"],"picked":"Setup","floor":6.0},{"not_picked":["Tactician","Deadly Poison","All Out Attack"],"picked":"SKIP","floor":7.0},{"not_picked":["Slice","Bane","Flying Knee"],"picked":"SKIP","floor":11.0},{"not_picked":["Bane","Deadly Poison","Slice"],"picked":"SKIP","floor":13.0},{"not_picked":["Dodge and Roll","Deflect","Sucker Punch"],"picked":"SKIP","floor":14.0},{"not_picked":["Wraith Form v2","Venomology"],"picked":"Storm of Steel","floor":16.0},{"not_picked":["Deflect","PiercingWail","Outmaneuver"],"picked":"SKIP","floor":18.0},{"not_picked":["Escape Plan","Poisoned Stab","Envenom"],"picked":"SKIP","floor":19},{"not_picked":["Dagger Throw","Bane"],"picked":"Backstab","floor":20},{"not_picked":["Slice","Dagger Spray","Underhanded Strike"],"picked":"SKIP","floor":22}],"player_experience":416247,"relics_obtained":[{"floor":3.0,"key":"Pen Nib"},{"floor":6.0,"key":"Potion Belt"},{"floor":9.0,"key":"Tiny Chest"}],"event_choices":[{"damage_healed":0.0,"max_hp_gain":0.0,"max_hp_loss":0.0,"gold_gain":0.0,"event_name":"Golden Idol","player_choice":"Take Damage","floor":2.0,"gold_loss":0.0,"damage_taken":17.0,"relics_obtained":["Golden Idol"]},{"cards_removed":["Envenom"],"damage_healed":0.0,"max_hp_gain":0.0,"max_hp_loss":0.0,"gold_gain":0.0,"event_name":"Living Wall","player_choice":"Forget","floor":10.0,"gold_loss":0.0,"damage_taken":0.0}],"is_beta":false,"boss_relics":[{"not_picked":["Cursed Key","Calling Bell"],"picked":"SacredBark"}],"items_purged_floors":[8,21],"is_endless":false,"potions_floor_spawned":[5,11,13,14,19,20,22],"killed_by":"Shelled Parasite and Fungi","ascension_level":0}}