{"host":"1","time":1607947423,"event":{"mods":["Act Like it!","BaseMod","Better Third Choice","Hubris","Jorbs\u0027s Wanderer Trilogy","Minty Spire (QoL Compilation)","Replay The Spire","Shade Mod","StSLib","The Cursed","The Mystic","Wandering Minibosses"],"gold_per_floor":[209,223,223,288,308,308,322,322,322,333,333,333,359,359,359,464,464,389,405,405,65,65,65],"floor_reached":22,"playtime":842,"items_purged":[],"score":191,"play_id":"9160a965-7c3e-40f3-86a7-29a7e0014343","local_time":"20201214150343","is_ascension_mode":true,"campfire_choices":[{"data":"BasicCrystalCard","floor":6,"key":"SMITH"},{"floor":8,"key":"RECALL"},{"floor":11,"key":"REST"},{"floor":15,"key":"REST"}],"circlet_count":0,"master_deck":["Strike_B","Strike_B","Strike_B","Strike_B","Defend_B","Defend_B","Defend_B","Defend_B","Zap","Dualcast","Leap","BasicCrystalCard+1","ReplayTheSpireMod:System Scan+1","Defragment","Heatsinks","Stack","Creative AI","Amplify","stsjorbsmod:Withering","Storm"],"relics":["Cracked Core","hubris:Towel","Replay:Bottled Snecko","Happy Flower","SlaversCollar","hubris:Metronome","Toolbox"],"acts_visited":["Exordium","TheCity"],"potions_floor_usage":[13,13,13,13,13,13,16,22,22],"damage_taken":[{"damage":1,"enemies":"Jaw Worm","floor":1,"turns":3},{"damage":0,"enemies":"Small Slimes","floor":2,"turns":3},{"damage":0,"enemies":"2 Louse","floor":5,"turns":2},{"damage":4,"enemies":"2 Fungi Beasts","floor":7,"turns":4},{"damage":16,"enemies":"3 Louse","floor":10,"turns":4},{"damage":14,"enemies":"Gremlin Nob","floor":13,"turns":4},{"damage":43,"enemies":"The Guardian","floor":16,"turns":14},{"damage":41,"enemies":"2 Thieves","floor":18,"turns":5},{"damage":34,"enemies":"Chosen","floor":19,"turns":6},{"damage":10,"enemies":"3 Cultists","floor":22,"turns":3}],"seed_played":"963133965039272203","potions_obtained":[{"floor":1,"key":"Ancient Potion"},{"floor":4,"key":"EntropicBrew"},{"floor":5,"key":"Venom Potion"},{"floor":10,"key":"Weak Potion"},{"floor":13,"key":"BlessingOfTheForge"},{"floor":19,"key":"FearPotion"}],"is_trial":false,"path_per_floor":["M","M","?","?","M","R","M","R","T","M","R","?","E","?","R","B",null,"M","M","?","$","M"],"character_chosen":"DEFECT","items_purchased":["Storm","Toolbox","BlessingOfTheForge","Adrenaline Potion"],"campfire_rested":2,"item_purchase_floors":[21,21,21,21],"current_hp_per_floor":[74,74,74,44,44,44,40,40,40,24,46,51,37,37,61,18,80,39,5,5,5,0,0],"gold":65,"neow_bonus":"HUNDRED_GOLD","is_daily":false,"chose_seed":false,"campfire_upgraded":1,"win_rate":0.0,"timestamp":1607947423,"path_taken":["M","M","?","?","M","R","M","R","T","M","R","?","E","?","R","BOSS","M","M","?","$","M"],"items_purchased_type":["Card","Relic","Potion","Potion"],"build_version":"2020-11-17","purchased_purges":0,"victory":false,"max_hp_per_floor":[75,75,75,75,75,75,75,75,75,75,75,80,80,80,80,80,80,80,80,80,80,80,80],"card_choices":[{"not_picked":["Cold Snap","Rebound"],"picked":"Leap","floor":1},{"not_picked":["Coolheaded","Rebound"],"picked":"BasicCrystalCard","floor":2},{"not_picked":["Leap","Ball Lightning"],"picked":"ReplayTheSpireMod:System Scan","floor":4},{"not_picked":["Hologram","Coolheaded"],"picked":"Defragment","floor":5},{"not_picked":["Redo","ReplayTheSpireMod:Repulse"],"picked":"Heatsinks","floor":7},{"not_picked":["Cold Snap","Panic Button"],"picked":"Stack","floor":10},{"not_picked":["Rebound","ReplaySort","Steam"],"picked":"SKIP","floor":13},{"not_picked":["Core Surge","Thunder Strike"],"picked":"Creative AI","floor":16},{"not_picked":["Compile Driver","Barrage","Force Field"],"picked":"SKIP","floor":18},{"not_picked":["BasicCrystalCard+1","Loop"],"picked":"Amplify","floor":19}],"player_experience":68405,"relics_obtained":[{"floor":4,"key":"Replay:Bottled Snecko"},{"floor":13,"key":"Happy Flower"}],"event_choices":[{"damage_healed":0,"gold_gain":0,"player_choice":"Donut","damage_taken":0,"max_hp_gain":5,"max_hp_loss":0,"event_name":"Big Fish","floor":12,"gold_loss":0}],"is_beta":true,"boss_relics":[{"not_picked":["FrozenCore","Runic Dome"],"picked":"SlaversCollar"}],"items_purged_floors":[],"is_endless":false,"potions_floor_spawned":[1,5,10,13,19],"killed_by":"3 Cultists","ascension_level":1}}