{"host":"lqtll83nun4jn4k7","time":1607916738,"event":{"mods":["BaseMod","Challenge The Spire","Colored Map","Colored Powertips","Downfall","Highlight Path","KinomotoSakuraMod(Ä¾Ö®±¾Ó£)","Minty Spire (QoL Compilation)","Prisma Mod","Quick Restart","StSLib","SuperFastMode","The Bug Knight","Waifu the Spire"],"gold_per_floor":[99,117,134,194,119,149,176,176,176,101,251,61,61,61,75,176,176,176,188,222,222,222,222,222],"floor_reached":23,"playtime":2297,"items_purged":["Outmaneuver","Slimebound:Icky"],"score":233,"play_id":"ff7dbfca-633c-490d-b1b1-d91283b0fcd8","local_time":"20201214113218","is_ascension_mode":true,"campfire_choices":[{"floor":1.0,"key":"RECALL"},{"data":"expansioncontent:DonusPower","floor":5.0,"key":"SMITH"},{"floor":10.0,"key":"REST"},{"data":"PrismaMod:ChloeAnyAttackTrace","floor":18.0,"key":"SMITH"}],"circlet_count":0,"master_deck":["PrismaMod:ChloeCommonAttack","PrismaMod:ChloeCommonAttack","PrismaMod:ChloeCommonAttack","PrismaMod:ChloeCommonAttack","PrismaMod:ChloeCommonDefend","PrismaMod:ChloeCommonDefend","PrismaMod:ChloeCommonDefend","PrismaMod:ChloeCommonDefend","PrismaMod:ChloeCommonDefend","PrismaMod:ChloeCheapAttack","PrismaMod:ChloeCheapDefend","expansioncontent:DonusPower+1","PrismaMod:ChloeAnyCommonTrace","PrismaMod:ChloeAnyPowerTrace+1","PrismaMod:ChloeAnyAttackTrace+1","PrismaMod:ChloeCommonAOEAttack+1"],"relics":["PrismaMod:PrismaTraceOn","downfall:HeartBlessingRed","Meat on the Bone","Juzu Bracelet","downfall:HeartBlessingGreen","SlaversCollar","Anchor","Bronze Scales"],"acts_visited":["Exordium","TheCity"],"potions_floor_usage":[23],"damage_taken":[{"damage":2.0,"enemies":"Small Slimes","floor":2.0,"turns":5.0},{"damage":0.0,"enemies":"2 Louse","floor":3.0,"turns":2.0},{"damage":19.0,"enemies":"3 Sentries","floor":4.0,"turns":7.0},{"damage":52.0,"enemies":"3 Sentries","floor":6.0,"turns":11.0},{"damage":0.0,"enemies":"downfall:FleeingMerchant","floor":12.0,"turns":4.0},{"damage":0.0,"enemies":"Cultist","floor":15.0,"turns":4.0},{"damage":97.0,"enemies":"downfall:Silent","floor":16.0,"turns":15.0},{"damage":7.0,"enemies":"Shell Parasite","floor":19.0,"turns":5.0},{"damage":37.0,"enemies":"Gremlin Leader","floor":20.0,"turns":6.0},{"damage":63,"enemies":"Cultist and Chosen","floor":23,"turns":6}],"seed_played":"-5371576401112128226","potions_obtained":[{"floor":3.0,"key":"Guardian:BlockOnCardUsePotion"},{"floor":4.0,"key":"champ:CounterPotion"},{"floor":6.0,"key":"FearPotion"},{"floor":19.0,"key":"champ:CounterPotion"},{"floor":22.0,"key":"Regen Potion"},{"floor":22.0,"key":"LiquidMemories"}],"is_trial":false,"path_per_floor":["R","M","M","?","R","E","T","?","?","R","?","$","?","?","M","B",null,"R","M","E","?","?","M"],"character_chosen":"CHLOE","items_purchased":[],"campfire_rested":1,"item_purchase_floors":[],"current_hp_per_floor":[75,73,73,54,54,2,2,2,2,24,24,36,36,36,48,32,75,75,68,42,42,42,0,0],"gold":222,"neow_bonus":"RANDOM_COLORLESS","is_daily":false,"chose_seed":false,"campfire_upgraded":2,"win_rate":0.0,"timestamp":1607916738,"path_taken":["R","M","M","?","R","E","T","?","?","R","?","$","?","?","M","BOSS","R","M","E","?","?","M"],"items_purchased_type":[],"build_version":"2020-12-13","purchased_purges":2,"victory":false,"max_hp_per_floor":[75,75,75,75,75,75,75,75,75,75,75,75,75,75,75,75,75,75,75,75,75,75,75,75],"card_choices":[{"not_picked":["expansioncontent:FaceSlap","Swift Strike"],"picked":"expansioncontent:DonusPower","floor":0.0},{"not_picked":["PrismaMod:ChloeExhaustOne","PrismaMod:ChloeDiscardRecovery","PrismaMod:ChloeCommonAOEAttack"],"picked":"SKIP","floor":2.0},{"not_picked":["PrismaMod:ChloeCheapAttackTwo","PrismaMod:ChloeCheapDefendTwo","PrismaMod:ChloeExhaustOne"],"picked":"SKIP","floor":3.0},{"not_picked":["PrismaMod:ChloeCheapDefendTwo","PrismaMod:ChloeCheapAttack","PrismaMod:ChloeCheapDefend"],"picked":"SKIP","floor":6.0},{"not_picked":["PrismaMod:ChloeEyeOfTheEuryale","PrismaMod:ChloeRitsuka"],"picked":"PrismaMod:ChloeAnyPowerTrace","floor":12.0},{"not_picked":["PrismaMod:ChloeCheapDefend","PrismaMod:ChloeExhaustOne","PrismaMod:ChloeCheapAttackTwo"],"picked":"SKIP","floor":15.0},{"not_picked":["PrismaMod:ChloeAnyPowerTrace","PrismaMod:ChloeGreatTracePools"],"picked":"PrismaMod:ChloeAnyAttackTrace","floor":16.0},{"not_picked":["PrismaMod:ChloeCheapDefendTwo","PrismaMod:ChloeBetterTracePools"],"picked":"PrismaMod:ChloeCommonAOEAttack+1","floor":19.0},{"not_picked":["PrismaMod:ChloeDemonicTutor","PrismaMod:ChloeCheapAttackTwo","PrismaMod:ChloeExhaustTwo+1"],"picked":"SKIP","floor":20.0}],"player_experience":629819,"relics_obtained":[{"floor":4.0,"key":"Ornamental Fan"},{"floor":6.0,"key":"Meat on the Bone"},{"floor":7.0,"key":"Juzu Bracelet"},{"floor":20.0,"key":"Anchor"}],"event_choices":[{"damage_healed":0.0,"max_hp_gain":0.0,"max_hp_loss":0.0,"gold_gain":0.0,"event_name":"Living Wall","player_choice":"Grow","floor":14.0,"gold_loss":0.0,"damage_taken":0.0,"cards_upgraded":["PrismaMod:ChloeAnyPowerTrace"]},{"damage_healed":0.0,"max_hp_gain":0.0,"max_hp_loss":0.0,"gold_gain":0.0,"event_name":"Lab","player_choice":"Got Potions","floor":22.0,"gold_loss":0.0,"damage_taken":0.0}],"is_beta":false,"boss_relics":[{"not_picked":["Fusion Hammer","Calling Bell"],"picked":"SlaversCollar"}],"items_purged_floors":[12,12],"is_endless":false,"potions_floor_spawned":[3,4,6,19],"killed_by":"Cultist and Chosen","ascension_level":3}}