{"host":"8eddgt5t5e8es31j","time":1607960801,"event":{"mods":["2.2 Compatiblity","AchievementEnabler","BaseMod","Downfall","Hermit","Hubris","Infinite Spire","Minty Spire (QoL Compilation)","Quick Restart","Replay The Spire","StSLib","Thieving Mod"],"gold_per_floor":[109,126,143,143,156,156,172,207,261,261,261],"floor_reached":10,"playtime":304,"items_purged":[],"score":74,"play_id":"cfc10fae-12a1-46b1-9f18-af43e9eb2743","local_time":"20201214094641","is_ascension_mode":true,"campfire_choices":[{"data":"Offering","floor":6,"key":"SMITH"}],"circlet_count":0,"master_deck":["Strike_R","Strike_R","Strike_R","Strike_R","Strike_R","Defend_R","Defend_R","Defend_R","Defend_R","Bash","Fire Breathing","Offering+1","Flex"],"relics":["Burning Blood","NeowsBlessing","Replay:Kaleidoscope","Gremlin Food"],"acts_visited":["Exordium"],"potions_floor_usage":[8],"damage_taken":[{"damage":0,"enemies":"Cultist","floor":1,"turns":1},{"damage":0,"enemies":"Jaw Worm","floor":2,"turns":1},{"damage":0,"enemies":"infinitespire:Voidling","floor":3,"turns":1},{"damage":14,"enemies":"2 Fungi Beasts","floor":5,"turns":4},{"damage":19,"enemies":"3 Louse","floor":7,"turns":4},{"damage":36,"enemies":"3 Sentries","floor":8,"turns":5},{"damage":12,"enemies":"Replay:BlueRogue","floor":10,"turns":3}],"seed_played":"-7876435854673915295","potions_obtained":[{"floor":2,"key":"Energy Potion"},{"floor":3,"key":"EssenceOfSteel"},{"floor":5,"key":"SkillPotion"}],"is_trial":false,"path_per_floor":["M","M","M","?","M","R","M","E","T","E"],"character_chosen":"IRONCLAD","items_purchased":[],"campfire_rested":0,"item_purchase_floors":[],"current_hp_per_floor":[80,80,80,80,72,72,59,29,29,17,17],"gold":261,"neow_bonus":"THREE_ENEMY_KILL","is_daily":false,"chose_seed":false,"campfire_upgraded":1,"win_rate":0.0,"timestamp":1607960801,"path_taken":["M","M","M","?","M","R","?","E","T","E"],"items_purchased_type":[],"build_version":"2020-12-13","purchased_purges":0,"victory":false,"max_hp_per_floor":[80,80,80,80,80,80,80,80,80,80,80],"card_choices":[{"not_picked":["Anger","ReplayTheSpireMod:Strike From Hell","Headbutt"],"picked":"SKIP","floor":1},{"not_picked":["Perfected Strike","Headbutt","Wild Strike"],"picked":"SKIP","floor":2},{"not_picked":["Shrug It Off","Life Link","Warcry"],"picked":"SKIP","floor":3},{"not_picked":["Bludgeon","ReplayTheSpireMod:Strike From Hell","Iron Wave"],"picked":"SKIP","floor":5},{"not_picked":["Thunderclap","Shockwave"],"picked":"Flex","floor":7},{"not_picked":["Dark Embrace","Perfected Strike","ReplayTheSpireMod:LeadingStrike"],"picked":"SKIP","floor":8}],"player_experience":43086,"relics_obtained":[{"floor":8,"key":"Replay:Kaleidoscope"},{"floor":9,"key":"Gremlin Food"}],"event_choices":[{"damage_healed":0,"gold_gain":0,"player_choice":"2 cards matched","damage_taken":0,"max_hp_gain":0,"max_hp_loss":0,"event_name":"Match and Keep!","floor":4,"gold_loss":0,"cards_obtained":["Fire Breathing","Offering"]}],"is_beta":false,"boss_relics":[],"items_purged_floors":[],"is_endless":false,"potions_floor_spawned":[2,3,5],"killed_by":"Replay:BlueRogue","ascension_level":1}}