{"host":"1tl36azeqm6yhdgj","time":1607947544,"event":{"mods":["AchievementEnabler","BaseMod","Minty Spire (QoL Compilation)","StSLib","The IronCluck","everything is the same but u backflip on backflip"],"gold_per_floor":[113,123,123,123,123,137,171,121,148,148,148,148,21,32,32,32,32],"floor_reached":16,"playtime":333,"items_purged":[],"score":167,"play_id":"2c172ce5-acb0-4312-a0e4-a651c8f80920","local_time":"20201214070544","is_ascension_mode":true,"campfire_choices":[{"data":"Searing Blow","floor":10.0,"key":"SMITH"},{"data":"Uppercut","floor":12,"key":"SMITH"},{"data":"Pommel Strike","floor":15,"key":"SMITH"}],"circlet_count":0,"master_deck":["AscendersBane","Strike_R","Strike_R","Strike_R","Strike_R","Defend_R","Defend_R","Defend_R","Defend_R","Bash","Searing Blow+1","Uppercut+1","Fiend Fire","Carnage","Rage","Fire Breathing","Pommel Strike+1"],"relics":["Burning Blood","NeowsBlessing","Toy Ornithopter","Peace Pipe"],"acts_visited":["Exordium"],"potions_floor_usage":[11],"damage_taken":[{"damage":0.0,"enemies":"Jaw Worm","floor":1.0,"turns":1.0},{"damage":0.0,"enemies":"Small Slimes","floor":2.0,"turns":1.0},{"damage":0.0,"enemies":"2 Louse","floor":6.0,"turns":1.0},{"damage":43.0,"enemies":"Gremlin Nob","floor":7.0,"turns":5.0},{"damage":0,"enemies":"Lagavulin","floor":11,"turns":1},{"damage":19,"enemies":"Exordium Thugs","floor":14,"turns":5},{"damage":44,"enemies":"The Guardian","floor":16,"turns":8}],"seed_played":"-2283730017980330222","potions_obtained":[{"floor":6.0,"key":"SmokeBomb"}],"is_trial":false,"path_per_floor":["M","M","?","?","?","M","E","?","T","R","E","R","$","M","R","B"],"character_chosen":"IRONCLAD","items_purchased":["Fire Breathing","BlessingOfTheForge"],"campfire_rested":0,"item_purchase_floors":[13,13],"current_hp_per_floor":[78,80,80,80,80,80,43,43,43,43,54,54,54,41,41,0,0],"gold":32,"neow_bonus":"THREE_ENEMY_KILL","is_daily":false,"chose_seed":false,"campfire_upgraded":3,"win_rate":0.0,"timestamp":1607947544,"path_taken":["M","M","?","?","?","M","E","?","T","R","E","R","?","?","R","BOSS"],"items_purchased_type":["Card","Potion"],"build_version":"2020-12-13","purchased_purges":0,"victory":false,"max_hp_per_floor":[80,80,80,80,80,80,80,80,80,80,80,80,80,80,80,80,80],"card_choices":[{"not_picked":["Body Slam","Clothesline"],"picked":"Searing Blow","floor":1.0},{"not_picked":["Clothesline","Armaments"],"picked":"Uppercut","floor":2.0},{"not_picked":["Body Slam","Havoc"],"picked":"Carnage","floor":6.0},{"not_picked":["Twin Strike","Flex"],"picked":"Rage","floor":7.0},{"not_picked":["Cleave","Rupture"],"picked":"Pommel Strike","floor":14}],"player_experience":1923795,"relics_obtained":[{"floor":7.0,"key":"Peace Pipe"}],"event_choices":[{"damage_healed":0.0,"max_hp_gain":0.0,"max_hp_loss":0.0,"gold_gain":0.0,"event_name":"Shining Light","player_choice":"Ignored","floor":3.0,"gold_loss":0.0,"damage_taken":0.0},{"damage_healed":0.0,"max_hp_gain":0.0,"max_hp_loss":0.0,"gold_gain":0.0,"cards_transformed":["Strike_R"],"event_name":"Living Wall","player_choice":"Change","floor":4.0,"gold_loss":0.0,"damage_taken":0.0,"cards_obtained":["Fiend Fire"]},{"damage_healed":0.0,"max_hp_gain":0.0,"max_hp_loss":0.0,"gold_gain":0.0,"event_name":"Big Fish","player_choice":"Box","floor":5.0,"gold_loss":0.0,"damage_taken":0.0,"relics_obtained":["Toy Ornithopter"],"cards_obtained":["Regret"]},{"cards_removed":["Regret"],"damage_healed":0.0,"max_hp_gain":0.0,"max_hp_loss":0.0,"gold_gain":0.0,"event_name":"The Cleric","player_choice":"Card Removal","floor":8.0,"gold_loss":50.0,"damage_taken":0.0}],"is_beta":false,"boss_relics":[],"items_purged_floors":[],"is_endless":false,"potions_floor_spawned":[6],"killed_by":"The Guardian","ascension_level":11}}