{"host":"6qo42zgaknezulyg","time":1607948446,"event":{"mods":["2.2 Compatiblity","BaseMod","Keyboard Shortcuts","Minty Spire (QoL Compilation)","Permanent Neow","Quick Restart","StSLib","SuperFastMode","The Cursed"],"gold_per_floor":[113,130,148,166,180,212,212,246,246,267,267,267,285,304,304,380,380,399,352,370,383,125,125,15,15,69,85,102,120,120,134,134,205,205,216,116,116,135,135,135,151,162,162,162,162,172,197,215,215,215],"floor_reached":51,"playtime":3592,"items_purged":["TheCursedMod:Strike_TheCursed","TheCursedMod:Strike_TheCursed"],"score":1197,"play_id":"0d87f680-b466-4db2-9252-8f5f7368abbe","local_time":"20201214212046","is_ascension_mode":true,"campfire_choices":[{"floor":7.0,"key":"REST"},{"data":"TheCursedMod:DoubleShield","floor":12.0,"key":"SMITH"},{"floor":15.0,"key":"REST"},{"floor":23.0,"key":"REST"},{"data":"TheCursedMod:DarkBarrier","floor":25.0,"key":"SMITH"},{"floor":30.0,"key":"REST"},{"floor":32.0,"key":"REST"},{"floor":40.0,"key":"REST"},{"floor":49.0,"key":"REST"}],"circlet_count":0,"master_deck":["AscendersBane","TheCursedMod:Strike_TheCursed","TheCursedMod:Defend_TheCursed","TheCursedMod:Defend_TheCursed","TheCursedMod:Defend_TheCursed+1","TheCursedMod:Defend_TheCursed","TheCursedMod:CursedWand","TheCursedMod:CleanUpWorkshop","TheCursedMod:StunningStrike","TheCursedMod:WearCloak","TheCursedMod:SpitefulStrike","TheCursedMod:CircleOfAbyss","TheCursedMod:DoubleShield+1","TheCursedMod:SpitefulPray","TheCursedMod:CursedBlade","TheCursedMod:SurpriseAttack","TheCursedMod:FleshFromBone","TheCursedMod:CursedSpellbook","TheCursedMod:SpitefulPlan","TheCursedMod:DarkBarrier+1","TheCursedMod:RapidMovement+1","TheCursedMod:CursedMace","TheCursedMod:SpreadPlague+1","Apotheosis","TheCursedMod:SpitefulStrike","TheCursedMod:CircleOfAbyss","TheCursedMod:DemonSword","TheCursedMod:BlessingInDisguise","TheCursedMod:DarkBarrier+1","TheCursedMod:SpreadPlague","Finesse","TheCursedMod:CursedAmulet+1","TheCursedMod:SpreadPlague"],"relics":["TheCursedMod:BlackMagic101","Blue Candle","Shuriken","Darkstone Periapt","Odd Mushroom","Snecko Eye","Pen Nib","Cursed Key","Lizard Tail"],"acts_visited":["Exordium","TheCity","TheBeyond"],"potions_floor_usage":[50,50],"damage_taken":[{"damage":0.0,"enemies":"2 Louse","floor":1.0,"turns":4.0},{"damage":0.0,"enemies":"Small Slimes","floor":2.0,"turns":3.0},{"damage":0.0,"enemies":"Cultist","floor":3.0,"turns":4.0},{"damage":10.0,"enemies":"Gremlin Gang","floor":4.0,"turns":7.0},{"damage":0.0,"enemies":"Large Slime","floor":5.0,"turns":6.0},{"damage":22.0,"enemies":"Gremlin Nob","floor":6.0,"turns":5.0},{"damage":18.0,"enemies":"Lagavulin","floor":8.0,"turns":8.0},{"damage":2.0,"enemies":"The Mushroom Lair","floor":10.0,"turns":5.0},{"damage":14.0,"enemies":"Lots of Slimes","floor":13.0,"turns":6.0},{"damage":0.0,"enemies":"Red Slaver","floor":14.0,"turns":3.0},{"damage":14.0,"enemies":"The Guardian","floor":16.0,"turns":20.0},{"damage":4.0,"enemies":"Chosen","floor":18.0,"turns":6.0},{"damage":5.0,"enemies":"2 Thieves","floor":19.0,"turns":5.0},{"damage":17.0,"enemies":"3 Cultists","floor":20.0,"turns":8.0},{"damage":16.0,"enemies":"Snecko","floor":21.0,"turns":8.0},{"damage":1.0,"enemies":"Centurion and Healer","floor":27.0,"turns":9.0},{"damage":20.0,"enemies":"3 Cultists","floor":28.0,"turns":5.0},{"damage":0.0,"enemies":"Snake Plant","floor":29.0,"turns":2.0},{"damage":0.0,"enemies":"Shelled Parasite and Fungi","floor":31.0,"turns":5.0},{"damage":27.0,"enemies":"Collector","floor":33.0,"turns":11.0},{"damage":6.0,"enemies":"3 Darklings","floor":35.0,"turns":7.0},{"damage":0.0,"enemies":"Orb Walker","floor":38.0,"turns":2.0},{"damage":0.0,"enemies":"Sphere and 2 Shapes","floor":41.0,"turns":6.0},{"damage":10.0,"enemies":"3 Darklings","floor":42.0,"turns":5.0},{"damage":14.0,"enemies":"Spire Growth","floor":46.0,"turns":6.0},{"damage":0.0,"enemies":"Mind Bloom Boss Battle","floor":47.0,"turns":6.0},{"damage":7.0,"enemies":"Sphere and 2 Shapes","floor":48.0,"turns":5.0},{"damage":43,"enemies":"Awakened One","floor":50,"turns":16}],"seed_played":"7388698024263500391","potions_obtained":[{"floor":2.0,"key":"BlessingOfTheForge"},{"floor":6.0,"key":"ColorlessPotion"},{"floor":8.0,"key":"GamblersBrew"},{"floor":10.0,"key":"TheCursedMod:DregsPotion"},{"floor":16.0,"key":"Block Potion"},{"floor":18.0,"key":"FearPotion"},{"floor":21.0,"key":"Weak Potion"},{"floor":29.0,"key":"Fire Potion"},{"floor":31.0,"key":"DuplicationPotion"},{"floor":35.0,"key":"EssenceOfSteel"},{"floor":46.0,"key":"ColorlessPotion"}],"is_trial":false,"path_per_floor":["M","M","M","M","M","E","R","E","T","?","?","R","M","M","R","B",null,"M","M","M","M","$","R","?","R","T","M","M","M","R","M","R","B",null,"M","$","?","M","?","R","M","M","T","?","T","M","?","M","R","B",null],"character_chosen":"THE_CURSED","items_purchased":["Apotheosis"],"campfire_rested":7,"item_purchase_floors":[22],"current_hp_per_floor":[64,64,64,54,54,32,51,33,33,31,22,22,8,8,27,13,51,47,42,25,9,9,28,28,28,28,27,7,7,26,26,45,18,53,47,47,47,47,47,64,64,54,54,54,54,40,40,33,52,9],"gold":215,"neow_bonus":"THREE_RARE_CARDS","is_daily":false,"chose_seed":false,"campfire_upgraded":2,"win_rate":0.0,"timestamp":1607948446,"path_taken":["M","M","M","M","M","E","R","E","T","?","?","R","?","M","R","BOSS","M","?","M","M","$","R","?","R","T","M","M","?","R","M","R","BOSS","M","$","?","?","?","R","?","M","T","?","?","M","?","M","R","BOSS"],"items_purchased_type":["Card"],"build_version":"2020-12-13","purchased_purges":2,"victory":true,"max_hp_per_floor":[64,64,64,64,64,64,64,64,64,64,64,64,64,64,64,64,64,64,64,64,64,64,64,64,64,64,64,64,64,64,64,64,64,64,64,64,64,64,64,64,64,64,64,64,64,64,64,64,64,64],"card_choices":[{"not_picked":["TheCursedMod:CircleOfAbyss","TheCursedMod:DemonSword"],"picked":"TheCursedMod:StunningStrike","floor":0.0},{"not_picked":["TheCursedMod:VitalStrike","TheCursedMod:RavingStaff"],"picked":"TheCursedMod:WearCloak","floor":1.0},{"not_picked":["TheCursedMod:FleshFromBone","TheCursedMod:CircleOfFlame"],"picked":"TheCursedMod:SpitefulStrike","floor":2.0},{"not_picked":["TheCursedMod:CursedBlade","TheCursedMod:CircleOfFlame"],"picked":"TheCursedMod:CircleOfAbyss","floor":3.0},{"not_picked":["TheCursedMod:SpitefulStrike","TheCursedMod:CursedSpellbook"],"picked":"TheCursedMod:DoubleShield","floor":4.0},{"not_picked":["TheCursedMod:HellsGateOpen","TheCursedMod:FleshFromBone"],"picked":"TheCursedMod:SpitefulPray","floor":5.0},{"not_picked":["TheCursedMod:CircleOfCorruption","TheCursedMod:CircleOfBlood"],"picked":"TheCursedMod:CursedBlade","floor":6.0},{"not_picked":["TheCursedMod:Wield","TheCursedMod:CircleOfFocus"],"picked":"TheCursedMod:SurpriseAttack","floor":8.0},{"not_picked":["TheCursedMod:SmokeScreen","TheCursedMod:HellfireBreathing"],"picked":"TheCursedMod:FleshFromBone","floor":10.0},{"not_picked":["TheCursedMod:Stigma","TheCursedMod:WearCloak"],"picked":"TheCursedMod:CursedSpellbook","floor":13.0},{"not_picked":["TheCursedMod:Obscuration","TheCursedMod:SpitefulStrike"],"picked":"TheCursedMod:SpitefulPlan","floor":14.0},{"not_picked":["TheCursedMod:ParallelWorld","TheCursedMod:StunningStrike"],"picked":"TheCursedMod:DarkBarrier","floor":16.0},{"not_picked":["TheCursedMod:Hemoplague","TheCursedMod:HellsGateOpen"],"picked":"TheCursedMod:RapidMovement+1","floor":18.0},{"not_picked":["TheCursedMod:HellfireBreathing","TheCursedMod:CircleOfFocus","TheCursedMod:Mangle"],"picked":"SKIP","floor":19.0},{"not_picked":["TheCursedMod:WearCloak+1","TheCursedMod:CursedAmulet"],"picked":"TheCursedMod:CursedMace","floor":20.0},{"not_picked":["TheCursedMod:HellfireBreathing","TheCursedMod:CursedShiv"],"picked":"TheCursedMod:SpreadPlague+1","floor":21.0},{"not_picked":["TheCursedMod:SpitefulPlan","TheCursedMod:CircleOfCorruption","TheCursedMod:Torture"],"picked":"SKIP","floor":27.0},{"not_picked":["TheCursedMod:CursedShiv","TheCursedMod:SmokeScreen"],"picked":"TheCursedMod:SpitefulStrike","floor":28.0},{"not_picked":["TheCursedMod:FleshFromBone+1","TheCursedMod:SurpriseAttack"],"picked":"TheCursedMod:CircleOfAbyss","floor":29.0},{"not_picked":["TheCursedMod:TacticalStrike","TheCursedMod:VitalStrike+1","TheCursedMod:FleshFromBone"],"picked":"SKIP","floor":31.0},{"not_picked":["TheCursedMod:AntiAging","TheCursedMod:DemonicPact"],"picked":"TheCursedMod:DemonSword","floor":33.0},{"not_picked":["TheCursedMod:SpitefulStrike","TheCursedMod:Wield"],"picked":"TheCursedMod:BlessingInDisguise","floor":35.0},{"not_picked":["TheCursedMod:Obscuration","TheCursedMod:CircleOfAmplification+1"],"picked":"TheCursedMod:SpreadPlague","floor":38.0},{"not_picked":["TheCursedMod:CursedBlade","TheCursedMod:SurpriseAttack","TheCursedMod:CursedMace"],"picked":"SKIP","floor":41.0},{"not_picked":["TheCursedMod:RapidMovement","TheCursedMod:TacticalStrike","TheCursedMod:AshesToAshes+1"],"picked":"SKIP","floor":42.0},{"not_picked":["Good Instincts","Panacea"],"picked":"Finesse","floor":44.0},{"not_picked":["TheCursedMod:RapidMovement","TheCursedMod:FuryStrike","TheCursedMod:UltimatePain"],"picked":"SKIP","floor":46.0},{"not_picked":["TheCursedMod:AshesToAshes","TheCursedMod:CircleOfWindfury"],"picked":"TheCursedMod:CursedAmulet+1","floor":47.0},{"not_picked":["TheCursedMod:Hemoplague","TheCursedMod:ReleasedStrength"],"picked":"TheCursedMod:SpreadPlague","floor":48.0}],"player_experience":781910,"relics_obtained":[{"floor":6.0,"key":"Blue Candle"},{"floor":8.0,"key":"Shuriken"},{"floor":9.0,"key":"Darkstone Periapt"},{"floor":10.0,"key":"Odd Mushroom"},{"floor":26.0,"key":"Pen Nib"},{"floor":47.0,"key":"Lizard Tail"}],"event_choices":[{"damage_healed":0.0,"max_hp_gain":0.0,"max_hp_loss":0.0,"gold_gain":0.0,"event_name":"Mushrooms","player_choice":"Fought Mushrooms","floor":10.0,"gold_loss":0.0,"damage_taken":0.0},{"damage_healed":0.0,"max_hp_gain":0.0,"max_hp_loss":0.0,"gold_gain":0.0,"event_name":"Wheel of Change","player_choice":"Damaged","floor":11.0,"gold_loss":0.0,"damage_taken":9.0},{"cards_removed":["TheCursedMod:Strike_TheCursed"],"damage_healed":0.0,"max_hp_gain":0.0,"max_hp_loss":0.0,"gold_gain":0.0,"event_name":"Designer","player_choice":"Upgrade and Remove","floor":24.0,"gold_loss":110.0,"damage_taken":0.0,"cards_upgraded":["TheCursedMod:Defend_TheCursed"]},{"damage_healed":0.0,"max_hp_gain":0.0,"max_hp_loss":0.0,"gold_gain":0.0,"event_name":"Duplicator","player_choice":"Copied","floor":37.0,"gold_loss":0.0,"damage_taken":0.0,"cards_obtained":["TheCursedMod:DarkBarrier"]},{"cards_removed":["TheCursedMod:Dregs"],"damage_healed":0.0,"max_hp_gain":0.0,"max_hp_loss":0.0,"gold_gain":0.0,"event_name":"Fountain of Cleansing","player_choice":"Removed Curses","floor":39.0,"gold_loss":0.0,"damage_taken":0.0},{"damage_healed":0.0,"max_hp_gain":0.0,"max_hp_loss":0.0,"gold_gain":0.0,"event_name":"SensoryStone","player_choice":"Memory 1","floor":44.0,"gold_loss":0.0,"damage_taken":0.0},{"damage_healed":0.0,"max_hp_gain":0.0,"max_hp_loss":0.0,"gold_gain":0.0,"event_name":"MindBloom","player_choice":"Fight","floor":47.0,"gold_loss":0.0,"damage_taken":0.0}],"is_beta":false,"boss_relics":[{"not_picked":["Pandora\u0027s Box","Astrolabe"],"picked":"Snecko Eye"},{"not_picked":["TheCursedMod:OminousMark","SlaversCollar"],"picked":"Cursed Key"}],"items_purged_floors":[22,36],"is_endless":false,"potions_floor_spawned":[2,6,8,10,16,18,21,29,31,35,42,46,48],"ascension_level":18}}