{"host":"b3p2mc8zhjyw3mtc","time":1607929546,"event":{"mods":["BaseMod","Colored Map","Colored Powertips","DeckTracker","Friendly Minions","Minty Spire (QoL Compilation)","SuperFastMode"],"gold_per_floor":[113,130,153,169,183,183,27,27,27,27,44,44,44,0,0,0,0],"floor_reached":16,"playtime":551,"items_purged":["Strike_B"],"score":95,"play_id":"a1d24708-6d3c-4675-a606-5570f85622d9","local_time":"20201214160546","is_ascension_mode":true,"campfire_choices":[{"data":"Seek","floor":6,"key":"SMITH"},{"data":"Dualcast","floor":8,"key":"SMITH"},{"data":"Capacitor","floor":13,"key":"SMITH"},{"data":"Zap","floor":15,"key":"SMITH"}],"circlet_count":0,"master_deck":["Strike_B","Strike_B","Defend_B","Defend_B","Defend_B","Defend_B","Zap+1","Dualcast+1","Seek+1","Capacitor+1","Blizzard","Genetic Algorithm","Biased Cognition"],"relics":["Cracked Core","Pen Nib","Lizard Tail"],"acts_visited":["Exordium"],"potions_floor_usage":[5],"damage_taken":[{"damage":1,"enemies":"Cultist","floor":1,"turns":3},{"damage":3,"enemies":"Jaw Worm","floor":2,"turns":3},{"damage":5,"enemies":"Small Slimes","floor":4,"turns":3},{"damage":32,"enemies":"Gremlin Gang","floor":5,"turns":5},{"damage":10,"enemies":"Exordium Wildlife","floor":11,"turns":5},{"damage":4,"enemies":"Looter","floor":14,"turns":5},{"damage":120,"enemies":"Slime Boss","floor":16,"turns":14}],"seed_played":"6678030943030686545","potions_obtained":[{"floor":4,"key":"SpeedPotion"}],"is_trial":false,"path_per_floor":["M","M","T","M","M","R","$","R","T","?","M","?","R","M","R","B"],"character_chosen":"DEFECT","items_purchased":["Genetic Algorithm"],"campfire_rested":0,"item_purchase_floors":[7],"current_hp_per_floor":[53,50,50,45,13,13,13,13,13,13,3,75,75,71,71,0,0],"gold":0,"neow_bonus":"THREE_RARE_CARDS","is_daily":false,"chose_seed":false,"campfire_upgraded":4,"win_rate":0.0,"timestamp":1607929546,"path_taken":["M","M","?","M","M","R","$","R","T","?","?","?","R","M","R","BOSS"],"items_purchased_type":["Card"],"build_version":"2020-12-13","purchased_purges":1,"victory":false,"max_hp_per_floor":[75,75,75,75,75,75,75,75,75,75,75,75,75,75,75,75,75],"card_choices":[{"not_picked":["Creative AI","Echo Form"],"picked":"Seek","floor":0},{"not_picked":["Hologram","Gash"],"picked":"Capacitor","floor":1},{"not_picked":["Barrage","Reinforced Body","Undo"],"picked":"SKIP","floor":2},{"not_picked":["Hologram","Conserve Battery","Beam Cell"],"picked":"SKIP","floor":4},{"not_picked":["Hologram","Cold Snap"],"picked":"Blizzard","floor":5},{"not_picked":["Doom and Gloom","Streamline","Undo"],"picked":"SKIP","floor":11},{"not_picked":["Compile Driver","Redo"],"picked":"Biased Cognition","floor":14}],"player_experience":58642,"relics_obtained":[{"floor":3,"key":"Pen Nib"},{"floor":9,"key":"Lizard Tail"}],"event_choices":[{"cards_removed":["Strike_B"],"damage_healed":0,"gold_gain":0,"player_choice":"Offered Basic","damage_taken":0,"max_hp_gain":0,"max_hp_loss":0,"event_name":"Bonfire Elementals","floor":10,"gold_loss":0},{"damage_healed":72,"gold_gain":0,"player_choice":"Full Heal","damage_taken":0,"max_hp_gain":0,"max_hp_loss":0,"event_name":"Wheel of Change","floor":12,"gold_loss":0}],"is_beta":false,"boss_relics":[],"items_purged_floors":[7],"is_endless":false,"potions_floor_spawned":[4],"killed_by":"Slime Boss","ascension_level":1}}