{"host":"p15wz9ezm2y4vyo6","time":1607931196,"event":{"mods":["BaseMod","Better Third Choice","Colored Map","Colored Powertips","Custom Start","Defuse TimeMaze Blight","Disable Question Mark Monsters","Displayed Cursed Tome","Downfall","Friendly Minions","Hermit","Hubris","Infinite Spire","Minty Spire (QoL Compilation)","Quick Restart","Rare Cards Sparkle","Replay The Spire","StSLib","SuperFastMode","The Construct","The Servant 0.9.4","vexMod"],"gold_per_floor":[119,119,139,152,169,169,187,187,213,50,77,77,94,124,124,197,197,208,208,218,232,232,232,265,180,204,224,234,32,59,72,72,146,146,160,160,175,175,175],"floor_reached":38,"playtime":6498,"items_purged":["Strike_R"],"score":541,"play_id":"443f6b70-cf3f-47c5-9f6d-d9160d12919d","local_time":"20201214073316","is_ascension_mode":true,"campfire_choices":[{"data":"hubris:StunningStrike","floor":6,"key":"SMITH"},{"data":"Flex","floor":8,"key":"SMITH"},{"data":"Pot Of Greed","floor":12,"key":"SMITH"},{"data":"Pot Of Greed","floor":15,"key":"SMITH"},{"data":"Flame Barrier","floor":23,"key":"SMITH"},{"floor":32,"key":"REST"}],"circlet_count":0,"master_deck":["AscendersBane","Strike_R","Strike_R","Strike_R","Defend_R","Defend_R","Defend_R","Defend_R","Bash","hubris:StunningStrike+1","Sword Boomerang","Flex+1","Flame Barrier+1","Immolate+1","Pot Of Greed+1","Pot Of Greed+1","Offering","Headbutt","Clothesline","True Grit+1","Life Link+1","Finesse","ReplayTheSpireMod:Muscle Training","Exhume","Delirium","Pot Of Greed"],"relics":["Burning Blood","Grinning Jar","Gremlin Food","hubris:TenFootPole","hubris:VirtuousBlindfold","infinitespire:Satchel","Boot","Replay:Wax Seal","BargainBundle","hubris:MedicalManual","hubris:ScarierMask","ReplayTheSpireMod:Ring of Challenge","Ring of Fury"],"acts_visited":["Exordium","TheCity","TheBeyond"],"potions_floor_usage":[31,33,38],"damage_taken":[{"damage":2,"enemies":"Jaw Worm","floor":1,"turns":7},{"damage":1,"enemies":"Cultist","floor":3,"turns":4},{"damage":0,"enemies":"2 Louse","floor":4,"turns":2},{"damage":9,"enemies":"Blue Slaver","floor":5,"turns":5},{"damage":0,"enemies":"Gremlin Gang","floor":7,"turns":1},{"damage":18,"enemies":"3 Sentries","floor":11,"turns":5},{"damage":16,"enemies":"2 Fungi Beasts","floor":13,"turns":3},{"damage":22,"enemies":"Gremlin Nob","floor":14,"turns":3},{"damage":27,"enemies":"Slime Boss","floor":16,"turns":6},{"damage":17,"enemies":"2 Thieves","floor":18,"turns":4},{"damage":6,"enemies":"3 Byrds","floor":20,"turns":1},{"damage":15,"enemies":"Centurion and Healer","floor":21,"turns":4},{"damage":11,"enemies":"Replay:Snechameleon","floor":24,"turns":5},{"damage":0,"enemies":"Snake Plant","floor":27,"turns":3},{"damage":6,"enemies":"Cultist and Chosen","floor":28,"turns":4},{"damage":44,"enemies":"Slavers","floor":30,"turns":4},{"damage":0,"enemies":"Snecko","floor":31,"turns":4},{"damage":0,"enemies":"hubris:MusketHawk","floor":33,"turns":1},{"damage":32,"enemies":"3 Darklings","floor":35,"turns":4},{"damage":8,"enemies":"Orb Walker","floor":37,"turns":2},{"damage":50,"enemies":"Transient","floor":38,"turns":5}],"seed_played":"2064825363079420996","potions_obtained":[{"floor":1,"key":"construct:ShiftPotion"},{"floor":5,"key":"BlessingOfTheForge"},{"floor":21,"key":"infinitespire:BlackPotion"},{"floor":33,"key":"BlessingOfTheForge"},{"floor":35,"key":"Elixir"}],"is_trial":false,"path_per_floor":["M","?","M","M","M","R","M","R","T","$","E","R","M","E","R","B",null,"M","?","M","M","?","R","E","?","T","M","M","$","E","M","R","B",null,"M","?","M","M"],"character_chosen":"IRONCLAD","items_purchased":["Offering","BargainBundle","True Grit+1","Life Link","Finesse","DuplicationPotion"],"campfire_rested":1,"item_purchase_floors":[10,29,29,29,29,29],"current_hp_per_floor":[76,76,80,80,77,77,80,80,80,80,68,68,58,42,42,21,65,54,54,54,45,45,45,40,40,40,46,46,46,8,14,38,44,71,45,45,43,0,0],"gold":175,"neow_bonus":"ONE_RANDOM_RARE_CARD","is_daily":false,"chose_seed":false,"campfire_upgraded":5,"win_rate":0.0,"timestamp":1607931196,"path_taken":["M","?","?","?","M","R","M","R","T","$","E","R","?","E","R","BOSS","M","?","M","M","?","R","E","?","T","M","M","$","E","M","R","BOSS","M","?","M","M"],"items_purchased_type":["Card","Relic","Card","Card","Card","Potion"],"build_version":"2020-12-13","purchased_purges":1,"victory":false,"max_hp_per_floor":[80,80,80,80,80,80,80,80,80,80,80,80,80,80,80,80,80,80,80,80,80,80,80,80,80,80,80,80,80,80,80,80,80,80,80,80,80,80,80],"card_choices":[{"not_picked":["True Grit","Armaments"],"picked":"Sword Boomerang","floor":1},{"not_picked":["Warcry","Perfected Strike"],"picked":"Flex","floor":3},{"not_picked":["Pommel Strike","Armaments"],"picked":"Flame Barrier","floor":4},{"not_picked":["Abandon","Wild Strike"],"picked":"Immolate","floor":5},{"not_picked":["Defy Death","hubris:ReadiedAction","Body Slam"],"picked":"SKIP","floor":7},{"not_picked":["Dropkick","Pommel Strike","Anger"],"picked":"SKIP","floor":11},{"not_picked":["Immolate","Whirlwind"],"picked":"Headbutt","floor":13},{"not_picked":["Armaments","Wild Strike","Reckless Charge"],"picked":"SKIP","floor":14},{"not_picked":["Sword Boomerang","Heavy Blade","Replay:Undeath\u0027s Touch"],"picked":"SKIP","floor":18},{"not_picked":["Infernal Blade","Whirlwind"],"picked":"Clothesline","floor":20},{"not_picked":["Hemokinesis","Run Through","Searing Blow+1"],"picked":"SKIP","floor":21},{"not_picked":["Body Slam+1","Dual Wield","Juggernaut"],"picked":"SKIP","floor":24},{"not_picked":["Clothesline","Run Through","Headbutt"],"picked":"SKIP","floor":27},{"not_picked":["Havoc","Rage","Combust"],"picked":"SKIP","floor":28},{"not_picked":["Body Slam","Infernal Blade","Havoc"],"picked":"SKIP","floor":30},{"not_picked":["Uppercut","Shrug It Off"],"picked":"ReplayTheSpireMod:Muscle Training","floor":31},{"not_picked":["Bludgeon","Immolate"],"picked":"Exhume","floor":33},{"not_picked":["Anger","ReplayTheSpireMod:Strike From Hell+1","Carnage"],"picked":"SKIP","floor":35},{"not_picked":["Run Through","Replay:Undeath\u0027s Touch","Pommel Strike"],"picked":"SKIP","floor":37}],"player_experience":1073673,"relics_obtained":[{"floor":9,"key":"Grinning Jar"},{"floor":11,"key":"Gremlin Food"},{"floor":14,"key":"hubris:TenFootPole"},{"floor":24,"key":"infinitespire:Satchel"},{"floor":26,"key":"Replay:Wax Seal"},{"floor":30,"key":"hubris:MedicalManual"},{"floor":36,"key":"ReplayTheSpireMod:Ring of Challenge"},{"floor":36,"key":"Ring of Fury"}],"event_choices":[{"cards_removed":["Strike_R"],"damage_healed":0,"gold_gain":0,"player_choice":"Card Removal","damage_taken":0,"max_hp_gain":0,"max_hp_loss":0,"event_name":"Wheel of Change","floor":2,"gold_loss":0},{"damage_healed":0,"gold_gain":0,"player_choice":"Ignored","damage_taken":0,"max_hp_gain":0,"max_hp_loss":0,"event_name":"Vampires","floor":22,"gold_loss":0},{"damage_healed":0,"gold_gain":0,"player_choice":"Obtained Relic","damage_taken":0,"relics_obtained":["Boot"],"max_hp_gain":0,"max_hp_loss":0,"event_name":"Addict","floor":25,"gold_loss":85}],"is_beta":false,"boss_relics":[{"not_picked":["Empty Cage","vexMod:TanglingVine"],"picked":"hubris:VirtuousBlindfold"},{"not_picked":["Replay:Grab Bag","hubris:BlackHole"],"picked":"hubris:ScarierMask"}],"items_purged_floors":[29],"is_endless":false,"potions_floor_spawned":[1,5,11,16,18,21,30,33,35],"killed_by":"Transient","ascension_level":13}}