{"host":"ecuvtzmejf7hhjpv","time":1607963350,"event":{"mods":["AchievementEnabler","Act Like it!","Aspiration","BaseMod","Better Altar","Better Match","Better Note","Better Sensory Stone","Better Skull","Better Third Choice","BetterRewards","Conspire","Custom Start","GifTheSpireLib","Hallownest","Hermit","Hubris","Marisa????????","Minty Spire (QoL Compilation)","Prisma Mod","Replay The Spire","Spicy Shops","StSLib","The Animator","The Blackbeard","The Bug Knight","The Forsaken","The Hierophant","The Jungle","The Necromancer","The Poker Player","The Wild Card"],"gold_per_floor":[138,138,138,138,183,243,243,301,301,331,374,449,494,506,506,628,628,668,705,351,391,431,488,488,522,522,581,85,140,140,150,150,245,245,284,284,364,364,223,276,276,316,316,316,358,408,458,109,109,134,134,134,2,29,54],"floor_reached":56,"playtime":2431,"items_purged":["Parasite","Looming Evil"],"score":2059,"play_id":"bd36077a-8015-4ea7-bcfb-d5362b1d7061","local_time":"20201214102910","is_ascension_mode":true,"campfire_choices":[{"floor":7,"key":"REST"},{"floor":15,"key":"DIG"},{"data":"PrismaMod:MiyuUberDefend","floor":24,"key":"SMITH"},{"floor":32,"key":"RECALL"},{"data":"FIFO Queue","floor":41,"key":"SMITH"},{"data":"Thinking Ahead","floor":49,"key":"SMITH"},{"data":"PrismaMod:MiyuCheapPlate","floor":52,"key":"SMITH"}],"circlet_count":0,"master_deck":["PrismaMod:MiyuCommonDefend","PrismaMod:MiyuCommonDefend","PrismaMod:MiyuCommonDefend","PrismaMod:MiyuCommonDefend","PrismaMod:MiyuCommonDefend","PrismaMod:MiyuCommonAttack","PrismaMod:MiyuCommonAttack","PrismaMod:MiyuCommonAttack","PrismaMod:MiyuCommonAttack","PrismaMod:MiyuCheapChannelAttack","PrismaMod:MiyuCheapChannelDefend","PrismaMod:MiyuEvokeBuffStr","PrismaMod:MiyuUncommonDexBuff","PrismaMod:MiyuUncommonStrBuff","PrismaMod:MiyuCheapDefend1","PrismaMod:MiyuUncommonDexBuff","PrismaMod:MiyuUncommonDexBuff","PrismaMod:MiyuCheapChannelDefend","PrismaMod:MiyuCommonAOEAttack+1","PrismaMod:MiyuUncommonDexBuff","PrismaMod:MiyuAttackChannelAttack","PrismaMod:MiyuCheapPlate+1","PrismaMod:MiyuUberDefend+1","PrismaMod:MiyuUncommonDefend+1","PrismaMod:MiyuUncommonPlate","PrismaMod:MiyuUberAttack","PrismaMod:MiyuCheapDefend2","Stack","PrismaMod:MiyuUncommonPlate","Mayhem","PrismaMod:MiyuUncommonPlate","Double Energy","PrismaMod:MiyuCheapDefend2","PrismaMod:MiyuUncommonStrBuff","Mayhem","PrismaMod:MiyuUncommonDexBuff","FIFO Queue+1","PrismaMod:MiyuUncommonPlate","Apotheosis","hubris:DuctTapeCard"],"relics":["PrismaMod:PrismaSapphire","Torii","Juzu Bracelet","MealTicket","Thread and Needle","Orrery","Replay:Wax Seal","theForsaken:Lifeblossom","conspire:Dentures","theForsaken:Gavel","ReplayTheSpireMod:Ninjato","HollowMod:PaleOreRelic","Bottled Tornado","Replay:PocketPolymizer","hubris:CuriousFeather","Cursed Key","hubris:DisguiseKit","Simple Rune","Mango","Replay:Ringing Soul","Regal Pillow","Strawberry","Replay:Baseball","Gremlin Food","Sozu","CatCart","Iron Hammer","Centennial Puzzle","Replay:Multitool","Lantern","Membership Card","hubris:DuctTape"],"acts_visited":["Exordium","TheCity","TheBeyond","TheEnding"],"potions_floor_usage":[6,6,6,10,16,16,37,55],"damage_taken":[{"damage":1,"enemies":"2 Louse","floor":1,"turns":5},{"damage":0,"enemies":"Small Slimes","floor":5,"turns":3},{"damage":0,"enemies":"Gremlin Nob","floor":6,"turns":4},{"damage":0,"enemies":"HollowMod:MossKnight","floor":8,"turns":7},{"damage":0,"enemies":"Replay:BlueRogue","floor":10,"turns":4},{"damage":0,"enemies":"Cultist","floor":11,"turns":3},{"damage":8,"enemies":"Large Slime","floor":13,"turns":4},{"damage":0,"enemies":"Looter","floor":14,"turns":3},{"damage":4,"enemies":"The Guardian","floor":16,"turns":6},{"damage":11,"enemies":"2 Thieves","floor":18,"turns":4},{"damage":0,"enemies":"conspire:FuzzyDice","floor":19,"turns":5},{"damage":0,"enemies":"conspire:HollyBat","floor":21,"turns":6},{"damage":16,"enemies":"Cultist and Chosen","floor":22,"turns":5},{"damage":0,"enemies":"HollowMod:Nosk","floor":23,"turns":7},{"damage":0,"enemies":"Replay:Snechameleon","floor":25,"turns":5},{"damage":7,"enemies":"conspire:MimicChest","floor":27,"turns":7},{"damage":32,"enemies":"Slavers","floor":29,"turns":6},{"damage":0,"enemies":"Shelled Parasite and Fungi","floor":31,"turns":7},{"damage":18,"enemies":"conspire:MysteriousRune","floor":33,"turns":9},{"damage":1,"enemies":"3 Darklings","floor":35,"turns":6},{"damage":7,"enemies":"Orin","floor":37,"turns":13},{"damage":26,"enemies":"Nemesis","floor":40,"turns":7},{"damage":6,"enemies":"Orb Walker","floor":42,"turns":4},{"damage":10,"enemies":"Maw","floor":45,"turns":7},{"damage":0,"enemies":"R_Hoarder","floor":46,"turns":7},{"damage":0,"enemies":"Mind Bloom Boss Battle","floor":47,"turns":6},{"damage":16,"enemies":"hubris:GrandSnecko","floor":50,"turns":11},{"damage":43,"enemies":"Shield and Spear","floor":54,"turns":6},{"damage":52,"enemies":"The Heart","floor":55,"turns":10}],"seed_played":"-4298400598372672923","potions_obtained":[{"floor":5,"key":"Energy Potion"},{"floor":8,"key":"Swift Potion"},{"floor":11,"key":"AttackPotion"},{"floor":14,"key":"SteroidPotion"},{"floor":18,"key":"GamblersBrew"},{"floor":22,"key":"FairyPotion"},{"floor":29,"key":"Flashbang"}],"is_trial":false,"path_per_floor":["M","?","?","?","M","E","R","E","T","E","M","?","M","M","R","B",null,"M","M","$","M","M","E","R","E","T","?","$","E","?","M","R","B",null,"M","?","?","?","$","E","R","M","T","?","M","E","?","$","R","B",null,"R","$","E","B",null],"character_chosen":"MIYU","items_purchased":["PrismaMod:MiyuEvokeBuffStr","Torii","Juzu Bracelet","MealTicket","Thread and Needle","PrismaMod:MiyuUncommonDexBuff","Orrery","Replay:Wax Seal","theForsaken:Lifeblossom","conspire:Dentures","PowerPotion","FearPotion","PrismaMod:MiyuUncommonPlate","PrismaMod:MiyuUberAttack","hubris:DisguiseKit","Strawberry","Replay:Baseball","Mayhem","PrismaMod:MiyuUncommonDexBuff","Lantern","Membership Card","Apotheosis"],"campfire_rested":1,"item_purchase_floors":[0,0,0,0,0,0,0,0,0,0,0,0,20,20,20,28,28,28,39,48,48,53],"current_hp_per_floor":[32,20,20,20,25,31,53,59,59,65,70,59,57,62,62,64,75,67,73,75,75,60,70,70,89,89,90,102,80,80,89,89,84,111,111,111,111,114,117,94,94,94,97,100,100,113,123,129,129,129,129,129,132,99,57],"gold":54,"neow_bonus":"","is_daily":false,"chose_seed":false,"campfire_upgraded":4,"win_rate":0.0,"timestamp":1607963350,"path_taken":["M","?","?","?","M","E","R","E","T","E","M","?","M","M","R","BOSS","M","M","$","M","M","E","R","E","T","?","?","E","?","M","R","BOSS","M","?","?","?","$","E","R","M","T","?","M","E","?","$","R","BOSS","R","$","E","BOSS"],"items_purchased_type":["Card","Relic","Relic","Relic","Relic","Card","Relic","Relic","Relic","Relic","Potion","Potion","Card","Card","Relic","Relic","Relic","Card","Card","Relic","Relic","Card"],"build_version":"2020-12-13","purchased_purges":2,"victory":true,"max_hp_per_floor":[75,75,75,75,75,75,75,75,75,75,75,75,75,75,75,75,75,75,75,75,75,75,75,75,89,89,92,102,105,105,108,108,111,111,111,111,114,117,117,120,120,120,123,126,126,129,129,129,129,129,129,129,132,135,135],"card_choices":[{"not_picked":["PrismaMod:MiyuUberAttack","PrismaMod:MiyuCheapEvoke"],"picked":"PrismaMod:MiyuUncommonStrBuff","floor":0},{"not_picked":["PrismaMod:MiyuEvokeBuffStr","PrismaMod:MiyuEvokeAll"],"picked":"PrismaMod:MiyuCheapDefend1","floor":0},{"not_picked":["PrismaMod:MiyuDefenseExplosion","PrismaMod:MiyuChristmas"],"picked":"PrismaMod:MiyuUncommonDexBuff","floor":0},{"not_picked":["PrismaMod:MiyuCheapChannelHeal","PrismaMod:MiyuEvokeBuffDex"],"picked":"PrismaMod:MiyuUncommonDexBuff","floor":0},{"not_picked":["PrismaMod:MiyuCheapAttack1","PrismaMod:MiyuCheapChannelWeak"],"picked":"PrismaMod:MiyuCheapChannelDefend","floor":1},{"not_picked":["PrismaMod:MiyuCheapAttack2+1","PrismaMod:MiyuDefenseExplosion+1"],"picked":"PrismaMod:MiyuCommonAOEAttack+1","floor":3},{"not_picked":["PrismaMod:MiyuCheapChannelHeal","PrismaMod:MiyuEvokeBuffDex","PrismaMod:MiyuCarnivalAttack"],"picked":"SKIP","floor":5},{"not_picked":["PrismaMod:MiyuCheapAttack2","PrismaMod:MiyuEvokeBuffStr"],"picked":"PrismaMod:MiyuUncommonDexBuff","floor":6},{"not_picked":["PrismaMod:MiyuChristmas","PrismaMod:MiyuUncommonAttack"],"picked":"PrismaMod:MiyuAttackChannelAttack","floor":8},{"not_picked":["PrismaMod:MiyuUberAOEAttack","PrismaMod:MiyuEvokeCheapAttack","PrismaMod:MiyuCheapChannelWeak"],"picked":"SKIP","floor":10},{"not_picked":["PrismaMod:MiyuCheapChannelVul","PrismaMod:MiyuMaid","PrismaMod:MiyuCheapAttack1"],"picked":"SKIP","floor":11},{"not_picked":["PrismaMod:MiyuMaid","PrismaMod:MiyuCheapAttack1","PrismaMod:MiyuCheapChannelWeak"],"picked":"SKIP","floor":13},{"not_picked":["PrismaMod:MiyuAttackChannelWeak","PrismaMod:MiyuAttackChannelAttack"],"picked":"PrismaMod:MiyuCheapPlate","floor":14},{"not_picked":["PrismaMod:MiyuEvokeAllAttack","PrismaMod:MiyuDefendChannelDefend"],"picked":"PrismaMod:MiyuUberDefend","floor":16},{"not_picked":["PrismaMod:MiyuCheapChannelAttack","PrismaMod:MiyuAttackChannelWeak"],"picked":"PrismaMod:MiyuUncommonDefend+1","floor":18},{"not_picked":["PrismaMod:MiyuEvokeCheapAttack+1","PrismaMod:MiyuDefenseExplosion","PrismaMod:MiyuUberAOEAttack"],"picked":"SKIP","floor":19},{"not_picked":["PrismaMod:MiyuEvokeCheapAttack","PrismaMod:MiyuChristmas","PrismaMod:MiyuAttackChannelVul","Genetic Algorithm"],"picked":"SKIP","floor":21},{"not_picked":["PrismaMod:MiyuAttackChannelVul","PrismaMod:MiyuEvokeCheapAttack","PrismaMod:MiyuMaid","Hologram"],"picked":"SKIP","floor":22},{"not_picked":["PrismaMod:MiyuCheapAttack1","PrismaMod:MiyuMaid","Cold Snap"],"picked":"PrismaMod:MiyuCheapDefend2","floor":23},{"not_picked":["PrismaMod:MiyuCheapStrBuff","PrismaMod:MiyuCheapChannelWeak","PrismaMod:MiyuUberAttack+1"],"picked":"Stack","floor":25},{"not_picked":["PrismaMod:MiyuEvokeBuffDex+1","PrismaMod:MiyuMaid","Barrage"],"picked":"PrismaMod:MiyuUncommonPlate","floor":27},{"not_picked":["PrismaMod:MiyuCheapAttack1+1","PrismaMod:MiyuUberAttack","Blizzard"],"picked":"PrismaMod:MiyuUncommonPlate","floor":29},{"not_picked":["PrismaMod:MiyuEvokeBuffStr","PrismaMod:MiyuCheapDexBuff","PrismaMod:MiyuDefenseExplosion+1"],"picked":"Double Energy","floor":31},{"not_picked":["PrismaMod:MiyuEvokeAllDefend","PrismaMod:MiyuChannelDefendEvoke","Thunder Strike"],"picked":"PrismaMod:MiyuCheapDefend2","floor":33},{"not_picked":["PrismaMod:MiyuCheapChannelVul+1","PrismaMod:MiyuCheapStrBuff","PrismaMod:MiyuCheapEvoke+1","Consume"],"picked":"SKIP","floor":35},{"not_picked":["PrismaMod:MiyuUberAOEAttack+1","PrismaMod:MiyuChristmas+1","Fusion"],"picked":"PrismaMod:MiyuUncommonStrBuff","floor":37},{"not_picked":["PrismaMod:MiyuMaid","PrismaMod:MiyuCheapStrBuff+1","PrismaMod:MiyuEvokeBuffStr+1"],"picked":"FIFO Queue","floor":40},{"not_picked":["PrismaMod:MiyuCheapAttack1+1","PrismaMod:MiyuEvokeCheapAttack","PrismaMod:MiyuCheapEvoke+1","Conserve Battery"],"picked":"SKIP","floor":42},{"not_picked":["Replay:Sssssssssstrike","hubris:Insight"],"picked":"Thinking Ahead","floor":44},{"not_picked":["Forethought","hubris:Insight"],"picked":"ReplayTheSpireMod:Trickstab","floor":44},{"not_picked":["PrismaMod:MiyuCheapChannelWeak+1","PrismaMod:MiyuEvokeBuffDex","PrismaMod:MiyuEvokeCheapAttack+1","Darkness"],"picked":"SKIP","floor":45},{"not_picked":["PrismaMod:MiyuEvokeCheapAttack","PrismaMod:MiyuCheapDexBuff","Redo"],"picked":"PrismaMod:MiyuUncommonPlate","floor":46},{"not_picked":["PrismaMod:MiyuAttackChannelWeak+1","PrismaMod:MiyuEvokeAll","PrismaMod:MiyuCommonAOEAttack+1","ReplayTheSpireMod:Repulse"],"picked":"SKIP","floor":54}],"player_experience":874188,"relics_obtained":[{"floor":6,"key":"ReplayTheSpireMod:Ninjato"},{"floor":8,"key":"HollowMod:PaleOreRelic"},{"floor":9,"key":"Bottled Tornado"},{"floor":10,"key":"Replay:PocketPolymizer"},{"floor":15,"key":"hubris:CuriousFeather"},{"floor":23,"key":"Simple Rune"},{"floor":25,"key":"Mango"},{"floor":26,"key":"Replay:Ringing Soul"},{"floor":27,"key":"Regal Pillow"},{"floor":29,"key":"Gremlin Food"},{"floor":37,"key":"CatCart"},{"floor":40,"key":"Iron Hammer"},{"floor":46,"key":"Centennial Puzzle"},{"floor":47,"key":"Replay:Multitool"},{"floor":54,"key":"hubris:DuctTape"}],"event_choices":[{"damage_healed":0,"gold_gain":0,"player_choice":"Relic ","damage_taken":12,"max_hp_gain":0,"max_hp_loss":0,"event_name":"betterThird:BetterScrap","floor":2,"gold_loss":0,"cards_obtained":["Heel Hook"]},{"damage_healed":0,"gold_gain":0,"player_choice":"2","damage_taken":0,"max_hp_gain":0,"max_hp_loss":0,"event_name":"betterMatch:BetterMatch","floor":3,"gold_loss":0,"cards_obtained":["betterMatch:CommonCard"]},{"damage_healed":0,"gold_gain":75,"player_choice":"Gold","damage_taken":11,"max_hp_gain":0,"max_hp_loss":0,"event_name":"betterThird:BetterGoop","floor":12,"gold_loss":0},{"damage_healed":0,"gold_gain":0,"player_choice":"Ignored","damage_taken":0,"max_hp_gain":0,"max_hp_loss":0,"event_name":"Ghosts","floor":30,"gold_loss":0},{"cards_removed":["PrismaMod:MiyuCommonAttack"],"damage_healed":0,"gold_gain":0,"player_choice":"Removed Attack","damage_taken":0,"max_hp_gain":0,"max_hp_loss":0,"event_name":"Falling","floor":36,"gold_loss":0},{"damage_healed":0,"gold_gain":0,"player_choice":"Fight","damage_taken":0,"max_hp_gain":0,"max_hp_loss":0,"event_name":"OrinTheCat","floor":37,"gold_loss":0},{"damage_healed":0,"gold_gain":0,"player_choice":"Copied","damage_taken":0,"max_hp_gain":0,"max_hp_loss":0,"event_name":"Duplicator","floor":38,"gold_loss":0,"cards_obtained":["Mayhem"]},{"damage_healed":0,"gold_gain":3,"player_choice":"1","damage_taken":0,"max_hp_gain":0,"max_hp_loss":0,"event_name":"betterStone:BetterStone","floor":44,"gold_loss":0},{"damage_healed":0,"gold_gain":0,"player_choice":"Fight","damage_taken":0,"max_hp_gain":0,"max_hp_loss":0,"event_name":"MindBloom","floor":47,"gold_loss":0}],"is_beta":false,"boss_relics":[{"not_picked":["conspire:SlowCooker","Kintsugi"],"picked":"Cursed Key"},{"not_picked":["aspiration:PoetsPen_weak","hubris:GrandSneckoEye"],"picked":"Sozu"}],"items_purged_floors":[39,48],"is_endless":false,"potions_floor_spawned":[5,8,11,14,18,22,29,33,35,40,42],"ascension_level":3}}