{"host":"8a3g9edf69u3epoz","time":1607918393,"event":{"mods":["BaseMod","Minty Spire (QoL Compilation)","MostiFishMod","Relic Stats","Remilia（蕾米莉亚）","StSLib","TestMod","UnlockEverythingMod","WarShipGirlsR/战舰少女R mod"],"gold_per_floor":[116,130,130,91,108,108,143,143,169,203,213,238,256,276,276,374,374,388,388,388,400,420,446,476,510,556,601,601,1001,1038,1070,1070,1213,1240,1268,777,777,331,390,431,431,451,474,524,323,333,333,363,363,373,373,373,20,55,68],"floor_reached":56,"playtime":2098,"items_purged":[],"score":2051,"play_id":"1db90ba9-b141-4a5b-8852-a71796088a60","local_time":"20201214115953","is_ascension_mode":true,"campfire_choices":[{"data":"FitfulNightmare","floor":6,"key":"SMITH"},{"data":"MastersStateliness","floor":15,"key":"SMITH"},{"data":"BatForm","floor":28,"key":"SMITH"},{"data":"DiffusionOfMisfortune","floor":32,"key":"SMITH"},{"floor":47,"key":"RECALL"},{"data":"HeartBreak","floor":49,"key":"SMITH"},{"data":"BatForm","floor":52,"key":"SMITH"}],"circlet_count":0,"master_deck":["Strike_RM","Strike_RM","Strike_RM","Defend_RM","Defend_RM","Defend_RM","ScarletShoot","FavorOfDestiny","FitfulNightmare+1","HeartBreak+1","DiffusionOfMisfortune+1","MastersStateliness+1","QueenOfMidnight","BloodyCatastrophe","NightLord+1","ScarletDevil+1","CurseOfVladTepes","DiffusionOfMisfortune","BatForm+1","MillenniumVampire","BloodyHallows","DemonKingCradle+1","TransientEternity+1","ScarletCoffin+1","Sadistic Nature","DiffusionOfMisfortune+1","BatForm+1"],"relics":["testmod-TestBox","testmod-TimeTraveler","PatriotShield","NightmareShop","Question Card","Boot","testmod-OneHitWonder","Mummified Hand","Odd Mushroom","ImportantClient","RhineFirstAidKit","Gambling Chip","testmod-InjuryResistance","testmod-Acrobat","CeramicFish","Turnip","Astrolabe","testmod-ThousandKnives","Chemical X","testmod-ArcanaOfDestiny","testmod-EqualTreatment","testmod-Justice","PreservedInsect","RedBat","SynthV:C4","testmod-TheFather","Happy Flower","testmod-Fortitude"],"acts_visited":["Exordium","TheCity","TheBeyond","TheEnding"],"potions_floor_usage":[16],"damage_taken":[{"damage":0,"enemies":"Jaw Worm","floor":1,"turns":1},{"damage":0,"enemies":"Cultist","floor":2,"turns":1},{"damage":0,"enemies":"Small Slimes","floor":5,"turns":2},{"damage":0,"enemies":"Gremlin Nob","floor":7,"turns":2},{"damage":0,"enemies":"3 Sentries","floor":10,"turns":3},{"damage":0,"enemies":"3 Louse","floor":11,"turns":2},{"damage":0,"enemies":"The Mushroom Lair","floor":12,"turns":2},{"damage":0,"enemies":"Exordium Wildlife","floor":13,"turns":2},{"damage":0,"enemies":"Large Slime","floor":14,"turns":4},{"damage":0,"enemies":"Slime Boss","floor":16,"turns":6},{"damage":0,"enemies":"3 Byrds","floor":18,"turns":3},{"damage":4,"enemies":"Spheric Guardian","floor":21,"turns":1},{"damage":5,"enemies":"Centurion and Healer","floor":22,"turns":5},{"damage":4,"enemies":"Gremlin Leader","floor":23,"turns":3},{"damage":0,"enemies":"Snecko","floor":24,"turns":4},{"damage":0,"enemies":"Book of Stabbing","floor":25,"turns":3},{"damage":8,"enemies":"Slavers","floor":27,"turns":3},{"damage":3,"enemies":"Book of Stabbing","floor":30,"turns":7},{"damage":2,"enemies":"Cultist and Chosen","floor":31,"turns":2},{"damage":0,"enemies":"Collector","floor":33,"turns":4},{"damage":1,"enemies":"3 Darklings","floor":35,"turns":3},{"damage":13,"enemies":"Orb Walker","floor":39,"turns":2},{"damage":0,"enemies":"Reptomancer","floor":40,"turns":2},{"damage":0,"enemies":"Writhing Mass","floor":42,"turns":2},{"damage":0,"enemies":"Transient","floor":44,"turns":5},{"damage":0,"enemies":"Jaw Worm Horde","floor":46,"turns":1},{"damage":0,"enemies":"Nemesis","floor":48,"turns":2},{"damage":5,"enemies":"Awakened One","floor":50,"turns":3},{"damage":33,"enemies":"Shield and Spear","floor":54,"turns":1},{"damage":1,"enemies":"The Heart","floor":55,"turns":1}],"seed_played":"1211114531439088740","potions_obtained":[{"floor":1,"key":"BlessingOfTheForge"},{"floor":10,"key":"GamblersBrew"},{"floor":11,"key":"DistilledChaos"},{"floor":13,"key":"SteroidPotion"},{"floor":16,"key":"Dexterity Potion"},{"floor":18,"key":"DuplicationPotion"},{"floor":27,"key":"FairyPotion"}],"is_trial":false,"path_per_floor":["M","M","?","$","M","R","E","?","T","E","M","?","M","M","R","B",null,"M","?","?","M","M","E","M","E","T","E","R","?","E","M","R","B",null,"M","$","?","$","M","E","?","M","T","M","$","M","R","E","R","B",null,"R","$","E","B",null],"character_chosen":"REMILIA","items_purchased":["FitfulNightmare","testmod-ThousandKnives","Chemical X","Sadistic Nature","testmod-ArcanaOfDestiny","testmod-EqualTreatment","RedBat","testmod-TheFather","Happy Flower"],"campfire_rested":0,"item_purchase_floors":[4,36,36,36,38,38,45,53,53],"current_hp_per_floor":[75,75,75,75,75,75,75,75,75,75,75,75,75,75,75,75,75,75,75,75,75,75,75,75,75,75,75,75,75,75,75,75,75,75,75,75,75,75,75,75,75,75,75,75,75,75,75,75,75,75,75,75,75,75,75],"gold":68,"neow_bonus":"BOSS_RELIC","is_daily":false,"chose_seed":false,"campfire_upgraded":6,"win_rate":0.0,"timestamp":1607918393,"path_taken":["M","M","?","?","M","R","E","?","T","E","M","?","M","M","R","BOSS","M","?","?","M","?","E","M","E","T","E","R","?","E","M","R","BOSS","M","$","?","$","M","E","?","M","T","M","$","M","R","E","R","BOSS","R","$","E","BOSS"],"items_purchased_type":["Card","Relic","Relic","Card","Relic","Relic","Relic","Relic","Relic"],"build_version":"2020-12-13","purchased_purges":0,"victory":true,"max_hp_per_floor":[75,75,75,75,75,75,75,75,75,75,75,75,75,75,75,75,75,75,75,75,75,75,75,75,75,75,75,75,75,75,75,75,75,75,75,75,75,75,75,75,75,75,75,75,75,75,75,75,75,75,75,75,75,75,75],"relic_stats":{"Happy Flower":[0],"counters":[30,82],"Mummified Hand":[101],"Gambling Chip":[3],"CeramicFish":81,"Astrolabe":["DemonKingCradle","TransientEternity","ScarletCoffin"],"Turnip":[1],"PreservedInsect":115,"Chemical X":[1],"Question Card":32,"Boot":[49],"obtain_stats":[{"PatriotShield":0,"DaveBox":0,"CeramicFish":27,"testmod-EqualTreatment":38,"Boot":3,"ScarletHat":0,"SynthV:C4":48,"RedBat":45,"RhineFirstAidKit":17,"testmod-InjuryResistance":25,"NightmareShop":0,"Mummified Hand":10,"Gambling Chip":23,"testmod-ThousandKnives":36,"testmod-TheFather":53,"Chemical X":36,"testmod-ArcanaOfDestiny":38,"ImportantClient":16,"testmod-TestBox":0,"testmod-TimeTraveler":0,"Happy Flower":53,"Astrolabe":34,"PreservedInsect":43,"Odd Mushroom":12,"testmod-Justice":40,"Question Card":1,"testmod-Fortitude":54,"testmod-Acrobat":26,"Turnip":30,"testmod-OneHitWonder":7},{"PatriotShield":0,"DaveBox":0,"CeramicFish":17,"testmod-EqualTreatment":21,"Boot":2,"ScarletHat":0,"SynthV:C4":27,"RedBat":25,"RhineFirstAidKit":10,"testmod-InjuryResistance":16,"NightmareShop":0,"Mummified Hand":5,"Gambling Chip":14,"testmod-ThousandKnives":21,"testmod-TheFather":28,"Chemical X":21,"testmod-ArcanaOfDestiny":21,"ImportantClient":10,"testmod-TestBox":0,"testmod-TimeTraveler":0,"Happy Flower":28,"Astrolabe":20,"PreservedInsect":24,"Odd Mushroom":7,"testmod-Justice":23,"Question Card":1,"testmod-Fortitude":29,"testmod-Acrobat":16,"Turnip":18,"testmod-OneHitWonder":4},{"PatriotShield":0,"DaveBox":0,"CeramicFish":47,"testmod-EqualTreatment":63,"Boot":2,"ScarletHat":0,"SynthV:C4":77,"RedBat":74,"RhineFirstAidKit":25,"testmod-InjuryResistance":44,"NightmareShop":0,"Mummified Hand":9,"Gambling Chip":37,"testmod-ThousandKnives":63,"testmod-TheFather":80,"Chemical X":63,"testmod-ArcanaOfDestiny":63,"ImportantClient":25,"testmod-TestBox":0,"testmod-TimeTraveler":0,"Happy Flower":80,"Astrolabe":60,"PreservedInsect":69,"Odd Mushroom":13,"testmod-Justice":67,"Question Card":1,"testmod-Fortitude":81,"testmod-Acrobat":44,"Turnip":54,"testmod-OneHitWonder":6}]},"card_choices":[{"not_picked":["GlobalNightmare","MastersStateliness","VampireKiss"],"picked":"SKIP","floor":1},{"not_picked":["UltimateOffering","ScarletNetherworld","MastersStateliness"],"picked":"FavorOfDestiny","floor":2},{"not_picked":["UnstableMagic","NightDance","VampireKiss","FavorOfDestiny"],"picked":"SKIP","floor":5},{"not_picked":["EndlessAdversity","Stigmanizer","FavorOfDestiny"],"picked":"HeartBreak","floor":7},{"not_picked":["ChainGang","TransientEternity","UnderTheZenith"],"picked":"Ultimatum","floor":10},{"not_picked":["BombardNight","UltimateOffering","NightDance","CharismaGuard"],"picked":"SKIP","floor":11},{"not_picked":["VampireKiss","BloodHunter","HunterOfTheNight"],"picked":"DiffusionOfMisfortune","floor":13},{"not_picked":["VampireSweep","VampirishNight","ScarletGensokyo"],"picked":"MastersStateliness","floor":14},{"not_picked":["NightDance","VampirishNight","StarOfDavid","UnderTheZenith"],"picked":"SKIP","floor":14},{"not_picked":["BloodySeventeenLaser","DemonKingCradle","HellCatastrophe"],"picked":"QueenOfMidnight","floor":16},{"not_picked":["FitfulNightmare","ScarletSymphony","UnstableMagic","VampireClaw"],"picked":"SKIP","floor":18},{"not_picked":[],"picked":"BloodyCatastrophe","floor":19},{"not_picked":["BlasphemousPunishment+1","UnderTheZenith","BombardNight"],"picked":"NightLord","floor":21},{"not_picked":["BloodyMagicSquare","BloodyTrap","FavorOfDestiny"],"picked":"ScarletDevil+1","floor":22},{"not_picked":["TwelveNightmare","FavorOfDestiny+1","UnstableMagic"],"picked":"CurseOfVladTepes","floor":22},{"not_picked":["ScarletDevil","NightDance","UnstableMagic"],"picked":"DiffusionOfMisfortune","floor":23},{"not_picked":["ScarletDevilSign","ReincarnationDial","EternalNight+1","FavorOfDestiny"],"picked":"SKIP","floor":23},{"not_picked":["ScarletImprint","ScarletDream","StarOfDavid","BadLadyScramble"],"picked":"SKIP","floor":24},{"not_picked":["Stigmanizer+1","StarOfDavid","BloodHunter","ScarletSymphony"],"picked":"SKIP","floor":24},{"not_picked":["BloodAndWine","StarOfDavid","TwelveNightmare","NightDance"],"picked":"SKIP","floor":25},{"not_picked":["ScarletDevil+1","FavorOfDestiny","Maim","EternalNight+1"],"picked":"SKIP","floor":25},{"not_picked":["BloodAndWine","TwelveNightmare+1","UnderTheZenith"],"picked":"BatForm","floor":27},{"not_picked":["VampireKiss","ScarletNetherworld","ScarletImprint","Stigmanizer"],"picked":"SKIP","floor":30},{"not_picked":["UnstableMagic+1","BlasphemousPunishment","ScarletImprint"],"picked":"MillenniumVampire","floor":31},{"not_picked":["CurseOfVladTepes","ForecastOfChange","CeilingFear"],"picked":"BloodyHallows","floor":33},{"not_picked":["VampireSweep+1","BlasphemousPunishment+1","Stigmanizer+1","DiffusionOfMisfortune+1"],"picked":"SKIP","floor":35},{"not_picked":["ScarletImprint+1","NightDance","RedRainbow"],"picked":"DiffusionOfMisfortune+1","floor":39},{"not_picked":["BloodyMagicSquare","UnderTheZenith+1","ScarletDevil"],"picked":"BatForm","floor":40},{"not_picked":["BloodHunter","ReincarnationDial","Septette","StarOfDavid+1"],"picked":"SKIP","floor":42},{"not_picked":["ScarletNetherworld","CharismaGuard+1","Ultimatum","ChainGang"],"picked":"SKIP","floor":44},{"not_picked":["BombardNight","EndlessAdversity","BloodHunter+1","BlasphemousPunishment+1"],"picked":"SKIP","floor":46},{"not_picked":["FavorOfDestiny+1","BloodHunter","VampireSweep+1","BadLadyScramble+1"],"picked":"SKIP","floor":48},{"not_picked":["ScarletDevilSign+1","QueenOfMidnight","LeisurelyOfLord+1","DiffusionOfMisfortune"],"picked":"SKIP","floor":54}],"player_experience":44149,"relics_obtained":[{"floor":1,"key":"Question Card"},{"floor":7,"key":"testmod-OneHitWonder"},{"floor":10,"key":"Mummified Hand"},{"floor":12,"key":"Odd Mushroom"},{"floor":16,"key":"ImportantClient"},{"floor":23,"key":"Gambling Chip"},{"floor":25,"key":"testmod-InjuryResistance"},{"floor":26,"key":"testmod-Acrobat"},{"floor":27,"key":"CeramicFish"},{"floor":30,"key":"Turnip"},{"floor":40,"key":"testmod-Justice"},{"floor":43,"key":"PreservedInsect"},{"floor":48,"key":"SynthV:C4"},{"floor":54,"key":"testmod-Fortitude"}],"event_choices":[{"damage_healed":0,"gold_gain":0,"player_choice":"Gave Potion","damage_taken":0,"relics_obtained":["Boot"],"max_hp_gain":0,"max_hp_loss":0,"event_name":"WeMeetAgain","floor":3,"gold_loss":0},{"damage_healed":0,"gold_gain":0,"player_choice":"Leave","damage_taken":0,"max_hp_gain":0,"max_hp_loss":0,"event_name":"The Cleric","floor":8,"gold_loss":0},{"damage_healed":0,"gold_gain":0,"player_choice":"Fought Mushrooms","damage_taken":0,"max_hp_gain":0,"max_hp_loss":0,"event_name":"Mushrooms","floor":12,"gold_loss":0},{"damage_healed":0,"gold_gain":0,"player_choice":"Ignored","damage_taken":0,"max_hp_gain":0,"max_hp_loss":0,"event_name":"Beggar","floor":20,"gold_loss":0},{"damage_healed":0,"gold_gain":400,"player_choice":"Sell","damage_taken":0,"max_hp_gain":0,"max_hp_loss":0,"event_name":"恩洛斯的盘子","floor":29,"relics_lost":["DaveBox"],"gold_loss":0},{"cards_removed":["Defend_RM"],"damage_healed":0,"gold_gain":0,"player_choice":"Removed Skill","damage_taken":0,"max_hp_gain":0,"max_hp_loss":0,"event_name":"Falling","floor":37,"gold_loss":0},{"damage_healed":0,"gold_gain":0,"player_choice":"Ignored","damage_taken":0,"max_hp_gain":0,"max_hp_loss":0,"event_name":"Tomb of Lord Red Mask","floor":41,"gold_loss":0}],"is_beta":false,"boss_relics":[{"not_picked":["testmod-CardMagician","Runic Dome"],"picked":"RhineFirstAidKit"},{"not_picked":["TimeKeys","DiscerningMonocle"],"picked":"Astrolabe"}],"items_purged_floors":[],"is_endless":false,"potions_floor_spawned":[1,11,13,14,23,27,31,33,39,40,54],"ascension_level":4}}