{"host":"cgezvo7vwhm409tv","time":1607919046,"event":{"mods":["AchievementEnabler","BaseMod","Colored Map","Colored Powertips","Downfall","Hermit","Minty Spire (QoL Compilation)","Replay The Spire","StSLib","The Cursed","The Runesmith","The Servant 0.9.4","UnlockEverythingMod"],"gold_per_floor":[99,99,99,118,133,151,151,176,326,344,344,356,93,103,116,133,236,236,236,253,203,203,214,214,292,18,118,136,37,50,70,87,87,87],"floor_reached":33,"playtime":2240,"items_purged":[],"score":318,"play_id":"029bfdf2-2dc2-42d8-8aa9-7bab40d88b35","local_time":"20201213231046","is_ascension_mode":false,"campfire_choices":[{"data":"KidneyShot","floor":7,"key":"SMITH"},{"floor":11,"key":"REST"},{"data":"MurderousAura","floor":22,"key":"SMITH"}],"circlet_count":0,"master_deck":["Defend_S","Defend_S","Defend_S","Defend_S","KidneyShot+1","Exchange","Moonlight","Rearm","Starlight+1","Slimebound:Icky","Misdirection","Reset","MurderousAura+1","Defy","Defy","Contraction","Advance","ShiftingGears","Defy","Sunlight","Hallucinations","Injury","Hallucinations","Moonlight","TimeWarp+1","Bite","Bite","Bite","Bite","Bite","Defy+1","Barrier","The Bomb","GearUp+1","FlawlessForm","Snipe","Rearm","Alleviate","Starlight+1","FastForward"],"relics":["Uniform","Whetstone","Bag of Marbles","Replay:Ancient Bell","Regal Pillow","Chameleon Ring","Incense Burner","Meat on the Bone"],"acts_visited":["Exordium","TheCity"],"potions_floor_usage":[10,17,17,17,23,23,31,32],"damage_taken":[{"damage":0,"enemies":"Jaw Worm","floor":4,"turns":5},{"damage":0,"enemies":"Cultist","floor":5,"turns":3},{"damage":0,"enemies":"Small Slimes","floor":6,"turns":3},{"damage":9,"enemies":"Blue Slaver","floor":10,"turns":1},{"damage":4,"enemies":"Exordium Wildlife","floor":12,"turns":5},{"damage":0,"enemies":"downfall:FleeingMerchant","floor":13,"turns":4},{"damage":2,"enemies":"2 Fungi Beasts","floor":14,"turns":4},{"damage":5,"enemies":"3 Louse","floor":15,"turns":4},{"damage":21,"enemies":"Large Slime","floor":16,"turns":5},{"damage":7,"enemies":"downfall:Watcher","floor":17,"turns":10},{"damage":18,"enemies":"Shell Parasite","floor":20,"turns":12},{"damage":33,"enemies":"Centurion and Healer","floor":23,"turns":5},{"damage":3,"enemies":"downfall:FleeingMerchant","floor":26,"turns":4},{"damage":45,"enemies":"3 Cultists","floor":28,"turns":7},{"damage":0,"enemies":"downfall:FleeingMerchant","floor":29,"turns":4},{"damage":19,"enemies":"Snake Plant","floor":30,"turns":6},{"damage":1,"enemies":"Snecko","floor":31,"turns":6},{"damage":20,"enemies":"Shelled Parasite and Fungi","floor":32,"turns":6},{"damage":31,"enemies":"Cultist and Chosen","floor":33,"turns":6}],"seed_played":"7248607293563682058","potions_obtained":[{"floor":4,"key":"SpeedPotion"},{"floor":6,"key":"champ:CounterPotion"},{"floor":12,"key":"Weak Potion"},{"floor":15,"key":"SkillPotion"},{"floor":19,"key":"Languid Potion"},{"floor":19,"key":"FearPotion"},{"floor":20,"key":"SteroidPotion"},{"floor":28,"key":"Explosive Potion"},{"floor":31,"key":"Reflective Coating"}],"is_trial":false,"path_per_floor":["PTL","PTL","?","M","M","M","R","T","?","M","R","M","$","M","M","M","B",null,"R","M","?","R","M","?","T","$","?","M","$","M","M","M","M"],"character_chosen":"THE_SERVANT","items_purchased":["Defy","Bag of Marbles","Contraction","Barrier","The Bomb","Snipe","Rearm"],"campfire_rested":1,"item_purchase_floors":[13,13,13,26,26,29,29],"current_hp_per_floor":[71,71,71,71,71,71,71,71,71,62,71,67,67,65,60,39,32,71,71,53,71,71,38,38,38,41,41,18,34,25,37,25,0,0],"gold":87,"neow_bonus":"TEN_PERCENT_HP_BONUS","is_daily":false,"chose_seed":false,"campfire_upgraded":2,"win_rate":0.0,"timestamp":1607919046,"path_taken":["PTL","PTL","?","M","?","M","R","T","?","M","R","M","$","M","M","M","BOSS","R","M","?","R","M","?","T","$","?","M","$","M","?","M","M"],"items_purchased_type":["Card","Relic","Card","Card","Card","Card","Card"],"build_version":"2020-12-13","purchased_purges":0,"victory":false,"max_hp_per_floor":[71,71,71,71,71,71,71,71,71,71,71,71,71,71,71,71,71,71,71,71,71,71,71,49,49,49,49,49,49,49,49,49,49,49],"card_choices":[{"not_picked":["Sabotage","FastForward"],"picked":"Moonlight","floor":4},{"not_picked":["StarChef","Potential"],"picked":"Rearm","floor":5},{"not_picked":["Read","SilverBlades"],"picked":"Starlight","floor":6},{"not_picked":["Collapse","SilverBlades"],"picked":"Misdirection","floor":10},{"not_picked":["SilverBlades","BottledTime"],"picked":"Reset","floor":12},{"not_picked":["WasteNot","Starlight"],"picked":"MurderousAura","floor":13},{"not_picked":["WasteNot","MoonPhase"],"picked":"Advance","floor":14},{"not_picked":["Starlight","Replace"],"picked":"ShiftingGears","floor":15},{"not_picked":["Starlight","BestPractice"],"picked":"Defy","floor":16},{"not_picked":["Initiator","LightFlow"],"picked":"Sunlight","floor":17},{"not_picked":["Looming Evil","Regret"],"picked":"Hallucinations","floor":18},{"not_picked":["ReplayTheSpireMod:IOU","ReplayTheSpireMod:Splinters"],"picked":"Injury","floor":18},{"not_picked":["sneckomod:Bewildered","hermit:ImpendingDoom"],"picked":"Hallucinations","floor":18},{"not_picked":["Spin","Read+1"],"picked":"Moonlight","floor":20},{"not_picked":["Unruled","Moonlight"],"picked":"TimeWarp+1","floor":23},{"not_picked":["ShatteredReality","Unruled"],"picked":"Defy+1","floor":26},{"not_picked":["Initiator","Defy"],"picked":"GearUp+1","floor":28},{"not_picked":["BestPractice+1","Ricochet"],"picked":"FlawlessForm","floor":29},{"not_picked":["Revamp+1","Foresight"],"picked":"Alleviate","floor":30},{"not_picked":["Unruled","Luminosity+1"],"picked":"Starlight+1","floor":31},{"not_picked":["Rewind","Deny"],"picked":"FastForward","floor":32}],"player_experience":40109,"relics_obtained":[{"floor":8,"key":"Whetstone"},{"floor":25,"key":"Meat on the Bone"}],"event_choices":[{"damage_healed":0,"gold_gain":0,"player_choice":"Ignored","damage_taken":0,"max_hp_gain":0,"max_hp_loss":0,"event_name":"Transmorgrifier","floor":3,"gold_loss":0},{"damage_healed":0,"gold_gain":0,"player_choice":"Became a vampire","damage_taken":0,"max_hp_gain":0,"max_hp_loss":22,"event_name":"Vampires","floor":24,"gold_loss":0,"cards_obtained":["Bite","Bite","Bite","Bite","Bite"]}],"is_beta":false,"boss_relics":[{"not_picked":["Replay:Bronze Core","Replay:Drink Me"],"picked":"Replay:Ancient Bell"},{"not_picked":["Replay:Rubber Ducky","Tiny Chest"],"picked":"Regal Pillow"},{"not_picked":["Quantum Egg","Eternal Feather"],"picked":"Chameleon Ring"},{"not_picked":["Dead Branch","Replay:Towering Pillar of Hats"],"picked":"Incense Burner"}],"items_purged_floors":[],"is_endless":false,"potions_floor_spawned":[4,6,12,15,20,28,31],"killed_by":"Cultist and Chosen","ascension_level":0}}