{"host":"wukocnei7dgudpva","time":1607988983,"event":{"mods":["AchievementEnabler","BaseMod","Colored Map","Minty Spire (QoL Compilation)","StSLib","SuperFastMode"],"gold_per_floor":[115,130,149,162,112,122,122,132,157,157,170,27,55,65,65,65,65],"floor_reached":16,"playtime":1149,"items_purged":[],"score":106,"play_id":"88a1dc2d-155b-4924-bef6-8bcc10cde228","local_time":"20201215083623","is_ascension_mode":false,"campfire_choices":[{"data":"Double Energy","floor":7.0,"key":"SMITH"},{"floor":15,"key":"REST"}],"circlet_count":0,"master_deck":["Strike_B","Strike_B","Strike_B","Defend_B","Defend_B","Defend_B","Defend_B","Zap","Dualcast","Genetic Algorithm","Defragment","Consume","Double Energy+1","BootSequence","Capacitor","Core Surge","Melter","Conserve Battery","Hologram"],"relics":["Cracked Core","Bronze Scales","Dream Catcher"],"acts_visited":["Exordium"],"potions_floor_usage":[13,16,16],"damage_taken":[{"damage":8.0,"enemies":"Jaw Worm","floor":1.0,"turns":3.0},{"damage":0.0,"enemies":"Cultist","floor":2.0,"turns":4.0},{"damage":2.0,"enemies":"Small Slimes","floor":3.0,"turns":4.0},{"damage":5.0,"enemies":"2 Fungi Beasts","floor":4.0,"turns":5.0},{"damage":0.0,"enemies":"Exordium Wildlife","floor":6.0,"turns":1.0},{"damage":24.0,"enemies":"Large Slime","floor":8.0,"turns":7.0},{"damage":9.0,"enemies":"Blue Slaver","floor":11.0,"turns":6.0},{"damage":28,"enemies":"3 Sentries","floor":13,"turns":6},{"damage":0,"enemies":"3 Louse","floor":14,"turns":2},{"damage":31,"enemies":"Hexaghost","floor":16,"turns":10}],"seed_played":"4714244560655030417","potions_obtained":[{"floor":1.0,"key":"DistilledChaos"},{"floor":2.0,"key":"AttackPotion"},{"floor":4.0,"key":"FearPotion"},{"floor":11.0,"key":"PotionOfCapacity"},{"floor":14,"key":"AttackPotion"}],"is_trial":false,"path_per_floor":["M","M","M","M","?","M","R","M","T","?","M","$","E","M","R","B"],"character_chosen":"DEFECT","items_purchased":["Core Surge"],"campfire_rested":1,"item_purchase_floors":[12],"current_hp_per_floor":[74,74,72,67,67,67,67,43,43,43,34,34,6,6,30,0,0],"gold":65,"neow_bonus":"TEN_PERCENT_HP_BONUS","is_daily":false,"chose_seed":false,"campfire_upgraded":1,"win_rate":0.0,"timestamp":1607988983,"path_taken":["M","M","M","M","?","M","R","M","T","?","?","$","E","M","R","BOSS"],"items_purchased_type":["Card"],"build_version":"2020-12-13","purchased_purges":0,"victory":false,"max_hp_per_floor":[82,82,82,82,82,82,82,82,82,82,82,82,82,82,82,82,82],"card_choices":[{"not_picked":["Undo","Heatsinks"],"picked":"Genetic Algorithm","floor":1.0},{"not_picked":["White Noise","Conserve Battery"],"picked":"Defragment","floor":3.0},{"not_picked":["Cold Snap","Turbo"],"picked":"Consume","floor":4.0},{"not_picked":["Go for the Eyes","Storm"],"picked":"Double Energy","floor":6.0},{"not_picked":["Undo","Sweeping Beam"],"picked":"BootSequence","floor":8.0},{"not_picked":["Chill","Scrape"],"picked":"Capacitor","floor":11.0},{"not_picked":["Streamline","Self Repair"],"picked":"Melter","floor":13},{"not_picked":["Reinforced Body","Stack"],"picked":"Conserve Battery","floor":14},{"not_picked":["Thunder Strike","Rebound"],"picked":"Hologram","floor":15}],"player_experience":225038,"relics_obtained":[{"floor":9.0,"key":"Bronze Scales"},{"floor":13,"key":"Dream Catcher"}],"event_choices":[{"cards_removed":["Strike_B"],"damage_healed":0.0,"max_hp_gain":0.0,"max_hp_loss":0.0,"gold_gain":0.0,"event_name":"The Cleric","player_choice":"Card Removal","floor":5.0,"gold_loss":50.0,"damage_taken":0.0},{"damage_healed":0.0,"max_hp_gain":0.0,"max_hp_loss":0.0,"gold_gain":0.0,"event_name":"NoteForYourself","player_choice":"Ignored","floor":10.0,"gold_loss":0.0,"damage_taken":0.0}],"is_beta":false,"boss_relics":[],"items_purged_floors":[],"is_endless":false,"potions_floor_spawned":[1,2,4,11,14],"killed_by":"Hexaghost","ascension_level":0}}