{"host":"o06nhtgrr7npvf7b","time":1607911204,"event":{"mods":["AchievementEnabler","BaseMod","Colored Map","Colored Powertips","Minty Spire (QoL Compilation)","StSLib","SuperFastMode"],"gold_per_floor":[116,116,116,134,147,147,16,16,16,16,91,91,109,284,284,284,284],"floor_reached":16,"playtime":570,"items_purged":[],"score":88,"play_id":"d9907f99-6d99-4423-ae62-1cad27b07a6b","local_time":"20201213210004","is_ascension_mode":false,"campfire_choices":[{"floor":6,"key":"REST"},{"data":"ThirdEye","floor":8,"key":"SMITH"},{"data":"Adaptation","floor":12,"key":"SMITH"},{"data":"ConjureBlade","floor":15,"key":"SMITH"}],"circlet_count":0,"master_deck":["Strike_P","Strike_P","Strike_P","Strike_P","Defend_P","Defend_P","Defend_P","Defend_P+1","Eruption","Vigilance","FlurryOfBlows+1","WaveOfTheHand+1","Weave","Halt","Adaptation+1","ThirdEye+1","ConjureBlade+1","Doubt"],"relics":["PureWater","Kunai"],"acts_visited":["Exordium"],"potions_floor_usage":[13,16],"damage_taken":[{"damage":0,"enemies":"Small Slimes","floor":1,"turns":5},{"damage":0,"enemies":"Jaw Worm","floor":4,"turns":3},{"damage":0,"enemies":"Cultist","floor":5,"turns":3},{"damage":7,"enemies":"Exordium Thugs","floor":13,"turns":8},{"damage":60,"enemies":"Hexaghost","floor":16,"turns":2}],"seed_played":"-286947542169132958","potions_obtained":[{"floor":1,"key":"PowerPotion"}],"is_trial":false,"path_per_floor":["M","?","?","M","M","R","$","R","T","$","?","R","M","?","R","B"],"character_chosen":"WATCHER","items_purchased":["Adaptation","ThirdEye","AttackPotion"],"campfire_rested":1,"item_purchase_floors":[7,7,7],"current_hp_per_floor":[72,58,58,58,58,72,72,72,72,72,61,61,54,54,54,0,0],"gold":284,"neow_bonus":"THREE_CARDS","is_daily":false,"chose_seed":false,"campfire_upgraded":3,"win_rate":0.0,"timestamp":1607911204,"path_taken":["M","?","?","?","?","R","$","R","T","?","?","R","?","?","R","BOSS"],"items_purchased_type":["Card","Card","Potion"],"build_version":"2020-12-13","purchased_purges":0,"victory":false,"max_hp_per_floor":[72,72,72,72,72,72,72,72,72,72,72,72,72,72,72,72,72],"card_choices":[{"not_picked":["ThirdEye","CutThroughFate"],"picked":"FlurryOfBlows","floor":0},{"not_picked":["PathToVictory","EmptyFist"],"picked":"WaveOfTheHand","floor":1},{"not_picked":["JustLucky","CrushJoints"],"picked":"Weave","floor":4},{"not_picked":["SashWhip","ClearTheMind"],"picked":"Halt","floor":5},{"not_picked":["BowlingBash","Evaluate"],"picked":"ConjureBlade","floor":13}],"player_experience":126630,"relics_obtained":[{"floor":9,"key":"Kunai"}],"event_choices":[{"damage_healed":0,"gold_gain":0,"player_choice":"Entered Light","damage_taken":14,"max_hp_gain":0,"max_hp_loss":0,"event_name":"Shining Light","floor":2,"gold_loss":0,"cards_upgraded":["WaveOfTheHand","Defend_P"]},{"damage_healed":0,"gold_gain":0,"player_choice":"Grow","damage_taken":0,"max_hp_gain":0,"max_hp_loss":0,"event_name":"Living Wall","floor":3,"gold_loss":0,"cards_upgraded":["FlurryOfBlows"]},{"damage_healed":0,"gold_gain":75,"player_choice":"Gather Gold","damage_taken":11,"max_hp_gain":0,"max_hp_loss":0,"event_name":"World of Goop","floor":11,"gold_loss":0},{"damage_healed":0,"gold_gain":175,"player_choice":"AGREE","damage_taken":0,"max_hp_gain":0,"max_hp_loss":0,"event_name":"Liars Game","floor":14,"gold_loss":0,"cards_obtained":["Doubt"]}],"is_beta":false,"boss_relics":[],"items_purged_floors":[],"is_endless":false,"potions_floor_spawned":[1],"killed_by":"Hexaghost","ascension_level":0}}