{"host":"0285y92tozoijo7k","time":1607955675,"event":{"mods":["AchievementEnabler","Act Like it!","BaseMod","Colored Map","DeckTracker","Keyboard Shortcuts","Minty Spire (QoL Compilation)","Permanent Neow","StSLib","SuperFastMode"],"gold_per_floor":[360,380,8,24,40,67,67,67,118,118,118],"floor_reached":10,"playtime":319,"items_purged":["Strike_B"],"score":109,"play_id":"6dbd1660-3e39-4fb6-b745-7f441b1b1426","local_time":"20201214232115","is_ascension_mode":true,"campfire_choices":[{"floor":7,"key":"REST"}],"circlet_count":0,"master_deck":["AscendersBane","Strike_B","Strike_B","Strike_B","Defend_B","Defend_B","Defend_B","Defend_B","Zap","Dualcast","Genetic Algorithm","Heatsinks","Go for the Eyes","Barrage"],"relics":["Cracked Core","Mummified Hand","Darkstone Periapt","Centennial Puzzle"],"acts_visited":["Exordium"],"potions_floor_usage":[5,6,6],"damage_taken":[{"damage":7,"enemies":"Jaw Worm","floor":1,"turns":2},{"damage":2,"enemies":"Small Slimes","floor":2,"turns":4},{"damage":0,"enemies":"Cultist","floor":4,"turns":4},{"damage":27,"enemies":"Exordium Wildlife","floor":5,"turns":7},{"damage":5,"enemies":"Lagavulin","floor":6,"turns":7},{"damage":40,"enemies":"3 Sentries","floor":10,"turns":5}],"seed_played":"-4065479007202973310","potions_obtained":[{"floor":1,"key":"SkillPotion"},{"floor":4,"key":"BlessingOfTheForge"},{"floor":5,"key":"DistilledChaos"}],"is_trial":false,"path_per_floor":["M","M","$","M","M","E","R","$","T","E"],"character_chosen":"DEFECT","items_purchased":["Mummified Hand","Heatsinks"],"campfire_rested":1,"item_purchase_floors":[3,3],"current_hp_per_floor":[43,41,41,41,14,9,31,31,31,0,0],"gold":118,"neow_bonus":"TWO_FIFTY_GOLD","is_daily":false,"chose_seed":false,"campfire_upgraded":0,"win_rate":0.0,"timestamp":1607955675,"path_taken":["M","M","$","M","M","E","R","$","T","E"],"items_purchased_type":["Relic","Card"],"build_version":"2020-12-13","purchased_purges":1,"victory":false,"max_hp_per_floor":[75,75,75,75,75,75,75,75,75,75,75],"card_choices":[{"not_picked":["Undo","Cold Snap"],"picked":"Genetic Algorithm","floor":1},{"not_picked":["Scrape","Storm","Steam"],"picked":"SKIP","floor":2},{"not_picked":["Rip and Tear","Hologram","Steam"],"picked":"SKIP","floor":4},{"not_picked":["Hologram","Melter"],"picked":"Go for the Eyes","floor":5},{"not_picked":["Reprogram","Cold Snap"],"picked":"Barrage","floor":6}],"player_experience":372483,"relics_obtained":[{"floor":6,"key":"Darkstone Periapt"},{"floor":9,"key":"Centennial Puzzle"}],"event_choices":[],"is_beta":false,"boss_relics":[],"items_purged_floors":[3],"is_endless":false,"potions_floor_spawned":[1,4,5],"killed_by":"3 Sentries","ascension_level":12}}