{"host":"2461dio7vetlq1z3","time":1607982038,"event":{"mods":["2.2 Compatiblity","AchievementEnabler","Aspiration","BaseMod","Downfall","Hermit","Lobotomy","Marisa????????","Minty Spire (QoL Compilation)","Relic Stats","Spicy Shops","StSLib","Waifu the Spire"],"gold_per_floor":[99,117,117,133,133,144,144,144,158,191,16,29,29,40,52,149,149,74,109,109,124,144,176,176,176,26,57,73,85,85,96,114,213,213,213,225,225,225,253,34,34,49,49,80,91,102,102,102],"floor_reached":47,"playtime":3013,"items_purged":["Slimebound:Strike_Slimebound","Slimebound:Strike_Slimebound"],"score":599,"play_id":"90968df4-0172-4eb5-a4f0-81b4cceb8986","local_time":"20201214224038","is_ascension_mode":false,"campfire_choices":[{"data":"Slimebound:Split","floor":1,"key":"SMITH"},{"data":"Slimebound:CorrosiveSpit","floor":3,"key":"SMITH"},{"data":"Slimebound:Nibble","floor":5,"key":"SMITH"},{"data":"Slimebound:OozeBath","floor":18,"key":"SMITH"},{"floor":20,"key":"RECALL"},{"floor":26,"key":"REST"},{"floor":35,"key":"REST"},{"floor":38,"key":"REST"}],"circlet_count":0,"master_deck":["Slimebound:Tackle","Slimebound:Defend_Slimebound","Slimebound:Defend_Slimebound","Slimebound:Defend_Slimebound","Slimebound:Defend_Slimebound","Slimebound:Split+1","Slimebound:CorrosiveSpit+1","Slimebound:Nibble+1","Slimebound:LeechEnergy","Slimebound:SlimeSpikes+1","Slimebound:SpikyOuterGoop","Slimebound:GrowthPunch","Slimebound:SplitMire","Slimebound:LeadByExample","Slimebound:SplitMire","Slimebound:RainOfGoop","Slimebound:OozeBath+1","Slimebound:LivingWall","Slimebound:SlimeSlap","Slimebound:MinionMaster","Slimebound:ViciousTackle+1","Slimebound:GoopSpray+1","Slimebound:AcidTongue","Slimebound:LeechLife","Slimebound:SamplingLick+1"],"relics":["Slimebound:AbsorbEndCombat","MealTicket","Potion Belt","Philosopher\u0027s Stone","downfall:HeartBlessingBlue","PreservedInsect","Gremlin Horn","Centennial Puzzle","downfall:HeartBlessingRed","downfall:HeartBlessingGreen","Boot","Fusion Hammer","Blood Vial","Bronze Scales","StoneCalendar","Toxic Egg 2"],"acts_visited":["Exordium","TheCity","TheBeyond"],"potions_floor_usage":[10,16,19,23,23,31,33,36],"damage_taken":[{"damage":9,"enemies":"Jaw Worm","floor":2,"turns":3},{"damage":11,"enemies":"Cultist","floor":4,"turns":3},{"damage":8,"enemies":"Small Slimes","floor":6,"turns":3},{"damage":10,"enemies":"2 Fungi Beasts","floor":9,"turns":3},{"damage":27,"enemies":"3 Sentries","floor":10,"turns":7},{"damage":8,"enemies":"downfall:FleeingMerchant","floor":11,"turns":4},{"damage":23,"enemies":"Large Slime","floor":12,"turns":3},{"damage":8,"enemies":"Red Slaver","floor":14,"turns":3},{"damage":27,"enemies":"Exordium Thugs","floor":15,"turns":4},{"damage":24,"enemies":"downfall:Ironclad","floor":16,"turns":8},{"damage":51,"enemies":"Book of Stabbing","floor":19,"turns":5},{"damage":33,"enemies":"Shell Parasite","floor":21,"turns":5},{"damage":32,"enemies":"Chosen","floor":22,"turns":4},{"damage":28,"enemies":"Slavers","floor":23,"turns":3},{"damage":20,"enemies":"Book of Stabbing","floor":27,"turns":4},{"damage":30,"enemies":"Snake Plant","floor":28,"turns":3},{"damage":26,"enemies":"Centurion and Healer","floor":29,"turns":5},{"damage":7,"enemies":"3 Cultists","floor":31,"turns":3},{"damage":8,"enemies":"Cultist and Chosen","floor":32,"turns":4},{"damage":38,"enemies":"downfall:Watcher","floor":33,"turns":6},{"damage":11,"enemies":"Orb Walker","floor":36,"turns":2},{"damage":8,"enemies":"Reptomancer","floor":39,"turns":3},{"damage":33,"enemies":"downfall:FleeingMerchant","floor":40,"turns":4},{"damage":19,"enemies":"3 Shapes","floor":42,"turns":3},{"damage":24,"enemies":"Nemesis","floor":44,"turns":3},{"damage":13,"enemies":"Spire Growth","floor":45,"turns":3},{"damage":79,"enemies":"Transient","floor":46,"turns":5},{"damage":32,"enemies":"3 Darklings","floor":47,"turns":2}],"seed_played":"3725657487125551850","potions_obtained":[{"floor":2,"key":"LiquidMemories"},{"floor":4,"key":"PowerPotion"},{"floor":6,"key":"Guardian:BlockOnCardUsePotion"},{"floor":12,"key":"Explosive Potion"},{"floor":16,"key":"EssenceOfSteel"},{"floor":19,"key":"Slimebound:SlimedPotion"},{"floor":21,"key":"Slimebound:SlimyTonguePotion"},{"floor":28,"key":"DuplicationPotion"},{"floor":29,"key":"SteroidPotion"},{"floor":31,"key":"Fire Potion"},{"floor":36,"key":"SpeedPotion"},{"floor":44,"key":"Swift Potion"}],"is_trial":false,"path_per_floor":["R","M","R","M","R","M","T","?","M","E","$","M","?","M","M","B",null,"R","E","R","M","M","E","T","?","R","E","M","M","?","M","M","B",null,"R","M","T","R","E","$","T","M","?","E","M","M","M"],"character_chosen":"SLIMEBOUND","items_purchased":["Slimebound:LeadByExample","Slimebound:SplitMire","Strength Potion"],"campfire_rested":3,"item_purchase_floors":[11,11,40],"current_hp_per_floor":[60,60,60,59,59,60,60,60,56,37,58,57,57,60,55,58,60,70,49,49,40,28,18,18,18,39,33,23,29,29,38,52,40,70,70,67,67,70,70,70,70,65,65,70,70,23,0,0],"gold":102,"neow_bonus":"RANDOM_COMMON_RELIC","is_daily":false,"chose_seed":false,"campfire_upgraded":4,"win_rate":0.0,"timestamp":1607982038,"path_taken":["R","M","R","M","R","M","T","?","?","E","$","M","?","M","M","BOSS","R","E","R","M","M","E","T","?","R","E","M","M","?","M","M","BOSS","R","M","?","R","E","?","T","M","?","E","M","M","?"],"items_purchased_type":["Card","Card","Potion"],"build_version":"2020-12-13","purchased_purges":2,"victory":false,"max_hp_per_floor":[60,60,60,60,60,60,60,60,60,60,60,60,60,60,60,60,60,70,70,70,70,70,70,70,70,70,70,70,70,70,70,70,70,70,70,70,70,70,70,70,70,70,70,70,70,70,70,70],"relic_stats":{"Blood Vial":4,"Centennial Puzzle":[42],"Gremlin Horn":[9,9],"counters":[28,107],"Bronze Scales":[60],"MealTicket":15,"StoneCalendar":[0],"PreservedInsect":266,"Boot":[4],"obtain_stats":[{"Potion Belt":10,"Gremlin Horn":23,"downfall:HeartBlessingRed":26,"downfall:HeartBlessingGreen":26,"StoneCalendar":41,"PreservedInsect":19,"Boot":27,"Blood Vial":37,"Centennial Puzzle":24,"downfall:HeartBlessingBlue":18,"Bronze Scales":39,"MealTicket":0,"Philosopher\u0027s Stone":17,"Fusion Hammer":34,"Slimebound:AbsorbEndCombat":0,"Toxic Egg 2":44},{"Potion Belt":5,"Gremlin Horn":14,"downfall:HeartBlessingRed":14,"downfall:HeartBlessingGreen":14,"StoneCalendar":23,"PreservedInsect":11,"Boot":15,"Blood Vial":21,"Centennial Puzzle":14,"downfall:HeartBlessingBlue":10,"Bronze Scales":22,"MealTicket":0,"Philosopher\u0027s Stone":10,"Fusion Hammer":20,"Slimebound:AbsorbEndCombat":0,"Toxic Egg 2":25},{"Potion Belt":19,"Gremlin Horn":57,"downfall:HeartBlessingRed":57,"downfall:HeartBlessingGreen":57,"StoneCalendar":91,"PreservedInsect":46,"Boot":61,"Blood Vial":84,"Centennial Puzzle":57,"downfall:HeartBlessingBlue":41,"Bronze Scales":87,"MealTicket":0,"Philosopher\u0027s Stone":41,"Fusion Hammer":82,"Slimebound:AbsorbEndCombat":0,"Toxic Egg 2":97}]},"card_choices":[{"not_picked":["Slimebound:SplitBruiser","Slimebound:SplitAcid"],"picked":"Slimebound:Nibble","floor":2},{"not_picked":["Slimebound:SplitBruiser","Slimebound:TongueLash"],"picked":"Slimebound:LeechEnergy","floor":4},{"not_picked":["Slimebound:SplitAcid","Slimebound:LeechEnergy"],"picked":"Slimebound:SlimeSpikes","floor":6},{"not_picked":["Slimebound:LivingWall","Slimebound:ItLooksTasty"],"picked":"Slimebound:SpikyOuterGoop","floor":9},{"not_picked":["Slimebound:SplitMire","Slimebound:ViciousTackle"],"picked":"Slimebound:GrowthPunch","floor":10},{"not_picked":["Slimebound:ComboTackle","Slimebound:SamplingLick"],"picked":"Slimebound:SplitMire","floor":11},{"not_picked":["Slimebound:SplitMire","Slimebound:FormOfPuddle"],"picked":"Slimebound:RainOfGoop","floor":12},{"not_picked":["Slimebound:HauntingLick","Slimebound:ComboTackle"],"picked":"Slimebound:OozeBath","floor":14},{"not_picked":["Slimebound:Nibble","Slimebound:Repurpose"],"picked":"Slimebound:LivingWall","floor":15},{"not_picked":["Slimebound:LeechLife","Slimebound:MinionMaster"],"picked":"Slimebound:SlimeSlap","floor":16},{"not_picked":["Slimebound:FinishingTackle","Slimebound:Schlurp"],"picked":"Slimebound:MinionMaster","floor":19},{"not_picked":["Slimebound:SlimeBarrage","Slimebound:BestDefense"],"picked":"Slimebound:ViciousTackle+1","floor":21},{"not_picked":["Slimebound:Gluttony","Slimebound:BestDefense+1"],"picked":"Slimebound:GoopSpray+1","floor":22},{"not_picked":["Slimebound:SplitBruiser","Slimebound:SlimeSpikes"],"picked":"Slimebound:AcidTongue","floor":23},{"not_picked":["Slimebound:Replication","Slimebound:RejuvenatingLick","Slimebound:Prepare"],"picked":"SKIP","floor":27},{"not_picked":["Slimebound:Gluttony","Slimebound:SplitAcid+1","Slimebound:GoopSpray"],"picked":"SKIP","floor":28},{"not_picked":["Slimebound:SplitBruiser","Slimebound:SplitLeeching","Slimebound:SplitAcid"],"picked":"SKIP","floor":29},{"not_picked":["Slimebound:SplitAcid","Slimebound:LeechingTouch+1","Slimebound:Schlurp"],"picked":"SKIP","floor":31},{"not_picked":["Slimebound:DisruptingSlam+1","Slimebound:OneTwoCombo","Slimebound:GoopTackle"],"picked":"SKIP","floor":32},{"not_picked":["Slimebound:Teamwork","Slimebound:OneTwoCombo"],"picked":"Slimebound:LeechLife","floor":33},{"not_picked":["Slimebound:Nibble","Slimebound:Repurpose"],"picked":"Slimebound:SamplingLick+1","floor":36},{"not_picked":["Slimebound:FormOfPuddle+1","Slimebound:GoopSpray","Slimebound:ForwardTackle"],"picked":"SKIP","floor":39},{"not_picked":["Slimebound:SlimeSpikes","Slimebound:RollThrough+1","Slimebound:Dissolve+1"],"picked":"SKIP","floor":40},{"not_picked":["Slimebound:ItLooksTasty+1","Slimebound:Dissolve","Slimebound:TongueLash+1"],"picked":"SKIP","floor":42},{"not_picked":["Slimebound:LeechingTouch","Slimebound:MassFeed","Slimebound:ViciousTackle"],"picked":"SKIP","floor":44},{"not_picked":["Slimebound:BestDefense+1","Slimebound:SplitLeeching+1","Slimebound:FormOfPuddle+1"],"picked":"SKIP","floor":45},{"not_picked":["Slimebound:LivingWall+1","Slimebound:GoopTackle+1","Slimebound:SlimeTap+1"],"picked":"SKIP","floor":46}],"player_experience":824167,"relics_obtained":[{"floor":10,"key":"Potion Belt"},{"floor":19,"key":"PreservedInsect"},{"floor":23,"key":"Gremlin Horn"},{"floor":24,"key":"Centennial Puzzle"},{"floor":27,"key":"Boot"},{"floor":37,"key":"Blood Vial"},{"floor":39,"key":"Bronze Scales"},{"floor":41,"key":"StoneCalendar"},{"floor":44,"key":"Toxic Egg 2"}],"event_choices":[{"damage_healed":0,"gold_gain":0,"player_choice":"Upgraded","damage_taken":0,"max_hp_gain":0,"max_hp_loss":0,"event_name":"Upgrade Shrine","floor":8,"gold_loss":0,"cards_upgraded":["Slimebound:SlimeSpikes"]},{"cards_removed":["Slimebound:Strike_Slimebound"],"damage_healed":0,"gold_gain":0,"player_choice":"Card Removal","damage_taken":0,"max_hp_gain":0,"max_hp_loss":0,"event_name":"Wheel of Change","floor":43,"gold_loss":0}],"is_beta":false,"boss_relics":[{"not_picked":["Snecko Eye","aspiration:DefectSkillbook"],"picked":"Philosopher\u0027s Stone"},{"not_picked":["Calling Bell","aspiration:IroncladSkillbook"],"picked":"Fusion Hammer"}],"items_purged_floors":[11,40],"is_endless":false,"potions_floor_spawned":[2,4,6,12,16,19,21,28,29,31,36,44],"killed_by":"3 Darklings","ascension_level":0}}