{"host":"s4klbi5zf1bej8mm","time":1607969636,"event":{"mods":["2.2 Compatiblity","Act Like it!","BaseMod","Block Reminder","Colored Map","Colored Powertips","DeckTracker","Downfall","Highlight Path","Jorbs\u0027s Wanderer Trilogy","Minty Spire (QoL Compilation)","Permanent Neow","Quick Restart","Random Character Button","Relic Sorter","Relic Stats","Replay The Spire","Shade Mod","Spicy Shops","StSLib","The Blackbeard","The Cursed","The Hierophant","The Necromancer","Unknown Chances"],"gold_per_floor":[117,136,136,50,63,96,96,21,21,33,50,69,18,193,193,296,296,309,50,66,66,76,76,76,76],"floor_reached":24,"playtime":1278,"items_purged":["Strike_W"],"score":198,"play_id":"1621e6b5-6fbf-4041-88a1-c63e89d75ae3","local_time":"20201214121356","is_ascension_mode":false,"campfire_choices":[{"data":"Summon_Undead_Army","floor":7,"key":"SMITH"},{"floor":15,"key":"REST"},{"data":"Summon_Undead","floor":23,"key":"SMITH"}],"circlet_count":0,"master_deck":["Strike_W","Strike_W","Defend_W","Defend_W","Defend_W","Negative_Energy_Arrows","Bone_Wall","Shade_Step","Bone_Armory","Summon_Undead_Army+1","Summon_Lich+1","Uncharnel","Bone_Bullets","Bone_Armory+1","Requiem","Negative_Energy_Javelin","Summon_Undead+1","Summon_Undead_Army+1","Life_Drain+1"],"relics":["Vampire_Amulet","Ornamental Fan","Replay:Bottled Eggs","Empty Cage","Mummified Hand"],"acts_visited":["Exordium","TheCity"],"potions_floor_usage":[6,12,16,22],"damage_taken":[{"damage":1,"enemies":"2 Louse","floor":1,"turns":3},{"damage":1,"enemies":"Cultist","floor":2,"turns":4},{"damage":1,"enemies":"Jaw Worm","floor":5,"turns":3},{"damage":39,"enemies":"Gremlin Nob","floor":6,"turns":5},{"damage":26,"enemies":"Gremlin Gang","floor":10,"turns":3},{"damage":3,"enemies":"Red Slaver","floor":11,"turns":3},{"damage":10,"enemies":"Looter","floor":12,"turns":3},{"damage":30,"enemies":"Fading Forest","floor":16,"turns":11},{"damage":23,"enemies":"Shell Parasite","floor":18,"turns":6},{"damage":5,"enemies":"Chosen","floor":20,"turns":3},{"damage":39,"enemies":"Centurion and Healer","floor":22,"turns":5},{"damage":26,"enemies":"Sentry and Sphere","floor":24,"turns":3}],"seed_played":"1934235541554043964","potions_obtained":[{"floor":5,"key":"Reflective Coating"},{"floor":10,"key":"BlessingOfTheForge"},{"floor":11,"key":"Dexterity Potion"},{"floor":18,"key":"Weak Potion"}],"is_trial":false,"path_per_floor":["M","M","?","$","M","E","R","$","T","M","M","M","$","?","R","B",null,"M","$","M","?","M","R","M"],"character_chosen":"NECROMANCER","items_purchased":["Summon_Undead_Army","Bone_Armory+1","Mummified Hand"],"campfire_rested":1,"item_purchase_floors":[4,13,19],"current_hp_per_floor":[75,75,75,75,75,38,38,38,38,20,19,11,11,11,33,23,75,54,54,51,51,16,16,0,0],"gold":76,"neow_bonus":"RANDOM_EVENT","is_daily":false,"chose_seed":false,"campfire_upgraded":2,"win_rate":0.0,"timestamp":1607969636,"path_taken":["M","M","?","?","?","E","R","$","T","M","M","?","?","?","R","BOSS","M","$","M","?","?","R","M"],"items_purchased_type":["Card","Card","Relic"],"build_version":"2020-12-13","purchased_purges":1,"victory":false,"max_hp_per_floor":[75,75,75,75,75,75,75,75,75,75,75,75,75,75,75,75,75,75,75,75,75,75,75,75,75],"relic_stats":{"counters":[12,52],"Ornamental Fan":[8],"Mummified Hand":[16],"obtain_stats":[{"Ornamental Fan":6,"Mummified Hand":19,"Vampire_Amulet":0,"Replay:Bottled Eggs":9,"Empty Cage":17},{"Ornamental Fan":4,"Mummified Hand":9,"Vampire_Amulet":0,"Replay:Bottled Eggs":4,"Empty Cage":8},{"Ornamental Fan":15,"Mummified Hand":41,"Vampire_Amulet":0,"Replay:Bottled Eggs":15,"Empty Cage":35}]},"card_choices":[{"not_picked":["Chill_Blood","Bone_Bullets"],"picked":"Shade_Step","floor":1},{"not_picked":["Scare","Vampiric_Strike"],"picked":"Bone_Armory","floor":2},{"not_picked":["Scare","Blood_Curse","Negative_Energy_Mist"],"picked":"SKIP","floor":5},{"not_picked":["Acid_Javelin","Shade_Step"],"picked":"Summon_Lich","floor":6},{"not_picked":["Bone_Spikes","Death_Knell"],"picked":"Uncharnel","floor":10},{"not_picked":["Corrupt","Scare","Violent_Necrosis"],"picked":"SKIP","floor":11},{"not_picked":["Detonate_Bones","Death_Coil"],"picked":"Bone_Bullets","floor":12},{"not_picked":["Reap_The_Weak","Blood_Magic"],"picked":"Requiem","floor":16},{"not_picked":["Bone_Shift+1","Toxic_Smoke_Screen"],"picked":"Negative_Energy_Javelin","floor":18},{"not_picked":["Bone_Spikes","Exploit+1"],"picked":"Summon_Undead","floor":20},{"not_picked":["Negative_Energy_Shield","Exploit"],"picked":"Life_Drain+1","floor":22}],"player_experience":126216,"relics_obtained":[{"floor":6,"key":"Ornamental Fan"},{"floor":9,"key":"Replay:Bottled Eggs"}],"event_choices":[{"damage_healed":0,"gold_gain":0,"player_choice":"Bought 0 Potions","damage_taken":0,"max_hp_gain":0,"max_hp_loss":0,"event_name":"The Woman in Blue","floor":3,"gold_loss":0},{"damage_healed":0,"gold_gain":175,"player_choice":"AGREE","damage_taken":0,"max_hp_gain":0,"max_hp_loss":0,"event_name":"Liars Game","floor":14,"gold_loss":0,"cards_obtained":["Doubt"]},{"damage_healed":0,"gold_gain":0,"player_choice":"Copied","damage_taken":0,"max_hp_gain":0,"max_hp_loss":0,"event_name":"Duplicator","floor":21,"gold_loss":0,"cards_obtained":["Summon_Undead_Army"]}],"is_beta":false,"boss_relics":[{"not_picked":["Tiny House","Ectoplasm"],"picked":"Empty Cage"}],"items_purged_floors":[8],"is_endless":false,"potions_floor_spawned":[5,10,11,18],"killed_by":"Sentry and Sphere","ascension_level":0}}