{"host":"63jn9lre6xij8k68","time":1607950222,"event":{"mods":["AchievementEnabler","BaseMod","Colored Map","DeckTracker","Minty Spire (QoL Compilation)","StSLib","SuperFastMode"],"gold_per_floor":[111,124,140,156,156,156,184,184,254,264,280,293,293,308,308,409,409,424,199,219,230,245,245,256,256,256,285,301,301,316,177,177,282,282,299,299,103,120,134,134,167,167,190,190,204,215,227,137,137,137,137],"floor_reached":50,"playtime":1768,"items_purged":["Strike_R","Strike_R","Strike_R"],"score":628,"play_id":"9951a13e-cb13-4761-bdc6-2b1b6822ea3b","local_time":"20201214215022","is_ascension_mode":true,"campfire_choices":[{"data":"True Grit","floor":6,"key":"SMITH"},{"data":"Bash","floor":8,"key":"SMITH"},{"data":"Uppercut","floor":13,"key":"SMITH"},{"data":"Evolve","floor":15,"key":"SMITH"},{"data":"Body Slam","floor":23,"key":"SMITH"},{"data":"True Grit","floor":25,"key":"SMITH"},{"floor":29,"key":"REST"},{"data":"Immolate","floor":32,"key":"SMITH"},{"floor":40,"key":"REST"},{"data":"Second Wind","floor":42,"key":"SMITH"},{"floor":44,"key":"REST"},{"floor":49,"key":"REST"}],"circlet_count":0,"master_deck":["Defend_R","Defend_R+1","Defend_R","Defend_R","Bash+1","Headbutt","Thunderclap","True Grit+1","Evolve+1","Cleave","Uppercut+1","Fiend Fire","Warcry+1","Immolate+1","Warcry","Body Slam+1","True Grit+1","Flame Barrier+1","Dark Embrace+1","Battle Trance+1","Juggernaut","Second Wind+1","Warcry+1","Shrug It Off+1"],"relics":["Black Blood","NeowsBlessing","Lizard Tail","Mercury Hourglass","Mark of Pain","War Paint","Sundial","Oddly Smooth Stone","Calipers","Ancient Tea Set"],"acts_visited":["TheCity","TheBeyond"],"potions_floor_usage":[12,20,21,27,33,41,46],"damage_taken":[{"damage":0.0,"enemies":"Cultist","floor":1.0,"turns":1.0},{"damage":0.0,"enemies":"Jaw Worm","floor":2.0,"turns":1.0},{"damage":0.0,"enemies":"Small Slimes","floor":3.0,"turns":1.0},{"damage":10.0,"enemies":"Exordium Thugs","floor":4.0,"turns":4.0},{"damage":41,"enemies":"3 Sentries","floor":7,"turns":8},{"damage":16,"enemies":"Gremlin Gang","floor":10,"turns":3},{"damage":6,"enemies":"Lots of Slimes","floor":11,"turns":2},{"damage":0,"enemies":"Large Slime","floor":12,"turns":4},{"damage":6,"enemies":"Exordium Wildlife","floor":14,"turns":3},{"damage":34,"enemies":"Slime Boss","floor":16,"turns":10},{"damage":16,"enemies":"2 Thieves","floor":18,"turns":3},{"damage":11,"enemies":"Shell Parasite","floor":20,"turns":3},{"damage":8,"enemies":"Cultist and Chosen","floor":21,"turns":4},{"damage":9,"enemies":"Centurion and Healer","floor":22,"turns":5},{"damage":12,"enemies":"3 Cultists","floor":24,"turns":4},{"damage":25,"enemies":"Gremlin Leader","floor":27,"turns":4},{"damage":9,"enemies":"Snake Plant","floor":28,"turns":4},{"damage":1,"enemies":"Snecko","floor":30,"turns":4},{"damage":88,"enemies":"Champ","floor":33,"turns":14},{"damage":19,"enemies":"3 Shapes","floor":35,"turns":4},{"damage":38,"enemies":"3 Darklings","floor":38,"turns":6},{"damage":5,"enemies":"Sphere and 2 Shapes","floor":39,"turns":4},{"damage":56,"enemies":"Reptomancer","floor":41,"turns":7},{"damage":52,"enemies":"Writhing Mass","floor":45,"turns":6},{"damage":10,"enemies":"Transient","floor":46,"turns":5},{"damage":14,"enemies":"Maw","floor":47,"turns":8},{"damage":44,"enemies":"Awakened One","floor":50,"turns":3}],"seed_played":"1250782389294249380","potions_obtained":[{"floor":3.0,"key":"PowerPotion"},{"floor":10,"key":"Fire Potion"},{"floor":14,"key":"ColorlessPotion"},{"floor":16,"key":"Weak Potion"},{"floor":21,"key":"CultistPotion"},{"floor":27,"key":"Energy Potion"},{"floor":33,"key":"BloodPotion"},{"floor":35,"key":"FearPotion"},{"floor":46,"key":"SteroidPotion"}],"is_trial":false,"path_per_floor":["M","M","M","M","$","R","E","R","T","M","M","M","R","M","R","B",null,"M","$","M","M","M","R","M","R","T","E","M","R","M","$","R","B",null,"M","?","$","M","M","R","E","R","T","R","M","M","M","?","R","B"],"character_chosen":"IRONCLAD","items_purchased":["War Paint","Battle Trance","Second Wind"],"campfire_rested":4,"item_purchase_floors":[19,31,37],"current_hp_per_floor":[80,80,80,76,76,76,41,41,41,31,31,37,37,37,37,9,62,52,52,47,45,42,42,36,36,36,17,14,38,43,43,43,8,62,55,55,55,29,36,60,32,32,32,56,16,18,16,16,40,0,0],"gold":137,"neow_bonus":"THREE_ENEMY_KILL","is_daily":false,"chose_seed":false,"campfire_upgraded":8,"win_rate":0.0,"timestamp":1607950222,"path_taken":["M","?","M","?","$","R","E","R","T","M","M","M","R","M","R","BOSS","M","$","M","M","M","R","?","R","T","E","M","R","M","$","R","BOSS","M","?","$","M","M","R","E","R","T","R","M","M","?","?","R","BOSS"],"items_purchased_type":["Relic","Card","Card"],"build_version":"2020-12-13","purchased_purges":3,"victory":false,"max_hp_per_floor":[80,80,80,80,80,80,80,80,80,80,80,80,80,80,80,80,80,80,80,80,80,80,80,80,80,80,80,80,80,80,80,80,80,80,80,80,80,80,80,80,80,80,80,80,80,80,80,80,80,80,80],"card_choices":[{"not_picked":["Flex","Wild Strike"],"picked":"Headbutt","floor":1.0},{"not_picked":["Flex","Pummel"],"picked":"Thunderclap","floor":2.0},{"not_picked":["Cleave","Carnage"],"picked":"True Grit","floor":3.0},{"not_picked":["Carnage","Seeing Red","Headbutt"],"picked":"SKIP","floor":4.0},{"not_picked":["Armaments","Perfected Strike"],"picked":"Evolve","floor":7},{"not_picked":["Rage","Metallicize"],"picked":"Cleave","floor":10},{"not_picked":["Ghostly Armor","Headbutt"],"picked":"Uppercut","floor":11},{"not_picked":["Heavy Blade","Pommel Strike"],"picked":"Fiend Fire","floor":12},{"not_picked":["Anger","Clothesline"],"picked":"Warcry","floor":14},{"not_picked":["Feed","Bludgeon"],"picked":"Immolate","floor":16},{"not_picked":["Anger+1","Sword Boomerang"],"picked":"Warcry","floor":18},{"not_picked":["Pummel+1","Rage","Sword Boomerang+1"],"picked":"SKIP","floor":20},{"not_picked":["Heavy Blade","Cleave","Perfected Strike"],"picked":"SKIP","floor":21},{"not_picked":["Reaper","Warcry"],"picked":"Body Slam","floor":22},{"not_picked":["Perfected Strike","Headbutt"],"picked":"True Grit","floor":24},{"not_picked":["Juggernaut","Burning Pact+1"],"picked":"Flame Barrier+1","floor":27},{"not_picked":["Heavy Blade","Combust"],"picked":"Dark Embrace+1","floor":28},{"not_picked":["Whirlwind","Headbutt","Rupture"],"picked":"SKIP","floor":30},{"not_picked":["Impervious","Barricade"],"picked":"Juggernaut","floor":33},{"not_picked":["Entrench+1","Warcry+1","Twin Strike+1"],"picked":"SKIP","floor":35},{"not_picked":["Infernal Blade","Seeing Red"],"picked":"Warcry+1","floor":38},{"not_picked":["Rupture+1","Bloodletting","Iron Wave+1"],"picked":"SKIP","floor":39},{"not_picked":["Clothesline+1","Headbutt+1","Barricade"],"picked":"SKIP","floor":41},{"not_picked":["Dual Wield","Perfected Strike+1","Flex+1"],"picked":"SKIP","floor":45},{"not_picked":["Thunderclap","Spot Weakness"],"picked":"Shrug It Off+1","floor":46},{"not_picked":["Bloodletting+1","Clash","Metallicize+1"],"picked":"SKIP","floor":47}],"player_experience":91715,"relics_obtained":[{"floor":7,"key":"Lizard Tail"},{"floor":9,"key":"Mercury Hourglass"},{"floor":26,"key":"Sundial"},{"floor":27,"key":"Oddly Smooth Stone"},{"floor":41,"key":"Calipers"},{"floor":43,"key":"Ancient Tea Set"}],"event_choices":[{"cards_removed":["Strike_R"],"damage_healed":0,"gold_gain":0,"player_choice":"Card Removal","damage_taken":0,"max_hp_gain":0,"max_hp_loss":0,"event_name":"Wheel of Change","floor":36,"gold_loss":0},{"cards_removed":["Strike_R"],"damage_healed":0,"gold_gain":0,"player_choice":"Upgrade and Remove","damage_taken":0,"max_hp_gain":0,"max_hp_loss":0,"event_name":"Designer","floor":48,"gold_loss":90,"cards_upgraded":["Battle Trance"]}],"is_beta":false,"boss_relics":[{"not_picked":["SacredBark","Busted Crown"],"picked":"Mark of Pain"},{"not_picked":["Philosopher\u0027s Stone","Fusion Hammer"],"picked":"Black Blood"}],"items_purged_floors":[19,31,37],"is_endless":false,"potions_floor_spawned":[3,10,14,16,21,27,33,35,46],"killed_by":"Awakened One","ascension_level":5}}