{"host":"9tzam4717zt8ei1o","time":1607942361,"event":{"mods":["BaseMod","Colored Map","Keyboard Shortcuts","Minty Spire (QoL Compilation)","Quick Restart","StSLib","SuperFastMode"],"gold_per_floor":[110,185,110,35,48,79,79,108,133,133,148,148,43,58,58,132,132,146,146,163,183,13,13,44,44,68,83,83,112,129,155,155,228,228,241,241,241,241],"floor_reached":37,"playtime":744,"items_purged":["Strike_G","Underhanded Strike+1"],"score":936,"play_id":"33a62515-2e5f-4cc5-8f6d-a27a026a73d1","local_time":"20201214193921","is_ascension_mode":true,"campfire_choices":[{"data":"Catalyst","floor":7,"key":"SMITH"},{"floor":10,"key":"REST"},{"data":"Catalyst","floor":15,"key":"SMITH"},{"floor":23,"key":"REST"},{"data":"Footwork","floor":28,"key":"SMITH"},{"data":"Noxious Fumes","floor":32,"key":"SMITH"}],"circlet_count":0,"master_deck":["AscendersBane","Defend_G+1","Defend_G+1","Defend_G+1","Defend_G+1","Defend_G+1","Survivor","Neutralize","Catalyst+1","Deadly Poison","Crippling Poison","Backflip","Catalyst+1","Poisoned Stab","Malaise+1","Catalyst+1","Footwork+1","Noxious Fumes+1","Escape Plan+1","Prepared+1","Footwork"],"relics":["Ring of the Snake","NeowsBlessing","Nunchaku","Dream Catcher","MealTicket","Astrolabe","Centennial Puzzle","Snake Skull","InkBottle","PreservedInsect","Runic Pyramid"],"acts_visited":["Exordium","TheCity","TheBeyond"],"potions_floor_usage":[8,21,33],"damage_taken":[{"damage":0,"enemies":"Small Slimes","floor":1,"turns":1},{"damage":0,"enemies":"2 Louse","floor":5,"turns":2},{"damage":0,"enemies":"Gremlin Nob","floor":6,"turns":1},{"damage":40,"enemies":"3 Sentries","floor":8,"turns":13},{"damage":2,"enemies":"Jaw Worm","floor":11,"turns":4},{"damage":8,"enemies":"Exordium Wildlife","floor":14,"turns":4},{"damage":13,"enemies":"Hexaghost","floor":16,"turns":5},{"damage":12,"enemies":"3 Byrds","floor":18,"turns":4},{"damage":10,"enemies":"Shell Parasite","floor":20,"turns":5},{"damage":15,"enemies":"Shelled Parasite and Fungi","floor":21,"turns":5},{"damage":16,"enemies":"Gremlin Leader","floor":24,"turns":3},{"damage":0,"enemies":"Snake Plant","floor":27,"turns":2},{"damage":5,"enemies":"Book of Stabbing","floor":29,"turns":4},{"damage":11,"enemies":"Centurion and Healer","floor":30,"turns":5},{"damage":8,"enemies":"Gremlin Leader","floor":31,"turns":4},{"damage":0,"enemies":"Collector","floor":33,"turns":2},{"damage":16,"enemies":"3 Shapes","floor":35,"turns":5},{"damage":75,"enemies":"2 Orb Walkers","floor":37,"turns":4}],"seed_played":"2870589720257092039","potions_obtained":[{"floor":5,"key":"AttackPotion"},{"floor":8,"key":"FairyPotion"},{"floor":11,"key":"GamblersBrew"},{"floor":24,"key":"SkillPotion"},{"floor":30,"key":"DuplicationPotion"}],"is_trial":false,"path_per_floor":["M","?","?","$","M","E","R","E","T","R","M","?","$","M","R","B",null,"M","?","M","M","$","R","E","?","T","M","R","E","M","E","R","B",null,"M","$","?"],"character_chosen":"THE_SILENT","items_purchased":["Catalyst","Poisoned Stab","Noxious Fumes"],"campfire_rested":2,"item_purchase_floors":[13,13,22],"current_hp_per_floor":[59,48,48,48,48,48,48,8,8,27,25,21,36,28,28,15,53,41,41,31,16,31,50,34,34,34,34,34,29,18,10,10,10,52,36,51,0,0],"gold":241,"neow_bonus":"THREE_ENEMY_KILL","is_daily":false,"chose_seed":false,"campfire_upgraded":4,"win_rate":0.0,"timestamp":1607942361,"path_taken":["M","?","?","?","?","E","R","E","T","R","M","?","$","M","R","BOSS","M","?","M","M","$","R","E","?","T","M","R","E","M","E","R","BOSS","M","$","?"],"items_purchased_type":["Card","Card","Card"],"build_version":"2020-12-13","purchased_purges":2,"victory":false,"max_hp_per_floor":[66,66,66,66,66,66,66,66,66,66,66,66,66,66,66,66,66,66,66,66,66,66,66,66,66,66,66,66,66,66,66,66,66,66,66,66,66,66],"card_choices":[{"not_picked":["Quick Slash","Cloak And Dagger"],"picked":"Catalyst","floor":1},{"not_picked":["Reflex","Cloak And Dagger"],"picked":"Deadly Poison","floor":5},{"not_picked":["Setup","Endless Agony"],"picked":"Crippling Poison","floor":6},{"not_picked":["Dodge and Roll","Crippling Poison","Well Laid Plans"],"picked":"SKIP","floor":8},{"not_picked":["Crippling Poison","All Out Attack"],"picked":"Backflip","floor":10},{"not_picked":["Endless Agony","Envenom","Blade Dance"],"picked":"SKIP","floor":11},{"not_picked":["Blade Dance","Acrobatics","Dagger Throw"],"picked":"SKIP","floor":14},{"not_picked":["Outmaneuver","Dagger Throw","Backflip"],"picked":"SKIP","floor":18},{"not_picked":["Dagger Spray","Prepared","Deadly Poison"],"picked":"SKIP","floor":20},{"not_picked":["Dagger Throw","Acrobatics","Quick Slash"],"picked":"SKIP","floor":21},{"not_picked":["Reflex","Quick Slash","Unload"],"picked":"SKIP","floor":24},{"not_picked":["Catalyst","Prepared","Accuracy"],"picked":"SKIP","floor":27},{"not_picked":["Leg Sweep","Accuracy"],"picked":"Escape Plan+1","floor":29},{"not_picked":["Concentrate","Acrobatics","Cloak And Dagger"],"picked":"SKIP","floor":30},{"not_picked":["Slice","Predator"],"picked":"Prepared+1","floor":31},{"not_picked":["Catalyst","Outmaneuver+1"],"picked":"Footwork","floor":35}],"player_experience":74733,"relics_obtained":[{"floor":6,"key":"Nunchaku"},{"floor":8,"key":"Dream Catcher"},{"floor":9,"key":"MealTicket"},{"floor":24,"key":"Centennial Puzzle"},{"floor":26,"key":"Snake Skull"},{"floor":29,"key":"InkBottle"},{"floor":31,"key":"PreservedInsect"}],"event_choices":[{"damage_healed":0,"gold_gain":75,"player_choice":"Gather Gold","damage_taken":11,"max_hp_gain":0,"max_hp_loss":0,"event_name":"World of Goop","floor":2,"gold_loss":0},{"cards_removed":["Strike_G"],"damage_healed":0,"gold_gain":0,"player_choice":"Card Removal","damage_taken":0,"max_hp_gain":0,"max_hp_loss":0,"event_name":"The Cleric","floor":3,"gold_loss":75},{"damage_healed":0,"gold_gain":0,"player_choice":"Bought 0 Potions","damage_taken":0,"max_hp_gain":0,"max_hp_loss":0,"event_name":"The Woman in Blue","floor":12,"gold_loss":0},{"damage_healed":0,"gold_gain":0,"player_choice":"Read","damage_taken":0,"max_hp_gain":0,"max_hp_loss":0,"event_name":"The Library","floor":19,"gold_loss":0,"cards_obtained":["Footwork"]},{"damage_healed":0,"gold_gain":0,"player_choice":"Simplicity","damage_taken":0,"max_hp_gain":0,"max_hp_loss":0,"event_name":"Back to Basics","floor":25,"gold_loss":0,"cards_upgraded":["Defend_G","Defend_G","Defend_G","Defend_G","Defend_G"]},{"damage_healed":0,"gold_gain":0,"player_choice":"Fight","damage_taken":0,"max_hp_gain":0,"max_hp_loss":0,"event_name":"Mysterious Sphere","floor":37,"gold_loss":0}],"is_beta":false,"boss_relics":[{"not_picked":["Black Star","Philosopher\u0027s Stone"],"picked":"Astrolabe"},{"not_picked":["Tiny House","WristBlade"],"picked":"Runic Pyramid"}],"items_purged_floors":[4,22],"is_endless":false,"potions_floor_spawned":[5,8,11,16,20,24,30],"killed_by":"2 Orb Walkers","ascension_level":15}}