{"host":"jak4ncvfzor9mys0","time":1607969681,"event":{"mods":["2.2 Compatiblity","AchievementEnabler","BaseMod","Better Altar","Better Match","Better Note","Better Sensory Stone","Better Skull","Better Third Choice","BetterRewards","Block Reminder","Colored Map","Colored Powertips","Energized Spire","Gold Saver","Hubris","Infinite Spire","Key Reminder","Minty Spire (QoL Compilation)","Rare Cards Sparkle","Red Circlet Mod","Relic Sorter","Relic Stats","Replay The Spire","Retaliation","StSLib","SuperFastMode","The Blue Laboratory"],"gold_per_floor":[277,377,396,415,40,40,67,80,80,80,80,109,128,128,128,227,277,277,277],"floor_reached":18,"playtime":589,"items_purged":[],"score":295,"play_id":"6d286498-56fa-4ac3-b757-8ee1314b33e1","local_time":"20201214101441","is_ascension_mode":false,"campfire_choices":[{"data":"Eruption","floor":6.0,"key":"SMITH"},{"data":"Vigilance","floor":11.0,"key":"SMITH"},{"floor":15.0,"key":"REST"}],"circlet_count":0,"master_deck":["Strike_P","Strike_P","Defend_P","Defend_P","Defend_P","Defend_P","Eruption+1","Vigilance+1","Brilliance","Replay:Vibes+1","Replay:Battleflow","Pray","Devotion","Ragnarok"],"relics":["PureWater","Pondfish Scales","Peace Pipe","Bottled Flame","Art of War","Tiny House"],"acts_visited":["Exordium","TheCity"],"potions_floor_usage":[],"damage_taken":[{"damage":0.0,"enemies":"2 Louse","floor":1.0,"turns":3.0},{"damage":0.0,"enemies":"Cultist","floor":3.0,"turns":2.0},{"damage":0.0,"enemies":"Small Slimes","floor":4.0,"turns":2.0},{"damage":11.0,"enemies":"Gremlin Nob","floor":7.0,"turns":3.0},{"damage":4.0,"enemies":"Red Slaver","floor":8.0,"turns":3.0},{"damage":18.0,"enemies":"Lagavulin","floor":12.0,"turns":9.0},{"damage":40.0,"enemies":"Large Slime","floor":13.0,"turns":4.0},{"damage":26.0,"enemies":"The Guardian","floor":16.0,"turns":9.0},{"damage":78,"enemies":"3 Byrds","floor":18,"turns":7}],"seed_played":"7836859914561171088","potions_obtained":[{"floor":1.0,"key":"Regen Potion"},{"floor":3.0,"key":"DuplicationPotion"},{"floor":8.0,"key":"Dexterity Potion"},{"floor":12.0,"key":"blueLaboratory:Moonshine"},{"floor":17,"key":"GamblersBrew"}],"is_trial":false,"path_per_floor":["M","?","M","M","$","R","E","M","T","?","R","E","M","?","R","B",null,"M"],"character_chosen":"WATCHER","items_purchased":["Brilliance","Replay:Battleflow","Pondfish Scales"],"campfire_rested":1,"item_purchase_floors":[0,5,5],"current_hp_per_floor":[72,72,72,72,72,72,61,57,57,57,57,39,8,8,29,3,77,0,0],"gold":277,"neow_bonus":"","is_daily":false,"chose_seed":false,"campfire_upgraded":2,"win_rate":0.0,"timestamp":1607969681,"path_taken":["M","?","?","M","$","R","E","M","T","?","R","E","?","?","R","BOSS","M"],"items_purchased_type":["Card","Card","Relic"],"build_version":"2020-12-13","purchased_purges":0,"victory":false,"max_hp_per_floor":[72,72,72,72,72,72,72,72,72,72,72,72,72,72,72,72,77,77,77],"relic_stats":{"Peace Pipe":0,"counters":[87,371],"Art of War":[4],"obtain_stats":[{"Tiny House":17,"Vajra":3,"Blood Vial":40,"Replay:Ringing Soul":19,"Lizard Tail":19,"Centennial Puzzle":41,"HandDrill":2,"Toxic Egg 2":26,"Replay:Wax Seal":10,"hubris:Teleporter":40,"Oddly Smooth Stone":12,"Pen Nib":26,"infinitespire:Magic Flask":12,"Replay:Baseball":14,"Bottled Flame":9,"infinitespire:Lychee Nut":28,"Shuriken":14,"infinitespire:Broken Mirror":9,"Black Star":34,"infinitespire:EmpoweringShard":43,"Kintsugi":34,"hubris:Reverence":9,"Regal Pillow":0,"Snecko Heart":17,"Incense Burner":12,"hubris:SlimyHat":14,"TeardropLocket":0,"ClockworkSouvenir":3,"energizedSpire:BlackCloud":17,"hubris:Icosahedron":12,"Mummified Hand":3,"InkBottle":7,"Golden Idol":2,"Quantum Egg":24,"infinitespire:Lucky Rock":9,"hubris:Towel":2,"Orichalcum":42,"Mercury Hourglass":9,"Peace Pipe":7,"Pondfish Scales":5,"Busted Crown":17,"HolyWater":17,"infinitespire:Satchel":9,"Coffee Dripper":17,"Durian":30,"Bag of Marbles":26,"Art of War":12,"Membership Card":0,"PureWater":0,"hubris:Potato":13,"hubris:BottledRain":3},{"Tiny House":86,"Vajra":38,"Blood Vial":54,"Replay:Ringing Soul":6,"Lizard Tail":34,"Centennial Puzzle":54,"HandDrill":27,"Toxic Egg 2":8,"Replay:Wax Seal":16,"hubris:Teleporter":54,"Oddly Smooth Stone":41,"Pen Nib":47,"infinitespire:Magic Flask":76,"Replay:Baseball":43,"Bottled Flame":83,"infinitespire:Lychee Nut":8,"Shuriken":32,"infinitespire:Broken Mirror":74,"Black Star":50,"infinitespire:EmpoweringShard":54,"Kintsugi":11,"hubris:Reverence":3,"Regal Pillow":37,"Snecko Heart":62,"Incense Burner":4,"hubris:SlimyHat":19,"TeardropLocket":12,"ClockworkSouvenir":14,"energizedSpire:BlackCloud":33,"hubris:Icosahedron":61,"Mummified Hand":14,"InkBottle":16,"Golden Idol":58,"Quantum Egg":47,"infinitespire:Lucky Rock":60,"hubris:Towel":38,"Orichalcum":54,"Mercury Hourglass":16,"Peace Pipe":82,"Pondfish Scales":81,"Busted Crown":44,"HolyWater":20,"infinitespire:Satchel":40,"Coffee Dripper":5,"Durian":48,"Bag of Marbles":68,"Art of War":84,"Membership Card":12,"PureWater":0,"hubris:Potato":61,"hubris:BottledRain":14},{"Tiny House":364,"Vajra":164,"Blood Vial":240,"Replay:Ringing Soul":26,"Lizard Tail":144,"Centennial Puzzle":240,"HandDrill":118,"Toxic Egg 2":36,"Replay:Wax Seal":80,"hubris:Teleporter":240,"Oddly Smooth Stone":173,"Pen Nib":208,"infinitespire:Magic Flask":319,"Replay:Baseball":182,"Bottled Flame":342,"infinitespire:Lychee Nut":36,"Shuriken":130,"infinitespire:Broken Mirror":311,"Black Star":220,"infinitespire:EmpoweringShard":240,"Kintsugi":62,"hubris:Reverence":8,"Regal Pillow":160,"Snecko Heart":271,"Incense Burner":11,"hubris:SlimyHat":89,"TeardropLocket":66,"ClockworkSouvenir":72,"energizedSpire:BlackCloud":141,"hubris:Icosahedron":265,"Mummified Hand":72,"InkBottle":80,"Golden Idol":260,"Quantum Egg":208,"infinitespire:Lucky Rock":263,"hubris:Towel":164,"Orichalcum":240,"Mercury Hourglass":80,"Peace Pipe":339,"Pondfish Scales":336,"Busted Crown":189,"HolyWater":100,"infinitespire:Satchel":170,"Coffee Dripper":21,"Durian":211,"Bag of Marbles":292,"Art of War":351,"Membership Card":66,"PureWater":0,"hubris:Potato":265,"hubris:BottledRain":72}]},"card_choices":[{"not_picked":["MentalFortress","SashWhip","Wireheading"],"picked":"SKIP","floor":1.0},{"not_picked":["JustLucky","ReachHeaven","Replay:Cycle"],"picked":"SKIP","floor":3.0},{"not_picked":["EmptyFist","Wish"],"picked":"Replay:Vibes","floor":4.0},{"not_picked":["Omniscience","SpiritShield"],"picked":"Pray","floor":7.0},{"not_picked":["Consecrate","Meditate","FlurryOfBlows"],"picked":"SKIP","floor":8.0},{"not_picked":["Replay:Battleflow","LikeWater"],"picked":"Devotion","floor":12.0},{"not_picked":["SashWhip","Protect","Meditate"],"picked":"SKIP","floor":13.0},{"not_picked":["Blasphemy","DeusExMachina"],"picked":"Ragnarok","floor":16.0}],"player_experience":2599895,"relics_obtained":[{"floor":7.0,"key":"Peace Pipe"},{"floor":9.0,"key":"Bottled Flame"},{"floor":12.0,"key":"Art of War"}],"event_choices":[{"damage_healed":0.0,"max_hp_gain":0.0,"max_hp_loss":0.0,"gold_gain":100.0,"event_name":"Golden Shrine","player_choice":"Pray","floor":2.0,"gold_loss":0.0,"damage_taken":0.0},{"cards_removed":["Strike_P"],"damage_healed":0.0,"max_hp_gain":0.0,"max_hp_loss":0.0,"gold_gain":0.0,"event_name":"Purifier","player_choice":"Purged","floor":10.0,"gold_loss":0.0,"damage_taken":0.0}],"is_beta":false,"boss_relics":[{"not_picked":["Philosopher\u0027s Stone","Painkiller Herb"],"picked":"Tiny House"}],"items_purged_floors":[],"is_endless":false,"potions_floor_spawned":[1,3,8,12],"killed_by":"3 Byrds","ascension_level":0}}