{"host":"08sn1703g14rasc1","time":1607948267,"event":{"mods":["AchievementEnabler","BaseMod","Colored Map","Colored Powertips","Hermit","Minty Spire (QoL Compilation)","StSLib"],"gold_per_floor":[116,116,128,1,1,1,27,27,50,63,63,138,138,208,208,317,344,373,573,268,288,310,310,351,379,406,427,427,468,490,73,73,73,73],"floor_reached":33,"playtime":1050,"items_purged":["Regret","Strike_B","Defend_B+1"],"score":355,"play_id":"b2c325d1-d111-440a-bec4-dd358401995d","local_time":"20201214041747","is_ascension_mode":true,"campfire_choices":[{"floor":6,"key":"REST"},{"floor":8,"key":"REST"},{"data":"Leap","floor":11,"key":"SMITH"},{"data":"Zap","floor":13,"key":"SMITH"},{"floor":15,"key":"REST"},{"floor":23,"key":"REST"},{"floor":32,"key":"REST"}],"circlet_count":0,"master_deck":["Zap+1","Dualcast+1","Go for the Eyes","Core Surge","Leap+1","Go for the Eyes","Capacitor","Ball Lightning","Buffer","Stack+1","Hologram+1","Multi-Cast+1","Rebound+1","Electrodynamics","Cold Snap","Gash","Self Repair","Sweeping Beam","Gash","Sweeping Beam","Turbo","Stack"],"relics":["Cracked Core","War Paint","Bag of Marbles","Orichalcum","CeramicFish","Astrolabe","Strange Spoon","Blue Candle","Juzu Bracelet","Red Mask","Art of War"],"acts_visited":["Exordium","TheCity"],"potions_floor_usage":[7,24,27,30,33,33],"damage_taken":[{"damage":0,"enemies":"2 Louse","floor":1,"turns":1},{"damage":2,"enemies":"Small Slimes","floor":3,"turns":3},{"damage":16,"enemies":"3 Sentries","floor":7,"turns":7},{"damage":0,"enemies":"Jaw Worm","floor":10,"turns":3},{"damage":23,"enemies":"Lagavulin Event","floor":14,"turns":6},{"damage":25,"enemies":"Slime Boss","floor":16,"turns":10},{"damage":31,"enemies":"2 Thieves","floor":18,"turns":4},{"damage":0,"enemies":"3 Byrds","floor":21,"turns":4},{"damage":16,"enemies":"Snake Plant","floor":22,"turns":5},{"damage":14,"enemies":"Slavers","floor":24,"turns":2},{"damage":9,"enemies":"3 Cultists","floor":25,"turns":5},{"damage":13,"enemies":"Centurion and Healer","floor":27,"turns":6},{"damage":4,"enemies":"Masked Bandits","floor":29,"turns":3},{"damage":12,"enemies":"Snake Plant","floor":30,"turns":5},{"damage":27,"enemies":"Champ","floor":33,"turns":11}],"seed_played":"-6470262519669711103","potions_obtained":[{"floor":3,"key":"DuplicationPotion"},{"floor":7,"key":"FearPotion"},{"floor":10,"key":"SpeedPotion"},{"floor":14,"key":"EssenceOfSteel"},{"floor":21,"key":"AttackPotion"},{"floor":30,"key":"AttackPotion"}],"is_trial":false,"path_per_floor":["M","?","M","$","?","R","E","R","T","M","R","?","R","?","R","B",null,"M","?","$","M","M","R","E","M","T","M","?","?","M","$","R","B"],"character_chosen":"DEFECT","items_purchased":["Leap","Electrodynamics","Strange Spoon","DistilledChaos","Explosive Potion","Art of War","Stack"],"campfire_rested":5,"item_purchase_floors":[4,20,20,31,31,31,31],"current_hp_per_floor":[50,50,48,48,41,63,47,69,69,69,69,58,58,35,57,32,64,33,33,33,33,17,39,25,23,23,17,17,13,1,1,23,0,0],"gold":73,"neow_bonus":"REMOVE_TWO","is_daily":false,"chose_seed":false,"campfire_upgraded":2,"win_rate":0.0,"timestamp":1607948267,"path_taken":["M","?","M","$","?","R","E","R","T","M","R","?","R","?","R","BOSS","M","?","$","M","?","R","E","M","T","M","?","?","M","$","R","BOSS"],"items_purchased_type":["Card","Card","Relic","Potion","Potion","Relic","Card"],"build_version":"2020-12-13","purchased_purges":3,"victory":false,"max_hp_per_floor":[75,75,75,75,75,75,75,75,75,75,75,75,75,75,75,75,75,75,75,75,75,75,75,75,75,75,75,75,75,75,75,75,75,75],"card_choices":[{"not_picked":["Streamline","Double Energy"],"picked":"Go for the Eyes","floor":1},{"not_picked":["Rebound","Heatsinks"],"picked":"Core Surge","floor":3},{"not_picked":["Skim","Static Discharge"],"picked":"Go for the Eyes","floor":7},{"not_picked":["Lockon","Darkness"],"picked":"Capacitor","floor":10},{"not_picked":["Cold Snap","Fusion"],"picked":"Ball Lightning","floor":14},{"not_picked":["Creative AI","Machine Learning"],"picked":"Buffer","floor":16},{"not_picked":["Cold Snap","Go for the Eyes"],"picked":"Rebound+1","floor":18},{"not_picked":["Reprogram","Compile Driver"],"picked":"Cold Snap","floor":21},{"not_picked":["Genetic Algorithm+1","Steam Power"],"picked":"Gash","floor":22},{"not_picked":["Loop","Hyperbeam"],"picked":"Self Repair","floor":24},{"not_picked":["Beam Cell","Streamline"],"picked":"Sweeping Beam","floor":25},{"not_picked":["Streamline","Beam Cell"],"picked":"Gash","floor":27},{"not_picked":["Fusion","Hologram"],"picked":"Sweeping Beam","floor":29},{"not_picked":["Compile Driver","Static Discharge"],"picked":"Turbo","floor":30}],"player_experience":397259,"relics_obtained":[{"floor":7,"key":"Bag of Marbles"},{"floor":9,"key":"Orichalcum"},{"floor":24,"key":"Blue Candle"},{"floor":26,"key":"Juzu Bracelet"},{"floor":29,"key":"Red Mask"}],"event_choices":[{"damage_healed":0,"gold_gain":0,"player_choice":"Box","damage_taken":0,"relics_obtained":["War Paint"],"max_hp_gain":0,"max_hp_loss":0,"event_name":"Big Fish","floor":2,"gold_loss":0,"cards_obtained":["Regret"]},{"cards_removed":["Defend_B"],"damage_healed":0,"gold_gain":0,"player_choice":"Card Removal","damage_taken":7,"max_hp_gain":0,"max_hp_loss":0,"event_name":"Golden Wing","floor":5,"gold_loss":0},{"damage_healed":0,"gold_gain":75,"player_choice":"Gather Gold","damage_taken":11,"max_hp_gain":0,"max_hp_loss":0,"event_name":"World of Goop","floor":12,"gold_loss":0},{"damage_healed":0,"gold_gain":0,"player_choice":"Searched \u00273\u0027 times","damage_taken":0,"relics_obtained":["CeramicFish"],"max_hp_gain":0,"max_hp_loss":0,"event_name":"Dead Adventurer","floor":14,"gold_loss":0},{"damage_healed":0,"gold_gain":250,"player_choice":"Bet on Owner","damage_taken":0,"max_hp_gain":0,"max_hp_loss":0,"event_name":"The Joust","floor":19,"gold_loss":50},{"damage_healed":0,"gold_gain":0,"player_choice":"Ignored","damage_taken":0,"max_hp_gain":0,"max_hp_loss":0,"event_name":"Cursed Tome","floor":28,"gold_loss":0},{"damage_healed":0,"gold_gain":0,"player_choice":"Fought Bandits","damage_taken":0,"max_hp_gain":0,"max_hp_loss":0,"event_name":"Masked Bandits","floor":29,"gold_loss":0}],"is_beta":false,"boss_relics":[{"not_picked":["Calling Bell","Velvet Choker"],"picked":"Astrolabe"}],"items_purged_floors":[4,20,31],"is_endless":false,"potions_floor_spawned":[3,7,10,14,18,21,30],"killed_by":"Champ","ascension_level":7}}