{"host":"q9718omregw4er46","time":1607980060,"event":{"mods":["BaseMod","Bestiary","Colored Powertips","Custom Start","Highlight Path","Minty Spire (QoL Compilation)","Practice Mode","Quick Restart","Relic Stats"],"gold_per_floor":[111,111,111,36,54,54,74,102,175,189,218,230,230,242,242,319,319,332,247,247,79,79,79,106,106,106,106,106,106],"floor_reached":28,"playtime":848,"items_purged":["Strike_B","Bite"],"score":501,"play_id":"26286b8d-19c2-4929-8b0b-ff84ecc71f0b","local_time":"20201215020740","is_ascension_mode":true,"campfire_choices":[{"data":"Capacitor","floor":6,"key":"SMITH"},{"floor":13,"key":"REST"},{"data":"Loop","floor":15,"key":"SMITH"},{"data":"Static Discharge","floor":23,"key":"SMITH"},{"data":"Loop","floor":25,"key":"SMITH"},{"data":"Self Repair","floor":27,"key":"SMITH"}],"circlet_count":0,"master_deck":["AscendersBane","Defend_B","Defend_B","Defend_B","Defend_B","Zap","Dualcast","Capacitor+1","Self Repair+1","Ball Lightning","Turbo","BootSequence","Loop+1","Echo Form","Bite","Bite","Bite","Bite","Loop+1","Static Discharge+1","FTL","Normality"],"relics":["Cracked Core","Boot","Pantograph","Bird Faced Urn","Pocketwatch","Cables","Cursed Key","The Courier","Molten Egg 2","Gambling Chip"],"acts_visited":["Exordium","TheCity"],"potions_floor_usage":[8,11,24,28],"damage_taken":[{"damage":0.0,"enemies":"Cultist","floor":1.0,"turns":3.0},{"damage":13,"enemies":"Small Slimes","floor":5,"turns":4},{"damage":7,"enemies":"Jaw Worm","floor":7,"turns":3},{"damage":15,"enemies":"Lagavulin","floor":8,"turns":6},{"damage":30,"enemies":"Exordium Thugs","floor":10,"turns":5},{"damage":8,"enemies":"Gremlin Nob","floor":11,"turns":3},{"damage":15,"enemies":"3 Louse","floor":12,"turns":5},{"damage":9,"enemies":"Large Slime","floor":14,"turns":5},{"damage":33,"enemies":"The Guardian","floor":16,"turns":11},{"damage":23,"enemies":"Spheric Guardian","floor":18,"turns":6},{"damage":49,"enemies":"Book of Stabbing","floor":24,"turns":4},{"damage":59,"enemies":"Slavers","floor":28,"turns":3}],"seed_played":"4302361733496610782","potions_obtained":[{"floor":5,"key":"PowerPotion"},{"floor":7,"key":"EssenceOfDarkness"},{"floor":11,"key":"Energy Potion"},{"floor":16,"key":"LiquidBronze"}],"is_trial":false,"path_per_floor":["M","T","?","$","M","R","M","E","T","M","E","M","R","M","R","B",null,"M","?","?","$","?","R","E","R","T","R","E"],"character_chosen":"DEFECT","items_purchased":["Loop","Static Discharge"],"campfire_rested":1,"item_purchase_floors":[21,21],"current_hp_per_floor":[64,64,53,53,40,40,35,31,31,12,17,15,36,40,40,47,65,62,62,62,62,62,62,37,37,37,37,0,0],"gold":106,"neow_bonus":"RANDOM_COMMON_RELIC","is_daily":false,"chose_seed":false,"campfire_upgraded":5,"win_rate":0.0,"timestamp":1607980060,"path_taken":["M","?","?","?","M","R","?","E","T","M","E","M","R","M","R","BOSS","M","?","?","?","?","R","E","R","T","R","E"],"items_purchased_type":["Card","Card"],"build_version":"2020-12-13","purchased_purges":2,"victory":false,"max_hp_per_floor":[71,71,71,71,71,71,71,71,71,71,71,71,71,71,71,71,71,71,71,71,71,71,71,71,71,71,71,71,71],"relic_stats":{"counters":[12,58],"Pantograph":25,"Bird Faced Urn":[57],"Gambling Chip":[3],"Boot":[2],"Cursed Key":1,"obtain_stats":[{"Blood Vial":11,"Pantograph":2,"Bird Faced Urn":3,"Gambling Chip":26,"Molten Egg 2":24,"The Courier":19,"Cracked Core":0,"Boot":0,"Cursed Key":17,"Pocketwatch":8,"Cables":9},{"Blood Vial":6,"Pantograph":1,"Bird Faced Urn":1,"Gambling Chip":11,"Molten Egg 2":11,"The Courier":10,"Cracked Core":0,"Boot":0,"Cursed Key":9,"Pocketwatch":4,"Cables":4},{"Blood Vial":24,"Pantograph":3,"Bird Faced Urn":3,"Gambling Chip":55,"Molten Egg 2":55,"The Courier":51,"Cracked Core":0,"Boot":0,"Cursed Key":45,"Pocketwatch":16,"Cables":16}],"Pocketwatch":[78],"Cables":[37,37,0,0,0]},"card_choices":[{"not_picked":["Conserve Battery","Rebound","Turbo"],"picked":"SKIP","floor":1},{"not_picked":["Conserve Battery","Chaos"],"picked":"Capacitor","floor":5},{"not_picked":["Darkness","Compile Driver"],"picked":"Self Repair","floor":7},{"not_picked":["Multi-Cast","Hologram"],"picked":"Ball Lightning","floor":8},{"not_picked":["Streamline","Sweeping Beam","Steam Power"],"picked":"SKIP","floor":10},{"not_picked":["Thunder Strike","Coolheaded"],"picked":"Turbo","floor":11},{"not_picked":["Gash","Barrage"],"picked":"BootSequence","floor":12},{"not_picked":["Beam Cell","Gash"],"picked":"Loop","floor":14},{"not_picked":["Fission","Electrodynamics"],"picked":"Echo Form","floor":16},{"not_picked":["Aggregate","Ball Lightning","Hologram"],"picked":"SKIP","floor":18},{"not_picked":["Streamline+1","Turbo","Ball Lightning+1"],"picked":"SKIP","floor":24}],"player_experience":1014842,"relics_obtained":[{"floor":2,"key":"Pantograph"},{"floor":8,"key":"Pocketwatch"},{"floor":9,"key":"Cables"},{"floor":11,"key":"Blood Vial"},{"floor":24,"key":"Molten Egg 2"},{"floor":26,"key":"Gambling Chip"}],"event_choices":[{"damage_healed":0,"gold_gain":0,"player_choice":"Success","damage_taken":11,"relics_obtained":["Bird Faced Urn"],"max_hp_gain":0,"max_hp_loss":0,"event_name":"Scrap Ooze","floor":3,"gold_loss":0},{"damage_healed":0,"gold_gain":0,"player_choice":"Obtained Relic","damage_taken":0,"relics_obtained":["The Courier"],"max_hp_gain":0,"max_hp_loss":0,"event_name":"Addict","floor":19,"gold_loss":85},{"damage_healed":0,"gold_gain":0,"player_choice":"Became a vampire (Vial)","damage_taken":0,"max_hp_gain":0,"max_hp_loss":0,"event_name":"Vampires","floor":20,"relics_lost":["Blood Vial"],"gold_loss":0,"cards_obtained":["Bite","Bite","Bite","Bite","Bite"]},{"damage_healed":0,"gold_gain":0,"player_choice":"Read","damage_taken":0,"max_hp_gain":0,"max_hp_loss":0,"event_name":"The Library","floor":22,"gold_loss":0,"cards_obtained":["FTL"]}],"is_beta":false,"boss_relics":[{"not_picked":["SlaversCollar","Runic Pyramid"],"picked":"Cursed Key"}],"items_purged_floors":[4,21],"is_endless":false,"potions_floor_spawned":[5,7,11,16],"killed_by":"Slavers","ascension_level":19}}