{"host":"gzrx8rm2nhta4pjr","time":1607935640,"event":{"mods":["2.2 Compatiblity","Act Like it!","AlwaysNeverKeys","BaseMod","Better Altar","Better Sensory Stone","Better Silent Start","Block Reminder","Curses Come First","Defuse TimeMaze Blight","Disable Question Mark Monsters","Emptier Cage","GifTheSpireLib","Infinite Spire","Marked Mod","Minty Spire (QoL Compilation)","Potionbrewer","Rare Cards Sparkle","Remove Card Discount Mod","Reorder Act Four","SCP261 Mod","Shop Mod","StSLib","Stuff the Spire","Swap Starting Deck Mod","The Bug Knight","The Senshi","The Servant 0.9.4","Transform Curses"],"gold_per_floor":[109,120,120,120,134,160,160,186,210,220,238,255,12,39,39,141,141,151,151,162,174,87,106,153,166,166,166,38,38,15,51,51,46,46],"floor_reached":33,"playtime":3221,"items_purged":[],"score":287,"play_id":"c8dda7e0-decf-4963-bc0b-45ff44977cbe","local_time":"20201214034720","is_ascension_mode":false,"campfire_choices":[{"floor":7.0,"key":"REST"},{"floor":15.0,"key":"REST"},{"floor":27,"key":"REST"},{"floor":29,"key":"REST"},{"floor":32,"key":"REST"}],"circlet_count":0,"master_deck":["potionbrewer:PotionbrewerStrike","potionbrewer:PotionbrewerStrike","potionbrewer:PotionbrewerStrike","potionbrewer:PotionbrewerStrike","potionbrewer:PotionbrewerDefend","potionbrewer:PotionbrewerDefend","potionbrewer:PotionbrewerDefend","potionbrewer:PotionbrewerDefend","potionbrewer:Collect","potionbrewer:ChemicalSpill","potionbrewer:FortifiedSerum","potionbrewer:FlashPowder","potionbrewer:FuelCell","potionbrewer:Transmute","potionbrewer:Prototype","potionbrewer:Toxicity","potionbrewer:Biohazard","potionbrewer:FlashPowder","potionbrewer:HazardousWaste","potionbrewer:Experimentation","potionbrewer:Bribery","potionbrewer:PortableLab","StuffTheSpire:Rapture","potionbrewer:Prototype","potionbrewer:Refill+1","StuffTheSpire:Innocence","potionbrewer:DigDeep","potionbrewer:Biohazard","potionbrewer:HazardousMaterials","potionbrewer:Shovel","potionbrewer:Prototype"],"relics":["potionbrewer:PotionKit","NeowsBlessing","StuffTheSpire:RedRose","Blood Vial","Orichalcum","MerchantsRug","Black Star","PreservedInsect","HollowMod:PaleOreRelic","potionbrewer:SalesContract"],"acts_visited":["Exordium","TheCity"],"potions_floor_usage":[18,18,20,21,21,21,23,13023,23,23,25,31,31,33],"damage_taken":[{"damage":0.0,"enemies":"2 Louse","floor":1.0,"turns":1.0},{"damage":0.0,"enemies":"Jaw Worm","floor":2.0,"turns":1.0},{"damage":0.0,"enemies":"Cultist","floor":5.0,"turns":1.0},{"damage":8.0,"enemies":"Gremlin Nob","floor":6.0,"turns":4.0},{"damage":4.0,"enemies":"3 Sentries","floor":8.0,"turns":5.0},{"damage":4.0,"enemies":"Exordium Thugs","floor":10.0,"turns":4.0},{"damage":0.0,"enemies":"2 Fungi Beasts","floor":11.0,"turns":3.0},{"damage":7.0,"enemies":"Blue Slaver","floor":12.0,"turns":4.0},{"damage":12.0,"enemies":"Gremlin Nob","floor":14.0,"turns":6.0},{"damage":17.0,"enemies":"Slime Boss","floor":16.0,"turns":9.0},{"damage":12,"enemies":"Shell Parasite","floor":18,"turns":4},{"damage":8,"enemies":"3 Byrds","floor":20,"turns":6},{"damage":14,"enemies":"Centurion and Healer","floor":21,"turns":4},{"damage":63,"enemies":"Nightmare","floor":23,"turns":9},{"damage":8,"enemies":"Snake Plant","floor":25,"turns":5},{"damage":12,"enemies":"Shelled Parasite and Fungi","floor":31,"turns":6},{"damage":73,"enemies":"Collector","floor":33,"turns":7}],"seed_played":"-5834420767278781333","potions_obtained":[{"floor":1.0,"key":"SteroidPotion"},{"floor":5.0,"key":"Fire Potion"},{"floor":6.0,"key":"Explosive Potion"},{"floor":10.0,"key":"AttackPotion"},{"floor":12.0,"key":"SCP261:GirlTearsPotion"},{"floor":16.0,"key":"SteroidPotion"},{"floor":25,"key":"Explosive Potion"}],"is_trial":false,"path_per_floor":["M","M","?","?","M","E","R","E","T","M","M","M","$","E","R","B",null,"M","?","M","M","?","NM","T","M","T","R","$","R","$","M","R","B"],"character_chosen":"POTIONBREWER","items_purchased":["MerchantsRug","potionbrewer:HazardousWaste","potionbrewer:SalesContract","potionbrewer:HazardousMaterials","potionbrewer:Shovel"],"campfire_rested":5,"item_purchase_floors":[13,13,28,28,30],"current_hp_per_floor":[75,75,75,68,68,60,75,71,71,69,71,66,66,56,75,58,75,63,63,57,45,45,10,10,4,4,26,26,48,48,38,60,0,0],"gold":46,"neow_bonus":"THREE_ENEMY_KILL","is_daily":false,"chose_seed":false,"campfire_upgraded":0,"win_rate":0.0,"timestamp":1607935640,"path_taken":["M","M","?","?","M","E","R","E","T","M","M","M","$","E","R","BOSS","M","?","M","M","?","NM","?","M","T","R","$","R","?","M","R","BOSS"],"items_purchased_type":["Relic","Card","Relic","Card","Card"],"build_version":"2020-12-13","purchased_purges":0,"victory":false,"max_hp_per_floor":[75,75,75,75,75,75,75,75,75,75,75,75,75,75,75,75,75,75,75,75,75,75,75,75,75,75,75,75,75,75,75,75,75,75],"card_choices":[{"not_picked":["potionbrewer:VolatileSolution","potionbrewer:UnstableFormula"],"picked":"potionbrewer:FortifiedSerum","floor":1.0},{"not_picked":["potionbrewer:BalancedFormula","potionbrewer:VolatileSolution"],"picked":"potionbrewer:FlashPowder","floor":2.0},{"not_picked":["potionbrewer:CrossReference","potionbrewer:Contingency"],"picked":"potionbrewer:FuelCell","floor":5.0},{"not_picked":["potionbrewer:FuelCell","potionbrewer:QuickStep"],"picked":"potionbrewer:Transmute","floor":6.0},{"not_picked":["potionbrewer:TestFormula","potionbrewer:Brandish","potionbrewer:FortifiedSerum"],"picked":"potionbrewer:Prototype","floor":8.0},{"not_picked":["potionbrewer:FlashPowder","potionbrewer:ChemicalShroud"],"picked":"potionbrewer:Toxicity","floor":10.0},{"not_picked":["potionbrewer:BlindingSpray","potionbrewer:Shovel"],"picked":"potionbrewer:Biohazard","floor":11.0},{"not_picked":["potionbrewer:BlindingMist","potionbrewer:Discombobulate"],"picked":"potionbrewer:FlashPowder","floor":12.0},{"not_picked":["potionbrewer:Refill","potionbrewer:Contingency","potionbrewer:Prototype"],"picked":"potionbrewer:Experimentation","floor":14.0},{"not_picked":["potionbrewer:EquivalentExchange","potionbrewer:PotentialEnergy"],"picked":"potionbrewer:Bribery","floor":16.0},{"not_picked":["potionbrewer:Brandish","potionbrewer:Backhand","potionbrewer:Prototype"],"picked":"potionbrewer:PortableLab","floor":18},{"not_picked":["StuffTheSpire:Vigor","StuffTheSpire:Innocence"],"picked":"StuffTheSpire:Rapture","floor":19},{"not_picked":["potionbrewer:FlareUp","potionbrewer:OneTwoPunch","potionbrewer:Contingency"],"picked":"potionbrewer:Prototype","floor":20},{"not_picked":["potionbrewer:FortifiedSerum","potionbrewer:QuickStep"],"picked":"potionbrewer:Refill+1","floor":21},{"not_picked":["potionbrewer:FlashPowder","potionbrewer:Smack"],"picked":"potionbrewer:DigDeep","floor":23},{"not_picked":["potionbrewer:DigDeep+1","potionbrewer:CrossReference+1"],"picked":"potionbrewer:Biohazard","floor":25},{"not_picked":["potionbrewer:Contingency","potionbrewer:ExplosiveReaction+1","potionbrewer:ChainReaction+1"],"picked":"potionbrewer:Prototype","floor":31}],"player_experience":1318378,"relics_obtained":[{"floor":6.0,"key":"Potion Belt"},{"floor":8.0,"key":"Blood Vial"},{"floor":9.0,"key":"Orichalcum"},{"floor":14.0,"key":"Ancient Tea Set"},{"floor":23,"key":"Girya"},{"floor":23,"key":"PreservedInsect"},{"floor":24,"key":"Nunchaku"},{"floor":26,"key":"HollowMod:PaleOreRelic"}],"event_choices":[{"cards_removed":["Regret"],"damage_healed":0.0,"max_hp_gain":0.0,"max_hp_loss":0.0,"gold_gain":0.0,"event_name":"Golden Wing","player_choice":"Card Removal","floor":4.0,"gold_loss":0.0,"damage_taken":7.0}],"is_beta":false,"boss_relics":[{"not_picked":["Sozu","Runic Dome"],"picked":"Black Star"}],"items_purged_floors":[],"is_endless":true,"potions_floor_spawned":[1,5,6,10,12,16,25],"killed_by":"Collector","ascension_level":0}}