{"host":"jgqxb38yl0c1w101","time":1607988487,"event":{"mods":["2.2 Compatiblity","AchievementEnabler","BaseMod","Beaked The Cultist","Colored Map","Downfall","Hermit","Hubris","Minty Spire (QoL Compilation)","Replay The Spire","StSLib"],"gold_per_floor":[99,113,124,124,150,75,130,156,156,6,6,0,18,28,48,149,149,149,165,165,165,196,196,223,238,268,268,268,284,301,301,313,417,467,467,517,517,517,517,519,545,545,545,561,561,588,608,619,638,652,672,672,672,707,248,248,248],"floor_reached":58,"playtime":5122,"items_purged":[],"score":1439,"play_id":"a1c4f8e9-5d9f-4bbf-ae21-5ca05a454623","local_time":"20201214182807","is_ascension_mode":true,"campfire_choices":[{"data":"champ:VampiricStrike","floor":1.0,"key":"SMITH"},{"floor":4.0,"key":"RECALL"},{"data":"champ:Taunt","floor":6.0,"key":"SMITH"},{"data":"champ:CalledShot","floor":10.0,"key":"SMITH"},{"data":"champ:PerfectedStrike","floor":18.0,"key":"SMITH"},{"data":"champ:SwordThrow","floor":20.0,"key":"SMITH"},{"data":"champ:BerserkerStyle","floor":23.0,"key":"SMITH"},{"data":"champ:HeartStrike","floor":27.0,"key":"SMITH"},{"data":"champ:DancingMaster","floor":35.0,"key":"SMITH"},{"data":"champ:ShieldWall","floor":39.0,"key":"SMITH"},{"data":"champ:PerfectedStrike","floor":45.0,"key":"SMITH"},{"data":"champ:Encircle","floor":56.0,"key":"SMITH"}],"circlet_count":1,"master_deck":["champ:Strike","champ:Strike","champ:Strike","champ:Execute","champ:Taunt+1","champ:VampiricStrike+1","champ:CalledShot+1","champ:CalledShot","champ:HeartStrike+1","champ:LastStand","champ:Encircle+1","champ:PerfectedStrike+1","champ:FlashCut","champ:BerserkerStyle+1","champ:SwordThrow+1","champ:PerfectedStrike+1","champ:ShieldWall+1","champ:BerserkersShout+1","champ:VampiricStrike","champ:RageSigil","champ:FaceSlap+1","champ:BladeFlurry+1","champ:CrookedStrike","champ:EnchantSword","champ:ShieldWall+1","champ:EnchantCrown","champ:FanOfKnives+1","champ:FalseCounter","champ:RageSigil","champ:EnchantSword","champ:BerserkersShout+1","champ:EndlessRage","champ:GutPunch+1","champ:BladeFlurry+1","champ:EndlessRage","champ:Encircle+1","champ:FlashCut","champ:BringItOn","champ:MurderStrike","champ:MurderStrike","champ:Circumvent"],"relics":["champ:ChampionCrown","Omamori","downfall:HeartBlessingRed","Ginger","hubris:Towel","downfall:HeartBlessingGreen","downfall:HeartBlessingBlue","Calling Bell","Pet Ghost","Garlic","Replay:PocketPolymizer","Mummified Hand","ReplayFunnel","downfall:RedIOU","Enchiridion","Tiny House","hubris:Zylophone","Torii","Quantum Egg","Circlet","Replay:Rubber Ducky","OrangePellets","Gambling Chip","Pen Nib","ReplayTheSpireMod:Lightbulb"],"acts_visited":["Exordium","TheCity","TheBeyond","TheEnding"],"potions_floor_usage":[57,57,57],"damage_taken":[{"damage":8.0,"enemies":"Jaw Worm","floor":2.0,"turns":4.0},{"damage":0.0,"enemies":"2 Louse","floor":3.0,"turns":2.0},{"damage":59.0,"enemies":"Lagavulin","floor":5.0,"turns":9.0},{"damage":51.0,"enemies":"Replay:BlueRogue","floor":8.0,"turns":9.0},{"damage":8.0,"enemies":"downfall:FleeingMerchant","floor":12.0,"turns":4.0},{"damage":3.0,"enemies":"Small Slimes","floor":13.0,"turns":3.0},{"damage":18.0,"enemies":"2 Fungi Beasts","floor":14.0,"turns":4.0},{"damage":34.0,"enemies":"Lots of Slimes","floor":15.0,"turns":4.0},{"damage":67.0,"enemies":"downfall:Silent","floor":16.0,"turns":6.0},{"damage":12.0,"enemies":"Chosen","floor":19.0,"turns":3.0},{"damage":78.0,"enemies":"Gremlin Leader","floor":22.0,"turns":7.0},{"damage":17.0,"enemies":"Snake Plant","floor":25.0,"turns":4.0},{"damage":52.0,"enemies":"Book of Stabbing","floor":26.0,"turns":4.0},{"damage":23.0,"enemies":"3 Cultists","floor":29.0,"turns":4.0},{"damage":31.0,"enemies":"Cultist and Chosen","floor":30.0,"turns":4.0},{"damage":23.0,"enemies":"Chosen and Byrds","floor":32.0,"turns":3.0},{"damage":48.0,"enemies":"downfall:Watcher","floor":33.0,"turns":4.0},{"damage":34.0,"enemies":"Mind Bloom Boss Battle","floor":36.0,"turns":6.0},{"damage":52.0,"enemies":"downfall:FleeingMerchant","floor":40.0,"turns":5.0},{"damage":94.0,"enemies":"Giant Head","floor":41.0,"turns":7.0},{"damage":54.0,"enemies":"Orb Walker","floor":44.0,"turns":2.0},{"damage":94.0,"enemies":"beaked:SuperParasite","floor":46.0,"turns":6.0},{"damage":43.0,"enemies":"3 Shapes","floor":47.0,"turns":2.0},{"damage":90.0,"enemies":"Sphere and 2 Shapes","floor":48.0,"turns":5.0},{"damage":44.0,"enemies":"Jaw Worm Horde","floor":49.0,"turns":4.0},{"damage":67.0,"enemies":"Maw","floor":50.0,"turns":5.0},{"damage":55.0,"enemies":"Writhing Mass","floor":51.0,"turns":5.0},{"damage":56.0,"enemies":"downfall:Defect","floor":52.0,"turns":5.0},{"damage":116.0,"enemies":"downfall:CharBossMerchant","floor":54.0,"turns":6.0},{"damage":258,"enemies":"downfall:NeowBoss","floor":57,"turns":17}],"seed_played":"2085645617397694977","potions_obtained":[{"floor":2.0,"key":"Swift Potion"},{"floor":5.0,"key":"Swift Potion"},{"floor":8.0,"key":"ColorlessPotion"},{"floor":14.0,"key":"Reflective Coating"},{"floor":22.0,"key":"sneckomod:MuddlingPotion"},{"floor":30.0,"key":"Flashbang"},{"floor":32.0,"key":"Venom Potion"},{"floor":41.0,"key":"ColorlessPotion"},{"floor":44.0,"key":"Death Potion"},{"floor":50.0,"key":"Strength Potion"},{"floor":54.0,"key":"ColorlessPotion"}],"is_trial":false,"path_per_floor":["R","M","M","R","E","R","T","E","?","R","?","$","M","M","M","B",null,"R","M","R","?","E","R","T","M","E","R","?","M","M","?","M","B",null,"R","?","PTL","PTL","R","$","E","?","T","M","R","E","M","M","M","M","M","B",null,"E","$","R","B",null],"character_chosen":"THE_CHAMP","items_purchased":["Torii","Pen Nib","ReplayTheSpireMod:Lightbulb","champ:MurderStrike"],"campfire_rested":0,"item_purchase_floors":[40,55,55,55],"current_hp_per_floor":[90,90,90,90,67,67,67,46,46,56,56,75,93,98,86,63,100,100,100,100,100,59,59,59,71,71,71,71,94,95,79,91,78,105,105,105,105,105,105,105,48,48,48,105,105,66,52,32,55,105,93,105,105,87,87,87,65],"gold":248,"neow_bonus":"ONE_RANDOM_RARE_CARD","is_daily":false,"chose_seed":false,"campfire_upgraded":11,"win_rate":0.0,"timestamp":1607988487,"path_taken":["R","M","M","R","E","R","T","E","?","R","?","$","M","M","M","BOSS","R","M","R","?","E","R","T","M","E","R","?","M","M","?","M","BOSS","R","?","PTL","PTL","R","$","E","?","T","?","R","E","M","M","M","M","M","BOSS","E","$","R","BOSS"],"items_purchased_type":["Relic","Relic","Relic","Card"],"build_version":"2020-12-13","purchased_purges":0,"victory":true,"max_hp_per_floor":[90,90,90,90,90,90,90,90,90,100,100,100,100,100,100,100,100,100,100,100,100,100,100,100,100,100,100,100,100,100,100,100,100,105,105,105,105,105,105,105,105,105,105,105,105,105,105,105,105,105,105,105,105,105,105,105,105],"card_choices":[{"not_picked":["champ:StanceDance","champ:FanOfKnives"],"picked":"champ:CalledShot","floor":2.0},{"not_picked":["champ:Duel","champ:RageSigil"],"picked":"champ:CalledShot","floor":3.0},{"not_picked":["champ:TornadoPunch","champ:BerserkerStyle"],"picked":"champ:HeartStrike","floor":5.0},{"not_picked":["champ:GutPunch","champ:BladeFlurry"],"picked":"champ:LastStand","floor":8.0},{"not_picked":["champ:ShieldSigil","champ:RapidStrikes"],"picked":"champ:Encircle","floor":12.0},{"not_picked":["champ:TornadoPunch","champ:IronFortress"],"picked":"champ:PerfectedStrike","floor":13.0},{"not_picked":["champ:TornadoPunch","champ:DefensiveShout"],"picked":"champ:FlashCut","floor":14.0},{"not_picked":["champ:Haymaker","champ:AdrenalArmor"],"picked":"champ:BerserkerStyle","floor":15.0},{"not_picked":["champ:CheapShot","champ:EnchantShield"],"picked":"champ:SwordThrow","floor":16.0},{"not_picked":["champ:CrookedStrike","champ:FlashCut+1"],"picked":"champ:PerfectedStrike","floor":19.0},{"not_picked":["champ:LastStand","champ:CrookedStrike"],"picked":"champ:BerserkersShout","floor":22.0},{"not_picked":["champ:PerfectedStrike","champ:FanOfKnives+1"],"picked":"champ:RageSigil","floor":25.0},{"not_picked":["champ:TornadoPunch","champ:SkillfulDodge"],"picked":"champ:FaceSlap+1","floor":26.0},{"not_picked":["champ:ArenaPreparation","champ:EndlessRage"],"picked":"champ:BladeFlurry+1","floor":29.0},{"not_picked":["champ:Haymaker+1","champ:Encircle"],"picked":"champ:CrookedStrike","floor":30.0},{"not_picked":["champ:FlashCut","champ:DefensiveShout"],"picked":"champ:EnchantSword","floor":32.0},{"not_picked":["champ:EnchantSword","champ:LastStand"],"picked":"champ:DancingMaster","floor":33.0},{"not_picked":["champ:CalledShot","champ:TornadoPunch+1"],"picked":"champ:ShieldWall","floor":34.0},{"not_picked":["champ:PerfectedStrike+1","champ:ShieldSigil"],"picked":"champ:FanOfKnives+1","floor":36.0},{"not_picked":["champ:IronFortress","champ:Haymaker"],"picked":"champ:Balance+1","floor":40.0},{"not_picked":["champ:BerserkersShout","champ:LastStand"],"picked":"champ:RageSigil","floor":41.0},{"not_picked":["champ:TornadoPunch+1","champ:Haymaker"],"picked":"champ:BerserkersShout+1","floor":44.0},{"not_picked":["champ:DeathBlow","champ:ViciousMockery+1"],"picked":"champ:GutPunch+1","floor":46.0},{"not_picked":["champ:DefensiveShout","champ:SwordSigil"],"picked":"champ:BladeFlurry+1","floor":47.0},{"not_picked":["champ:Balance","champ:GladiatorsShout+1"],"picked":"champ:EndlessRage","floor":48.0},{"not_picked":["champ:DefensiveShout","champ:TornadoPunch"],"picked":"champ:Encircle+1","floor":49.0},{"not_picked":["champ:FocusedGladiator","champ:CrownThrow","champ:Shatter+1"],"picked":"SKIP","floor":50.0},{"not_picked":["champ:ArenaPreparation+1","champ:FocusedGladiator+1"],"picked":"champ:FlashCut","floor":51.0},{"not_picked":["champ:Aggression+1","champ:ShieldWall+1"],"picked":"champ:BringItOn","floor":54.0}],"player_experience":76296,"relics_obtained":[{"floor":5.0,"key":"Omamori"},{"floor":8.0,"key":"Ginger"},{"floor":17.0,"key":"Pet Ghost"},{"floor":17.0,"key":"Garlic"},{"floor":17.0,"key":"Replay:PocketPolymizer"},{"floor":22.0,"key":"Mummified Hand"},{"floor":24.0,"key":"ReplayFunnel"},{"floor":26.0,"key":"Oddly Smooth Stone"},{"floor":31.0,"key":"Enchiridion"},{"floor":36.0,"key":"hubris:Zylophone"},{"floor":41.0,"key":"Dead Branch"},{"floor":43.0,"key":"Quantum Egg"},{"floor":46.0,"key":"Replay:Rubber Ducky"},{"floor":54.0,"key":"OrangePellets"},{"floor":54.0,"key":"Gambling Chip"}],"event_choices":[{"damage_healed":0.0,"max_hp_gain":0.0,"max_hp_loss":0.0,"gold_gain":0.0,"event_name":"Duplicator","player_choice":"Copied","floor":42.0,"gold_loss":0.0,"damage_taken":0.0,"cards_obtained":["champ:EnchantSword"]}],"is_beta":false,"boss_relics":[{"not_picked":["hubris:Stopwatch","ReplayTheSpireMod:DimensionalGlitch"],"picked":"Calling Bell"},{"not_picked":["Busted Crown","Fusion Hammer"],"picked":"Tiny House"}],"items_purged_floors":[],"is_endless":false,"potions_floor_spawned":[2,5,8,14,15,22,30,32,33,36,41,44,46,50,54],"ascension_level":2}}