{"host":"2pgz2fctomabfk86","time":1607931283,"event":{"mods":["AchievementEnabler","BaseMod","Colored Map","DeckTracker","Minty Spire (QoL Compilation)","StSLib","SuperFastMode"],"gold_per_floor":[117,136,61,77,93,18,18,18,18,49,49,124,173,13,13,90,90,103,119,40,40,56,81,95,107,107,44,94,94,94,94],"floor_reached":30,"playtime":2062,"items_purged":["Defend_G","Strike_G","Strike_G"],"score":581,"play_id":"1de009a0-e2a4-4957-9545-ed30b0ad5406","local_time":"20201214163443","is_ascension_mode":true,"campfire_choices":[{"data":"Noxious Fumes","floor":7.0,"key":"SMITH"},{"data":"Neutralize","floor":15.0,"key":"SMITH"},{"data":"Night Terror","floor":29.0,"key":"SMITH"}],"circlet_count":0,"master_deck":["AscendersBane","Strike_G","Defend_G","Defend_G","Defend_G","Defend_G","Survivor","Neutralize+1","All Out Attack","Masterful Stab","Noxious Fumes+1","Cloak And Dagger","Night Terror+1","Deadly Poison","PiercingWail","Ghostly","Ghostly","Ghostly","Deadly Poison+1","Escape Plan","Tactician","Prepared"],"relics":["Ring of the Snake","StoneCalendar","StrikeDummy","Bag of Preparation","Akabeko","Membership Card","Runic Pyramid","CaptainsWheel"],"acts_visited":["Exordium","TheCity"],"potions_floor_usage":[],"damage_taken":[{"damage":6.0,"enemies":"2 Louse","floor":1.0,"turns":4.0},{"damage":4.0,"enemies":"Jaw Worm","floor":2.0,"turns":3.0},{"damage":0.0,"enemies":"Small Slimes","floor":4.0,"turns":2.0},{"damage":16.0,"enemies":"Red Slaver","floor":5.0,"turns":4.0},{"damage":16.0,"enemies":"Lagavulin","floor":10.0,"turns":5.0},{"damage":0.0,"enemies":"The Guardian","floor":16.0,"turns":9.0},{"damage":0.0,"enemies":"Chosen","floor":18.0,"turns":4.0},{"damage":4.0,"enemies":"Shell Parasite","floor":19.0,"turns":5.0},{"damage":0.0,"enemies":"Centurion and Healer","floor":22.0,"turns":7.0},{"damage":22.0,"enemies":"Gremlin Leader","floor":23.0,"turns":7.0},{"damage":2.0,"enemies":"Shelled Parasite and Fungi","floor":24.0,"turns":5.0},{"damage":0.0,"enemies":"Snake Plant","floor":25.0,"turns":5.0},{"damage":12,"enemies":"Sentry and Sphere","floor":30,"turns":6}],"seed_played":"5357305760838103255","potions_obtained":[{"floor":1.0,"key":"DistilledChaos"},{"floor":2.0,"key":"GamblersBrew"},{"floor":10.0,"key":"EssenceOfSteel"},{"floor":18.0,"key":"EntropicBrew"},{"floor":19.0,"key":"SpeedPotion"},{"floor":23.0,"key":"Fire Potion"}],"is_trial":false,"path_per_floor":["M","M","?","M","M","$","R","?","T","E","?","?","T","$","R","B",null,"M","M","$","?","M","E","M","M","T","$","?","R","M"],"character_chosen":"THE_SILENT","items_purchased":["Membership Card","PiercingWail"],"campfire_rested":0,"item_purchase_floors":[14,20],"current_hp_per_floor":[53,49,49,49,33,33,33,33,33,17,37,26,26,26,26,26,52,52,48,48,30,30,8,6,6,6,6,6,6,0,0],"gold":94,"neow_bonus":"ONE_RARE_RELIC","is_daily":false,"chose_seed":false,"campfire_upgraded":3,"win_rate":0.0,"timestamp":1607931283,"path_taken":["M","M","?","M","M","?","R","?","T","E","?","?","?","$","R","BOSS","M","M","$","?","M","E","M","M","T","$","?","R","M"],"items_purchased_type":["Relic","Card"],"build_version":"2020-12-13","purchased_purges":3,"victory":false,"max_hp_per_floor":[60,60,60,60,60,60,60,60,60,60,60,60,60,60,60,60,60,60,60,60,30,30,30,30,30,30,30,30,30,30,30],"card_choices":[{"not_picked":["Cloak And Dagger","Deflect"],"picked":"All Out Attack","floor":1.0},{"not_picked":["Concentrate","Accuracy","Dodge and Roll"],"picked":"SKIP","floor":2.0},{"not_picked":["Sucker Punch","Backstab"],"picked":"Masterful Stab","floor":4.0},{"not_picked":["Sucker Punch","Well Laid Plans"],"picked":"Noxious Fumes","floor":5.0},{"not_picked":["Leg Sweep","Dagger Throw","Eviscerate"],"picked":"SKIP","floor":10.0},{"not_picked":["Doppelganger","A Thousand Cuts"],"picked":"Night Terror","floor":16.0},{"not_picked":["Terror","Backflip+1"],"picked":"Deadly Poison","floor":18.0},{"not_picked":["Blade Dance","Heel Hook","Flying Knee"],"picked":"SKIP","floor":19.0},{"not_picked":["Blade Dance","Heel Hook","Flying Knee"],"picked":"SKIP","floor":19.0},{"not_picked":["Poisoned Stab","Deflect"],"picked":"Deadly Poison+1","floor":22.0},{"not_picked":["Slice","Distraction"],"picked":"Escape Plan","floor":23.0},{"not_picked":["Backflip","Eviscerate"],"picked":"Tactician","floor":24.0},{"not_picked":["Dagger Throw","Outmaneuver"],"picked":"Prepared","floor":25.0}],"player_experience":946688,"relics_obtained":[{"floor":9.0,"key":"StrikeDummy"},{"floor":10.0,"key":"Bag of Preparation"},{"floor":13.0,"key":"Akabeko"},{"floor":23.0,"key":"CaptainsWheel"}],"event_choices":[{"cards_removed":["Strike_G"],"damage_healed":0.0,"max_hp_gain":0.0,"max_hp_loss":0.0,"gold_gain":0.0,"event_name":"The Cleric","player_choice":"Card Removal","floor":3.0,"gold_loss":75.0,"damage_taken":0.0},{"damage_healed":0.0,"max_hp_gain":0.0,"max_hp_loss":0.0,"gold_gain":0.0,"cards_transformed":["Strike_G"],"event_name":"Living Wall","player_choice":"Change","floor":8.0,"gold_loss":0.0,"damage_taken":0.0,"cards_obtained":["Cloak And Dagger"]},{"damage_healed":20.0,"max_hp_gain":0.0,"max_hp_loss":0.0,"gold_gain":0.0,"event_name":"Big Fish","player_choice":"Banana","floor":11.0,"gold_loss":0.0,"damage_taken":0.0},{"damage_healed":0.0,"max_hp_gain":0.0,"max_hp_loss":0.0,"gold_gain":75.0,"event_name":"World of Goop","player_choice":"Gather Gold","floor":12.0,"gold_loss":0.0,"damage_taken":11.0},{"damage_healed":0.0,"max_hp_gain":0.0,"max_hp_loss":30.0,"gold_gain":0.0,"event_name":"Ghosts","player_choice":"Became a Ghost","floor":21.0,"gold_loss":0.0,"damage_taken":0.0,"cards_obtained":["Ghostly","Ghostly","Ghostly"]},{"damage_healed":0.0,"max_hp_gain":0.0,"max_hp_loss":0.0,"gold_gain":50.0,"event_name":"Nest","player_choice":"Stole From Cult","floor":28.0,"gold_loss":0.0,"damage_taken":0.0}],"is_beta":false,"boss_relics":[{"not_picked":["Calling Bell","SacredBark"],"picked":"Runic Pyramid"}],"items_purged_floors":[6,20,27],"is_endless":false,"potions_floor_spawned":[1,2,10,18,19,22,23],"killed_by":"Sentry and Sphere","ascension_level":19}}