{"host":"uk3ameq12mvaqk04","time":1607955909,"event":{"mods":["Act Like it!","BaseMod","Better Third Choice","CapriCore","Conspire","Hermit","JesterMod","Luminous","Mad Scientist","Minty Spire (QoL Compilation)","Replay The Spire","StSLib","The Administrix","The Mystic","The Necromancer","TheSwordswoman"],"gold_per_floor":[114,114,146,146,71,71,96,108,153,153,167,167,181,196,196,296,296,311,322,322,342,357,387,387,387,387],"floor_reached":25,"playtime":23709,"items_purged":["Burn"],"score":213,"play_id":"60b312ce-1969-456a-9215-655be596d758","local_time":"20201214152509","is_ascension_mode":false,"campfire_choices":[{"data":"AdministrixMod:Convergence","floor":6,"key":"SMITH"},{"data":"AdministrixMod:CrackingPangu","floor":10,"key":"SMITH"},{"data":"AdministrixMod:RedCloak","floor":12,"key":"SMITH"},{"data":"AdministrixMod:DeathByGlamour","floor":15,"key":"SMITH"},{"data":"AdministrixMod:WifeLightning","floor":24,"key":"SMITH"}],"circlet_count":0,"master_deck":["AdministrixMod:Strike_Administrix","AdministrixMod:Strike_Administrix","AdministrixMod:Strike_Administrix","AdministrixMod:RedCloak+1","AdministrixMod:Defend_Administrix","AdministrixMod:Defend_Administrix","AdministrixMod:Defend_Administrix","AdministrixMod:Defend_Administrix","AdministrixMod:BlueCloak","AdministrixMod:Convergence+1","AdministrixMod:CrackingPangu+1","AdministrixMod:DeathByGlamour+1","AdministrixMod:WifeLightning+1","AdministrixMod:TrickOfTheLight+1","AdministrixMod:ImmortalGrace","AdministrixMod:ImmortalPurity"],"relics":["AdministrixMod:ConductorRitualBaton","NeowsBlessing","Divine Protection","Centennial Puzzle","Happy Flower","ChewingGum","MealTicket"],"acts_visited":["Exordium","TheCity"],"potions_floor_usage":[23],"damage_taken":[{"damage":0,"enemies":"2 Louse","floor":1,"turns":1},{"damage":0,"enemies":"conspire:MimicChest","floor":3,"turns":1},{"damage":0,"enemies":"Small Slimes","floor":8,"turns":1},{"damage":0,"enemies":"Cultist","floor":11,"turns":3},{"damage":0,"enemies":"2 Fungi Beasts","floor":13,"turns":5},{"damage":0,"enemies":"Gremlin Gang","floor":14,"turns":5},{"damage":17,"enemies":"Slime Boss","floor":16,"turns":10},{"damage":11,"enemies":"conspire:FuzzyDice","floor":18,"turns":9},{"damage":0,"enemies":"3 Byrds","floor":19,"turns":6},{"damage":14,"enemies":"Snecko","floor":21,"turns":7},{"damage":2,"enemies":"Snake Plant","floor":22,"turns":9},{"damage":13,"enemies":"Replay:Snechameleon","floor":23,"turns":8},{"damage":27,"enemies":"Book of Stabbing","floor":25,"turns":8}],"seed_played":"8592116868051985235","potions_obtained":[{"floor":3,"key":"Swift Potion"},{"floor":16,"key":"PowerPotion"},{"floor":18,"key":"SteroidPotion"},{"floor":19,"key":"AdministrixMod:AttunementTonic"}],"is_trial":false,"path_per_floor":["M","?","?","?","$","R","T","M","T","R","M","R","M","M","R","B",null,"M","M","?","M","M","E","R","E"],"character_chosen":"TheAdministrix","items_purchased":[],"campfire_rested":0,"item_purchase_floors":[],"current_hp_per_floor":[65,58,58,58,58,58,58,58,58,58,58,58,58,58,58,41,65,54,54,54,40,38,25,25,0,0],"gold":387,"neow_bonus":"THREE_ENEMY_KILL","is_daily":false,"chose_seed":false,"campfire_upgraded":5,"win_rate":0.0,"timestamp":1607955909,"path_taken":["M","?","?","?","$","R","?","?","T","R","M","R","M","M","R","BOSS","M","M","?","?","M","E","R","E"],"items_purchased_type":[],"build_version":"2020-11-30","purchased_purges":1,"victory":false,"max_hp_per_floor":[65,65,65,65,65,65,65,65,65,65,65,65,65,65,65,65,65,65,65,65,65,65,65,65,65,65],"card_choices":[{"not_picked":["AdministrixMod:SealAway","AdministrixMod:TrickOfTheLight"],"picked":"AdministrixMod:Convergence","floor":1},{"not_picked":["AdministrixMod:QuietConspiracy","AdministrixMod:ShadowPlay"],"picked":"AdministrixMod:CrackingPangu","floor":8},{"not_picked":["AdministrixMod:ChooseYourEnd","AdministrixMod:FuneraryRites"],"picked":"AdministrixMod:DeathByGlamour","floor":11},{"not_picked":["AdministrixMod:SealAway","AdministrixMod:RebukeDesires","AdministrixMod:ReachToHeaven"],"picked":"SKIP","floor":13},{"not_picked":["AdministrixMod:QuietConspiracy","AdministrixMod:ChooseYourEnd","AdministrixMod:RebukeDesires"],"picked":"SKIP","floor":14},{"not_picked":["AdministrixMod:Schism","AdministrixMod:ImmortalClarity"],"picked":"AdministrixMod:WifeLightning","floor":16},{"not_picked":["AdministrixMod:RegentEdict+1","AdministrixMod:PassageOfAges"],"picked":"AdministrixMod:TrickOfTheLight+1","floor":18},{"not_picked":["AdministrixMod:LightOfYourLife","AdministrixMod:CrackingPangu+1"],"picked":"AdministrixMod:ImmortalGrace","floor":19},{"not_picked":["AdministrixMod:NoblePath","AdministrixMod:MixOfMercury+1","AdministrixMod:ChooseYourEnd+1"],"picked":"SKIP","floor":21},{"not_picked":["AdministrixMod:PlateOfAntiquity","AdministrixMod:FiendishCrimson","AdministrixMod:SealAway"],"picked":"SKIP","floor":22},{"not_picked":["AdministrixMod:ReachToHeaven","AdministrixMod:GuanyinBlessing"],"picked":"AdministrixMod:ImmortalPurity","floor":23}],"player_experience":70033,"relics_obtained":[{"floor":3,"key":"Divine Protection"},{"floor":7,"key":"Centennial Puzzle"},{"floor":9,"key":"Happy Flower"},{"floor":23,"key":"MealTicket"}],"event_choices":[{"cards_removed":["AdministrixMod:Strike_Administrix"],"damage_healed":0,"gold_gain":0,"player_choice":"Card Removal","damage_taken":7,"max_hp_gain":0,"max_hp_loss":0,"event_name":"Golden Wing","floor":2,"gold_loss":0},{"damage_healed":58,"gold_gain":0,"player_choice":"Embrace Burn","damage_taken":0,"max_hp_gain":0,"max_hp_loss":65,"event_name":"betterThird:BetterShining","floor":4,"gold_loss":0},{"damage_healed":0,"gold_gain":0,"player_choice":"Ignored","damage_taken":0,"max_hp_gain":0,"max_hp_loss":0,"event_name":"Transmorgrifier","floor":20,"gold_loss":0}],"is_beta":false,"boss_relics":[{"not_picked":["SlaversCollar","Runic Dome"],"picked":"ChewingGum"}],"items_purged_floors":[5],"is_endless":false,"potions_floor_spawned":[3,16,18,19],"killed_by":"Book of Stabbing","ascension_level":0}}