{"host":"pjgcdp3h1plnbocs","time":1607953772,"event":{"mods":["AchievementEnabler","BaseMod","Colored Map","Highlight Path","Minty Spire (QoL Compilation)"],"gold_per_floor":[113,130,145,145,156,185,185,218,263,275,288,308,308,327,327,425,475,495,506,431,431,447,477,491,491,491],"floor_reached":25,"playtime":1028,"items_purged":[],"score":300,"play_id":"684c3ac8-1432-4009-bad3-b2b95a2fbe59","local_time":"20201214144932","is_ascension_mode":true,"campfire_choices":[{"floor":7,"key":"REST"},{"data":"Redo","floor":13,"key":"SMITH"},{"floor":15,"key":"REST"}],"circlet_count":0,"master_deck":["Defend_B","Defend_B+1","Defend_B","Zap","Dualcast","Redo+1","Redo","Coolheaded","Darkness","Multi-Cast","Redo","Compile Driver","Redo"],"relics":["Cracked Core","Letter Opener","HornCleat","Omamori","Tiny House","Tiny Chest"],"acts_visited":["Exordium","TheCity"],"potions_floor_usage":[6,6,23,23,24],"damage_taken":[{"damage":0,"enemies":"2 Louse","floor":1,"turns":1},{"damage":1,"enemies":"Cultist","floor":2,"turns":3},{"damage":2,"enemies":"Jaw Worm","floor":3,"turns":3},{"damage":12,"enemies":"Blue Slaver","floor":5,"turns":3},{"damage":22,"enemies":"Gremlin Nob","floor":6,"turns":3},{"damage":18,"enemies":"Lagavulin","floor":8,"turns":9},{"damage":6,"enemies":"Looter","floor":10,"turns":3},{"damage":0,"enemies":"2 Fungi Beasts","floor":11,"turns":3},{"damage":1,"enemies":"Blue Slaver","floor":12,"turns":3},{"damage":0,"enemies":"Looter","floor":14,"turns":3},{"damage":15,"enemies":"The Guardian","floor":16,"turns":8},{"damage":7,"enemies":"Chosen","floor":18,"turns":4},{"damage":0,"enemies":"Spheric Guardian","floor":19,"turns":3},{"damage":18,"enemies":"Snecko","floor":22,"turns":5},{"damage":21,"enemies":"Gremlin Leader","floor":23,"turns":8},{"damage":12,"enemies":"Sentry and Sphere","floor":24,"turns":4},{"damage":23,"enemies":"3 Cultists","floor":25,"turns":3}],"seed_played":"1757570316468418092","potions_obtained":[{"floor":3,"key":"Fire Potion"},{"floor":5,"key":"DuplicationPotion"},{"floor":10,"key":"SneckoOil"},{"floor":12,"key":"SkillPotion"},{"floor":14,"key":"SneckoOil"},{"floor":17,"key":"FearPotion"},{"floor":19,"key":"BlessingOfTheForge"},{"floor":23,"key":"Energy Potion"}],"is_trial":false,"path_per_floor":["M","M","M","?","M","E","R","E","T","M","M","M","R","M","R","B",null,"M","M","?","?","M","E","M","M"],"character_chosen":"DEFECT","items_purchased":[],"campfire_rested":2,"item_purchase_floors":[],"current_hp_per_floor":[54,53,51,51,39,17,39,21,21,15,15,14,14,14,36,21,80,73,73,73,73,55,34,22,0,0],"gold":491,"neow_bonus":"REMOVE_TWO","is_daily":false,"chose_seed":false,"campfire_upgraded":1,"win_rate":0.0,"timestamp":1607953772,"path_taken":["M","M","M","?","M","E","R","E","T","?","M","M","R","M","R","BOSS","M","M","?","?","M","E","?","M"],"items_purchased_type":[],"build_version":"2020-12-13","purchased_purges":0,"victory":false,"max_hp_per_floor":[75,75,75,75,75,75,75,75,75,75,75,75,75,75,75,75,80,80,80,80,80,80,80,80,80,80],"card_choices":[{"not_picked":["Barrage","Storm"],"picked":"Redo","floor":1},{"not_picked":["Streamline","Rebound"],"picked":"Redo","floor":2},{"not_picked":["Melter","Double Energy"],"picked":"Coolheaded","floor":3},{"not_picked":["Rip and Tear","FTL","Reprogram"],"picked":"SKIP","floor":5},{"not_picked":["Aggregate","Stack","Sweeping Beam"],"picked":"SKIP","floor":6},{"not_picked":["Rip and Tear","Force Field","Machine Learning"],"picked":"SKIP","floor":8},{"not_picked":["Barrage","Compile Driver","Rebound"],"picked":"SKIP","floor":10},{"not_picked":["Sweeping Beam","Steam","Hologram"],"picked":"SKIP","floor":11},{"not_picked":["Rebound","Hologram","Force Field"],"picked":"SKIP","floor":12},{"not_picked":["Stack","Glacier"],"picked":"Darkness","floor":14},{"not_picked":["All For One","Fission"],"picked":"Multi-Cast","floor":16},{"not_picked":["Rip and Tear+1","Lockon","Heatsinks+1"],"picked":"SKIP","floor":18},{"not_picked":["Leap","Conserve Battery"],"picked":"Redo","floor":19},{"not_picked":["Ball Lightning","Biased Cognition","Stack"],"picked":"SKIP","floor":22},{"not_picked":["Leap+1","Creative AI"],"picked":"Redo","floor":23},{"not_picked":["Coolheaded","Sweeping Beam","FTL"],"picked":"SKIP","floor":24}],"player_experience":95102,"relics_obtained":[{"floor":6,"key":"Letter Opener"},{"floor":8,"key":"HornCleat"},{"floor":9,"key":"Omamori"},{"floor":23,"key":"Tiny Chest"}],"event_choices":[{"cards_removed":["Strike_B"],"damage_healed":0,"gold_gain":0,"player_choice":"Offered Basic","damage_taken":0,"max_hp_gain":0,"max_hp_loss":0,"event_name":"Bonfire Elementals","floor":4,"gold_loss":0},{"cards_removed":["Strike_B"],"damage_healed":0,"gold_gain":0,"player_choice":"Gave Gold","damage_taken":0,"max_hp_gain":0,"max_hp_loss":0,"event_name":"Beggar","floor":20,"gold_loss":75},{"damage_healed":0,"gold_gain":0,"cards_transformed":["Strike_B"],"player_choice":"Transformed","damage_taken":0,"max_hp_gain":0,"max_hp_loss":0,"event_name":"Transmorgrifier","floor":21,"gold_loss":0,"cards_obtained":["Compile Driver"]}],"is_beta":false,"boss_relics":[{"not_picked":["Runic Dome","Runic Pyramid"],"picked":"Tiny House"}],"items_purged_floors":[],"is_endless":false,"potions_floor_spawned":[3,5,10,12,14,19,23],"killed_by":"3 Cultists","ascension_level":3}}