{"host":"4amcrcg6ktw8dbzk","time":1607946336,"event":{"mods":["BaseMod","Dota2Spire","Minty Spire (QoL Compilation)","MostiFishMod","Robot Space Explorer","Spicy Shops","StSLib","Waifu the Spire"],"gold_per_floor":[110,285,135,135,135,162,203,221,273,173,231,231,312,360,360,486,486,498,538,586,631,631,631,696,696,696,737,799,840,853,911,911,1039,1039,1059,1103,1114,1157,720,785,785,841,841,858,901,901,957,817,817,817,817,817,664,723,753],"floor_reached":56,"playtime":2656,"items_purged":["Doubt","Defend_B","Defend_B","Strike_B","Strike_B"],"score":2495,"play_id":"60f6d0c7-61a9-4579-8f01-320dfab9639f","local_time":"20201214194536","is_ascension_mode":true,"campfire_choices":[{"data":"Coolheaded","floor":12.0,"key":"SMITH"},{"data":"Coolheaded","floor":15.0,"key":"SMITH"},{"data":"MostiFishMod:Exploitation","floor":23.0,"key":"SMITH"},{"data":"MostiFishMod:STOP","floor":32.0,"key":"SMITH"},{"data":"MostiFishMod:GatherIntelligence","floor":41.0,"key":"SMITH"},{"data":"Chaos","floor":46,"key":"SMITH"},{"floor":49,"key":"RECALL"},{"data":"Fusion","floor":52,"key":"SMITH"}],"circlet_count":0,"master_deck":["AscendersBane","Defend_B","Zap+1","Dualcast+1","Coolheaded+1","Fusion+1","Coolheaded+1","Chill","Ball Lightning","Recycle","MostiFishMod:Exploitation+1","Coolheaded","Fusion+1","Capacitor+1","Turbo","MostiFishMod:STOP+1","Loop+1","MostiFishMod:ActiveDefenseSystem+1","Ball Lightning","Capacitor+1","Electrodynamics+1","Heatsinks+1","MostiFishMod:SeaWaves+1","Blizzard+1","Chaos+1","MostiFishMod:GatherIntelligence+1","Coolheaded+1","Skim","Echo Form+1","Double Energy","Skim+1","Coolheaded+1","White Noise"],"relics":["Cracked Core","DaveBox","PatriotShield","Question Card","Dota2Spire:HandOfMidas","StoneCalendar","Frozen Egg 2","ImportantClient","Cursed Key","Darkstone Periapt","TungstenRod","Bag of Marbles","xbg","War Paint","Dota2Spire:BattleFury","Bronze Scales","Toy Ornithopter","Orrery","Dota2Spire:Dagon"],"acts_visited":["Exordium","TheCity","TheBeyond","TheEnding"],"potions_floor_usage":[55,55],"damage_taken":[{"damage":0.0,"enemies":"2 Louse","floor":1.0,"turns":2.0},{"damage":0.0,"enemies":"3 Sentries","floor":6.0,"turns":4.0},{"damage":0.0,"enemies":"Jaw Worm","floor":7.0,"turns":2.0},{"damage":0.0,"enemies":"Small Slimes","floor":8.0,"turns":3.0},{"damage":0.0,"enemies":"Lagavulin","floor":11.0,"turns":6.0},{"damage":0.0,"enemies":"Looter","floor":14.0,"turns":5.0},{"damage":0.0,"enemies":"The Guardian","floor":16.0,"turns":7.0},{"damage":0.0,"enemies":"3 Byrds","floor":18.0,"turns":4.0},{"damage":0.0,"enemies":"Spheric Guardian","floor":19.0,"turns":4.0},{"damage":0.0,"enemies":"Snake Plant","floor":20.0,"turns":5.0},{"damage":0.0,"enemies":"Cultist and Chosen","floor":21.0,"turns":5.0},{"damage":24.0,"enemies":"Slavers","floor":24.0,"turns":5.0},{"damage":0.0,"enemies":"Chosen and Byrds","floor":27.0,"turns":5.0},{"damage":0.0,"enemies":"Book of Stabbing","floor":28.0,"turns":5.0},{"damage":0.0,"enemies":"Sentry and Sphere","floor":29.0,"turns":5.0},{"damage":0.0,"enemies":"Shelled Parasite and Fungi","floor":30.0,"turns":2.0},{"damage":0.0,"enemies":"Gremlin Leader","floor":31.0,"turns":5.0},{"damage":0.0,"enemies":"Automaton","floor":33.0,"turns":6.0},{"damage":0.0,"enemies":"3 Shapes","floor":35.0,"turns":3.0},{"damage":0.0,"enemies":"Orb Walker","floor":36.0,"turns":2.0},{"damage":0.0,"enemies":"Sphere and 2 Shapes","floor":37.0,"turns":4.0},{"damage":0.0,"enemies":"Maw","floor":38.0,"turns":5.0},{"damage":0.0,"enemies":"Reptomancer","floor":40.0,"turns":5.0},{"damage":0.0,"enemies":"Giant Head","floor":42.0,"turns":5.0},{"damage":0,"enemies":"Spire Growth","floor":44,"turns":2},{"damage":0,"enemies":"3 Darklings","floor":45,"turns":3},{"damage":0,"enemies":"Nemesis","floor":47,"turns":5},{"damage":0,"enemies":"Donu and Deca","floor":50,"turns":4},{"damage":0,"enemies":"Shield and Spear","floor":54,"turns":3},{"damage":0,"enemies":"The Heart","floor":55,"turns":7}],"seed_played":"-899721292409759616","potions_obtained":[{"floor":1.0,"key":"FearPotion"},{"floor":7.0,"key":"DistilledChaos"},{"floor":40.0,"key":"DuplicationPotion"}],"is_trial":false,"path_per_floor":["M","?","$","?","?","E","M","M","T","$","E","R","T","M","R","B",null,"M","M","M","M","?","R","E","?","T","M","E","M","M","E","R","B",null,"M","M","M","M","$","E","R","E","T","M","M","R","E","$","R","B",null,"R","$","E","B",null],"character_chosen":"DEFECT","items_purchased":["Fusion","War Paint","Chaos","Double Energy","Orrery"],"campfire_rested":0,"item_purchase_floors":[3,39,39,53,53],"current_hp_per_floor":[75,75,75,75,80,80,80,80,80,80,80,80,80,80,80,80,85,85,85,85,85,85,85,61,61,61,61,61,61,61,61,61,61,81,81,81,81,81,81,81,81,81,81,81,81,81,81,81,81,81,86,86,86,86,87],"gold":753,"neow_bonus":"TEN_PERCENT_HP_BONUS","is_daily":false,"chose_seed":false,"campfire_upgraded":7,"win_rate":0.0,"timestamp":1607946336,"path_taken":["M","?","$","?","?","E","M","M","T","?","E","R","?","?","R","BOSS","M","M","M","M","?","R","E","?","T","M","E","M","M","E","R","BOSS","M","M","M","M","$","E","R","E","T","M","M","R","E","$","R","BOSS","R","$","E","BOSS"],"items_purchased_type":["Card","Relic","Card","Card","Relic"],"build_version":"2020-12-13","purchased_purges":5,"victory":true,"max_hp_per_floor":[82,82,82,82,87,87,87,87,87,87,87,87,87,87,87,87,87,87,87,87,87,87,87,87,87,87,87,87,87,87,87,87,87,87,87,87,87,87,87,87,87,87,87,87,87,87,87,87,87,87,87,87,87,87,87],"card_choices":[{"not_picked":["Loop","Leap"],"picked":"Coolheaded","floor":1.0},{"not_picked":["Skim","Streamline","MostiFishMod:LinkProtocol"],"picked":"Coolheaded","floor":6.0},{"not_picked":["Rebound","Sweeping Beam","Lockon"],"picked":"Chill","floor":7.0},{"not_picked":["Streamline","Lockon","Barrage","Force Field"],"picked":"SKIP","floor":8.0},{"not_picked":["Hello World","Streamline","Scrape"],"picked":"Ball Lightning","floor":11.0},{"not_picked":["Barrage","Static Discharge+1","Reprogram"],"picked":"Recycle","floor":14.0},{"not_picked":["MostiFishMod:IntelligentEquipment+1","Fission","MostiFishMod:STOP"],"picked":"MostiFishMod:Exploitation","floor":16.0},{"not_picked":["Force Field+1","Gash","Rebound"],"picked":"Coolheaded","floor":18.0},{"not_picked":["Stack","Beam Cell","Hologram","Compile Driver"],"picked":"SKIP","floor":19.0},{"not_picked":["Recycle","Darkness","Conserve Battery"],"picked":"Fusion","floor":20.0},{"not_picked":["Skim+1","MostiFishMod:UniBlue","Steam"],"picked":"Capacitor+1","floor":21.0},{"not_picked":["Streamline","Double Energy","MostiFishMod:UniBlue","Cold Snap"],"picked":"SKIP","floor":24.0},{"not_picked":["Conserve Battery+1","Rebound","MostiFishMod:ReprogramOld+1"],"picked":"Loop+1","floor":27.0},{"not_picked":["Turbo","Loop+1","Static Discharge+1"],"picked":"MostiFishMod:ActiveDefenseSystem+1","floor":28.0},{"not_picked":["Sunder","Darkness","Storm+1"],"picked":"Ball Lightning","floor":29.0},{"not_picked":["Fusion","Reprogram","Force Field"],"picked":"Capacitor+1","floor":30.0},{"not_picked":["Darkness+1","Go for the Eyes","Chaos","Conserve Battery"],"picked":"SKIP","floor":31.0},{"not_picked":["MostiFishMod:STOP","Buffer+1","Hyperbeam"],"picked":"Electrodynamics+1","floor":33.0},{"not_picked":["Leap+1","Rebound+1","Compile Driver"],"picked":"Heatsinks+1","floor":35.0},{"not_picked":["Rebound","Gash+1","Turbo","Redo"],"picked":"SKIP","floor":36.0},{"not_picked":["Hologram","Stack","Rebound"],"picked":"MostiFishMod:SeaWaves+1","floor":37.0},{"not_picked":["Beam Cell","Auto Shields+1","Hello World+1"],"picked":"Blizzard+1","floor":38.0},{"not_picked":["Glacier+1","Gash+1","Reinforced Body"],"picked":"MostiFishMod:GatherIntelligence","floor":40.0},{"not_picked":["Stack","Go for the Eyes+1","Self Repair+1"],"picked":"Coolheaded+1","floor":42.0},{"not_picked":["Reprogram","Capacitor+1","Heatsinks+1"],"picked":"Skim","floor":44},{"not_picked":["Redo+1","Steam Power+1","Compile Driver","Double Energy"],"picked":"SKIP","floor":45},{"not_picked":["Heatsinks+1","Streamline","Go for the Eyes+1"],"picked":"Echo Form+1","floor":47},{"not_picked":["Conserve Battery","Cold Snap","Thunder Strike"],"picked":"Skim+1","floor":53},{"not_picked":["Streamline+1","Loop+1","Barrage+1"],"picked":"Coolheaded+1","floor":53},{"not_picked":["Capacitor+1","Streamline","Go for the Eyes"],"picked":"White Noise","floor":54}],"player_experience":247369,"relics_obtained":[{"floor":1.0,"key":"Question Card"},{"floor":6.0,"key":"Dota2Spire:HandOfMidas"},{"floor":11.0,"key":"StoneCalendar"},{"floor":13.0,"key":"Frozen Egg 2"},{"floor":16.0,"key":"ImportantClient"},{"floor":24.0,"key":"Darkstone Periapt"},{"floor":28.0,"key":"TungstenRod"},{"floor":31.0,"key":"Bag of Marbles"},{"floor":40.0,"key":"Dota2Spire:BattleFury"},{"floor":42.0,"key":"Bronze Scales"},{"floor":47,"key":"Toy Ornithopter"},{"floor":54,"key":"Dota2Spire:Dagon"}],"event_choices":[{"damage_healed":0.0,"max_hp_gain":0.0,"max_hp_loss":0.0,"gold_gain":175.0,"event_name":"Liars Game","player_choice":"AGREE","floor":2.0,"gold_loss":0.0,"damage_taken":0.0,"cards_obtained":["Doubt"]},{"damage_healed":0.0,"max_hp_gain":0.0,"max_hp_loss":0.0,"gold_gain":0.0,"event_name":"Living Wall","player_choice":"Grow","floor":4.0,"gold_loss":0.0,"damage_taken":0.0,"cards_upgraded":["Fusion"]},{"damage_healed":0.0,"max_hp_gain":5.0,"max_hp_loss":0.0,"gold_gain":0.0,"event_name":"Big Fish","player_choice":"Donut","floor":5.0,"gold_loss":0.0,"damage_taken":0.0},{"damage_healed":0.0,"max_hp_gain":0.0,"max_hp_loss":0.0,"gold_gain":0.0,"cards_transformed":["Strike_B","Defend_B"],"event_name":"Drug Dealer","player_choice":"Became Test Subject","floor":22.0,"gold_loss":0.0,"damage_taken":0.0,"cards_obtained":["Turbo","MostiFishMod:STOP"]},{"cards_removed":["Strike_B"],"damage_healed":0.0,"max_hp_gain":0.0,"max_hp_loss":0.0,"gold_gain":0.0,"event_name":"Purifier","player_choice":"Purged","floor":25.0,"gold_loss":0.0,"damage_taken":0.0}],"is_beta":false,"boss_relics":[{"not_picked":["EE1DDrone","JellyFishMachine"],"picked":"Cursed Key"},{"not_picked":["RhineFirstAidKit","SacredBark"],"picked":"xbg"}],"items_purged_floors":[3,10,39,39,48],"is_endless":false,"potions_floor_spawned":[1,7,11,18,27,28,31,33,35,38,40,42,45,54],"ascension_level":11}}