{"host":"63rwe7p34ct1i0qu","time":1607947658,"event":{"mods":["BaseMod","DeckTracker","Minty Spire (QoL Compilation)","Permanent Neow","Quick Restart","StSLib"],"gold_per_floor":[113,132,112,126,143,171,171,498,498,498,498,498,518,199,199,323,323,337,331,331,231,255,255,255],"floor_reached":23,"playtime":1045,"items_purged":["Perfected Strike","Strike_R"],"score":211,"play_id":"1b5c9aae-ba5a-4de0-8f94-acbc7742b59e","local_time":"20201214210738","is_ascension_mode":true,"campfire_choices":[{"data":"Hemokinesis","floor":7,"key":"SMITH"},{"floor":10,"key":"REST"},{"data":"Armaments","floor":15,"key":"SMITH"}],"circlet_count":0,"master_deck":["Strike_R","Strike_R","Strike_R","Defend_R","Defend_R","Defend_R+1","Defend_R","Bash","Limit Break+1","Hemokinesis+1","Carnage","Armaments+1","Double Tap","Demon Form","Heavy Blade"],"relics":["Black Blood","War Paint","Old Coin","StrikeDummy","Golden Idol","Question Card"],"acts_visited":["Exordium","TheCity"],"potions_floor_usage":[6,6,8,22],"damage_taken":[{"damage":8,"enemies":"Small Slimes","floor":1,"turns":4},{"damage":1,"enemies":"Cultist","floor":2,"turns":4},{"damage":7,"enemies":"Jaw Worm","floor":4,"turns":3},{"damage":11,"enemies":"Blue Slaver","floor":5,"turns":3},{"damage":38,"enemies":"3 Sentries","floor":6,"turns":10},{"damage":24,"enemies":"Gremlin Nob","floor":8,"turns":4},{"damage":4,"enemies":"Exordium Thugs","floor":13,"turns":3},{"damage":44,"enemies":"The Guardian","floor":16,"turns":13},{"damage":51,"enemies":"3 Byrds","floor":18,"turns":8},{"damage":22,"enemies":"2 Thieves","floor":19,"turns":4},{"damage":11,"enemies":"Snake Plant","floor":22,"turns":3},{"damage":0,"enemies":"Gremlin Leader","floor":23,"turns":1}],"seed_played":"703377740416822309","potions_obtained":[{"floor":1,"key":"Fire Potion"},{"floor":2,"key":"AttackPotion"},{"floor":3,"key":"Swift Potion"},{"floor":19,"key":"Block Potion"}],"is_trial":false,"path_per_floor":["M","M","?","M","M","E","R","E","T","R","?","?","M","$","R","B",null,"M","M","?","$","M","E"],"character_chosen":"IRONCLAD","items_purchased":["Question Card"],"campfire_rested":1,"item_purchase_floors":[14],"current_hp_per_floor":[78,80,80,79,74,42,42,24,24,48,48,48,50,50,50,12,74,35,25,25,25,26,26,26],"gold":255,"neow_bonus":"ONE_RANDOM_RARE_CARD","is_daily":false,"chose_seed":false,"campfire_upgraded":2,"win_rate":0.0,"timestamp":1607947658,"path_taken":["M","M","?","?","M","E","R","E","T","R","?","?","M","$","R","BOSS","M","M","?","$","M","E"],"items_purchased_type":["Relic"],"build_version":"2020-12-13","purchased_purges":2,"victory":false,"max_hp_per_floor":[80,80,80,80,80,80,80,80,80,80,74,74,74,74,74,74,74,74,74,74,74,74,74,74],"card_choices":[{"not_picked":["Shockwave","Whirlwind","Burning Pact"],"picked":"SKIP","floor":1},{"not_picked":["Wild Strike","Metallicize"],"picked":"Hemokinesis","floor":2},{"not_picked":["Pommel Strike","Warcry"],"picked":"Carnage","floor":4},{"not_picked":["Ghostly Armor","Pommel Strike"],"picked":"Armaments","floor":5},{"not_picked":["Iron Wave","Intimidate"],"picked":"Perfected Strike","floor":6},{"not_picked":["Clothesline","Clash","Twin Strike"],"picked":"SKIP","floor":8},{"not_picked":["True Grit","Metallicize","Infernal Blade"],"picked":"SKIP","floor":13},{"not_picked":["Bludgeon","Immolate","Juggernaut"],"picked":"Demon Form","floor":16},{"not_picked":["Iron Wave","Inflame","Rampage"],"picked":"Heavy Blade","floor":18},{"not_picked":["Clash","Warcry","Rampage","Sever Soul"],"picked":"SKIP","floor":19},{"not_picked":["Pommel Strike","Armaments","Anger","Thunderclap"],"picked":"SKIP","floor":22}],"player_experience":761947,"relics_obtained":[{"floor":6,"key":"War Paint"},{"floor":8,"key":"Old Coin"},{"floor":9,"key":"StrikeDummy"}],"event_choices":[{"damage_healed":0,"gold_gain":0,"player_choice":"Bought 1 Potion","damage_taken":0,"max_hp_gain":0,"max_hp_loss":0,"event_name":"The Woman in Blue","floor":3,"gold_loss":0},{"damage_healed":0,"gold_gain":0,"player_choice":"Lose Max HP","damage_taken":0,"relics_obtained":["Golden Idol"],"max_hp_gain":0,"max_hp_loss":6,"event_name":"Golden Idol","floor":11,"gold_loss":0},{"damage_healed":0,"gold_gain":0,"cards_transformed":["Strike_R"],"player_choice":"Transformed","damage_taken":0,"max_hp_gain":0,"max_hp_loss":0,"event_name":"Transmorgrifier","floor":12,"gold_loss":0,"cards_obtained":["Double Tap"]},{"damage_healed":0,"gold_gain":0,"player_choice":"Ignored","damage_taken":0,"max_hp_gain":0,"max_hp_loss":0,"event_name":"Vampires","floor":20,"gold_loss":0}],"is_beta":false,"boss_relics":[{"not_picked":["Ectoplasm","Mark of Pain"],"picked":"Black Blood"}],"items_purged_floors":[14,21],"is_endless":false,"potions_floor_spawned":[1,2,4,19],"killed_by":"Gremlin Leader","ascension_level":1}}