{"host":"wghdsg8ym2wc7ov9","time":1607914154,"event":{"mods":["AchievementEnabler","BaseMod","Better Altar","Better Note","Colored Map","Highlight Path","Minty Spire (QoL Compilation)","Random Character Button","Relic Stats","Shop Mod","StSLib"],"gold_per_floor":[109,128,148,148,248,281,291,291,315,333,375,375,415,436,436,550,622,651,672,62,85,94,94,94],"floor_reached":23,"playtime":4207,"items_purged":[],"score":224,"play_id":"524e1cfb-1534-44fc-b6aa-a8e60502bca8","local_time":"20201213184914","is_ascension_mode":true,"campfire_choices":[{"floor":8,"key":"RECALL"},{"floor":12,"key":"REST"},{"floor":15,"key":"REST"}],"circlet_count":0,"master_deck":["Eruption","Vigilance","Weave","Vengeance","BattleHymn","Halt","Tantrum","TalkToTheHand","ReachHeaven","Meditate","Crescendo","Establishment","Wallop","CutThroughFate","Weave","Perseverance","Study","LikeWater","Judgement","Brilliance","WaveOfTheHand","Evaluate+1","InnerPeace","LikeWater","Flash of Steel","FollowUp","Protect","Shame"],"relics":["PureWater","Orichalcum","CeramicFish","Matryoshka","Blood Vial","MerchantsRug","Pear","Eternal Feather"],"acts_visited":["Exordium","TheCity"],"potions_floor_usage":[6,6,10,14,16],"damage_taken":[{"damage":1,"enemies":"Jaw Worm","floor":1,"turns":5},{"damage":0,"enemies":"Small Slimes","floor":2,"turns":3},{"damage":7,"enemies":"Cultist","floor":3,"turns":3},{"damage":13,"enemies":"3 Sentries","floor":6,"turns":6},{"damage":4,"enemies":"2 Fungi Beasts","floor":7,"turns":3},{"damage":17,"enemies":"3 Louse","floor":10,"turns":3},{"damage":10,"enemies":"Gremlin Nob","floor":11,"turns":3},{"damage":1,"enemies":"3 Sentries","floor":13,"turns":4},{"damage":0,"enemies":"Looter","floor":14,"turns":1},{"damage":48,"enemies":"Hexaghost","floor":16,"turns":8},{"damage":23,"enemies":"2 Thieves","floor":18,"turns":3},{"damage":1,"enemies":"Chosen","floor":19,"turns":3},{"damage":42,"enemies":"Shelled Parasite and Fungi","floor":21,"turns":6},{"damage":24,"enemies":"Gremlin Leader","floor":23,"turns":4}],"seed_played":"5683508022977442138","potions_obtained":[{"floor":0,"key":"Energy Potion"},{"floor":0,"key":"ColorlessPotion"},{"floor":0,"key":"Weak Potion"},{"floor":2,"key":"Energy Potion"},{"floor":6,"key":"Ancient Potion"},{"floor":13,"key":"BottledMiracle"},{"floor":16,"key":"Ancient Potion"},{"floor":18,"key":"Fire Potion"}],"is_trial":false,"path_per_floor":["M","M","M","?","?","E","M","R","T","M","E","R","E","M","R","B",null,"M","M","$","M","?","E"],"character_chosen":"WATCHER","items_purchased":["Blood Vial","MerchantsRug","Pear","InnerPeace","LikeWater","Flash of Steel","FollowUp"],"campfire_rested":2,"item_purchase_floors":[20,20,20,20,20,20,20],"current_hp_per_floor":[71,71,64,64,64,51,47,47,47,30,20,41,40,40,61,13,72,49,48,58,18,18,0,0],"gold":94,"neow_bonus":"THREE_SMALL_POTIONS","is_daily":false,"chose_seed":false,"campfire_upgraded":0,"win_rate":0.0,"timestamp":1607914154,"path_taken":["M","M","M","?","?","E","M","R","T","M","E","R","E","M","R","BOSS","M","M","$","M","?","E"],"items_purchased_type":["Relic","Relic","Relic","Card","Card","Card","Card"],"build_version":"2020-11-30","purchased_purges":0,"victory":false,"max_hp_per_floor":[72,72,72,72,72,72,72,72,72,72,72,72,72,72,72,72,72,72,72,82,82,82,82,82],"relic_stats":{"Blood Vial":4,"counters":[14,55],"CeramicFish":180,"Eternal Feather":0,"Orichalcum":[30],"obtain_stats":[{"Blood Vial":20,"MerchantsRug":20,"Matryoshka":13,"Pear":20,"CeramicFish":11,"Pandora\u0027s Box":17,"Eternal Feather":22,"PureWater":0,"Orichalcum":6},{"Blood Vial":12,"MerchantsRug":12,"Matryoshka":8,"Pear":12,"CeramicFish":7,"Pandora\u0027s Box":10,"Eternal Feather":13,"PureWater":0,"Orichalcum":4},{"Blood Vial":45,"MerchantsRug":45,"Matryoshka":30,"Pear":45,"CeramicFish":26,"Pandora\u0027s Box":39,"Eternal Feather":51,"PureWater":0,"Orichalcum":17}]},"card_choices":[{"not_picked":["Adaptation","Evaluate"],"picked":"Weave","floor":1},{"not_picked":["Crescendo","Halt"],"picked":"Vengeance","floor":2},{"not_picked":["Evaluate","ThirdEye"],"picked":"BattleHymn","floor":3},{"not_picked":["Worship","Alpha"],"picked":"Halt","floor":6},{"not_picked":["JustLucky","FollowUp"],"picked":"Tantrum","floor":7},{"not_picked":["JustLucky","Protect"],"picked":"TalkToTheHand","floor":10},{"not_picked":["CarveReality","FlyingSleeves"],"picked":"ReachHeaven","floor":11},{"not_picked":["SashWhip","SignatureMove"],"picked":"Meditate","floor":13},{"not_picked":["Vengeance","ClearTheMind"],"picked":"Crescendo","floor":14},{"not_picked":["Scrawl","Devotion"],"picked":"Establishment","floor":16},{"not_picked":["Worship","EmptyFist"],"picked":"WaveOfTheHand","floor":18},{"not_picked":["SashWhip","EmptyBody"],"picked":"Evaluate+1","floor":19},{"not_picked":["EmptyMind","Wireheading+1"],"picked":"Protect","floor":21}],"player_experience":382357,"relics_obtained":[{"floor":6,"key":"Orichalcum"},{"floor":11,"key":"CeramicFish"},{"floor":13,"key":"Matryoshka"}],"event_choices":[{"damage_healed":0,"gold_gain":0,"player_choice":"Leave","damage_taken":0,"max_hp_gain":0,"max_hp_loss":0,"event_name":"The Cleric","floor":4,"gold_loss":0},{"damage_healed":0,"gold_gain":100,"player_choice":"Pray","damage_taken":0,"max_hp_gain":0,"max_hp_loss":0,"event_name":"Golden Shrine","floor":5,"gold_loss":0},{"damage_healed":0,"gold_gain":0,"player_choice":"Stole Relic","damage_taken":0,"relics_obtained":["Eternal Feather"],"max_hp_gain":0,"max_hp_loss":0,"event_name":"Addict","floor":22,"gold_loss":0,"cards_obtained":["Shame"]}],"is_beta":false,"boss_relics":[{"not_picked":["Coffee Dripper","SlaversCollar"],"picked":"Pandora\u0027s Box"}],"items_purged_floors":[],"is_endless":false,"potions_floor_spawned":[2,6,13,16,18],"killed_by":"Gremlin Leader","ascension_level":1}}