{"host":"styl5xb5ufv3jls2","time":1607918841,"event":{"mods":["AchievementEnabler","BaseMod","Colored Map","Colored Powertips","DeckTracker","Highlight Path","Minty Spire (QoL Compilation)","Relic Sorter","Relic Stats","StSLib","Synergy Search"],"gold_per_floor":[115,127,137,137,85,117,117,117,117,135,135,160,160,160,160,258,258,258,258,258,38,38,38,38,38,38,38,38,38,38,38,38,38,38,38,38,14,14,14,14,14,14,14,14,14,14,14,14,14,14,14,14,14,14,14,14],"floor_reached":55,"playtime":2800,"items_purged":["Bash"],"score":695,"play_id":"3e71c4f4-d8a1-41f2-993b-3d479e26fd35","local_time":"20201213210721","is_ascension_mode":false,"campfire_choices":[{"data":"Searing Blow","floor":8,"key":"SMITH"},{"data":"Searing Blow+1","floor":11,"key":"SMITH"},{"data":"Searing Blow+2","floor":13,"key":"SMITH"},{"data":"Searing Blow+3","floor":15,"key":"SMITH"},{"data":"Searing Blow+4","floor":23,"key":"SMITH"},{"data":"Searing Blow+5","floor":25,"key":"SMITH"},{"data":"Searing Blow+6","floor":27,"key":"SMITH"},{"data":"Demon Form","floor":32,"key":"SMITH"},{"floor":40,"key":"RECALL"},{"floor":42,"key":"REST"},{"data":"Spot Weakness","floor":49,"key":"SMITH"},{"data":"Inflame","floor":52,"key":"SMITH"}],"circlet_count":0,"master_deck":["Strike_R","Strike_R","Strike_R","Strike_R","Strike_R","Defend_R","Defend_R","Defend_R","Flex","Pommel Strike","Searing Blow+7","Thunderclap","Thunderclap","Pommel Strike","Blood for Blood","Carnage","Flex","Battle Trance","Demon Form+1","Flex","Spot Weakness+1","Searing Blow+7","Uppercut+1","Double Tap","Flame Barrier+1","Heavy Blade","Parasite","Inflame+1","Parasite","Battle Trance"],"relics":["Burning Blood","Ginger","Self Forming Clay","Ectoplasm","Red Mask","Orrery","Toy Ornithopter","Cursed Key","Blood Vial","Sundial","Centennial Puzzle"],"acts_visited":["Exordium","TheCity","TheBeyond","TheEnding"],"potions_floor_usage":[14,16,39,39,50,55],"damage_taken":[{"damage":2,"enemies":"Small Slimes","floor":1,"turns":4},{"damage":11,"enemies":"Jaw Worm","floor":2,"turns":2},{"damage":6,"enemies":"Cultist","floor":3,"turns":3},{"damage":45,"enemies":"3 Sentries","floor":6,"turns":8},{"damage":8,"enemies":"2 Fungi Beasts","floor":10,"turns":3},{"damage":0,"enemies":"Gremlin Gang","floor":14,"turns":1},{"damage":28,"enemies":"Hexaghost","floor":16,"turns":7},{"damage":10,"enemies":"Spheric Guardian","floor":18,"turns":3},{"damage":19,"enemies":"Masked Bandits","floor":19,"turns":4},{"damage":24,"enemies":"Shell Parasite","floor":20,"turns":5},{"damage":10,"enemies":"Centurion and Healer","floor":24,"turns":4},{"damage":8,"enemies":"Shelled Parasite and Fungi","floor":29,"turns":3},{"damage":9,"enemies":"3 Cultists","floor":30,"turns":4},{"damage":24,"enemies":"Champ","floor":33,"turns":6},{"damage":23,"enemies":"3 Shapes","floor":35,"turns":3},{"damage":21,"enemies":"3 Darklings","floor":36,"turns":5},{"damage":7,"enemies":"Writhing Mass","floor":38,"turns":3},{"damage":0,"enemies":"Transient","floor":39,"turns":5},{"damage":106,"enemies":"Nemesis","floor":41,"turns":7},{"damage":37,"enemies":"Spire Growth","floor":46,"turns":4},{"damage":76,"enemies":"Donu and Deca","floor":50,"turns":7},{"damage":75,"enemies":"Shield and Spear","floor":54,"turns":4},{"damage":65,"enemies":"The Heart","floor":55,"turns":3}],"seed_played":"-5566694725450969857","potions_obtained":[{"floor":3,"key":"SmokeBomb"},{"floor":10,"key":"LiquidMemories"},{"floor":18,"key":"GamblersBrew"},{"floor":19,"key":"Fire Potion"},{"floor":36,"key":"Block Potion"},{"floor":41,"key":"Ancient Potion"},{"floor":46,"key":"SteroidPotion"}],"is_trial":false,"path_per_floor":["M","M","M","?","$","E","?","R","T","M","R","T","R","M","R","B",null,"M","?","M","$","?","R","M","R","T","R","?","M","M","$","R","B",null,"M","M","$","M","M","R","E","R","T","$","?","M","$","?","R","B",null,"R","$","E","B"],"character_chosen":"IRONCLAD","items_purchased":["Thunderclap","Orrery","Heavy Blade"],"campfire_rested":1,"item_purchase_floors":[5,21,37],"current_hp_per_floor":[88,83,83,88,88,49,49,49,49,47,47,47,47,53,53,31,93,89,76,58,58,89,89,85,85,85,85,85,83,80,80,80,77,93,76,76,76,75,93,93,14,41,41,41,41,18,18,103,103,38,103,103,103,34,0,0],"gold":14,"neow_bonus":"TEN_PERCENT_HP_BONUS","is_daily":false,"chose_seed":false,"campfire_upgraded":10,"win_rate":0.0,"timestamp":1607918841,"path_taken":["M","M","M","?","$","E","?","R","T","M","R","?","R","M","R","BOSS","M","?","M","$","?","R","M","R","T","R","?","M","M","$","R","BOSS","M","M","$","M","M","R","E","R","T","$","?","M","$","?","R","BOSS","R","$","E","BOSS"],"items_purchased_type":["Card","Relic","Card"],"build_version":"2020-12-13","purchased_purges":1,"victory":false,"max_hp_per_floor":[88,88,88,93,93,93,93,93,93,93,93,93,93,93,93,93,93,93,93,93,93,93,93,93,93,93,93,93,93,93,93,93,93,93,93,93,93,93,93,93,93,93,93,93,93,93,93,103,103,103,103,103,103,103,103,103],"relic_stats":{"Blood Vial":4,"Centennial Puzzle":[3],"counters":[23,98],"Self Forming Clay":[210],"Sundial":[0],"Ectoplasm":396,"Ginger":[8],"Cursed Key":1,"obtain_stats":[{"Blood Vial":41,"Centennial Puzzle":54,"Self Forming Clay":9,"Sundial":43,"Orrery":21,"Ectoplasm":17,"Red Mask":19,"Ginger":6,"Cursed Key":34,"Burning Blood":0,"Toy Ornithopter":26},{"Blood Vial":19,"Centennial Puzzle":22,"Self Forming Clay":4,"Sundial":19,"Orrery":10,"Ectoplasm":7,"Red Mask":9,"Ginger":4,"Cursed Key":14,"Burning Blood":0,"Toy Ornithopter":11},{"Blood Vial":80,"Centennial Puzzle":95,"Self Forming Clay":17,"Sundial":80,"Orrery":40,"Ectoplasm":28,"Red Mask":35,"Ginger":17,"Cursed Key":57,"Burning Blood":0,"Toy Ornithopter":44}],"Burning Blood":122,"Toy Ornithopter":20},"card_choices":[{"not_picked":["Headbutt","Sever Soul"],"picked":"Flex","floor":1},{"not_picked":["Bloodletting","Twin Strike"],"picked":"Pommel Strike","floor":2},{"not_picked":["Warcry","Power Through"],"picked":"Searing Blow","floor":3},{"not_picked":["Twin Strike","Combust"],"picked":"Thunderclap","floor":6},{"not_picked":["Clothesline","Havoc"],"picked":"Pommel Strike","floor":10},{"not_picked":["Limit Break","Immolate"],"picked":"Reaper","floor":16},{"not_picked":["Combust","Twin Strike"],"picked":"Blood for Blood","floor":18},{"not_picked":["Twin Strike","Intimidate"],"picked":"Carnage","floor":19},{"not_picked":["Seeing Red+1","Thunderclap"],"picked":"Flex","floor":20},{"not_picked":["Corruption","Clash"],"picked":"Battle Trance","floor":21},{"not_picked":["Clash","Iron Wave"],"picked":"Demon Form","floor":21},{"not_picked":["Uppercut","Carnage"],"picked":"Flex","floor":21},{"not_picked":["Wild Strike+1","Twin Strike"],"picked":"Spot Weakness","floor":24},{"not_picked":["Thunderclap","Anger","Intimidate+1"],"picked":"SKIP","floor":29},{"not_picked":["Twin Strike","Shrug It Off+1"],"picked":"Uppercut+1","floor":30},{"not_picked":["Immolate","Corruption"],"picked":"Double Tap","floor":33},{"not_picked":["Disarm","Dropkick","Headbutt"],"picked":"SKIP","floor":35},{"not_picked":["Disarm+1","Twin Strike"],"picked":"Flame Barrier+1","floor":36},{"not_picked":["Shrug It Off","Feel No Pain+1","Intimidate+1"],"picked":"SKIP","floor":38},{"not_picked":["Entrench","Headbutt+1","Rage+1"],"picked":"SKIP","floor":39},{"not_picked":["Burning Pact+1","Blood for Blood"],"picked":"Inflame","floor":41},{"not_picked":["Second Wind","Reckless Charge+1"],"picked":"Battle Trance","floor":46},{"not_picked":["Warcry","Clash+1","Impervious"],"picked":"SKIP","floor":54}],"player_experience":183292,"relics_obtained":[{"floor":6,"key":"Ginger"},{"floor":9,"key":"Self Forming Clay"},{"floor":19,"key":"Red Mask"},{"floor":26,"key":"Toy Ornithopter"},{"floor":41,"key":"Blood Vial"},{"floor":43,"key":"Sundial"},{"floor":54,"key":"Centennial Puzzle"}],"event_choices":[{"damage_healed":0,"gold_gain":0,"player_choice":"Donut","damage_taken":0,"max_hp_gain":5,"max_hp_loss":0,"event_name":"Big Fish","floor":4,"gold_loss":0},{"damage_healed":0,"gold_gain":0,"player_choice":"Searched \u00270\u0027 times","damage_taken":0,"max_hp_gain":0,"max_hp_loss":0,"event_name":"Dead Adventurer","floor":7,"gold_loss":0},{"damage_healed":0,"gold_gain":0,"player_choice":"Fought Bandits","damage_taken":0,"max_hp_gain":0,"max_hp_loss":0,"event_name":"Masked Bandits","floor":19,"gold_loss":0},{"damage_healed":31,"gold_gain":0,"player_choice":"Heal","damage_taken":0,"max_hp_gain":0,"max_hp_loss":0,"event_name":"The Library","floor":22,"gold_loss":0},{"damage_healed":0,"gold_gain":0,"player_choice":"Copied","damage_taken":0,"max_hp_gain":0,"max_hp_loss":0,"event_name":"Duplicator","floor":28,"gold_loss":0,"cards_obtained":["Searing Blow"]},{"cards_removed":["Defend_R"],"damage_healed":0,"gold_gain":0,"player_choice":"Removed Skill","damage_taken":0,"max_hp_gain":0,"max_hp_loss":0,"event_name":"Falling","floor":45,"gold_loss":0},{"cards_removed":["Reaper"],"damage_healed":75,"gold_gain":0,"player_choice":"Offered Rare","damage_taken":0,"max_hp_gain":10,"max_hp_loss":0,"event_name":"Bonfire Elementals","floor":48,"gold_loss":0}],"is_beta":false,"boss_relics":[{"not_picked":["Tiny House","Runic Dome"],"picked":"Ectoplasm"},{"not_picked":["Runic Cube","Astrolabe"],"picked":"Cursed Key"}],"items_purged_floors":[21],"is_endless":false,"potions_floor_spawned":[3,10,18,19,36,41,46],"killed_by":"The Heart","ascension_level":0}}