{"host":"0vd2boh2oi7jm085","time":1607940428,"event":{"mods":["BaseMod","Colored Map","Colored Powertips","Highlight Path","Minty Spire (QoL Compilation)","Quick Restart","StSLib","The IronCluck"],"gold_per_floor":[10,10,29,29,29,68,68,104,104,104,29,29,29,53,53,149,149,163,163,178,12,12,12,12,12,12,12,36,49,49,49,49,49,49],"floor_reached":33,"playtime":988,"items_purged":["Injury"],"score":461,"play_id":"aa4aec9e-dd4d-413c-a3bf-a5749ff1a4c9","local_time":"20201214020708","is_ascension_mode":true,"campfire_choices":[{"floor":7.0,"key":"REST"},{"floor":10.0,"key":"REST"},{"floor":12.0,"key":"REST"},{"data":"Entrench","floor":15.0,"key":"SMITH"},{"floor":23.0,"key":"REST"},{"data":"Juggernaut","floor":25.0,"key":"SMITH"},{"data":"True Grit","floor":27.0,"key":"SMITH"},{"floor":30,"key":"REST"},{"data":"Ghostly","floor":32,"key":"SMITH"}],"circlet_count":0,"master_deck":["AscendersBane","Strike_R","Strike_R","Strike_R","Strike_R","Strike_R","Defend_R","Defend_R","Defend_R","Defend_R","Bash","True Grit+1","Entrench+1","Juggernaut+1","Iron Wave","Ghostly","Ghostly","Ghostly+1","Thunderclap+1","Demon Form"],"relics":["Black Blood","Thread and Needle","Golden Idol","HornCleat","Mummified Hand","Vajra","Juzu Bracelet","Pen Nib","Centennial Puzzle","MutagenicStrength"],"acts_visited":["Exordium","TheCity"],"potions_floor_usage":[29,29],"damage_taken":[{"damage":0.0,"enemies":"Cultist","floor":1.0,"turns":3.0},{"damage":5.0,"enemies":"2 Louse","floor":3.0,"turns":3.0},{"damage":48.0,"enemies":"Lagavulin","floor":6.0,"turns":8.0},{"damage":42.0,"enemies":"3 Sentries","floor":8.0,"turns":16.0},{"damage":1.0,"enemies":"Jaw Worm","floor":14.0,"turns":4.0},{"damage":60.0,"enemies":"Hexaghost","floor":16.0,"turns":16.0},{"damage":53.0,"enemies":"Shell Parasite","floor":18.0,"turns":13.0},{"damage":0.0,"enemies":"3 Byrds","floor":20.0,"turns":4.0},{"damage":19.0,"enemies":"Centurion and Healer","floor":28.0,"turns":9.0},{"damage":17,"enemies":"3 Cultists","floor":29,"turns":6},{"damage":0,"enemies":"Automaton","floor":33,"turns":6}],"seed_played":"4955776781956190730","potions_obtained":[{"floor":8.0,"key":"Dexterity Potion"},{"floor":14.0,"key":"BlessingOfTheForge"},{"floor":16.0,"key":"SkillPotion"},{"floor":28.0,"key":"SpeedPotion"}],"is_trial":false,"path_per_floor":["M","?","M","?","T","E","R","E","T","R","$","R","?","M","R","B",null,"M","?","M","$","?","R","$","R","T","R","M","M","R","?","R","B"],"character_chosen":"IRONCLAD","items_purchased":["Pen Nib"],"campfire_rested":5,"item_purchase_floors":[21],"current_hp_per_floor":[74,75,75,75,75,33,55,19,19,41,41,63,63,68,68,14,60,19,19,31,31,31,37,37,37,37,37,30,25,36,36,36,36,36],"gold":49,"neow_bonus":"ONE_RARE_RELIC","is_daily":false,"chose_seed":false,"campfire_upgraded":4,"win_rate":0.0,"timestamp":1607940428,"path_taken":["M","?","?","?","?","E","R","E","T","R","$","R","?","M","R","BOSS","M","?","M","$","?","R","?","R","T","R","M","M","R","?","R","BOSS"],"items_purchased_type":["Relic"],"build_version":"2020-12-13","purchased_purges":1,"victory":false,"max_hp_per_floor":[75,75,75,75,75,75,75,75,75,75,75,75,75,75,75,75,75,75,37,37,37,37,37,37,37,37,37,37,37,37,37,37,37,37],"card_choices":[{"not_picked":["Warcry","Uppercut"],"picked":"Shrug It Off","floor":1.0},{"not_picked":["Havoc","Clothesline"],"picked":"True Grit","floor":3.0},{"not_picked":["Shockwave","Twin Strike"],"picked":"Entrench","floor":6.0},{"not_picked":["Whirlwind","True Grit","Juggernaut"],"picked":"SKIP","floor":8.0},{"not_picked":["Whirlwind","True Grit"],"picked":"Juggernaut","floor":8.0},{"not_picked":["Flex","Cleave","Sever Soul"],"picked":"SKIP","floor":14.0},{"not_picked":["Rupture","Warcry"],"picked":"Iron Wave","floor":18.0},{"not_picked":["Rupture","Pommel Strike"],"picked":"Thunderclap+1","floor":20.0},{"not_picked":["Clash+1","Infernal Blade+1","Pommel Strike+1"],"picked":"SKIP","floor":28.0},{"not_picked":["Wild Strike","Sword Boomerang"],"picked":"Demon Form","floor":29}],"player_experience":83030,"relics_obtained":[{"floor":5.0,"key":"HornCleat"},{"floor":6.0,"key":"Mummified Hand"},{"floor":8.0,"key":"Vajra"},{"floor":9.0,"key":"Juzu Bracelet"},{"floor":26.0,"key":"Centennial Puzzle"}],"event_choices":[{"cards_removed":["Shrug It Off"],"damage_healed":5.0,"max_hp_gain":0.0,"max_hp_loss":0.0,"gold_gain":0.0,"event_name":"Bonfire Elementals","player_choice":"Offered Common","floor":2.0,"gold_loss":0.0,"damage_taken":0.0},{"cards_removed":["Shrug It Off"],"damage_healed":5.0,"max_hp_gain":0.0,"max_hp_loss":0.0,"gold_gain":0.0,"event_name":"Bonfire Elementals","player_choice":"Offered Special","floor":2.0,"gold_loss":0.0,"damage_taken":0.0},{"damage_healed":0.0,"max_hp_gain":0.0,"max_hp_loss":0.0,"gold_gain":0.0,"event_name":"Golden Idol","player_choice":"Take Wound","floor":4.0,"gold_loss":0.0,"damage_taken":0.0,"relics_obtained":["Golden Idol"],"cards_obtained":["Injury"]},{"damage_healed":0.0,"max_hp_gain":0.0,"max_hp_loss":0.0,"gold_gain":0.0,"event_name":"Golden Wing","player_choice":"Ignored","floor":13.0,"gold_loss":0.0,"damage_taken":0.0},{"damage_healed":0.0,"max_hp_gain":0.0,"max_hp_loss":38.0,"gold_gain":0.0,"event_name":"Ghosts","player_choice":"Became a Ghost","floor":19.0,"gold_loss":0.0,"damage_taken":0.0,"cards_obtained":["Ghostly","Ghostly","Ghostly"]},{"damage_healed":0.0,"max_hp_gain":0.0,"max_hp_loss":0.0,"gold_gain":0.0,"event_name":"Vampires","player_choice":"Ignored","floor":22.0,"gold_loss":0.0,"damage_taken":0.0},{"damage_healed":0,"gold_gain":0,"player_choice":"Inject Mutagens","damage_taken":0,"relics_obtained":["MutagenicStrength"],"max_hp_gain":0,"max_hp_loss":0,"event_name":"Drug Dealer","floor":31,"gold_loss":0}],"is_beta":false,"boss_relics":[{"not_picked":["Coffee Dripper","Runic Cube"],"picked":"Black Blood"}],"items_purged_floors":[11],"is_endless":false,"potions_floor_spawned":[8,14,16,28],"killed_by":"Automaton","ascension_level":17}}