{"host":"yhemb00fn7g5zwp1","time":1607946257,"event":{"mods":["AchievementEnabler","Act Like it!","BaseMod","CapriCore","Gensokyo","Hallownest","Highlight Path","KinomotoSakuraMod(Ä¾Ö®±¾Ó£)","Koishi","KomeijiMod","Marisa£¨ìFÓê¡¡Ä§ÀíÉ³£©","Minty Spire (QoL Compilation)","MostiFishMod","Pale of the Ancients","Prisma Mod","Reimu£¨²©ÀöÁéÃÎ£©","Remilia£¨ÀÙÃ×ÀòÑÇ£©","StSLib","Td1madao Mod","The Factory","The Hayseed","The Servant 0.9.4","Youmu£¨»êÆÇÑýÃÎ£©","Yuyuko","¡¾¶«·½¶þ´Î´´×÷¡¿°ËÔÆ×Ïmod","¡¾ÒÅÎï¿¨ÅÆ¡¿REMEMod"],"gold_per_floor":[217,217,229,241,81,81,81,94,94,108,122,122,136,136,136,239,239,254,354,171,197,197,231,231,89,89,89,109,128,145,145,145,245,245,264,280,280,297,114,114,147,147,218,229,229,243,291,306,306,306,306,306,1,32,32],"floor_reached":56,"playtime":1840,"items_purged":["Strike_G","Strike_G","Defend_G","Defend_G"],"score":1489,"play_id":"5e9e576a-278c-4e85-8754-5380cd22dc16","local_time":"20201214194417","is_ascension_mode":false,"campfire_choices":[{"data":"MostiFishMod:RacingGame","floor":6,"key":"SMITH"},{"data":"Accuracy","floor":12,"key":"SMITH"},{"data":"After Image","floor":15,"key":"SMITH"},{"floor":24,"key":"RECALL"},{"data":"MostiFishMod:ThornCasing","floor":32,"key":"SMITH"},{"data":"Terror","floor":40,"key":"SMITH"},{"data":"Adrenaline","floor":49,"key":"SMITH"},{"data":"Accuracy","floor":52,"key":"SMITH"}],"circlet_count":0,"master_deck":["Strike_G+1","Defend_G","Survivor","Neutralize+1","MostiFishMod:RacingGame+1","PiercingWail","Accuracy+1","Backflip","Blade Dance","After Image+1","Blade Dance","Blade Dance","MostiFishMod:VineMother","Cloak And Dagger+1","MostiFishMod:ThornCasing+1","Accuracy+1","Choke","MostiFishMod:ThornCasing+1","Terror+1","MostiFishMod:Neurotoxin","Adrenaline+1","Slice+1","Concentrate+1","Neutralize+1","Slice+1","MostiFishMod:ThornCasing","Escape Plan","Accuracy+1","Blind","Escape Plan"],"relics":["Ring of the Snake","REME_ComplimentaryCards","DaveBox","SentryEyes","Question Card","Gensokyo:LunaticRedEyes","Nilry\u0027s Codex","StoneCalendar","ImportantClient","Astrolabe","BionicSphere","ArrowTower","Whetstone","Omamori","Du-Vu Doll","Singing Bowl","Strawberry","PatriotShield","Smiling Mask","Tough Bandages","Technique","TungstenRod"],"acts_visited":["Exordium","Gensokyo:Gensokyo","TheBeyond","TheEnding"],"potions_floor_usage":[16,33,50,55,55],"damage_taken":[{"damage":5,"enemies":"Gensokyo:Gryphon","floor":1,"turns":2},{"damage":0,"enemies":"Gensokyo:2_Kodama","floor":3,"turns":2},{"damage":3,"enemies":"Gensokyo:Python","floor":4,"turns":2},{"damage":0,"enemies":"Gensokyo:Kitsune","floor":8,"turns":2},{"damage":0,"enemies":"Gensokyo:Gryphon_and_Rabbit","floor":10,"turns":2},{"damage":4,"enemies":"Gensokyo:CorruptedTreant","floor":11,"turns":3},{"damage":0,"enemies":"Gensokyo:VengefulSpirit","floor":13,"turns":2},{"damage":0,"enemies":"Gensokyo:Reimu","floor":16,"turns":3},{"damage":0,"enemies":"Gensokyo:CosmicMonolith","floor":18,"turns":2},{"damage":2,"enemies":"Gensokyo:CosmicMonolith","floor":19,"turns":5},{"damage":0,"enemies":"Gensokyo:Reisen","floor":23,"turns":3},{"damage":0,"enemies":"Gensokyo:3_Dogs","floor":28,"turns":2},{"damage":0,"enemies":"Gensokyo:Slime_Group","floor":29,"turns":2},{"damage":0,"enemies":"Gensokyo:Wraith","floor":30,"turns":4},{"damage":0,"enemies":"Gensokyo:Eiki","floor":33,"turns":4},{"damage":0,"enemies":"3 Shapes","floor":35,"turns":2},{"damage":0,"enemies":"Orb Walker","floor":36,"turns":2},{"damage":0,"enemies":"Writhing Mass","floor":38,"turns":4},{"damage":0,"enemies":"Reptomancer","floor":41,"turns":1},{"damage":4,"enemies":"Transient","floor":44,"turns":4},{"damage":0,"enemies":"Spire Growth","floor":46,"turns":1},{"damage":0,"enemies":"2 Orb Walkers","floor":47,"turns":3},{"damage":0,"enemies":"Writhing Mass","floor":48,"turns":3},{"damage":2,"enemies":"Awakened One","floor":50,"turns":3},{"damage":0,"enemies":"Shield and Spear","floor":54,"turns":3},{"damage":0,"enemies":"The Heart","floor":55,"turns":3}],"seed_played":"-7183860318894955359","potions_obtained":[{"floor":8,"key":"DistilledChaos"},{"floor":10,"key":"DistilledChaos"},{"floor":11,"key":"ZuzhouPotion:ReiMu"},{"floor":13,"key":"BlessingOfTheForge"},{"floor":18,"key":"SkillPotion"},{"floor":33,"key":"FearPotion"},{"floor":38,"key":"EssenceOfSteel"},{"floor":46,"key":"CultistPotion"}],"is_trial":false,"path_per_floor":["M","?","M","M","?","R","?","M","T","M","M","R","M","?","R","B",null,"M","?","$","T","?","E","R","$","T","?","M","M","M","?","R","B",null,"M","M","?","M","$","R","E","?","T","M","?","M","?","M","R","B",null,"R","$","E","B",null],"character_chosen":"THE_SILENT","items_purchased":["Whetstone","MostiFishMod:ThornCasing","Slice","MostiFishMod:ThornCasing","Technique","Blind","Escape Plan"],"campfire_rested":0,"item_purchase_floors":[20,25,39,39,53,53,53],"current_hp_per_floor":[65,65,65,62,62,62,62,62,62,62,58,58,58,51,51,51,70,70,68,68,68,68,68,68,68,68,72,72,72,74,74,74,74,74,74,74,74,76,76,76,76,76,76,74,74,74,76,78,78,76,82,82,82,84,84],"gold":32,"neow_bonus":"HUNDRED_GOLD","is_daily":false,"chose_seed":false,"campfire_upgraded":7,"win_rate":0.0,"timestamp":1607946257,"path_taken":["M","?","?","M","?","R","?","M","T","M","M","R","?","?","R","BOSS","M","?","$","?","?","E","R","?","T","?","M","M","M","?","R","BOSS","M","M","?","?","?","R","E","?","T","?","?","M","?","M","R","BOSS","R","$","E","BOSS"],"items_purchased_type":["Relic","Card","Card","Card","Relic","Card","Card"],"build_version":"2020-12-13","purchased_purges":4,"victory":true,"max_hp_per_floor":[70,70,70,70,70,70,70,70,70,70,70,70,70,70,70,70,70,70,70,70,70,70,70,70,70,70,72,72,72,74,74,74,74,74,74,74,74,76,76,76,76,76,76,78,78,78,80,82,82,82,82,82,82,84,84],"card_choices":[{"not_picked":["Heel Hook","Calculated Gamble"],"picked":"PiercingWail","floor":1},{"not_picked":["Quick Slash","Backflip","Cloak And Dagger"],"picked":"Accuracy","floor":3},{"not_picked":["Blur","Heel Hook","Deadly Poison"],"picked":"Backflip","floor":4},{"not_picked":["Terror","Acrobatics","Predator"],"picked":"Blade Dance","floor":8},{"not_picked":["MostiFishMod:PerfectParry","Masterful Stab","Dash"],"picked":"After Image","floor":10},{"not_picked":["Sucker Punch","Heel Hook","Slice"],"picked":"Blade Dance","floor":11},{"not_picked":["Leg Sweep","Bullet Time","Calculated Gamble"],"picked":"Blade Dance","floor":13},{"not_picked":["REME_GrazeFinale","MostiFishMod:Opportunism","REME_ShadowForm"],"picked":"MostiFishMod:VineMother","floor":16},{"not_picked":["Infinite Blades","Dodge and Roll","Quick Slash+1"],"picked":"Accuracy+1","floor":18},{"not_picked":["Corpse Explosion","Quick Slash","PiercingWail"],"picked":"Choke","floor":23},{"not_picked":["Underhanded Strike","Wraith Form v2","Predator"],"picked":"Deflect+1","floor":28},{"not_picked":["MostiFishMod:InvigoratingSolution","Leg Sweep","Dodge and Roll"],"picked":"Terror","floor":29},{"not_picked":["Sucker Punch","Caltrops","Deadly Poison","Endless Agony"],"picked":"Singing Bowl","floor":30},{"not_picked":["REME_CopyPotion","Night Terror","Wraith Form v2"],"picked":"Adrenaline","floor":33},{"not_picked":["Outmaneuver","Eviscerate+1","Dagger Throw+1"],"picked":"Slice+1","floor":35},{"not_picked":["Prepared","Outmaneuver","Noxious Fumes"],"picked":"Concentrate+1","floor":36},{"not_picked":["Dagger Throw+1","MostiFishMod:InvigoratingSolution+1","Skewer","Leg Sweep"],"picked":"Singing Bowl","floor":38},{"not_picked":["Deadly Poison","REME_ShadowStrike","Poisoned Stab+1"],"picked":"Escape Plan","floor":41},{"not_picked":["REME_ShadowStrike","Cloak And Dagger","Terror+1","Eviscerate+1"],"picked":"Singing Bowl","floor":44},{"not_picked":["Dagger Spray+1","Backflip+1","Sucker Punch"],"picked":"Accuracy","floor":46},{"not_picked":["Outmaneuver","PiercingWail+1","MostiFishMod:PerfectParry","Tools of the Trade"],"picked":"Singing Bowl","floor":47},{"not_picked":["Outmaneuver+1","Acrobatics+1","Footwork","Blur+1"],"picked":"Singing Bowl","floor":48},{"not_picked":["MostiFishMod:InvigoratingSolution","Riddle With Holes","Poisoned Stab","Dagger Spray"],"picked":"Singing Bowl","floor":54}],"player_experience":407900,"relics_obtained":[{"floor":1,"key":"Question Card"},{"floor":9,"key":"StoneCalendar"},{"floor":16,"key":"ImportantClient"},{"floor":19,"key":"BionicSphere"},{"floor":19,"key":"ArrowTower"},{"floor":21,"key":"Omamori"},{"floor":23,"key":"Du-Vu Doll"},{"floor":26,"key":"Singing Bowl"},{"floor":41,"key":"Smiling Mask"},{"floor":47,"key":"Tough Bandages"},{"floor":54,"key":"TungstenRod"}],"event_choices":[{"damage_healed":0,"gold_gain":0,"player_choice":"1 cards matched","damage_taken":0,"max_hp_gain":0,"max_hp_loss":0,"event_name":"Match and Keep!","floor":37,"gold_loss":0,"cards_obtained":["Neutralize"]},{"cards_removed":["Burst"],"damage_healed":0,"gold_gain":0,"player_choice":"Purged","damage_taken":0,"max_hp_gain":0,"max_hp_loss":0,"event_name":"Purifier","floor":42,"gold_loss":0},{"damage_healed":0,"gold_gain":0,"player_choice":"Ignored","damage_taken":0,"max_hp_gain":0,"max_hp_loss":0,"event_name":"Tomb of Lord Red Mask","floor":45,"gold_loss":0},{"damage_healed":0,"gold_gain":0,"player_choice":"Fight","damage_taken":0,"max_hp_gain":0,"max_hp_loss":0,"event_name":"Mysterious Sphere","floor":47,"gold_loss":0}],"is_beta":false,"boss_relics":[{"not_picked":["Sozu","ExusiaiGun"],"picked":"Astrolabe"},{"not_picked":["TimeKeys","TakeMeEscape"],"picked":"PatriotShield"}],"items_purged_floors":[20,25,39,53],"is_endless":false,"potions_floor_spawned":[8,10,11,13,18,29,30,33,38,41,44,46],"ascension_level":0}}