{"host":"pjgcdp3h1plnbocs","time":1607944035,"event":{"mods":["AchievementEnabler","BaseMod","Colored Map","Highlight Path","Minty Spire (QoL Compilation)"],"gold_per_floor":[109,109,127,143,143,173,173,198,198,223,236,252,268,278,278,373,373,373,373,373,373,373,373,373,373,373,373,373,373,373,373,373,373,373,373,373,373,142,142,142,142,142,142,142,142,142,142,142,142,142,142,142,0,0,0],"floor_reached":56,"playtime":3284,"items_purged":["Strike_G"],"score":1536,"play_id":"56a51a2b-c403-4ff9-a998-62905605e6c4","local_time":"20201214120715","is_ascension_mode":true,"campfire_choices":[{"data":"Noxious Fumes","floor":7,"key":"SMITH"},{"data":"Neutralize","floor":15,"key":"SMITH"},{"data":"Adrenaline","floor":24,"key":"SMITH"},{"data":"Crippling Poison","floor":27,"key":"SMITH"},{"floor":32,"key":"REST"},{"floor":49,"key":"RECALL"},{"data":"Footwork","floor":52,"key":"SMITH"}],"circlet_count":0,"master_deck":["Strike_G","Strike_G","Strike_G","Defend_G","Defend_G+1","Defend_G","Defend_G","Defend_G","Survivor","Neutralize+1","Terror+1","Flying Knee","Noxious Fumes+1","Blur","Escape Plan","Blur","Noxious Fumes+1","Adrenaline+1","Escape Plan","Crippling Poison+1","Malaise+1","Footwork+1","Venomology","Deadly Poison+1","Adrenaline+1","Night Terror"],"relics":["Ring of the Snake","NeowsBlessing","Bag of Preparation","Mercury Hourglass","Happy Flower","Orichalcum","Ectoplasm","Matryoshka","Singing Bowl","Centennial Puzzle","Lizard Tail","SacredBark","Lantern","PreservedInsect","White Beast Statue","War Paint","Sundial","Blue Candle","Thread and Needle","Bronze Scales","Pantograph"],"acts_visited":["Exordium","TheCity","TheBeyond","TheEnding"],"potions_floor_usage":[8,13,16,23,25,33,33,37,39,40,41,42,42,44,45,46,48,50,54,55,55,55],"damage_taken":[{"damage":0,"enemies":"Jaw Worm","floor":1,"turns":1},{"damage":0,"enemies":"2 Louse","floor":3,"turns":1},{"damage":0,"enemies":"Cultist","floor":4,"turns":1},{"damage":24,"enemies":"Lagavulin","floor":6,"turns":8},{"damage":16,"enemies":"Gremlin Nob","floor":8,"turns":3},{"damage":7,"enemies":"Lagavulin","floor":10,"turns":6},{"damage":0,"enemies":"Exordium Thugs","floor":11,"turns":4},{"damage":0,"enemies":"Blue Slaver","floor":12,"turns":3},{"damage":0,"enemies":"Gremlin Gang","floor":13,"turns":2},{"damage":3,"enemies":"Lots of Slimes","floor":14,"turns":4},{"damage":2,"enemies":"The Guardian","floor":16,"turns":10},{"damage":0,"enemies":"Chosen","floor":18,"turns":4},{"damage":0,"enemies":"Shell Parasite","floor":19,"turns":5},{"damage":6,"enemies":"Snake Plant","floor":21,"turns":5},{"damage":0,"enemies":"Cultist and Chosen","floor":22,"turns":6},{"damage":5,"enemies":"Gremlin Leader","floor":23,"turns":7},{"damage":24,"enemies":"Slavers","floor":25,"turns":4},{"damage":0,"enemies":"Shelled Parasite and Fungi","floor":28,"turns":4},{"damage":12,"enemies":"Book of Stabbing","floor":29,"turns":6},{"damage":8,"enemies":"Snecko","floor":30,"turns":6},{"damage":9,"enemies":"Centurion and Healer","floor":31,"turns":5},{"damage":24,"enemies":"Collector","floor":33,"turns":9},{"damage":2,"enemies":"3 Shapes","floor":35,"turns":5},{"damage":0,"enemies":"Orb Walker","floor":36,"turns":4},{"damage":0,"enemies":"Maw","floor":37,"turns":9},{"damage":7,"enemies":"Spire Growth","floor":39,"turns":5},{"damage":25,"enemies":"Reptomancer","floor":40,"turns":8},{"damage":0,"enemies":"Sphere and 2 Shapes","floor":41,"turns":5},{"damage":21,"enemies":"Giant Head","floor":42,"turns":8},{"damage":3,"enemies":"Jaw Worm Horde","floor":44,"turns":4},{"damage":16,"enemies":"Nemesis","floor":45,"turns":7},{"damage":12,"enemies":"2 Orb Walkers","floor":46,"turns":5},{"damage":38,"enemies":"Reptomancer","floor":48,"turns":7},{"damage":23,"enemies":"Awakened One","floor":50,"turns":16},{"damage":42,"enemies":"Shield and Spear","floor":54,"turns":5},{"damage":79,"enemies":"The Heart","floor":55,"turns":10}],"seed_played":"-6552858258207844084","potions_obtained":[{"floor":1,"key":"Explosive Potion"},{"floor":4,"key":"Poison Potion"},{"floor":10,"key":"LiquidMemories"},{"floor":11,"key":"EssenceOfSteel"},{"floor":12,"key":"Regen Potion"},{"floor":14,"key":"Fire Potion"},{"floor":18,"key":"DuplicationPotion"},{"floor":23,"key":"Swift Potion"},{"floor":28,"key":"Weak Potion"},{"floor":37,"key":"BlessingOfTheForge"},{"floor":42,"key":"FairyPotion"},{"floor":45,"key":"BlessingOfTheForge"},{"floor":48,"key":"SpeedPotion"},{"floor":54,"key":"LiquidBronze"}],"is_trial":false,"path_per_floor":["M","?","M","M","?","E","R","E","T","E","M","M","M","M","R","B",null,"M","M","?","M","M","E","R","E","T","R","M","E","M","M","R","B",null,"M","M","M","$","M","E","M","E","T","M","E","?","?","E","R","B",null,"R","$","E","B",null],"character_chosen":"THE_SILENT","items_purchased":["Lantern","Night Terror"],"campfire_rested":1,"item_purchase_floors":[38,53],"current_hp_per_floor":[70,70,70,70,63,39,39,23,23,16,16,16,16,13,13,26,70,70,70,70,64,64,59,59,37,37,37,39,27,21,12,34,10,76,76,78,80,80,75,75,77,58,58,57,41,31,31,58,58,35,96,96,96,56,2],"gold":0,"neow_bonus":"THREE_ENEMY_KILL","is_daily":false,"chose_seed":false,"campfire_upgraded":5,"win_rate":0.0,"timestamp":1607944035,"path_taken":["M","?","M","M","?","E","R","E","T","E","M","M","M","M","R","BOSS","M","M","?","M","M","E","R","E","T","R","M","E","?","M","R","BOSS","M","M","M","$","M","E","M","E","T","M","E","?","?","E","R","BOSS","R","$","E","BOSS"],"items_purchased_type":["Relic","Card"],"build_version":"2020-12-13","purchased_purges":1,"victory":true,"max_hp_per_floor":[70,70,70,70,70,70,70,70,70,70,70,70,70,70,70,70,70,70,70,70,70,70,70,70,72,72,72,74,74,76,76,76,76,76,78,80,82,82,84,86,88,90,90,92,92,94,94,96,96,96,96,96,96,98,98],"card_choices":[{"not_picked":["Distraction","Catalyst"],"picked":"Terror","floor":1},{"not_picked":["Outmaneuver","Cloak And Dagger"],"picked":"Flying Knee","floor":3},{"not_picked":["PiercingWail","All Out Attack"],"picked":"Noxious Fumes","floor":4},{"not_picked":["Accuracy","PiercingWail"],"picked":"Blur","floor":6},{"not_picked":["Crippling Poison","Skewer"],"picked":"Escape Plan","floor":8},{"not_picked":["Riddle With Holes","Expertise"],"picked":"Blur","floor":10},{"not_picked":["Acrobatics","Bane","Masterful Stab"],"picked":"SKIP","floor":11},{"not_picked":["Outmaneuver","Quick Slash","Dagger Spray"],"picked":"SKIP","floor":12},{"not_picked":["Flying Knee","Dagger Throw"],"picked":"Noxious Fumes","floor":13},{"not_picked":["Deflect","Sucker Punch","Deadly Poison"],"picked":"SKIP","floor":14},{"not_picked":["A Thousand Cuts","Grand Finale"],"picked":"Adrenaline","floor":16},{"not_picked":["Quick Slash","Cloak And Dagger+1","Heel Hook"],"picked":"SKIP","floor":18},{"not_picked":["Cloak And Dagger","Leg Sweep","PiercingWail"],"picked":"SKIP","floor":19},{"not_picked":["Skewer+1","Acrobatics"],"picked":"Escape Plan","floor":21},{"not_picked":["Deflect","Choke"],"picked":"Crippling Poison","floor":22},{"not_picked":["Dash","Tools of the Trade","Expertise"],"picked":"SKIP","floor":23},{"not_picked":["Dodge and Roll","Eviscerate","PiercingWail+1"],"picked":"Singing Bowl","floor":25},{"not_picked":["Outmaneuver+1","Deadly Poison","Setup"],"picked":"Singing Bowl","floor":28},{"not_picked":["Prepared","Concentrate"],"picked":"Malaise","floor":29},{"not_picked":["Sucker Punch","Masterful Stab+1","Cloak And Dagger"],"picked":"Singing Bowl","floor":30},{"not_picked":["Deflect","Eviscerate+1"],"picked":"Footwork","floor":31},{"not_picked":["Storm of Steel","Grand Finale"],"picked":"Venomology","floor":33},{"not_picked":["Bane+1","Dagger Spray+1","Distraction+1"],"picked":"Singing Bowl","floor":35},{"not_picked":["All Out Attack+1","Outmaneuver+1","Backflip"],"picked":"Singing Bowl","floor":36},{"not_picked":["Sucker Punch+1","Deflect","Well Laid Plans"],"picked":"Singing Bowl","floor":37},{"not_picked":["Quick Slash+1","Dodge and Roll","Backflip"],"picked":"Singing Bowl","floor":39},{"not_picked":["Dagger Throw","Backflip+1","Deflect+1"],"picked":"Singing Bowl","floor":40},{"not_picked":["Deflect","Accuracy","Outmaneuver"],"picked":"Singing Bowl","floor":41},{"not_picked":["Underhanded Strike+1","Backflip","Storm of Steel"],"picked":"Singing Bowl","floor":42},{"not_picked":["Endless Agony+1","Underhanded Strike","Dagger Throw+1"],"picked":"Singing Bowl","floor":44},{"not_picked":["Prepared","Masterful Stab+1"],"picked":"Deadly Poison+1","floor":45},{"not_picked":["Slice+1","Sucker Punch","Dodge and Roll+1"],"picked":"Singing Bowl","floor":46},{"not_picked":["Distraction+1","Choke","Leg Sweep+1"],"picked":"Singing Bowl","floor":48},{"not_picked":["Tactician","Eviscerate+1","Backstab"],"picked":"Singing Bowl","floor":54}],"player_experience":88402,"relics_obtained":[{"floor":6,"key":"Bag of Preparation"},{"floor":8,"key":"Mercury Hourglass"},{"floor":9,"key":"Happy Flower"},{"floor":10,"key":"Orichalcum"},{"floor":23,"key":"Matryoshka"},{"floor":25,"key":"Singing Bowl"},{"floor":26,"key":"Centennial Puzzle"},{"floor":29,"key":"Lizard Tail"},{"floor":40,"key":"PreservedInsect"},{"floor":42,"key":"White Beast Statue"},{"floor":43,"key":"War Paint"},{"floor":43,"key":"Sundial"},{"floor":45,"key":"Blue Candle"},{"floor":46,"key":"Thread and Needle"},{"floor":48,"key":"Bronze Scales"},{"floor":54,"key":"Pantograph"}],"event_choices":[{"damage_healed":0,"gold_gain":0,"player_choice":"Grow","damage_taken":0,"max_hp_gain":0,"max_hp_loss":0,"event_name":"Living Wall","floor":2,"gold_loss":0,"cards_upgraded":["Terror"]},{"cards_removed":["Strike_G"],"damage_healed":0,"gold_gain":0,"player_choice":"Card Removal","damage_taken":7,"max_hp_gain":0,"max_hp_loss":0,"event_name":"Golden Wing","floor":5,"gold_loss":0},{"damage_healed":0,"gold_gain":0,"player_choice":"Forge","damage_taken":0,"max_hp_gain":0,"max_hp_loss":0,"event_name":"Accursed Blacksmith","floor":20,"gold_loss":0,"cards_upgraded":["Noxious Fumes"]},{"damage_healed":0,"gold_gain":0,"player_choice":"Fight","damage_taken":0,"max_hp_gain":0,"max_hp_loss":0,"event_name":"Mysterious Sphere","floor":46,"gold_loss":0},{"damage_healed":0,"gold_gain":0,"player_choice":"Copied","damage_taken":0,"max_hp_gain":0,"max_hp_loss":0,"event_name":"Duplicator","floor":47,"gold_loss":0,"cards_obtained":["Adrenaline"]}],"is_beta":false,"boss_relics":[{"not_picked":["Astrolabe","Calling Bell"],"picked":"Ectoplasm"},{"not_picked":["Philosopher\u0027s Stone","Velvet Choker"],"picked":"SacredBark"}],"items_purged_floors":[38],"is_endless":false,"potions_floor_spawned":[1,4,10,11,12,14,18,21,23,28,31,37,40,42,44,45,46,48,54],"ascension_level":4}}