{"host":"p7j7o00jacnw7qzt","time":1607984423,"event":{"mods":["BaseMod","Colored Map","Colored Powertips","DeckTracker","Highlight Path","Minty Spire (QoL Compilation)","Relic Stats"],"gold_per_floor":[110,110,125,22,22,50,0,35,61,61,73,23,50,50,50,127,127,137,137,151,167,180,180,210,210,234,262,262,279,279,64,64,141,141,155,155,155,173,173,173,201,214,214,247,247,276,293,323,323,323,323,323,323,139,169,169,169],"floor_reached":56,"playtime":2534,"items_purged":["Strike_R","Strike_R","Strike_R","Strike_R","Decay"],"score":2238,"play_id":"587fe98b-cecd-4a72-ac4e-532a95218985","local_time":"20201214172023","is_ascension_mode":true,"campfire_choices":[{"data":"Bludgeon","floor":10.0,"key":"SMITH"},{"data":"Shockwave","floor":15.0,"key":"SMITH"},{"data":"Burning Pact","floor":23.0,"key":"SMITH"},{"data":"Bloodletting","floor":25.0,"key":"SMITH"},{"data":"Battle Trance","floor":28.0,"key":"SMITH"},{"data":"Bludgeon","floor":32.0,"key":"SMITH"},{"floor":40.0,"key":"RECALL"},{"floor":49.0,"key":"REST"},{"floor":53.0,"key":"REST"}],"circlet_count":0,"master_deck":["AscendersBane","Defend_R","Defend_R","Defend_R","Defend_R","Sword Boomerang","Bludgeon+1","Bloodletting+1","Shrug It Off","Shockwave+1","Dark Embrace","Demon Form+1","Battle Trance+1","Burning Pact+1","Bludgeon+1","Shockwave+1","Dual Wield"],"relics":["Burning Blood","NeowsBlessing","Smiling Mask","Tiny Chest","Ancient Tea Set","Matryoshka","Snecko Eye","Bag of Marbles","Strawberry","Lantern","Oddly Smooth Stone","Black Star","Toy Ornithopter","Mummified Hand","Bag of Preparation","Paper Frog","Potion Belt","Art of War","Mercury Hourglass","Vajra","Blood Vial","Bronze Scales","Question Card","Eternal Feather","Bottled Lightning"],"acts_visited":["Exordium","TheCity","TheBeyond","TheEnding"],"potions_floor_usage":[56,56,56,56],"damage_taken":[{"damage":0.0,"enemies":"Cultist","floor":1.0,"turns":1.0},{"damage":0.0,"enemies":"2 Louse","floor":3.0,"turns":1.0},{"damage":0.0,"enemies":"Lagavulin","floor":6.0,"turns":1.0},{"damage":11.0,"enemies":"Gremlin Nob","floor":8.0,"turns":3.0},{"damage":12.0,"enemies":"Small Slimes","floor":11.0,"turns":2.0},{"damage":11.0,"enemies":"Lagavulin","floor":13.0,"turns":5.0},{"damage":59.0,"enemies":"Hexaghost","floor":16.0,"turns":9.0},{"damage":11.0,"enemies":"Shell Parasite","floor":18.0,"turns":3.0},{"damage":0.0,"enemies":"Spheric Guardian","floor":20.0,"turns":3.0},{"damage":13.0,"enemies":"Snake Plant","floor":21.0,"turns":2.0},{"damage":6.0,"enemies":"3 Cultists","floor":22.0,"turns":4.0},{"damage":18.0,"enemies":"Gremlin Leader","floor":24.0,"turns":3.0},{"damage":5.0,"enemies":"Book of Stabbing","floor":27.0,"turns":3.0},{"damage":6.0,"enemies":"Snecko","floor":29.0,"turns":2.0},{"damage":26.0,"enemies":"Collector","floor":33.0,"turns":3.0},{"damage":14.0,"enemies":"3 Shapes","floor":35.0,"turns":4.0},{"damage":3.0,"enemies":"3 Darklings","floor":38.0,"turns":3.0},{"damage":15.0,"enemies":"Nemesis","floor":41.0,"turns":3.0},{"damage":0.0,"enemies":"Spire Growth","floor":42.0,"turns":2.0},{"damage":12.0,"enemies":"Giant Head","floor":44.0,"turns":4.0},{"damage":6.0,"enemies":"Reptomancer","floor":46.0,"turns":2.0},{"damage":17.0,"enemies":"Writhing Mass","floor":47.0,"turns":3.0},{"damage":20.0,"enemies":"Giant Head","floor":48.0,"turns":4.0},{"damage":57.0,"enemies":"Awakened One","floor":50.0,"turns":7.0},{"damage":28.0,"enemies":"Time Eater","floor":51.0,"turns":4.0},{"damage":3.0,"enemies":"Shield and Spear","floor":55.0,"turns":2.0},{"damage":106,"enemies":"The Heart","floor":56,"turns":5}],"seed_played":"2911936974551768419","potions_obtained":[{"floor":3.0,"key":"SteroidPotion"},{"floor":6.0,"key":"GamblersBrew"},{"floor":11.0,"key":"SteroidPotion"},{"floor":16.0,"key":"Fire Potion"},{"floor":18.0,"key":"Regen Potion"},{"floor":22.0,"key":"DistilledChaos"},{"floor":27.0,"key":"ElixirPotion"},{"floor":33.0,"key":"PowerPotion"},{"floor":35.0,"key":"Weak Potion"},{"floor":44.0,"key":"DuplicationPotion"},{"floor":46.0,"key":"DuplicationPotion"},{"floor":47.0,"key":"Dexterity Potion"}],"is_trial":false,"path_per_floor":["M","?","M","$","?","E","$","E","T","R","M","$","E","?","R","B",null,"M","?","M","M","M","R","E","R","T","E","R","M","?","$","R","B",null,"M","T","?","M","?","R","E","M","T","E","T","E","M","E","R","B","B",null,"R","$","E","B"],"character_chosen":"IRONCLAD","items_purchased":["Shrug It Off","Bludgeon","LiquidMemories","Energy Potion"],"campfire_rested":2,"item_purchase_floors":[4,31,54,54],"current_hp_per_floor":[74,74,75,75,80,80,80,75,75,75,69,69,64,64,64,11,63,58,58,64,57,57,57,50,50,57,58,58,58,58,58,58,38,75,67,67,67,70,70,70,61,67,67,61,61,61,52,40,66,22,7,67,87,87,87,0,0],"gold":169,"neow_bonus":"THREE_ENEMY_KILL","is_daily":false,"chose_seed":false,"campfire_upgraded":6,"win_rate":0.0,"timestamp":1607984423,"path_taken":["M","?","?","?","?","E","$","E","T","R","M","$","E","?","R","BOSS","M","?","M","M","M","R","E","R","T","E","R","M","?","$","R","BOSS","M","?","?","?","?","R","E","M","T","E","?","E","M","E","R","BOSS","BOSS","R","$","E","BOSS"],"items_purchased_type":["Card","Card","Potion","Potion"],"build_version":"2020-12-13","purchased_purges":5,"victory":false,"max_hp_per_floor":[75,75,75,75,80,80,80,80,80,80,80,80,80,80,80,80,80,80,80,80,80,80,80,80,80,87,87,87,87,87,87,87,87,87,87,87,87,87,87,87,87,87,87,87,87,87,87,87,87,87,87,87,87,87,87,87,87],"relic_stats":{"counters":[27,88],"Eternal Feather":0,"Bag of Preparation":[18],"Smiling Mask":350,"Question Card":1,"Burning Blood":142,"Mercury Hourglass":[110],"Blood Vial":8,"Mummified Hand":[39],"Bronze Scales":[114],"Snecko Eye":[139,167,153,169],"Tiny Chest":2,"Black Star":5,"Art of War":[2],"obtain_stats":[{"Lantern":26,"Vajra":46,"Bag of Preparation":41,"Smiling Mask":6,"Ancient Tea Set":9,"Burning Blood":0,"Blood Vial":46,"Matryoshka":13,"Mummified Hand":36,"Strawberry":26,"Tiny Chest":8,"Paper Frog":41,"Potion Belt":44,"NeowsBlessing":0,"Oddly Smooth Stone":27,"Eternal Feather":55,"Question Card":48,"Mercury Hourglass":45,"Bronze Scales":48,"Snecko Eye":17,"Bag of Marbles":24,"Black Star":34,"Art of War":44,"Bottled Lightning":55,"Toy Ornithopter":36},{"Lantern":12,"Vajra":21,"Bag of Preparation":18,"Smiling Mask":3,"Ancient Tea Set":4,"Burning Blood":0,"Blood Vial":21,"Matryoshka":6,"Mummified Hand":16,"Strawberry":12,"Tiny Chest":4,"Paper Frog":18,"Potion Belt":20,"NeowsBlessing":0,"Oddly Smooth Stone":13,"Eternal Feather":26,"Question Card":23,"Mercury Hourglass":20,"Bronze Scales":23,"Snecko Eye":7,"Bag of Marbles":12,"Black Star":15,"Art of War":20,"Bottled Lightning":26,"Toy Ornithopter":16},{"Lantern":37,"Vajra":63,"Bag of Preparation":55,"Smiling Mask":3,"Ancient Tea Set":6,"Burning Blood":0,"Blood Vial":63,"Matryoshka":13,"Mummified Hand":49,"Strawberry":37,"Tiny Chest":6,"Paper Frog":55,"Potion Belt":61,"NeowsBlessing":0,"Oddly Smooth Stone":40,"Eternal Feather":83,"Question Card":70,"Mercury Hourglass":61,"Bronze Scales":70,"Snecko Eye":22,"Bag of Marbles":37,"Black Star":45,"Art of War":61,"Bottled Lightning":83,"Toy Ornithopter":49}],"Toy Ornithopter":29},"card_choices":[{"not_picked":["True Grit","Blood for Blood"],"picked":"Sword Boomerang","floor":1.0},{"not_picked":["Reckless Charge","Anger"],"picked":"Bloodletting","floor":3.0},{"not_picked":["Dropkick","Headbutt","Metallicize"],"picked":"SKIP","floor":6.0},{"not_picked":["Havoc","Cleave","Entrench"],"picked":"SKIP","floor":8.0},{"not_picked":["Warcry","Sever Soul"],"picked":"Shockwave","floor":11.0},{"not_picked":["Seeing Red","Pummel"],"picked":"Dark Embrace","floor":13.0},{"not_picked":["Berserk","Barricade"],"picked":"Demon Form","floor":16.0},{"not_picked":["Warcry","Feel No Pain","Shrug It Off"],"picked":"SKIP","floor":18.0},{"not_picked":["Headbutt","Warcry"],"picked":"Battle Trance","floor":20.0},{"not_picked":["Iron Wave","Warcry","Reckless Charge"],"picked":"SKIP","floor":21.0},{"not_picked":["Heavy Blade","Anger"],"picked":"Burning Pact","floor":22.0},{"not_picked":["Intimidate+1","Pommel Strike","True Grit"],"picked":"SKIP","floor":24.0},{"not_picked":["Reckless Charge","True Grit","Warcry"],"picked":"SKIP","floor":27.0},{"not_picked":["Seeing Red+1","Power Through","Juggernaut"],"picked":"SKIP","floor":29.0},{"not_picked":["Clash+1","Ghostly Armor"],"picked":"Shockwave+1","floor":35.0},{"not_picked":["Flex","Wild Strike","Sword Boomerang"],"picked":"SKIP","floor":38.0},{"not_picked":["Ghostly Armor","Anger","Cleave"],"picked":"SKIP","floor":41.0},{"not_picked":["Rage","Twin Strike+1","True Grit"],"picked":"SKIP","floor":42.0},{"not_picked":["Rampage","Body Slam","Iron Wave"],"picked":"SKIP","floor":44.0},{"not_picked":["Cleave","Shrug It Off","Havoc"],"picked":"SKIP","floor":46.0},{"not_picked":["Blood for Blood","Body Slam","Rampage"],"picked":"SKIP","floor":47.0},{"not_picked":["Pommel Strike+1","Immolate","Seeing Red"],"picked":"SKIP","floor":48.0},{"not_picked":["Perfected Strike","Sword Boomerang","Whirlwind+1"],"picked":"Dual Wield","floor":55.0}],"player_experience":855732,"relics_obtained":[{"floor":6.0,"key":"Smiling Mask"},{"floor":8.0,"key":"Tiny Chest"},{"floor":9.0,"key":"Ancient Tea Set"},{"floor":13.0,"key":"Matryoshka"},{"floor":24.0,"key":"Bag of Marbles"},{"floor":26.0,"key":"Strawberry"},{"floor":26.0,"key":"Lantern"},{"floor":27.0,"key":"Oddly Smooth Stone"},{"floor":36.0,"key":"Toy Ornithopter"},{"floor":36.0,"key":"Mummified Hand"},{"floor":41.0,"key":"Bag of Preparation"},{"floor":41.0,"key":"Paper Frog"},{"floor":44.0,"key":"Potion Belt"},{"floor":44.0,"key":"Art of War"},{"floor":45.0,"key":"Mercury Hourglass"},{"floor":46.0,"key":"Vajra"},{"floor":46.0,"key":"Blood Vial"},{"floor":48.0,"key":"Bronze Scales"},{"floor":48.0,"key":"Question Card"},{"floor":55.0,"key":"Eternal Feather"},{"floor":55.0,"key":"Bottled Lightning"}],"event_choices":[{"damage_healed":0.0,"max_hp_gain":0.0,"max_hp_loss":0.0,"gold_gain":0.0,"event_name":"Match and Keep!","player_choice":"1 cards matched","floor":2.0,"gold_loss":0.0,"damage_taken":0.0,"cards_obtained":["Bludgeon"]},{"damage_healed":0.0,"max_hp_gain":0.0,"max_hp_loss":0.0,"gold_gain":0.0,"event_name":"Match and Keep!","player_choice":"1 cards matched","floor":2.0,"gold_loss":0.0,"damage_taken":0.0,"cards_obtained":["Bludgeon"]},{"damage_healed":0.0,"max_hp_gain":5.0,"max_hp_loss":0.0,"gold_gain":0.0,"event_name":"Big Fish","player_choice":"Donut","floor":5.0,"gold_loss":0.0,"damage_taken":0.0},{"damage_healed":0.0,"max_hp_gain":0.0,"max_hp_loss":0.0,"gold_gain":0.0,"event_name":"The Cleric","player_choice":"Leave","floor":14.0,"gold_loss":0.0,"damage_taken":0.0},{"cards_removed":["Strike_R"],"damage_healed":0.0,"max_hp_gain":0.0,"max_hp_loss":0.0,"gold_gain":0.0,"event_name":"Back to Basics","player_choice":"Elegance","floor":19.0,"gold_loss":0.0,"damage_taken":0.0},{"damage_healed":0.0,"max_hp_gain":0.0,"max_hp_loss":0.0,"gold_gain":0.0,"event_name":"Accursed Blacksmith","player_choice":"Forge","floor":30.0,"gold_loss":0.0,"damage_taken":0.0,"cards_upgraded":["Demon Form"]},{"cards_removed":["Bash"],"damage_healed":0.0,"max_hp_gain":0.0,"max_hp_loss":0.0,"gold_gain":0.0,"event_name":"Bonfire Elementals","player_choice":"Offered Basic","floor":37.0,"gold_loss":0.0,"damage_taken":0.0},{"damage_healed":0.0,"max_hp_gain":0.0,"max_hp_loss":0.0,"gold_gain":0.0,"event_name":"Wheel of Change","player_choice":"Cursed","floor":39.0,"gold_loss":0.0,"damage_taken":0.0,"cards_obtained":["Decay"]}],"is_beta":false,"boss_relics":[{"not_picked":["Sozu","SacredBark"],"picked":"Snecko Eye"},{"not_picked":["Philosopher\u0027s Stone","Mark of Pain"],"picked":"Black Star"}],"items_purged_floors":[4,7,12,31,54],"is_endless":false,"potions_floor_spawned":[3,6,11,16,18,20,22,27,33,35,44,46,47],"killed_by":"The Heart","ascension_level":20}}