{"host":"684z1xpuwaoqmmh1","time":1607947090,"event":{"mods":["Bard","BaseMod","Downfall","Hermit","Jorbs\u0027s Wanderer Trilogy","Marisa????????","Minty Spire (QoL Compilation)","StSLib","The Hierophant","The Mystic","The Runesmith"],"gold_per_floor":[99,111,142,160,160,186,186,186,221,71,82,101,114,24,43,147,147,147,161,161,194,18,29,56,56,56,91,80,101,112,130,149,263,272,272,297,310,310,331,372,372,413,429,460,469,489,504,286,315,315],"floor_reached":51,"playtime":3481,"items_purged":["champ:Strike","champ:Defend","Pain"],"score":1201,"play_id":"5ccec743-bbd8-4409-b9c6-4c20543378a5","local_time":"20201214135810","is_ascension_mode":true,"campfire_choices":[{"floor":1.0,"key":"RECALL"},{"data":"champ:Devastate","floor":10.0,"key":"SMITH"},{"data":"champ:GutPunch","floor":18.0,"key":"SMITH"},{"data":"champ:EnchantSword","floor":26.0,"key":"SMITH"},{"data":"champ:Improvising","floor":35,"key":"SMITH"},{"data":"champ:CheapShot","floor":38,"key":"SMITH"}],"circlet_count":0,"master_deck":["champ:Strike","champ:Strike","champ:Defend","champ:Defend","champ:Execute","champ:Taunt+1","champ:Backstep+1","champ:GutPunch+1","champ:EnchantSword+1","champ:Devastate+1","champ:BringItOn","champ:ArenaPreparation","champ:GutPunch","champ:Encircle","champ:EnchantSword","champ:RageSigil+1","champ:Encircle+1","champ:CrownThrow","champ:Backstep","champ:EndlessRage+1","champ:EnchantSword","champ:AdrenalArmor+1","champ:Improvising+1","champ:SteelEdge","champ:Taunt","champ:CheapShot+1","champ:Balance","champ:VampiricStrike","CurseOfTheBell","champ:Aggression+1","champ:StanceDance+1","champ:EnchantShield","champ:CalledShot+1","champ:EndlessRage","champ:VampiricStrike"],"relics":["champ:ChampionCrown","champ:FightingForDummies","Mercury Hourglass","Du-Vu Doll","Vajra","downfall:HeartBlessingRed","downfall:HeartBlessingBlue","Coffee Dripper","Unceasing Top","Membership Card","CeramicFish","champ:DefensiveTrainingManual","War Paint","Incense Burner","ClockworkSouvenir","Calling Bell","Akabeko","Pear","CaptainsWheel","Toy Ornithopter","Letter Opener","Dream Catcher","Oddly Smooth Stone","WarpedTongs","champ:SignatureFinisher"],"acts_visited":["Exordium","TheCity","TheBeyond"],"potions_floor_usage":[40,50],"damage_taken":[{"damage":6.0,"enemies":"Jaw Worm","floor":2.0,"turns":7.0},{"damage":28.0,"enemies":"3 Sentries","floor":3.0,"turns":8.0},{"damage":7.0,"enemies":"Small Slimes","floor":4.0,"turns":2.0},{"damage":29.0,"enemies":"Lagavulin","floor":6.0,"turns":6.0},{"damage":33.0,"enemies":"3 Sentries","floor":9.0,"turns":6.0},{"damage":2.0,"enemies":"Cultist","floor":11.0,"turns":3.0},{"damage":0.0,"enemies":"Red Slaver","floor":12.0,"turns":3.0},{"damage":10.0,"enemies":"Exordium Thugs","floor":13.0,"turns":3.0},{"damage":29.0,"enemies":"downfall:FleeingMerchant","floor":14.0,"turns":4.0},{"damage":5.0,"enemies":"Blue Slaver","floor":15.0,"turns":2.0},{"damage":53.0,"enemies":"downfall:Defect","floor":16.0,"turns":7.0},{"damage":37.0,"enemies":"Shell Parasite","floor":19.0,"turns":3.0},{"damage":68.0,"enemies":"Slavers","floor":21.0,"turns":4.0},{"damage":25.0,"enemies":"downfall:FleeingMerchant","floor":22.0,"turns":4.0},{"damage":27.0,"enemies":"Shelled Parasite and Fungi","floor":23.0,"turns":2.0},{"damage":32.0,"enemies":"Gremlin Leader","floor":27.0,"turns":5.0},{"damage":25,"enemies":"downfall:FleeingMerchant","floor":28,"turns":2},{"damage":21,"enemies":"Snecko","floor":29,"turns":3},{"damage":17,"enemies":"Snake Plant","floor":30,"turns":4},{"damage":22,"enemies":"Sentry and Sphere","floor":32,"turns":3},{"damage":69,"enemies":"downfall:Ironclad","floor":33,"turns":6},{"damage":2,"enemies":"Orb Walker","floor":36,"turns":3},{"damage":17,"enemies":"3 Shapes","floor":37,"turns":3},{"damage":48,"enemies":"Maw","floor":39,"turns":4},{"damage":74,"enemies":"Reptomancer","floor":40,"turns":3},{"damage":58,"enemies":"Nemesis","floor":42,"turns":4},{"damage":18,"enemies":"Sphere and 2 Shapes","floor":43,"turns":3},{"damage":56,"enemies":"Giant Head","floor":44,"turns":5},{"damage":21,"enemies":"Spire Growth","floor":46,"turns":2},{"damage":14,"enemies":"4 Shapes","floor":47,"turns":3},{"damage":42,"enemies":"Maw","floor":49,"turns":3},{"damage":44,"enemies":"downfall:Watcher","floor":50,"turns":4}],"seed_played":"5642203222444796270","potions_obtained":[{"floor":2.0,"key":"Explosive Potion"},{"floor":3.0,"key":"EssenceOfSteel"},{"floor":6.0,"key":"CultistPotion"},{"floor":9.0,"key":"Dexterity Potion"},{"floor":13.0,"key":"Energy Potion"},{"floor":15.0,"key":"sneckomod:MuddlingPotion"},{"floor":20.0,"key":"CultistPotion"},{"floor":23.0,"key":"SpeedPotion"},{"floor":27.0,"key":"Ancient Potion"},{"floor":36,"key":"Regen Potion"},{"floor":40,"key":"BlessingOfTheForge"},{"floor":42,"key":"DistilledChaos"}],"is_trial":false,"path_per_floor":["R","M","E","M","?","E","T","?","E","R","M","M","M","$","M","B",null,"R","M","?","E","$","M","T","?","R","E","$","M","M","?","M","B",null,"R","M","M","R","M","E","T","E","M","E","?","M","M","$","M","B",null],"character_chosen":"THE_CHAMP","items_purchased":["Membership Card","champ:Backstep","champ:Improvising","Incense Burner","ClockworkSouvenir","champ:SignatureFinisher","champ:EndlessRage"],"campfire_rested":0,"item_purchase_floors":[22,22,28,28,28,48,48],"current_hp_per_floor":[90,89,76,76,76,69,69,69,50,60,70,70,70,80,80,74,100,100,87,87,79,80,80,80,80,80,100,100,100,100,100,100,100,110,110,110,110,110,110,110,110,110,110,110,110,110,110,110,110,110],"gold":315,"neow_bonus":"RANDOM_COMMON_RELIC","is_daily":false,"chose_seed":false,"campfire_upgraded":5,"win_rate":0.0,"timestamp":1607947090,"path_taken":["R","M","E","M","?","E","T","?","E","R","M","M","?","$","M","BOSS","R","M","?","E","$","M","T","?","R","E","$","M","?","?","M","BOSS","R","?","M","R","M","E","T","E","M","E","?","M","?","$","M","BOSS"],"items_purchased_type":["Relic","Card","Card","Relic","Relic","Relic","Card"],"build_version":"2020-12-13","purchased_purges":3,"victory":true,"max_hp_per_floor":[90,90,90,90,90,90,90,90,90,100,100,100,100,100,100,100,100,100,100,100,100,100,100,100,100,100,100,100,100,100,100,100,100,110,110,110,110,110,110,110,110,110,110,110,110,110,110,110,110,110],"card_choices":[{"not_picked":["champ:TornadoPunch","champ:BerserkersShout"],"picked":"champ:Backstep","floor":2.0},{"not_picked":["champ:RisingSlash","champ:FlashCut"],"picked":"champ:GutPunch","floor":3.0},{"not_picked":["champ:PerfectedStrike","champ:Duel"],"picked":"champ:EnchantSword","floor":4.0},{"not_picked":["champ:PerfectedStrike","champ:FaceSlap"],"picked":"champ:Devastate","floor":6.0},{"not_picked":["champ:Shatter","champ:Duel","champ:Circumvent"],"picked":"SKIP","floor":9.0},{"not_picked":["champ:Circumvent","champ:SwordSigil"],"picked":"champ:BringItOn","floor":11.0},{"not_picked":["champ:Haymaker","champ:BerserkersShout"],"picked":"champ:ArenaPreparation","floor":12.0},{"not_picked":["champ:ViciousMockery","champ:GladiatorsShout"],"picked":"champ:GutPunch","floor":13.0},{"not_picked":["champ:DefensiveStyle","champ:EnragedBash"],"picked":"champ:Encircle","floor":14.0},{"not_picked":["champ:FocusedGladiator","champ:FalseCounter","champ:RapidStrikes"],"picked":"SKIP","floor":15.0},{"not_picked":["champ:CrownThrow","champ:DancingMaster"],"picked":"champ:EnchantSword","floor":16.0},{"not_picked":["champ:Encircle","champ:FlashCut"],"picked":"champ:RageSigil+1","floor":19.0},{"not_picked":["champ:GladiatorsShout+1","champ:FalseCounter+1"],"picked":"champ:Encircle+1","floor":21.0},{"not_picked":["champ:ShieldSigil+1","champ:FanOfKnives"],"picked":"champ:CrownThrow","floor":22.0},{"not_picked":["champ:DefensiveShout","champ:RapidStrikes"],"picked":"champ:EndlessRage+1","floor":23.0},{"not_picked":["champ:BerserkersShout+1","champ:StanceDance"],"picked":"champ:EnchantSword","floor":27.0},{"not_picked":["champ:EnragedBash","champ:BringItOn"],"picked":"champ:AdrenalArmor+1","floor":28},{"not_picked":["champ:Encircle+1","champ:RageSigil"],"picked":"champ:SteelEdge","floor":29},{"not_picked":["champ:ShieldSigil","champ:EnragedBash","champ:PerfectedStrike"],"picked":"SKIP","floor":30},{"not_picked":["champ:BerserkersShout","champ:HeartStrike"],"picked":"champ:Balance","floor":32},{"not_picked":["champ:ShieldThrow","champ:LastStand"],"picked":"champ:VampiricStrike","floor":33},{"not_picked":["champ:FanOfKnives+1","champ:Lariat"],"picked":"champ:Aggression+1","floor":36},{"not_picked":["champ:PerfectedStrike","champ:ArenaPreparation","champ:Encircle+1"],"picked":"SKIP","floor":37},{"not_picked":["champ:BerserkersShout","champ:Haymaker+1"],"picked":"champ:StanceDance+1","floor":39},{"not_picked":["champ:Haymaker","champ:GutPunch"],"picked":"champ:EnchantShield","floor":40},{"not_picked":["champ:CrookedStrike","champ:Duel+1"],"picked":"champ:CalledShot+1","floor":42},{"not_picked":["champ:PreciseThrust","champ:HeartStrike","champ:ShieldSigil"],"picked":"SKIP","floor":43},{"not_picked":["champ:Circumvent","champ:EnGarde+1","champ:FlashCut+1"],"picked":"SKIP","floor":44},{"not_picked":["champ:CrookedStrike","champ:PerfectedStrike+1","champ:DeathBlow+1"],"picked":"SKIP","floor":46},{"not_picked":["champ:Shatter","champ:EnGarde+1","champ:FlashCut+1"],"picked":"SKIP","floor":47},{"not_picked":["champ:Haymaker+1","champ:FocusedGladiator"],"picked":"champ:VampiricStrike","floor":49}],"player_experience":2300879,"relics_obtained":[{"floor":3.0,"key":"Mercury Hourglass"},{"floor":6.0,"key":"Du-Vu Doll"},{"floor":9.0,"key":"Vajra"},{"floor":21.0,"key":"Unceasing Top"},{"floor":24.0,"key":"CeramicFish"},{"floor":27.0,"key":"War Paint"},{"floor":34,"key":"Akabeko"},{"floor":34,"key":"Pear"},{"floor":34,"key":"CaptainsWheel"},{"floor":40,"key":"Toy Ornithopter"},{"floor":41,"key":"Letter Opener"},{"floor":42,"key":"Dream Catcher"},{"floor":44,"key":"Oddly Smooth Stone"}],"event_choices":[{"cards_removed":["champ:Defend"],"damage_healed":0.0,"max_hp_gain":0.0,"max_hp_loss":0.0,"gold_gain":0.0,"event_name":"Bonfire Elementals","player_choice":"Offered Basic","floor":8.0,"gold_loss":0.0,"damage_taken":0.0},{"damage_healed":0,"gold_gain":0,"player_choice":"Rummage","damage_taken":0,"relics_obtained":["WarpedTongs"],"max_hp_gain":0,"max_hp_loss":0,"event_name":"Accursed Blacksmith","floor":45,"gold_loss":0,"cards_obtained":["Pain"]}],"is_beta":false,"boss_relics":[{"not_picked":["Pandora\u0027s Box","Runic Pyramid"],"picked":"Coffee Dripper"},{"not_picked":["SlaversCollar","Runesmith:UraniumAnvil"],"picked":"Calling Bell"}],"items_purged_floors":[14,28,48],"is_endless":false,"potions_floor_spawned":[2,3,6,9,13,15,23,27,29,30,32,36,40,42,43],"ascension_level":4}}