{"host":"4np54w3ai1r5lqo1","time":1607980325,"event":{"mods":["BaseMod","Colored Map","Minty Spire (QoL Compilation)","Quick Restart"],"gold_per_floor":[115,63,77,77,87,120,131,161,161,192,209,221,253,253,253,356,356,356,356,13,13,13,13,13,13,13,13,13,13,13,13,13,13,13,13,13,13,13,13,13,13,13,13,13,13,13,13,13,13,13],"floor_reached":51,"playtime":1869,"items_purged":["Strike_G"],"score":1249,"play_id":"18a73263-21cc-44e3-bb06-7e3cec6c530b","local_time":"20201214191205","is_ascension_mode":true,"campfire_choices":[{"data":"Accuracy","floor":15,"key":"SMITH"},{"data":"Leg Sweep","floor":23,"key":"SMITH"},{"data":"Accuracy","floor":25,"key":"SMITH"},{"data":"Calculated Gamble","floor":32,"key":"SMITH"},{"floor":41,"key":"REST"},{"floor":47,"key":"REST"},{"floor":49,"key":"REST"}],"circlet_count":0,"master_deck":["Strike_G","Strike_G","Strike_G","Defend_G","Defend_G","Defend_G","Defend_G+1","Defend_G","Survivor","Neutralize","Cloak And Dagger","Blade Dance","Flying Knee","PiercingWail+1","Accuracy+1","Dodge and Roll","Calculated Gamble+1","Prepared","Skewer","Blade Dance","Blade Dance","Malaise","Quick Slash","Blur","Acrobatics","Panache","Accuracy+1","Blade Dance","Leg Sweep+1","Well Laid Plans+1","Blade Dance","Deflect+1","Blur","Calculated Gamble","Phantasmal Killer","PiercingWail+1","Backstab+1","Cloak And Dagger","Dodge and Roll+1","Parasite","Footwork","Dash","Acrobatics+1","Backflip+1","Panache","Swift Strike+1","Footwork+1","Dagger Spray+1"],"relics":["Ring of the Snake","NeowsBlessing","Potion Belt","Bag of Marbles","Bottled Tornado","Prayer Wheel","Torii","Ectoplasm","Strawberry","Art of War","Regal Pillow","Gremlin Horn","HoveringKite","War Paint","Molten Egg 2","Vajra","Shuriken"],"acts_visited":["Exordium","TheCity","TheBeyond"],"potions_floor_usage":[6,8,10,29,33,33,33,33,42,42,50,50,50,50,50,50,50,50,50,50],"damage_taken":[{"damage":0,"enemies":"2 Louse","floor":1,"turns":1},{"damage":0,"enemies":"Jaw Worm","floor":3,"turns":1},{"damage":0,"enemies":"Small Slimes","floor":5,"turns":1},{"damage":28,"enemies":"3 Sentries","floor":6,"turns":12},{"damage":4,"enemies":"Blue Slaver","floor":7,"turns":4},{"damage":17,"enemies":"Lagavulin","floor":8,"turns":6},{"damage":3,"enemies":"3 Sentries","floor":10,"turns":6},{"damage":0,"enemies":"3 Louse","floor":11,"turns":4},{"damage":0,"enemies":"Looter","floor":12,"turns":3},{"damage":8,"enemies":"Lagavulin","floor":13,"turns":3},{"damage":7,"enemies":"Hexaghost","floor":16,"turns":8},{"damage":0,"enemies":"Chosen","floor":18,"turns":1},{"damage":0,"enemies":"Spheric Guardian","floor":19,"turns":2},{"damage":9,"enemies":"Gremlin Leader","floor":24,"turns":8},{"damage":0,"enemies":"Slavers","floor":29,"turns":4},{"damage":6,"enemies":"Chosen and Byrds","floor":30,"turns":2},{"damage":0,"enemies":"Gremlin Leader","floor":31,"turns":5},{"damage":1,"enemies":"Collector","floor":33,"turns":5},{"damage":0,"enemies":"3 Darklings","floor":35,"turns":1},{"damage":11,"enemies":"Orb Walker","floor":37,"turns":2},{"damage":7,"enemies":"Writhing Mass","floor":39,"turns":4},{"damage":9,"enemies":"Nemesis","floor":40,"turns":7},{"damage":1,"enemies":"Giant Head","floor":42,"turns":5},{"damage":28,"enemies":"Nemesis","floor":45,"turns":9},{"damage":28,"enemies":"Transient","floor":48,"turns":5},{"damage":39,"enemies":"Awakened One","floor":50,"turns":7}],"seed_played":"9163268393694769133","potions_obtained":[{"floor":1,"key":"GamblersBrew"},{"floor":3,"key":"SteroidPotion"},{"floor":7,"key":"Explosive Potion"},{"floor":13,"key":"Swift Potion"},{"floor":16,"key":"LiquidMemories"},{"floor":24,"key":"Regen Potion"},{"floor":31,"key":"PowerPotion"},{"floor":33,"key":"EntropicBrew"},{"floor":37,"key":"SteroidPotion"},{"floor":45,"key":"Weak Potion"},{"floor":48,"key":"Strength Potion"}],"is_trial":false,"path_per_floor":["M","$","M","$","M","E","M","E","T","E","M","M","E","?","R","B",null,"M","M","$","?","?","R","E","R","T","$","?","E","M","E","R","B",null,"M","?","M","?","M","E","R","E","T","$","E","?","R","M","R","B",null],"character_chosen":"THE_SILENT","items_purchased":["Blade Dance","Panache","Accuracy","Blade Dance"],"campfire_rested":3,"item_purchase_floors":[2,20,20,20],"current_hp_per_floor":[63,63,63,63,63,35,31,14,14,11,11,11,3,26,26,19,57,57,57,57,57,57,57,55,55,55,55,55,55,49,49,49,62,73,73,73,62,62,55,46,73,72,72,72,44,34,70,42,73,34],"gold":13,"neow_bonus":"THREE_ENEMY_KILL","is_daily":false,"chose_seed":false,"campfire_upgraded":4,"win_rate":0.0,"timestamp":1607980325,"path_taken":["M","$","M","$","M","E","M","E","T","E","M","M","E","?","R","BOSS","M","M","$","?","?","R","E","R","T","$","?","E","M","E","R","BOSS","M","?","M","?","M","E","R","E","T","$","E","?","R","M","R","BOSS"],"items_purchased_type":["Card","Card","Card","Card"],"build_version":"2020-12-13","purchased_purges":1,"victory":true,"max_hp_per_floor":[70,70,70,70,70,70,70,70,70,70,70,70,70,70,70,70,70,70,70,70,70,70,70,77,77,77,77,77,77,77,77,77,77,77,77,77,77,73,73,73,73,73,73,73,73,73,73,73,73,73],"card_choices":[{"not_picked":["Expertise","Underhanded Strike"],"picked":"Cloak And Dagger","floor":1},{"not_picked":["Prepared","Dagger Spray"],"picked":"Flying Knee","floor":3},{"not_picked":["Caltrops","Quick Slash"],"picked":"PiercingWail","floor":5},{"not_picked":["Masterful Stab","Dagger Throw","Venomology"],"picked":"SKIP","floor":6},{"not_picked":["Dagger Spray","Poisoned Stab"],"picked":"Accuracy","floor":7},{"not_picked":["Reflex","Dodge and Roll","Dagger Throw"],"picked":"SKIP","floor":8},{"not_picked":["Reflex","Dagger Throw"],"picked":"Dodge and Roll","floor":8},{"not_picked":["Dagger Spray","Bane"],"picked":"Calculated Gamble","floor":10},{"not_picked":["Underhanded Strike","Sucker Punch"],"picked":"Prepared","floor":11},{"not_picked":["Predator","Flying Knee"],"picked":"Skewer","floor":11},{"not_picked":["Unload","Reflex"],"picked":"Blade Dance","floor":12},{"not_picked":["Outmaneuver","Predator"],"picked":"Blade Dance","floor":12},{"not_picked":["Concentrate","Predator","Bane"],"picked":"SKIP","floor":13},{"not_picked":["Die Die Die","Storm of Steel"],"picked":"Malaise","floor":16},{"not_picked":["Slice+1","Dagger Spray"],"picked":"Quick Slash","floor":18},{"not_picked":["Acrobatics","Skewer","Riddle With Holes"],"picked":"SKIP","floor":18},{"not_picked":["Poisoned Stab","Sucker Punch+1"],"picked":"Blur","floor":19},{"not_picked":["Poisoned Stab+1","Setup"],"picked":"Acrobatics","floor":19},{"not_picked":["Wraith Form v2","Flying Knee"],"picked":"Well Laid Plans+1","floor":24},{"not_picked":["Poisoned Stab","Dagger Spray"],"picked":"Blade Dance","floor":29},{"not_picked":["Escape Plan","Outmaneuver"],"picked":"Deflect+1","floor":30},{"not_picked":["Deadly Poison+1","Crippling Poison+1"],"picked":"Blur","floor":30},{"not_picked":["Sucker Punch+1","Poisoned Stab+1"],"picked":"Calculated Gamble","floor":31},{"not_picked":["Bullet Time","Malaise"],"picked":"Phantasmal Killer","floor":33},{"not_picked":["Underhanded Strike+1","Concentrate"],"picked":"PiercingWail+1","floor":35},{"not_picked":["Eviscerate","Dagger Throw"],"picked":"Backstab+1","floor":35},{"not_picked":["Endless Agony+1","Eviscerate+1"],"picked":"Cloak And Dagger","floor":37},{"not_picked":["PiercingWail","Catalyst+1"],"picked":"Dodge and Roll+1","floor":37},{"not_picked":["Bouncing Flask+1","Bane"],"picked":"Footwork","floor":39},{"not_picked":["Infinite Blades","Tools of the Trade"],"picked":"Dash","floor":39},{"not_picked":["Dagger Throw","Eviscerate"],"picked":"Acrobatics+1","floor":40},{"not_picked":["Sucker Punch+1","Flying Knee+1"],"picked":"Backflip+1","floor":42},{"not_picked":["Bane+1","Dodge and Roll","Concentrate+1"],"picked":"SKIP","floor":45},{"not_picked":["Magnetism","Chrysalis"],"picked":"Panache","floor":46},{"not_picked":["Sadistic Nature","Purity"],"picked":"Swift Strike+1","floor":46},{"not_picked":["Choke+1","Distraction+1"],"picked":"Footwork+1","floor":48},{"not_picked":["Bane+1","Dagger Throw+1"],"picked":"Dagger Spray+1","floor":48}],"player_experience":454103,"relics_obtained":[{"floor":6,"key":"Potion Belt"},{"floor":8,"key":"Bag of Marbles"},{"floor":9,"key":"Bottled Tornado"},{"floor":10,"key":"Prayer Wheel"},{"floor":13,"key":"Torii"},{"floor":24,"key":"Strawberry"},{"floor":26,"key":"Art of War"},{"floor":29,"key":"Regal Pillow"},{"floor":31,"key":"Gremlin Horn"},{"floor":40,"key":"War Paint"},{"floor":42,"key":"Molten Egg 2"},{"floor":43,"key":"Vajra"},{"floor":45,"key":"Shuriken"}],"event_choices":[{"damage_healed":23,"gold_gain":0,"player_choice":"Banana","damage_taken":0,"max_hp_gain":0,"max_hp_loss":0,"event_name":"Big Fish","floor":14,"gold_loss":0},{"damage_healed":0,"gold_gain":0,"player_choice":"Read","damage_taken":0,"max_hp_gain":0,"max_hp_loss":0,"event_name":"The Library","floor":21,"gold_loss":0,"cards_obtained":["Leg Sweep"]},{"damage_healed":0,"gold_gain":0,"player_choice":"Ignored","damage_taken":0,"max_hp_gain":0,"max_hp_loss":0,"event_name":"The Mausoleum","floor":22,"gold_loss":0},{"damage_healed":0,"gold_gain":0,"player_choice":"Ignored","damage_taken":0,"max_hp_gain":0,"max_hp_loss":0,"event_name":"Ghosts","floor":28,"gold_loss":0},{"cards_removed":["Strike_G"],"damage_healed":0,"gold_gain":0,"player_choice":"Removed Attack","damage_taken":0,"max_hp_gain":0,"max_hp_loss":0,"event_name":"Falling","floor":36,"gold_loss":0},{"damage_healed":0,"gold_gain":0,"player_choice":"Max HP","damage_taken":0,"max_hp_gain":0,"max_hp_loss":4,"event_name":"Winding Halls","floor":38,"gold_loss":0},{"damage_healed":0,"gold_gain":0,"player_choice":"Memory 3","damage_taken":10,"max_hp_gain":0,"max_hp_loss":0,"event_name":"SensoryStone","floor":46,"gold_loss":0}],"is_beta":false,"boss_relics":[{"not_picked":["Busted Crown","Runic Pyramid"],"picked":"Ectoplasm"},{"not_picked":["Velvet Choker","Coffee Dripper"],"picked":"HoveringKite"}],"items_purged_floors":[20],"is_endless":false,"potions_floor_spawned":[1,3,7,13,16,24,31,33,37,45,48],"ascension_level":8}}