{"host":"v9ordiuf4xzdpttp","time":1607921546,"event":{"mods":["AchievementEnabler","Act Like it!","AlwaysNeverKeys","Aspiration","BaseMod","Better Third Choice","Better Vampires","BetterRewards","Colored Map","Conspire","Dio Mod","Downfall","Energized Spire","Gold Saver","GungeonMod","Hubris","Infinite Spire","Marked Mod","Melee Mod","Minty Spire (QoL Compilation)","Pale of the Ancients","Remove Card Discount Mod","Replay The Spire","SOS???????","Shop Mod","Small Relic Pack","Spicy Shops","StSLib","The Bladedancer","The Bug Knight","The Construct","The Hayseed","The Runesmith","The Servant 0.9.4","The Wild Card","???Mod??????Boss","??????REMEMod"],"gold_per_floor":[403,463,44,101,101,101,200,200,200,306,306,306,359,405,405,21,21,337,337,398,398,453,508,488,500,500],"floor_reached":25,"playtime":1156,"items_purged":["REME_MusicOfDeath","FollowUp","Study","All For One","Tantrum","Adaptation"],"score":274,"play_id":"fb281dd5-2321-4850-911e-6e079814e7a1","local_time":"20201213235226","daily_mods":["Draft","DeadlyEvents","Elite Swarm","Midas"],"is_ascension_mode":true,"campfire_choices":[{"floor":6,"key":"REST"},{"floor":12,"key":"REST"},{"floor":17,"key":"REST"}],"circlet_count":0,"master_deck":["MarkedMod:FirstStrike","SandsOfTime","PathToVictory","MarkedMod:GracefulMovements+1","ThirdEye","MarkedMod:Acupuncture","TalkToTheHand","PathToVictory","Replay:Cycle","FlurryOfBlows","Prostrate","PathToVictory+1","Prostrate","Prostrate","MarkedMod:GracefulMovements","Ragnarok+1","MarkedMod:NorthStar+1","FearNoEvil","DeusExMachina","Replay:ManipulateFuture","WindmillStrike"],"relics":["Runesmith:BrokenRuby","REME_ComplimentaryCards","MerchantsRug","Frozen Eye","Replay:Bandana","Gremlin Food","hubris:DeckOfHolding","infinitespire:Cubic Diamond","Pondfish Scales","Guide Book","Ring of Chaos","hubris:Icosahedron"],"acts_visited":["Exordium","TheCity"],"potions_floor_usage":[10,23],"damage_taken":[{"damage":12,"enemies":"2 Louse","floor":1,"turns":2},{"damage":6,"enemies":"Jaw Worm","floor":2,"turns":3},{"damage":3,"enemies":"Small Slimes","floor":4,"turns":2},{"damage":17,"enemies":"3 Sentries","floor":7,"turns":5},{"damage":15,"enemies":"Gremlin Nob","floor":10,"turns":3},{"damage":6,"enemies":"Gremlin Gang","floor":13,"turns":4},{"damage":13,"enemies":"Exordium Thugs","floor":14,"turns":2},{"damage":0,"enemies":"The Guardian","floor":18,"turns":4},{"damage":15,"enemies":"3 Byrds","floor":20,"turns":3},{"damage":4,"enemies":"Shell Parasite","floor":22,"turns":3},{"damage":10,"enemies":"Centurion and Healer","floor":23,"turns":5},{"damage":48,"enemies":"Slavers","floor":25,"turns":2}],"seed_played":"-509977484592526448","potions_obtained":[{"floor":1,"key":"EssenceOfSteel"},{"floor":4,"key":"Ancient Potion"},{"floor":22,"key":"sneckomod:MuddlingPotion"},{"floor":24,"key":"construct:ShiftPotion"}],"is_trial":true,"path_per_floor":["M","M","$","M","?","R","E","PTL","PTL","E","T","R","M","M","?","$","R","B",null,"M","?","M","M","?","E"],"character_chosen":"WATCHER","items_purchased":["Prostrate","MarkedMod:GracefulMovements","MerchantsRug","Frozen Eye","Pondfish Scales","Guide Book"],"campfire_rested":3,"item_purchase_floors":[3,3,3,3,16,16],"current_hp_per_floor":[60,54,54,51,51,72,55,55,55,40,40,61,55,42,42,42,63,63,72,57,57,53,43,43,0,0],"gold":500,"neow_bonus":"","is_daily":false,"chose_seed":false,"campfire_upgraded":0,"win_rate":0.0,"timestamp":1607921546,"path_taken":["M","M","$","M","?","R","E","PTL","PTL","E","T","R","M","M","?","?","R","BOSS","M","?","?","M","?","E"],"items_purchased_type":["Card","Card","Relic","Relic","Relic","Relic"],"build_version":"2020-12-13","purchased_purges":6,"victory":false,"max_hp_per_floor":[72,72,72,72,72,72,72,72,72,72,72,72,72,72,72,72,72,72,72,72,72,72,72,72,72,72],"card_choices":[{"not_picked":["FlyingSleeves","Protect"],"picked":"REME_MusicOfDeath","floor":0},{"not_picked":["CrushJoints","JustLucky"],"picked":"Study","floor":0},{"not_picked":["SashWhip","Halt"],"picked":"MarkedMod:FirstStrike","floor":0},{"not_picked":["EmptyFist","Replay:AtTheReady"],"picked":"FollowUp","floor":0},{"not_picked":["CrushJoints","Evaluate"],"picked":"SandsOfTime","floor":0},{"not_picked":["Replay:AtTheReady","FollowUp"],"picked":"Adaptation","floor":0},{"not_picked":["Wallop","Replay:AtTheReady"],"picked":"PathToVictory","floor":0},{"not_picked":["ThirdEye","EmptyBody"],"picked":"MarkedMod:GracefulMovements","floor":0},{"not_picked":["ForeignInfluence","EmptyFist"],"picked":"ThirdEye","floor":0},{"not_picked":["MentalFortress","Evaluate"],"picked":"Tantrum","floor":0},{"not_picked":["CutThroughFate","FlurryOfBlows"],"picked":"MarkedMod:Acupuncture","floor":0},{"not_picked":["Protect","WaveOfTheHand"],"picked":"TalkToTheHand","floor":0},{"not_picked":["Tantrum","EmptyBody"],"picked":"PathToVictory","floor":0},{"not_picked":["REME_MusicOfDeath","Wireheading"],"picked":"Replay:Cycle","floor":0},{"not_picked":["Evaluate","ClearTheMind"],"picked":"FlurryOfBlows","floor":0},{"not_picked":["ForeignInfluence","FlurryOfBlows"],"picked":"Prostrate","floor":1},{"not_picked":["Collect","ThirdEye"],"picked":"PathToVictory","floor":2},{"not_picked":["Replay:BluntJabs","Replay:AtTheReady","Halt"],"picked":"SKIP","floor":4},{"not_picked":["DevaForm","REME_WorshipGod"],"picked":"Ragnarok","floor":7},{"not_picked":["Judgement","Establishment"],"picked":"MarkedMod:NorthStar","floor":10},{"not_picked":["Protect","Pray","Meditate"],"picked":"SKIP","floor":13},{"not_picked":["Replay:Battleflow","CutThroughFate"],"picked":"FearNoEvil","floor":14},{"not_picked":["Replay:LoomingThreat","REME_WorshipGod"],"picked":"DeusExMachina","floor":18},{"not_picked":["MentalFortress","EmptyFist"],"picked":"Replay:ManipulateFuture","floor":20},{"not_picked":["Pray","FearNoEvil+1","REME_Repentance"],"picked":"SKIP","floor":22},{"not_picked":["JustLucky","MarkedMod:FirstStrike"],"picked":"WindmillStrike","floor":23}],"player_experience":186882,"relics_obtained":[{"floor":7,"key":"Replay:Bandana"},{"floor":10,"key":"Gremlin Food"},{"floor":11,"key":"hubris:DeckOfHolding"}],"event_choices":[{"damage_healed":0,"gold_gain":0,"player_choice":"Leave","damage_taken":0,"max_hp_gain":0,"max_hp_loss":0,"event_name":"conspire:Investor","floor":5,"gold_loss":0},{"damage_healed":0,"gold_gain":0,"player_choice":"Bought 1 Potion","damage_taken":0,"max_hp_gain":0,"max_hp_loss":0,"event_name":"The Woman in Blue","floor":24,"gold_loss":0}],"is_beta":false,"boss_relics":[{"not_picked":["Snecko Eye","hubris:TerracottaHorce"],"picked":"Ring of Chaos"}],"items_purged_floors":[3,3,3,3,3,3],"is_endless":false,"potions_floor_spawned":[1,4,22],"killed_by":"Slavers","ascension_level":1}}