{"host":"npubv26u89aif4fa","time":1607927558,"event":{"mods":["Bard","BaseMod","Better Vampires","Colored Powertips","GifTheSpireLib","GungeonMod","Hubris","Luminous","Marisa£®ÏF”Í°°ƒß¿Ì…≥£©","Minty Spire (QoL Compilation)","Reimu£®≤©¿ˆ¡È√Œ£©","Remilia£®¿Ÿ√◊¿Ú—«£©","Replay The Spire","StSLib","Td1madao Mod","The Bug Knight","The Cursed","The Hierophant","The Runesmith","Youmu£®ªÍ∆«—˝√Œ£©"],"gold_per_floor":[119,131,131,145,145,176,176,176,176],"floor_reached":8,"playtime":527,"items_purged":[],"score":56,"play_id":"5848ddb2-89d6-4bf6-9d14-317db39f1fc9","local_time":"20201214143238","is_ascension_mode":false,"campfire_choices":[{"floor":7.0,"key":"REST"}],"circlet_count":0,"master_deck":["Strike_P","Strike_P","Strike_P","Strike_P","Defend_P","Defend_P","Defend_P","Defend_P","Vigilance","Replay:Cycle","PathToVictory+1","LessonLearned"],"relics":["PureWater","Oddly Smooth Stone"],"acts_visited":["Exordium"],"potions_floor_usage":[8],"damage_taken":[{"damage":18.0,"enemies":"Jaw Worm","floor":1.0,"turns":4.0},{"damage":0.0,"enemies":"Small Slimes","floor":2.0,"turns":3.0},{"damage":0.0,"enemies":"Cultist","floor":4.0,"turns":2.0},{"damage":60.0,"enemies":"3 Sentries","floor":6.0,"turns":21.0},{"damage":32,"enemies":"Lagavulin","floor":8,"turns":6}],"seed_played":"-5453858229494392085","potions_obtained":[{"floor":1.0,"key":"FearPotion"},{"floor":4.0,"key":"BlessingOfTheForge"}],"is_trial":false,"path_per_floor":["M","M","?","M","?","E","R","E"],"character_chosen":"WATCHER","items_purchased":[],"campfire_rested":1,"item_purchase_floors":[],"current_hp_per_floor":[61,61,61,61,61,1,24,0,0],"gold":176,"neow_bonus":"TEN_PERCENT_HP_BONUS","is_daily":false,"chose_seed":false,"campfire_upgraded":0,"win_rate":0.0,"timestamp":1607927558,"path_taken":["M","M","?","M","?","E","R","E"],"items_purchased_type":[],"build_version":"2020-12-13","purchased_purges":0,"victory":false,"max_hp_per_floor":[79,79,79,79,79,79,79,79,79],"card_choices":[{"not_picked":["FlyingSleeves","PathToVictory"],"picked":"Replay:Cycle","floor":1.0},{"not_picked":["Replay:BluntJabs","WheelKick","PathToVictory"],"picked":"SKIP","floor":2.0},{"not_picked":["Replay:BluntJabs","WheelKick"],"picked":"PathToVictory","floor":2.0},{"not_picked":["Replay:BluntJabs","FlyingSleeves","EmptyBody"],"picked":"SKIP","floor":4.0},{"not_picked":["Replay:ManipulateFuture","CutThroughFate"],"picked":"LessonLearned","floor":6.0}],"player_experience":62096,"relics_obtained":[{"floor":6.0,"key":"Oddly Smooth Stone"}],"event_choices":[{"damage_healed":0.0,"max_hp_gain":0.0,"max_hp_loss":0.0,"gold_gain":0.0,"event_name":"Living Wall","player_choice":"Grow","floor":3.0,"gold_loss":0.0,"damage_taken":0.0,"cards_upgraded":["PathToVictory"]},{"cards_removed":["Eruption"],"damage_healed":0.0,"max_hp_gain":0.0,"max_hp_loss":0.0,"gold_gain":0.0,"event_name":"Bonfire Elementals","player_choice":"Offered Basic","floor":5.0,"gold_loss":0.0,"damage_taken":0.0}],"is_beta":false,"boss_relics":[],"items_purged_floors":[],"is_endless":false,"potions_floor_spawned":[1,4],"killed_by":"Lagavulin","ascension_level":0}}