{"host":"ctlqibkg0sskiu65","time":1607936430,"event":{"mods":["2.2 Compatiblity","AchievementEnabler","Aspiration","BaseMod","BetterRewards","Colored Map","Colored Powertips","Conspire","Fiend Mod","Infinite Spire","Minty Spire (QoL Compilation)","Quick Restart","Replay The Spire","Shop Mod","StSLib","The Bladedancer","The Cursed","The Hierophant","The Jungle","The Kombatant","The Servant 0.9.4","TheBandit"],"gold_per_floor":[114,114,127,4,4,32,50,50,50,64,82,110,110,122,122,122,122],"floor_reached":16,"playtime":878,"items_purged":["Strike_G"],"score":215,"play_id":"d320a0a6-76d2-4735-a14b-b3b7f0c612ea","local_time":"20201214030030","is_ascension_mode":true,"campfire_choices":[{"floor":13,"key":"REST"},{"data":"Shame","floor":15,"key":"PURGE"}],"circlet_count":0,"master_deck":["Strike_G","Strike_G","Strike_G","Strike_G","Defend_G","Defend_G","Defend_G","Defend_G","Defend_G","Neutralize","Prepared","PiercingWail","conspire:DoublingDagger","Endless Agony","Endless Agony","Skewer+1","conspire:PoisonWeapons","Bane","Endless Agony","Deflect","Toxin Wave","Blade Dance"],"relics":["Ring of the Snake","CaptainsWheel","Blue Doll","The Specimen","Garlic","aspiration:TomeofQuesting"],"acts_visited":["Exordium"],"potions_floor_usage":[12,12],"damage_taken":[{"damage":0,"enemies":"Cultist","floor":1,"turns":4},{"damage":0,"enemies":"conspire:RoseBush","floor":3,"turns":4},{"damage":24,"enemies":"Lagavulin","floor":6,"turns":7},{"damage":0,"enemies":"Jaw Worm","floor":7,"turns":4},{"damage":7,"enemies":"Looter","floor":10,"turns":3},{"damage":0,"enemies":"Exordium Wildlife","floor":11,"turns":3},{"damage":0,"enemies":"Gremlin Nob","floor":12,"turns":1},{"damage":4,"enemies":"Gremlin Gang","floor":14,"turns":5},{"damage":63,"enemies":"Slime Boss","floor":16,"turns":8}],"seed_played":"-5044283985189444025","potions_obtained":[{"floor":6,"key":"AttackPotion"},{"floor":7,"key":"Strength Potion"},{"floor":10,"key":"Dexterity Potion"}],"is_trial":false,"path_per_floor":["M","?","M","$","?","E","M","?","T","M","M","E","R","M","R_BF","B"],"character_chosen":"THE_SILENT","items_purchased":["Blue Doll","Prepared","Endless Agony"],"campfire_rested":1,"item_purchase_floors":[0,0,4],"current_hp_per_floor":[70,70,70,70,70,46,46,46,46,39,39,39,60,56,56,0,0],"gold":122,"neow_bonus":"","is_daily":false,"chose_seed":false,"campfire_upgraded":0,"win_rate":0.0,"timestamp":1607936430,"path_taken":["M","?","?","$","?","E","M","?","T","M","M","E","R","M","R_BF","BOSS"],"items_purchased_type":["Relic","Card","Card"],"build_version":"2020-12-13","purchased_purges":1,"victory":false,"max_hp_per_floor":[70,70,70,70,70,70,70,70,70,70,70,70,70,70,70,70,70],"card_choices":[{"not_picked":["Heel Hook","Underhanded Strike"],"picked":"PiercingWail","floor":1},{"not_picked":["Bane","PiercingWail","Eviscerate"],"picked":"SKIP","floor":3},{"not_picked":["Bane","Bullet Time"],"picked":"conspire:PoisonWeapons","floor":6},{"not_picked":["conspire:DoublingDagger","Outmaneuver"],"picked":"Bane","floor":7},{"not_picked":["ReplayTheSpireMod:Tripwire","PiercingWail"],"picked":"Endless Agony","floor":10},{"not_picked":["Acrobatics","Outmaneuver"],"picked":"Deflect","floor":11},{"not_picked":["Cloak And Dagger","Draining Mist"],"picked":"Toxin Wave","floor":12},{"not_picked":["Hidden Blade","Heel Hook"],"picked":"Blade Dance","floor":14}],"player_experience":120591,"relics_obtained":[{"floor":6,"key":"The Specimen"},{"floor":9,"key":"Garlic"},{"floor":12,"key":"aspiration:TomeofQuesting"}],"event_choices":[{"damage_healed":0,"gold_gain":0,"player_choice":"2 cards matched","damage_taken":0,"max_hp_gain":0,"max_hp_loss":0,"event_name":"Match and Keep!","floor":2,"gold_loss":0,"cards_obtained":["ReplayTheSpireMod:Doomed","conspire:DoublingDagger"]},{"damage_healed":0,"gold_gain":0,"cards_transformed":["ReplayTheSpireMod:Doomed"],"player_choice":"Transformed","damage_taken":0,"max_hp_gain":0,"max_hp_loss":0,"event_name":"Transmorgrifier","floor":8,"gold_loss":0,"cards_obtained":["Shame"]}],"is_beta":false,"boss_relics":[],"items_purged_floors":[4],"is_endless":false,"potions_floor_spawned":[6,7,10],"killed_by":"Slime Boss","ascension_level":3}}