{"host":"72lt20yb89m1ezcj","time":1607931304,"event":{"mods":["2.2 Compatiblity","AchievementEnabler","AlwaysNeverKeys","BaseMod","Better Note","BetterRewards","Block Reminder","Colored Powertips","Highlight Path","Minty Spire (QoL Compilation)","Rare Cards Sparkle","Reorder Act Four","StSLib","everything is the same but u backflip on backflip","slay the spire mod where everything is the same but ironclad has a cowboy hat"],"gold_per_floor":[117,132,132,232,243,254,254,254,281,52,52,79,96,131,131,226,276,292,307,323,28,28,62,62,161,161,179,179,179,211,230,230,335,335,353,353,0,10,29,29,29,29,29,67,94,115,124,124,124],"floor_reached":48,"playtime":5249,"items_purged":[],"score":560,"play_id":"1dcd38ef-ad21-4000-948b-58e8369fb880","local_time":"20201214013504","is_ascension_mode":false,"campfire_choices":[{"floor":8.0,"key":"REST"},{"floor":11.0,"key":"RECALL"},{"floor":15.0,"key":"REST"},{"floor":24.0,"key":"REST"},{"floor":29.0,"key":"REST"},{"floor":32,"key":"REST"},{"floor":40,"key":"REST"},{"floor":42,"key":"REST"},{"floor":47,"key":"REST"}],"circlet_count":0,"master_deck":["Strike_B","Strike_B","Strike_B","Strike_B","Defend_B","Defend_B+1","Defend_B","Defend_B","Zap+1","Dualcast","Conserve Battery+1","Ball Lightning","Doom and Gloom","Scrape","Leap","Conserve Battery","Cold Snap","Leap","Defragment","Seek+1","Go for the Eyes","Steam+1","Rebound+1","Ball Lightning+1","Go for the Eyes","Reprogram+1","Beam Cell+1","Undo+1","Creative AI+1","Buffer+1","CurseOfTheBell","Beam Cell","Beam Cell+1","Stack+1","Go for the Eyes+1","Heatsinks+1","Machine Learning+1","Beam Cell+1","Self Repair+1","Rip and Tear+1"],"relics":["Cracked Core","Orichalcum","DataDisk","Potion Belt","Ornamental Fan","Tiny House","Incense Burner","Frozen Egg 2","Mercury Hourglass","Dream Catcher","Calling Bell","War Paint","Darkstone Periapt","StoneCalendar","Red Mask","Symbiotic Virus","Turnip","CeramicFish"],"acts_visited":["Exordium","TheCity","TheBeyond"],"potions_floor_usage":[],"damage_taken":[{"damage":17.0,"enemies":"Small Slimes","floor":1.0,"turns":3.0},{"damage":1.0,"enemies":"Cultist","floor":2.0,"turns":3.0},{"damage":6.0,"enemies":"2 Louse","floor":5.0,"turns":3.0},{"damage":18.0,"enemies":"Exordium Wildlife","floor":6.0,"turns":4.0},{"damage":5.0,"enemies":"3 Sentries","floor":12.0,"turns":4.0},{"damage":0.0,"enemies":"2 Fungi Beasts","floor":13.0,"turns":3.0},{"damage":8.0,"enemies":"Gremlin Nob","floor":14.0,"turns":4.0},{"damage":34.0,"enemies":"Hexaghost","floor":16.0,"turns":10.0},{"damage":11.0,"enemies":"Spheric Guardian","floor":18.0,"turns":5.0},{"damage":8.0,"enemies":"Shell Parasite","floor":19.0,"turns":6.0},{"damage":2.0,"enemies":"Sentry and Sphere","floor":20.0,"turns":5.0},{"damage":45.0,"enemies":"Slavers","floor":23.0,"turns":6.0},{"damage":4.0,"enemies":"Centurion and Healer","floor":27.0,"turns":7.0},{"damage":17.0,"enemies":"Gremlin Leader","floor":30.0,"turns":6.0},{"damage":3,"enemies":"Shelled Parasite and Fungi","floor":31,"turns":5},{"damage":25,"enemies":"Champ","floor":33,"turns":14},{"damage":1,"enemies":"Orb Walker","floor":35,"turns":4},{"damage":26,"enemies":"3 Darklings","floor":38,"turns":6},{"damage":24,"enemies":"Writhing Mass","floor":39,"turns":6},{"damage":37,"enemies":"Reptomancer","floor":44,"turns":8},{"damage":17,"enemies":"Maw","floor":45,"turns":7},{"damage":0,"enemies":"Spire Growth","floor":46,"turns":4}],"seed_played":"-8468481437981107705","potions_obtained":[{"floor":5.0,"key":"SneckoOil"},{"floor":14.0,"key":"FearPotion"},{"floor":16.0,"key":"CultistPotion"},{"floor":17.0,"key":"Weak Potion"},{"floor":23.0,"key":"Fire Potion"},{"floor":44,"key":"ColorlessPotion"}],"is_trial":false,"path_per_floor":["M","M","?","?","M","M","?","R","T","$","R","E","M","E","R","B",null,"M","M","M","$","?","E","R","?","T","M","T","R","E","M","R","B",null,"M","?","?","M","M","R","?","R","T","E","M","M","R","M"],"character_chosen":"DEFECT","items_purchased":["DataDisk","Leap","Conserve Battery","Incense Burner"],"campfire_rested":8,"item_purchase_floors":[10,10,10,21],"current_hp_per_floor":[65,64,64,64,58,40,40,64,64,64,64,59,59,51,75,41,87,76,68,66,66,66,21,47,47,47,43,43,69,52,49,75,50,87,86,83,83,57,33,57,57,81,81,44,27,27,51,0,0],"gold":124,"neow_bonus":"TEN_PERCENT_HP_BONUS","is_daily":false,"chose_seed":false,"campfire_upgraded":0,"win_rate":0.0,"timestamp":1607931304,"path_taken":["M","M","?","?","?","M","?","R","T","$","R","E","M","E","R","BOSS","M","M","M","$","?","E","R","?","T","M","?","R","E","M","R","BOSS","M","?","?","M","M","R","?","R","T","E","M","M","R","M"],"items_purchased_type":["Relic","Card","Card","Relic"],"build_version":"2020-12-13","purchased_purges":0,"victory":false,"max_hp_per_floor":[82,82,82,82,82,82,82,82,82,82,82,82,82,82,82,82,87,87,87,87,87,87,87,87,87,87,87,87,87,87,87,87,87,87,87,83,83,83,83,83,83,83,83,83,83,83,83,83,83],"card_choices":[{"not_picked":["Steam","Scrape"],"picked":"Conserve Battery","floor":1.0},{"not_picked":["Barrage","Sweeping Beam"],"picked":"Ball Lightning","floor":2.0},{"not_picked":["Compile Driver","Go for the Eyes"],"picked":"Doom and Gloom","floor":5.0},{"not_picked":["Self Repair","Chill"],"picked":"Scrape","floor":6.0},{"not_picked":["Multi-Cast","Aggregate"],"picked":"Cold Snap","floor":12.0},{"not_picked":["Barrage","BootSequence"],"picked":"Leap","floor":13.0},{"not_picked":["Redo","Force Field"],"picked":"Defragment","floor":14.0},{"not_picked":["Hyperbeam","Thunder Strike"],"picked":"Seek","floor":16.0},{"not_picked":["Sweeping Beam","Conserve Battery"],"picked":"Go for the Eyes","floor":17.0},{"not_picked":["Blizzard","Rip and Tear"],"picked":"Steam+1","floor":18.0},{"not_picked":["Hologram","Turbo"],"picked":"Rebound+1","floor":19.0},{"not_picked":["Sweeping Beam+1","Self Repair"],"picked":"Ball Lightning+1","floor":20.0},{"not_picked":["Hologram","Cold Snap"],"picked":"Go for the Eyes","floor":23.0},{"not_picked":["Sweeping Beam","Heatsinks+1"],"picked":"Reprogram+1","floor":27.0},{"not_picked":["Gash","Recycle"],"picked":"Beam Cell+1","floor":30.0},{"not_picked":["Redo","Storm+1"],"picked":"Undo+1","floor":31},{"not_picked":["Hello World+1","Rebound+1"],"picked":"Creative AI+1","floor":32},{"not_picked":["Multi-Cast","Core Surge"],"picked":"Buffer+1","floor":33},{"not_picked":["Ball Lightning","Hologram"],"picked":"Beam Cell","floor":35},{"not_picked":["Turbo","Heatsinks+1"],"picked":"Beam Cell+1","floor":38},{"not_picked":["Gash","Streamline"],"picked":"Stack+1","floor":39},{"not_picked":["Reprogram","Double Energy"],"picked":"Go for the Eyes+1","floor":40},{"not_picked":["All For One","Gash"],"picked":"Heatsinks+1","floor":42},{"not_picked":["Thunder Strike","Steam"],"picked":"Machine Learning+1","floor":44},{"not_picked":["Turbo","Chill+1"],"picked":"Beam Cell+1","floor":45},{"not_picked":["Beam Cell+1","Ball Lightning+1"],"picked":"Self Repair+1","floor":46},{"not_picked":["Rebound","Leap"],"picked":"Rip and Tear+1","floor":47}],"player_experience":733129,"relics_obtained":[{"floor":9.0,"key":"Orichalcum"},{"floor":12.0,"key":"Potion Belt"},{"floor":14.0,"key":"Ornamental Fan"},{"floor":23.0,"key":"Frozen Egg 2"},{"floor":28.0,"key":"Mercury Hourglass"},{"floor":30.0,"key":"Dream Catcher"},{"floor":34,"key":"War Paint"},{"floor":34,"key":"Darkstone Periapt"},{"floor":34,"key":"StoneCalendar"},{"floor":43,"key":"Turnip"},{"floor":44,"key":"CeramicFish"}],"event_choices":[{"damage_healed":0.0,"max_hp_gain":0.0,"max_hp_loss":0.0,"gold_gain":0.0,"event_name":"Golden Wing","player_choice":"Ignored","floor":3.0,"gold_loss":0.0,"damage_taken":0.0},{"damage_healed":0.0,"max_hp_gain":0.0,"max_hp_loss":0.0,"gold_gain":100.0,"event_name":"Golden Shrine","player_choice":"Pray","floor":4.0,"gold_loss":0.0,"damage_taken":0.0},{"damage_healed":0.0,"max_hp_gain":0.0,"max_hp_loss":0.0,"gold_gain":0.0,"event_name":"Living Wall","player_choice":"Grow","floor":7.0,"gold_loss":0.0,"damage_taken":0.0,"cards_upgraded":["Zap"]},{"damage_healed":0.0,"max_hp_gain":0.0,"max_hp_loss":0.0,"gold_gain":0.0,"event_name":"betterNote:BetterNote","player_choice":"Ignored","floor":22.0,"gold_loss":0.0,"damage_taken":0.0,"cards_obtained":["Shockwave"]},{"damage_healed":0.0,"max_hp_gain":0.0,"max_hp_loss":0.0,"gold_gain":99.0,"event_name":"Nest","player_choice":"Stole From Cult","floor":25.0,"gold_loss":0.0,"damage_taken":0.0},{"damage_healed":0,"gold_gain":0,"player_choice":"Max HP","damage_taken":0,"max_hp_gain":0,"max_hp_loss":4,"event_name":"Winding Halls","floor":36,"gold_loss":0},{"damage_healed":0,"gold_gain":0,"player_choice":"Paid","damage_taken":0,"relics_obtained":["Red Mask"],"max_hp_gain":0,"max_hp_loss":0,"event_name":"Tomb of Lord Red Mask","floor":37,"gold_loss":353},{"damage_healed":0,"gold_gain":0,"player_choice":"Gave Potion","damage_taken":0,"relics_obtained":["Symbiotic Virus"],"max_hp_gain":0,"max_hp_loss":0,"event_name":"WeMeetAgain","floor":41,"gold_loss":0}],"is_beta":false,"boss_relics":[{"not_picked":["Coffee Dripper","Empty Cage"],"picked":"Tiny House"},{"not_picked":["Inserter","Astrolabe"],"picked":"Calling Bell"}],"items_purged_floors":[],"is_endless":false,"potions_floor_spawned":[5,14,16,23,27,38,44],"killed_by":"4 Shapes","ascension_level":0}}