{"host":"rylkjufw9dlhr07b","time":1607938719,"event":{"mods":["AchievementEnabler","BaseMod","Better Note","BetterRewards","Hubris","Minty Spire (QoL Compilation)","Quick Restart","Replay The Spire","StSLib"],"gold_per_floor":[113,113,8,8,19,19,48,48,130,49,0,16,16,30,30,134,134,147,147,347,347,361,387,387,418,418,418,436,115,135,135,234,234,252,271,24,24,37,54,85,110,170,196,237,276,288,315,327,339],"floor_reached":51,"playtime":2878,"items_purged":[],"score":1533,"play_id":"53596b39-ca4f-497f-8ef5-a9ce5cb5db2a","local_time":"20201214103839","is_ascension_mode":true,"campfire_choices":[{"floor":6.0,"key":"REST"},{"data":"Fluid Movement","floor":15.0,"key":"SMITH"},{"floor":24.0,"key":"REST"},{"floor":32.0,"key":"REST"},{"data":"Fluid Movement","floor":49,"key":"SMITH"}],"circlet_count":0,"master_deck":["Strike_G","Strike_G","Defend_G","Defend_G","Defend_G","Defend_G","Defend_G","Survivor","Neutralize","Flash of Steel","Footwork+1","Hidden Blade","Hidden Blade","Fluid Movement+1","Poisoned Stab+1","Blade Dance","Slice","Bane+1","Cloak And Dagger","Bane","Quick Slash","Dagger Throw","Adrenaline+1","CurseOfTheBell","Deadly Poison","PiercingWail","Envenom+1","Predator","Footwork+1","Slice+1","Finesse","Backflip","Fluid Movement+1","Backflip","Grand Finale","Slice+1","Dagger Spray+1","Blade Dance+1","Poisoned Stab+1","Backflip+1","hubris:Sniper","Parasite","Slice","ReplayTheSpireMod:Splinters","Adrenaline","Dodge and Roll+1","Blade Dance+1","Replay:Bag of Tricks"],"relics":["Ring of the Snake","hubris:OldNail","Replay:Ringing Soul","Strawberry","Regal Pillow","Mercury Hourglass","Blue Candle","FaceOfCleric","Calling Bell","Oddly Smooth Stone","Garlic","Replay:PocketPolymizer","Orichalcum","Nloth\u0027s Gift","hubris:Teleporter","Snack Pack","Kunai","Toy Ornithopter","Painkiller Herb","Shuriken","MawBank","Boot","Ice Cream"],"acts_visited":["Exordium","TheCity","TheBeyond"],"potions_floor_usage":[46,50,50],"damage_taken":[{"damage":0.0,"enemies":"2 Louse","floor":1.0,"turns":3.0},{"damage":0.0,"enemies":"Cultist","floor":5.0,"turns":3.0},{"damage":16.0,"enemies":"3 Sentries","floor":7.0,"turns":8.0},{"damage":0.0,"enemies":"Small Slimes","floor":12.0,"turns":2.0},{"damage":4.0,"enemies":"Exordium Wildlife","floor":14.0,"turns":4.0},{"damage":0.0,"enemies":"Slime Boss","floor":16.0,"turns":5.0},{"damage":20.0,"enemies":"Spheric Guardian","floor":18.0,"turns":4.0},{"damage":13.0,"enemies":"2 Thieves","floor":22.0,"turns":4.0},{"damage":39.0,"enemies":"Book of Stabbing","floor":23.0,"turns":6.0},{"damage":77.0,"enemies":"Gremlin Leader","floor":25.0,"turns":11.0},{"damage":11.0,"enemies":"Sentry and Sphere","floor":28.0,"turns":9.0},{"damage":0.0,"enemies":"Snecko","floor":30.0,"turns":4.0},{"damage":31.0,"enemies":"Automaton","floor":33.0,"turns":16.0},{"damage":0.0,"enemies":"3 Shapes","floor":35.0,"turns":6.0},{"damage":11.0,"enemies":"Orb Walker","floor":36.0,"turns":5.0},{"damage":5.0,"enemies":"Transient","floor":39.0,"turns":5.0},{"damage":30.0,"enemies":"Spire Growth","floor":40.0,"turns":6.0},{"damage":0.0,"enemies":"Nemesis","floor":41.0,"turns":7.0},{"damage":3.0,"enemies":"4 Shapes","floor":42.0,"turns":5.0},{"damage":1,"enemies":"Writhing Mass","floor":44,"turns":7},{"damage":24,"enemies":"Reptomancer","floor":46,"turns":4},{"damage":10,"enemies":"3 Darklings","floor":48,"turns":3},{"damage":44,"enemies":"hubris:GrandSnecko","floor":50,"turns":10}],"seed_played":"-6200200178108470515","potions_obtained":[{"floor":5.0,"key":"Block Potion"},{"floor":7.0,"key":"Toxic Potion"},{"floor":14.0,"key":"EntropicBrew"},{"floor":23.0,"key":"Dexterity Potion"},{"floor":28.0,"key":"Elixir"},{"floor":39.0,"key":"GhostInAJar"},{"floor":40.0,"key":"AttackPotion"},{"floor":42.0,"key":"Cursed Concoction"}],"is_trial":false,"path_per_floor":["M","?","$","?","M","R","E","?","T","$","$","M","?","M","R","B",null,"M","T","?","?","M","E","R","E","T","?","M","$","M","R","B",null,"?","?","T","NS","?","?","E","?","T","?","?","E","?","?","T","B",null],"character_chosen":"THE_SILENT","items_purchased":["hubris:OldNail","Replay:Ringing Soul","Flash of Steel","Footwork","Regal Pillow","Hidden Blade","Fluid Movement","Poisoned Stab+1","Bane+1","Cloak And Dagger","Bane","Toy Ornithopter","Finesse","Adrenaline Potion","Backflip","Shuriken"],"campfire_rested":3,"item_purchase_floors":[0,0,0,0,0,0,3,3,10,10,11,29,29,29,29,37],"current_hp_per_floor":[39,39,42,42,45,86,73,92,92,95,98,101,101,101,101,105,111,95,95,95,95,86,51,107,34,34,28,29,32,42,103,108,139,147,144,144,144,155,139,157,164,164,177,180,166,166,166,169,166],"gold":351,"neow_bonus":"","is_daily":false,"chose_seed":false,"campfire_upgraded":2,"win_rate":0.0,"timestamp":1607938719,"path_taken":["M","?","?","?","?","R","E","?","T","?","$","M","?","M","R","BOSS","M","?","?","?","M","E","R","E","T","?","M","?","?","R","BOSS","?","?","T","NS","?","?","E","?","T","?","?","E","?","?","T","BOSS"],"items_purchased_type":["Relic","Relic","Card","Card","Relic","Card","Card","Card","Card","Card","Card","Relic","Card","Potion","Card","Relic"],"build_version":"2020-12-13","purchased_purges":0,"victory":true,"max_hp_per_floor":[83,83,86,86,89,89,92,92,92,95,98,101,101,105,105,109,112,116,116,116,116,120,124,127,131,131,131,135,138,142,145,149,149,153,157,157,157,161,165,169,173,173,177,180,184,184,188,191,192],"card_choices":[{"not_picked":["Endless Agony","Caltrops"],"picked":"Hidden Blade","floor":1.0},{"not_picked":["Dagger Spray","Calculated Gamble"],"picked":"Blade Dance","floor":5.0},{"not_picked":["Glass Knife","Dagger Spray"],"picked":"Slice","floor":7.0},{"not_picked":["hubris:Sniper","hubris:SlightOfHand"],"picked":"Quick Slash","floor":12.0},{"not_picked":["Deflect","Hidden Blade"],"picked":"Dagger Throw","floor":14.0},{"not_picked":["Bullet Time","Phantasmal Killer"],"picked":"Adrenaline","floor":16.0},{"not_picked":["Deflect","Blade Dance"],"picked":"Deadly Poison","floor":18.0},{"not_picked":["hubris:Counter","Underhanded Strike"],"picked":"PiercingWail","floor":22.0},{"not_picked":["Bouncing Flask","Sneak Up"],"picked":"Envenom","floor":23.0},{"not_picked":["Prepared","Draining Mist+1"],"picked":"Footwork+1","floor":25.0},{"not_picked":["hubris:Counter","Acrobatics"],"picked":"Slice+1","floor":28.0},{"not_picked":["Outmaneuver","Setup"],"picked":"Fluid Movement","floor":30.0},{"not_picked":["Atom Bomb","Night Terror"],"picked":"Grand Finale","floor":33.0},{"not_picked":["Backflip+1","Underhanded Strike"],"picked":"Slice+1","floor":35.0},{"not_picked":["Outmaneuver+1","Expertise"],"picked":"Dagger Spray+1","floor":36.0},{"not_picked":["Crippling Poison","Masterful Stab"],"picked":"Blade Dance+1","floor":39.0},{"not_picked":["Eviscerate+1","PiercingWail"],"picked":"Poisoned Stab+1","floor":40.0},{"not_picked":["ReplayTheSpireMod:Speed Training","Unload"],"picked":"Backflip+1","floor":41.0},{"not_picked":["Setup+1","Backflip"],"picked":"hubris:Sniper","floor":42.0},{"not_picked":["ReplayTheSpireMod:Speed Training","Dagger Spray"],"picked":"Slice","floor":44},{"not_picked":["Tactician","Slice"],"picked":"Adrenaline","floor":45},{"not_picked":["Masterful Stab","Heel Hook"],"picked":"Dodge and Roll+1","floor":46},{"not_picked":["Backflip","Poisoned Stab"],"picked":"Blade Dance+1","floor":48}],"player_experience":476003,"relics_obtained":[{"floor":7.0,"key":"Mercury Hourglass"},{"floor":9.0,"key":"Blue Candle"},{"floor":17.0,"key":"Oddly Smooth Stone"},{"floor":17.0,"key":"Garlic"},{"floor":17.0,"key":"Replay:PocketPolymizer"},{"floor":19.0,"key":"Orichalcum"},{"floor":23.0,"key":"hubris:Teleporter"},{"floor":25.0,"key":"Snack Pack"},{"floor":26.0,"key":"Kunai"},{"floor":41.0,"key":"MawBank"},{"floor":43.0,"key":"Boot"},{"floor":46,"key":"Ice Cream"}],"event_choices":[{"damage_healed":0.0,"max_hp_gain":0.0,"max_hp_loss":0.0,"gold_gain":0.0,"event_name":"Upgrade Shrine","player_choice":"Upgraded","floor":2.0,"gold_loss":0.0,"damage_taken":0.0,"cards_upgraded":["Footwork"]},{"damage_healed":0.0,"max_hp_gain":0.0,"max_hp_loss":0.0,"gold_gain":0.0,"event_name":"Golden Wing","player_choice":"Ignored","floor":4.0,"gold_loss":0.0,"damage_taken":0.0},{"damage_healed":19.0,"max_hp_gain":0.0,"max_hp_loss":0.0,"gold_gain":0.0,"event_name":"Wheel of Change","player_choice":"Full Heal","floor":8.0,"gold_loss":0.0,"damage_taken":0.0},{"damage_healed":0.0,"max_hp_gain":0.0,"max_hp_loss":0.0,"gold_gain":0.0,"event_name":"FaceTrader","player_choice":"Trade","floor":13.0,"gold_loss":0.0,"damage_taken":0.0,"relics_obtained":["FaceOfCleric"]},{"damage_healed":0.0,"max_hp_gain":0.0,"max_hp_loss":0.0,"gold_gain":250.0,"event_name":"The Joust","player_choice":"Bet on Owner","floor":20.0,"gold_loss":50.0,"damage_taken":0.0},{"damage_healed":0.0,"max_hp_gain":0.0,"max_hp_loss":0.0,"gold_gain":0.0,"event_name":"N\u0027loth","player_choice":"Traded Relic","floor":21.0,"relics_lost":["Peace Pipe"],"gold_loss":0.0,"damage_taken":0.0,"relics_obtained":["Nloth\u0027s Gift"]},{"damage_healed":0.0,"max_hp_gain":0.0,"max_hp_loss":0.0,"gold_gain":0.0,"event_name":"Knowing Skull","player_choice":"","floor":27.0,"potions_obtained":[],"gold_loss":0.0,"damage_taken":6.0,"cards_obtained":[]}],"is_beta":false,"boss_relics":[{"not_picked":["SacredBark","Velvet Choker"],"picked":"Calling Bell"},{"not_picked":["Pandora\u0027s Box","Snecko Scales"],"picked":"Painkiller Herb"}],"items_purged_floors":[],"is_endless":false,"potions_floor_spawned":[5,7,14,23,28,39,40,42],"ascension_level":8}}