{"host":"lw874zp3en0pz6a7","time":1607928208,"event":{"mods":["Act Like it!","BaseMod","Downfall","Key Reminder","KinomotoSakuraMod(木之本樱)","LagranYue(拉格朗・月)","Luminous","Marisa（F雨　魔理沙）","Minty Spire (QoL Compilation)","Quick Restart","READ ME - Guardian Mod","Reimu（博丽灵梦）","Remilia（蕾米莉亚）","Replay The Spire","SIMod","SOS（斯巴达之子）","Shop Mod","StSLib","Td1madao Mod","The Administrix","The Bladedancer","The Bug Knight","The Construct","The Cursed","The Gatherer","The Runesmith","The Servant 0.9.4","WarShipGirlsR/战舰少女R mod","Youmu（魂魄妖梦）","[地精首领爬塔]The Maniac","vexMod"],"gold_per_floor":[118,118,190,190,218,263,275,304,316,363,148,164,178,206,206,304,304,318,243,40,52,70,103,103,129,210,64,64,83,93,121,121,224,224,236,511,524,399,414,446,466,477,477,477,504,555,555,590,590,590,590,590,104,139,139],"floor_reached":56,"playtime":4309,"items_purged":["AdministrixMod:Strike_Administrix","AdministrixMod:Defend_Administrix","Regret","AdministrixMod:SealAway"],"score":1391,"play_id":"8ec14c3a-991c-4d18-a594-ce1f31a55d3f","local_time":"20201214144328","is_ascension_mode":true,"campfire_choices":[{"data":"AdministrixMod:JustRewards","floor":7,"key":"SMITH"},{"data":"AdministrixMod:Convergence","floor":15,"key":"SMITH"},{"floor":24,"key":"RECALL"},{"floor":32,"key":"REST"},{"floor":44,"key":"REST"},{"floor":49,"key":"REST"},{"floor":52,"key":"REST"}],"circlet_count":0,"master_deck":["AdministrixMod:Strike_Administrix","AdministrixMod:Strike_Administrix","AdministrixMod:RedCloak","AdministrixMod:Defend_Administrix","AdministrixMod:Defend_Administrix","AdministrixMod:Defend_Administrix","AdministrixMod:BlueCloak+1","AdministrixMod:JustRewards+1","AdministrixMod:RegentEdict","AdministrixMod:Convergence+1","AdministrixMod:NoblePath","AdministrixMod:CosmosControl","AdministrixMod:NewWardrobe","AdministrixMod:WifeLightning","AdministrixMod:SealAway+1","AdministrixMod:WifeLightning","AdministrixMod:HaveItAll","AdministrixMod:CenturiesAscent+1"],"relics":["AdministrixMod:ConductorRitualBaton","LagranYue:RandomDrawCardRelic","NeowsBlessing","MawBank","Regal Pillow","Replay:Ringing Soul","Pear","Nunchaku","Iron Hammer","Fusion Hammer","Replay:Rubber Ducky","Bag of Marbles","Runesmith:AutoHammer","construct:WeddingRing","The Courier","Unceasing Top","CatCart","Snack Pack","vexMod:GhostlyGear","Replay:Baseball","vexMod:BarristanHead","LagranYue:MagicReflectiveArmorRelic"],"acts_visited":["Exordium","TheCity","TheBeyond","TheEnding"],"potions_floor_usage":[40,40,55,55,55],"damage_taken":[{"damage":0.0,"enemies":"Small Slimes","floor":1.0,"turns":1.0},{"damage":0.0,"enemies":"Jaw Worm","floor":5.0,"turns":1.0},{"damage":0.0,"enemies":"Gremlin Nob","floor":6.0,"turns":1.0},{"damage":0,"enemies":"2 Louse","floor":8,"turns":1},{"damage":3,"enemies":"3 Sentries","floor":10,"turns":5},{"damage":3,"enemies":"Looter","floor":12,"turns":2},{"damage":0,"enemies":"Blue Slaver","floor":13,"turns":4},{"damage":11,"enemies":"Gremlin Nob","floor":14,"turns":4},{"damage":0,"enemies":"Slime Boss","floor":16,"turns":2},{"damage":0,"enemies":"Chosen","floor":18,"turns":3},{"damage":0,"enemies":"Centurion and Healer","floor":21,"turns":3},{"damage":17,"enemies":"Snake Plant","floor":22,"turns":4},{"damage":3,"enemies":"HollowMod:Nosk","floor":23,"turns":6},{"damage":24,"enemies":"Slavers","floor":25,"turns":3},{"damage":4,"enemies":"Sentry and Sphere","floor":29,"turns":4},{"damage":0,"enemies":"3 Cultists","floor":30,"turns":4},{"damage":0,"enemies":"Book of Stabbing","floor":31,"turns":6},{"damage":0,"enemies":"Automaton","floor":33,"turns":8},{"damage":0,"enemies":"3 Shapes","floor":35,"turns":3},{"damage":0,"enemies":"Orb Walker","floor":37,"turns":2},{"damage":0,"enemies":"Sphere and 2 Shapes","floor":39,"turns":4},{"damage":0,"enemies":"R_Hoarder","floor":40,"turns":12},{"damage":60,"enemies":"Transient","floor":41,"turns":5},{"damage":8,"enemies":"4 Shapes","floor":42,"turns":6},{"damage":14,"enemies":"Reptomancer","floor":45,"turns":6},{"damage":0,"enemies":"Orin","floor":46,"turns":6},{"damage":11,"enemies":"Nemesis","floor":48,"turns":9},{"damage":2,"enemies":"Replay:Hell Engine","floor":50,"turns":8},{"damage":5,"enemies":"Shield and Spear","floor":54,"turns":4},{"damage":3,"enemies":"The Heart","floor":55,"turns":7}],"seed_played":"7267560541394779728","potions_obtained":[{"floor":1.0,"key":"Slimebound:ThreeZeroPotion"},{"floor":8,"key":"SneckoOil"},{"floor":10,"key":"GrandPatriotsElixir:ReiMu"},{"floor":12,"key":"FearPotion"},{"floor":18,"key":"BlessingOfTheForge"}],"is_trial":false,"path_per_floor":["M","?","T","?","M","E","R","M","T","E","$","M","M","E","R","B",null,"M","?","$","M","M","E","R","E","T","$","?","M","M","E","R","B",null,"M","?","M","$","M","E","M","M","T","R","E","?","?","E","R","B",null,"R","$","E","B",null],"character_chosen":"TheAdministrix","items_purchased":["Nunchaku","AdministrixMod:SealAway","AdministrixMod:NewWardrobe","AdministrixMod:WifeLightning","vexMod:GhostlyGear","Replay:Baseball","vexMod:BarristanHead"],"campfire_rested":4,"item_purchase_floors":[11,20,20,27,53,53,53],"current_hp_per_floor":[65,65,71,59,59,59,59,59,59,69,69,66,69,58,58,61,90,90,90,93,93,76,73,73,49,49,52,52,48,51,51,95,98,102,102,105,105,105,105,108,48,43,43,91,77,77,77,66,111,111,111,111,111,111,111],"gold":139,"neow_bonus":"THREE_ENEMY_KILL","is_daily":false,"chose_seed":false,"campfire_upgraded":2,"win_rate":0.0,"timestamp":1607928208,"path_taken":["M","?","?","?","M","E","R","M","T","E","?","?","M","E","R","BOSS","M","?","$","M","M","E","R","E","T","$","?","M","M","E","R","BOSS","M","?","?","$","?","E","M","M","T","R","E","?","?","E","R","BOSS","R","$","E","BOSS"],"items_purchased_type":["Relic","Card","Card","Card","Relic","Relic","Relic"],"build_version":"2020-12-13","purchased_purges":4,"victory":true,"max_hp_per_floor":[65,65,71,71,71,71,71,71,71,84,84,84,87,87,87,90,90,90,90,93,93,93,93,93,93,93,96,96,96,99,99,99,102,102,102,105,105,105,105,108,108,111,111,111,111,111,111,111,111,111,111,111,111,111,111],"card_choices":[{"not_picked":["AdministrixMod:Transcension","AdministrixMod:RisingSunPrince","AdministrixMod:PassageOfAges"],"picked":"SKIP","floor":1.0},{"not_picked":["AdministrixMod:Transition","AdministrixMod:LightOfYourLife"],"picked":"AdministrixMod:JustRewards","floor":5.0},{"not_picked":["AdministrixMod:ImmortalPurity","AdministrixMod:QuietConspiracy","AdministrixMod:PlateOfAntiquity"],"picked":"SKIP","floor":6},{"not_picked":["AdministrixMod:ImmortalPurity","AdministrixMod:QuietConspiracy","AdministrixMod:PlateOfAntiquity"],"picked":"SKIP","floor":6},{"not_picked":["AdministrixMod:Transcension","AdministrixMod:PassageOfAges"],"picked":"AdministrixMod:RegentEdict","floor":8},{"not_picked":["AdministrixMod:Transition","AdministrixMod:DeathByGlamour"],"picked":"AdministrixMod:Convergence","floor":10},{"not_picked":["AdministrixMod:PassageOfAges","AdministrixMod:RebukeDesires","AdministrixMod:FuneraryRites"],"picked":"SKIP","floor":12},{"not_picked":["AdministrixMod:BloodBargain","AdministrixMod:ImmortalPurity"],"picked":"AdministrixMod:NoblePath","floor":13},{"not_picked":["AdministrixMod:PlateOfAntiquity","AdministrixMod:MixOfMercury","AdministrixMod:RebukeDesires"],"picked":"SKIP","floor":14},{"not_picked":["AdministrixMod:PlateOfAntiquity","AdministrixMod:MixOfMercury","AdministrixMod:RebukeDesires"],"picked":"SKIP","floor":14},{"not_picked":["AdministrixMod:ImmortalClarity","AdministrixMod:FearOfDeath"],"picked":"AdministrixMod:CosmosControl","floor":16},{"not_picked":["AdministrixMod:ImmortalPurity+1","AdministrixMod:ShadowPlay","AdministrixMod:NoblePath+1"],"picked":"SKIP","floor":18},{"not_picked":["AdministrixMod:ExtolVirtue","AdministrixMod:ImmortalPurity+1","AdministrixMod:Transition"],"picked":"SKIP","floor":21},{"not_picked":["AdministrixMod:SeventeenArticleLaser","AdministrixMod:ExtolVirtue","AdministrixMod:DiversionaryTactic"],"picked":"SKIP","floor":22},{"not_picked":["AdministrixMod:SeventeenArticleLaser","AdministrixMod:QuietConspiracy","AdministrixMod:TrickOfTheLight"],"picked":"SKIP","floor":23},{"not_picked":["AdministrixMod:Mastermind","AdministrixMod:Transition+1","AdministrixMod:FuneraryRites+1"],"picked":"SKIP","floor":25},{"not_picked":["AdministrixMod:ExtolVirtue+1","AdministrixMod:TrickOfTheLight+1","AdministrixMod:DiversionaryTactic"],"picked":"SKIP","floor":29},{"not_picked":["AdministrixMod:ChooseYourEnd","AdministrixMod:BattleforgedBonds"],"picked":"AdministrixMod:SealAway+1","floor":30},{"not_picked":["AdministrixMod:GuanyinBlessing+1","AdministrixMod:SeventeenArticleLaser+1","AdministrixMod:BloodBargain"],"picked":"SKIP","floor":31},{"not_picked":["AdministrixMod:ImmortalClarity","AdministrixMod:FaithfulFlames"],"picked":"AdministrixMod:WifeLightning","floor":33},{"not_picked":["AdministrixMod:QuietConspiracy","AdministrixMod:PlateOfAntiquity","AdministrixMod:SyncreticPlunge+1"],"picked":"SKIP","floor":35},{"not_picked":["AdministrixMod:Transition+1","AdministrixMod:SeventeenArticleLaser","AdministrixMod:RegentEdict+1"],"picked":"SKIP","floor":37},{"not_picked":["AdministrixMod:FuneraryRites","AdministrixMod:PlateOfAntiquity","AdministrixMod:ExtolVirtue+1"],"picked":"SKIP","floor":39},{"not_picked":["AdministrixMod:LightOfYourLife+1","AdministrixMod:SealAway+1"],"picked":"AdministrixMod:HaveItAll","floor":40},{"not_picked":["AdministrixMod:BishamonBlessing+1","AdministrixMod:DreamsMausoleum+1","AdministrixMod:TrickOfTheLight+1"],"picked":"SKIP","floor":41},{"not_picked":["AdministrixMod:LightOfYourLife+1","AdministrixMod:PlateOfAntiquity"],"picked":"AdministrixMod:CenturiesAscent+1","floor":42},{"not_picked":["AdministrixMod:RebukeDesires+1","AdministrixMod:BloodBargain","AdministrixMod:XianArts"],"picked":"SKIP","floor":45},{"not_picked":["AdministrixMod:UnstableVigor+1","AdministrixMod:ImmortalPurity","AdministrixMod:SyncreticPlunge"],"picked":"SKIP","floor":48},{"not_picked":["AdministrixMod:FuneraryRites+1","AdministrixMod:Convergence+1","AdministrixMod:Transition"],"picked":"SKIP","floor":54}],"player_experience":242699,"relics_obtained":[{"floor":3.0,"key":"vexMod:BerryBomb"},{"floor":6,"key":"Regal Pillow"},{"floor":9,"key":"Replay:Ringing Soul"},{"floor":10,"key":"Pear"},{"floor":14,"key":"Iron Hammer"},{"floor":23,"key":"Replay:Rubber Ducky"},{"floor":25,"key":"Bag of Marbles"},{"floor":31,"key":"Runesmith:AutoHammer"},{"floor":43,"key":"The Courier"},{"floor":45,"key":"Unceasing Top"},{"floor":46,"key":"CatCart"},{"floor":48,"key":"Snack Pack"},{"floor":54,"key":"LagranYue:MagicReflectiveArmorRelic"}],"event_choices":[{"damage_healed":0.0,"max_hp_gain":0.0,"max_hp_loss":0.0,"gold_gain":0.0,"event_name":"Scrap Ooze","player_choice":"Success","floor":4.0,"gold_loss":0.0,"damage_taken":12.0,"relics_obtained":["MawBank"]},{"cards_removed":["AdministrixMod:Strike_Administrix"],"damage_healed":0,"gold_gain":0,"player_choice":"Gave Gold","damage_taken":0,"max_hp_gain":0,"max_hp_loss":0,"event_name":"Beggar","floor":19,"gold_loss":75},{"damage_healed":0,"gold_gain":0,"player_choice":"Ignored","damage_taken":0,"max_hp_gain":0,"max_hp_loss":0,"event_name":"Ghosts","floor":28,"gold_loss":0},{"damage_healed":0,"gold_gain":275,"player_choice":"Desecrate","damage_taken":0,"max_hp_gain":0,"max_hp_loss":0,"event_name":"Golden Shrine","floor":36,"gold_loss":0,"cards_obtained":["Regret"]},{"damage_healed":0,"gold_gain":0,"player_choice":"Fight","damage_taken":0,"max_hp_gain":0,"max_hp_loss":0,"event_name":"OrinTheCat","floor":46,"gold_loss":0},{"damage_healed":0,"gold_gain":0,"player_choice":"Ignored","damage_taken":0,"max_hp_gain":0,"max_hp_loss":0,"event_name":"Tomb of Lord Red Mask","floor":47,"gold_loss":0}],"is_beta":false,"boss_relics":[{"not_picked":["ChewingGum","Kintsugi"],"picked":"Fusion Hammer"},{"not_picked":["Painkiller Herb","Tiny House"],"picked":"construct:WeddingRing"}],"items_purged_floors":[11,20,38,53],"is_endless":false,"potions_floor_spawned":[1,8,10,12,18,25,30,31,33,37,42,45,46,48],"ascension_level":1}}