{"host":"y89x8uui45kcjy42","time":1607940988,"event":{"mods":["2.2 Compatiblity","BaseMod","Colored Map","Colored Powertips","Friendly Minions","Hermit","Highlight Path","Keyboard Shortcuts","Minty Spire (QoL Compilation)","StSLib","SuperFastMode","Waifu the Spire"],"gold_per_floor":[116,128,138,29,29,62,62,62,85,85,96,113,126,126,126,221,271,286,306,306,306],"floor_reached":20,"playtime":686,"items_purged":["hermit:Strike_Hermit"],"score":185,"play_id":"d829d666-48cc-4852-a1c3-e655062fc879","local_time":"20201214191628","is_ascension_mode":true,"campfire_choices":[{"data":"hermit:Covet","floor":8,"key":"SMITH"},{"data":"hermit:Snipe","floor":10,"key":"SMITH"},{"data":"hermit:GhostlyPresence","floor":15,"key":"SMITH"}],"circlet_count":0,"master_deck":["hermit:Strike_Hermit","hermit:Strike_Hermit+1","hermit:Defend_Hermit","hermit:Defend_Hermit+1","hermit:Defend_Hermit","hermit:Defend_Hermit","hermit:Snapshot+1","hermit:Covet+1","hermit:Snipe+1","hermit:Midnight+1","hermit:GhostlyPresence+1","hermit:Deadeye","hermit:FatalDesire","hermit:ItchyTrigger"],"relics":["hermit:Momento","NeowsBlessing","Whetstone","Pen Nib","Tiny House"],"acts_visited":["Exordium","TheCity"],"potions_floor_usage":[16,16,18],"damage_taken":[{"damage":0,"enemies":"Small Slimes","floor":1,"turns":1},{"damage":0,"enemies":"2 Louse","floor":2,"turns":1},{"damage":0,"enemies":"Cultist","floor":3,"turns":1},{"damage":37,"enemies":"3 Sentries","floor":6,"turns":9},{"damage":8,"enemies":"Blue Slaver","floor":11,"turns":3},{"damage":0,"enemies":"Gremlin Gang","floor":12,"turns":4},{"damage":0,"enemies":"2 Fungi Beasts","floor":13,"turns":2},{"damage":17,"enemies":"Hexaghost","floor":16,"turns":9},{"damage":42,"enemies":"Shell Parasite","floor":18,"turns":3},{"damage":37,"enemies":"3 Byrds","floor":19,"turns":5},{"damage":1,"enemies":"Snecko","floor":20,"turns":1}],"seed_played":"8889916419804387182","potions_obtained":[{"floor":1,"key":"PowerPotion"},{"floor":2,"key":"SpeedPotion"},{"floor":6,"key":"BlessingOfTheForge"},{"floor":17,"key":"AttackPotion"}],"is_trial":false,"path_per_floor":["M","M","M","$","?","E","?","R","T","R","M","M","M","?","R","B",null,"M","M","M"],"character_chosen":"HERMIT","items_purchased":["hermit:GhostlyPresence"],"campfire_rested":0,"item_purchase_floors":[4],"current_hp_per_floor":[75,75,75,75,75,38,38,38,38,38,30,30,30,30,30,13,80,38,1,0,0],"gold":306,"neow_bonus":"THREE_ENEMY_KILL","is_daily":false,"chose_seed":false,"campfire_upgraded":3,"win_rate":0.0,"timestamp":1607940988,"path_taken":["M","M","M","$","?","E","?","R","T","R","?","M","M","?","R","BOSS","M","?","M"],"items_purchased_type":["Card"],"build_version":"2020-12-13","purchased_purges":1,"victory":false,"max_hp_per_floor":[75,75,75,75,75,75,75,75,75,75,75,75,75,75,75,75,80,80,80,80,80],"card_choices":[{"not_picked":["hermit:EyeOfTheStorm","hermit:LuckOfTheDraw","hermit:Vantage"],"picked":"SKIP","floor":1},{"not_picked":["hermit:Horror","hermit:Coalescence"],"picked":"hermit:Snipe","floor":2},{"not_picked":["hermit:Vantage","hermit:Feint"],"picked":"hermit:Midnight","floor":3},{"not_picked":["hermit:DeadMansHand","hermit:BodyArmor","hermit:LuckOfTheDraw"],"picked":"SKIP","floor":6},{"not_picked":["hermit:DeadMansHand","hermit:BodyArmor","hermit:LuckOfTheDraw"],"picked":"SKIP","floor":6},{"not_picked":["hermit:CalledShot","hermit:GoldenBullet","hermit:HoleUp"],"picked":"SKIP","floor":11},{"not_picked":["hermit:GhostlyPresence","hermit:CalledShot","hermit:Combo"],"picked":"SKIP","floor":12},{"not_picked":["hermit:DeadMansHand","hermit:Glare","hermit:TrackingShot"],"picked":"SKIP","floor":13},{"not_picked":["hermit:DeadOrAlive","hermit:OverwhelmingPower"],"picked":"hermit:FatalDesire","floor":16},{"not_picked":["hermit:Determination","hermit:HighCaliber"],"picked":"hermit:ItchyTrigger","floor":17},{"not_picked":["hermit:Roulette","hermit:Brawl","hermit:FlashPowder"],"picked":"SKIP","floor":18},{"not_picked":["hermit:Malice+1","hermit:NoHoldsBarred","hermit:Showdown"],"picked":"SKIP","floor":19}],"player_experience":493473,"relics_obtained":[{"floor":6,"key":"Whetstone"},{"floor":9,"key":"Pen Nib"}],"event_choices":[{"damage_healed":0,"gold_gain":0,"player_choice":"Grow","damage_taken":0,"max_hp_gain":0,"max_hp_loss":0,"event_name":"Living Wall","floor":5,"gold_loss":0,"cards_upgraded":["hermit:Midnight"]},{"damage_healed":0,"gold_gain":0,"player_choice":"1 cards matched","damage_taken":0,"max_hp_gain":0,"max_hp_loss":0,"event_name":"Match and Keep!","floor":7,"gold_loss":0,"cards_obtained":["hermit:Deadeye"]},{"cards_removed":["hermit:Strike_Hermit"],"damage_healed":0,"gold_gain":0,"player_choice":"Purged","damage_taken":0,"max_hp_gain":0,"max_hp_loss":0,"event_name":"Purifier","floor":14,"gold_loss":0}],"is_beta":false,"boss_relics":[{"not_picked":["Pandora\u0027s Box","hermit:DentedPlate"],"picked":"Tiny House"}],"items_purged_floors":[4],"is_endless":false,"potions_floor_spawned":[1,2,6,12],"killed_by":"Snecko","ascension_level":1}}