{"host":"gu5bom8l9zwjg25u","time":1607959217,"event":{"mods":["AchievementEnabler","BaseMod","Better Altar","Better Match","Better Note","Better Sensory Stone","Better Skull","Better Third Choice","Better Vampires","BetterRewards","Colored Map","Colored Powertips","Curses Come First","Downfall","Emptier Cage","Energized Spire","GifTheSpireLib","GungeonMod","Hubris","Infinite Spire","Jorbs\u0027s Wanderer Trilogy","Mad Scientist","Marked Mod","Minty Spire (QoL Compilation)","Rare Cards Sparkle","Relic Sorter","Replay The Spire","Say the Spire","Shop Mod","Spicy Shops","StSLib","The Animator","The Blackbeard","The Blue Laboratory","The Bug Knight","The Construct","The Cursed","The Disciple","The Hierophant","The Runesmith","The Servant 0.9.4","Uncapped"],"gold_per_floor":[117,117,129,129,141,141,166,166,190,206,256,266,60,74,74,176,176,176,176],"floor_reached":17,"playtime":1053,"items_purged":["blackbeard:BlackbeardStrike"],"score":157,"play_id":"2f9fc928-9b62-4a31-bb98-d8901e7c7365","local_time":"20201214172017","is_ascension_mode":false,"campfire_choices":[{"data":"blackbeard:Sword","floor":6,"key":"SMITH"},{"data":"blackbeard:Fencing","floor":8,"key":"SMITH"}],"circlet_count":0,"master_deck":["blackbeard:BlackbeardStrike","blackbeard:BlackbeardStrike","blackbeard:BlackbeardStrike","blackbeard:IntimidatingStrike","blackbeard:BlackbeardDefend+1","blackbeard:BlackbeardDefend","blackbeard:BlackbeardDefend+1","blackbeard:BlackbeardDefend","blackbeard:Cutlass","blackbeard:Dagger","blackbeard:Spear","blackbeard:GhostInTheRum","infinitespire:FutureSight","blackbeard:Sword+1","blackbeard:Fencing+1","blackbeard:ArmorUp","blackbeard:FieryDefense","blackbeard:Fencing+1","expansioncontent:Flail+1","blackbeard:DoubleCannonball","blackbeard:MegaUpgrade+1"],"relics":["blackbeard:LoadTheCannons","blackbeard:CrossedSwords","Golden Egg","War Paint","HollowMod:StagPassRelic","Boot","hubris:CrackedHourglass"],"acts_visited":["Exordium","TheCity"],"potions_floor_usage":[12,16],"damage_taken":[{"damage":0,"enemies":"Jaw Worm","floor":1,"turns":3},{"damage":0,"enemies":"2 Louse","floor":3,"turns":1},{"damage":0,"enemies":"Small Slimes","floor":5,"turns":3},{"damage":9,"enemies":"Lagavulin","floor":7,"turns":7},{"damage":4,"enemies":"Exordium Wildlife","floor":10,"turns":4},{"damage":10,"enemies":"Large Slime","floor":12,"turns":3},{"damage":0,"enemies":"Red Slaver","floor":14,"turns":3},{"damage":6,"enemies":"Hexaghost","floor":16,"turns":6}],"seed_played":"205184460385451111","potions_obtained":[{"floor":7,"key":"PowerPotion"},{"floor":10,"key":"Reflective Coating"},{"floor":14,"key":"blueLaboratory:StoneskinPotion"},{"floor":15,"key":"BlessingOfTheForge"},{"floor":15,"key":"Guardian:BlockOnCardUsePotion"},{"floor":16,"key":"blueLaboratory:EnragingPotion"}],"is_trial":false,"path_per_floor":["M","?","M","?","M","R","E","R","T","M","T","M","$","M","R_BF","B",null],"character_chosen":"BLACKBEARD_CLASS","items_purchased":["blackbeard:CrossedSwords","blackbeard:Dagger","Golden Egg","War Paint","blackbeard:Fencing","expansioncontent:Flail"],"campfire_rested":0,"item_purchase_floors":[0,0,0,0,13,13],"current_hp_per_floor":[51,56,56,35,35,35,26,26,26,22,22,12,12,12,12,6,80,80,80],"gold":176,"neow_bonus":"","is_daily":false,"chose_seed":false,"campfire_upgraded":2,"win_rate":0.0,"timestamp":1607959217,"path_taken":["M","?","M","?","M","R","E","R","T","M","?","M","?","M","R_BF","BOSS"],"items_purchased_type":["Relic","Card","Relic","Relic","Card","Card"],"build_version":"2020-12-13","purchased_purges":1,"victory":false,"max_hp_per_floor":[75,80,80,80,80,80,80,80,80,80,80,80,80,80,80,80,80,80,80],"card_choices":[{"not_picked":["blackbeard:TacticalRetreat","blackbeard:Toast"],"picked":"blackbeard:Spear","floor":1},{"not_picked":["blackbeard:SwordDance","blackbeard:Dagger"],"picked":"blackbeard:GhostInTheRum","floor":3},{"not_picked":["infinitespire:Menacing","ReplayTheSpireMod:??????????????????????"],"picked":"infinitespire:FutureSight","floor":4},{"not_picked":["blackbeard:BeatUp","blackbeard:FieryDefense"],"picked":"blackbeard:Sword","floor":5},{"not_picked":["blackbeard:Dagger","blackbeard:Parrot"],"picked":"blackbeard:Fencing","floor":7},{"not_picked":["blackbeard:Shrapnel","blackbeard:FishingNets"],"picked":"blackbeard:ArmorUp","floor":10},{"not_picked":["blackbeard:TacticalRetreat","blackbeard:Toast"],"picked":"blackbeard:FieryDefense","floor":12},{"not_picked":["blackbeard:CloakAndCannonball","blackbeard:GhostInTheRum"],"picked":"blackbeard:DoubleCannonball","floor":14},{"not_picked":["blackbeard:PowerHungry","blackbeard:Intoxication"],"picked":"blackbeard:MegaUpgrade","floor":16}],"player_experience":302433,"relics_obtained":[{"floor":7,"key":"HollowMod:StagPassRelic"},{"floor":11,"key":"Boot"}],"event_choices":[{"damage_healed":0,"gold_gain":0,"player_choice":"Donut","damage_taken":0,"max_hp_gain":5,"max_hp_loss":0,"event_name":"Big Fish","floor":2,"gold_loss":0}],"is_beta":false,"boss_relics":[{"not_picked":["ReplayTheSpireMod:SealedPack","Honey Jar"],"picked":"hubris:CrackedHourglass"}],"items_purged_floors":[0],"is_endless":false,"potions_floor_spawned":[7,10,14,16],"ascension_level":0}}