{"host":"ktoxvvst1mwxww91","time":1607932654,"event":{"mods":["BaseMod","Minty Spire (QoL Compilation)","Shedinja","StSLib"],"gold_per_floor":[118,138,63,63,83,83,83,33,60,72,84,96,108,90,102,120,120],"floor_reached":16,"playtime":256,"items_purged":["Shedinja:Scratch"],"score":95,"play_id":"0754e15b-8408-4659-8240-ae7ab9fa5eb9","local_time":"20201214085734","is_ascension_mode":true,"campfire_choices":[{"data":"Shedinja:FocusSash","floor":7.0,"key":"SMITH"},{"data":"Shedinja:Toxic","floor":12.0,"key":"SMITH"},{"data":"Shedinja:FocusSash","floor":15,"key":"SMITH"}],"circlet_count":0,"master_deck":["Shedinja:Scratch","Shedinja:Scratch","Shedinja:Scratch","Shedinja:Endure","Shedinja:Endure","Shedinja:Endure","Shedinja:Endure","Shedinja:Endure","Shedinja:FocusSash+1","Shedinja:FocusSash+1","Shedinja:WillOWisp","Shedinja:PowerBracer","Shedinja:AerialAce","Shedinja:StruggleBug","Shedinja:Toxic+1","Parasite","Shedinja:Thief"],"relics":["Shedinja:WonderGuard","NeowsBlessing","Shedinja:EnergyLoss","MawBank","Singing Bowl"],"acts_visited":["Exordium"],"potions_floor_usage":[],"damage_taken":[{"damage":0.0,"enemies":"Small Slimes","floor":1.0,"turns":1.0},{"damage":0.0,"enemies":"2 Louse","floor":2.0,"turns":1.0},{"damage":0.0,"enemies":"Cultist","floor":5.0,"turns":1.0},{"damage":0,"enemies":"Looter","floor":14,"turns":4},{"damage":8,"enemies":"Slime Boss","floor":16,"turns":9}],"seed_played":"499264971776676549","potions_obtained":[],"is_trial":false,"path_per_floor":["M","M","$","?","M","?","R","?","T","$","?","R","?","M","R","B"],"character_chosen":"THE_DEFAULT","items_purchased":[],"campfire_rested":0,"item_purchase_floors":[],"current_hp_per_floor":[1,1,1,1,1,1,1,1,1,1,1,1,1,1,1,0,0],"gold":120,"neow_bonus":"THREE_ENEMY_KILL","is_daily":false,"chose_seed":false,"campfire_upgraded":3,"win_rate":0.0,"timestamp":1607932654,"path_taken":["M","M","$","?","M","?","R","?","T","$","?","R","?","M","R","BOSS"],"items_purchased_type":[],"build_version":"2020-12-13","purchased_purges":1,"victory":false,"max_hp_per_floor":[1,1,1,1,1,1,1,1,1,1,1,1,1,1,1,1,1],"card_choices":[{"not_picked":["Shedinja:Absorb","Shedinja:SafetyGoggles"],"picked":"Shedinja:WillOWisp","floor":1.0},{"not_picked":["Shedinja:Ether","Shedinja:SafetyGoggles"],"picked":"Shedinja:PowerBracer","floor":2.0},{"not_picked":["Shedinja:Thief","Shedinja:Absorb"],"picked":"Shedinja:StruggleBug","floor":5.0},{"not_picked":["Shedinja:Facade","Shedinja:StruggleBug"],"picked":"Shedinja:Thief","floor":14}],"player_experience":634172,"relics_obtained":[{"floor":9.0,"key":"MawBank"}],"event_choices":[{"cards_removed":["Shedinja:Scratch"],"damage_healed":0.0,"max_hp_gain":0.0,"max_hp_loss":0.0,"gold_gain":0.0,"event_name":"Living Wall","player_choice":"Forget","floor":6.0,"gold_loss":0.0,"damage_taken":0.0},{"damage_healed":0,"gold_gain":0,"player_choice":"Healed and dodged fight","damage_taken":0,"max_hp_gain":0,"max_hp_loss":0,"event_name":"Mushrooms","floor":13,"gold_loss":0,"cards_obtained":["Parasite"]}],"is_beta":false,"boss_relics":[],"items_purged_floors":[3],"is_endless":false,"potions_floor_spawned":[],"killed_by":"Slime Boss","ascension_level":2}}