{"host":"o7j6aatxjwpw1421","time":1607955064,"event":{"mods":["2.2 Compatiblity","BaseMod","Colored Map","DeckTracker","Highlight Path","Keyboard Shortcuts","Minty Spire (QoL Compilation)","Permanent Neow","Quick Restart","StSLib","SuperFastMode","everything is the same but u backflip on backflip"],"gold_per_floor":[112,37,37,88,98,98,128,142,142,171,199,218,218,143,143,214,214,233,233,233,65,75,107,123,123,123,123,138,155,188,188,188,188,188],"floor_reached":33,"playtime":1527,"items_purged":["Strike_G","Defend_G"],"score":600,"play_id":"e689e4c0-7d2b-422d-956e-ea785e87d6b7","local_time":"20201214231104","is_ascension_mode":true,"campfire_choices":[{"data":"Deadly Poison","floor":6.0,"key":"SMITH"},{"data":"Catalyst","floor":13,"key":"SMITH"},{"floor":15,"key":"REST"},{"floor":25,"key":"DIG"},{"floor":27,"key":"REST"},{"floor":32,"key":"DIG"}],"circlet_count":0,"master_deck":["AscendersBane","Strike_G+1","Defend_G","Defend_G","Defend_G","Survivor","Neutralize","Dramatic Entrance","Crippling Poison","Deadly Poison+1","Corpse Explosion","Catalyst+1","Poisoned Stab+1","Acrobatics","Adrenaline","Backflip","Phantasmal Killer","Skewer","Footwork","PiercingWail","Bullet Time","Bouncing Flask","RitualDagger"],"relics":["Ring of the Snake","Blood Vial","Pantograph","Shovel","Odd Mushroom","Question Card","Black Star","Ginger","Thread and Needle","PreservedInsect","Bottled Tornado","Mummified Hand","Whetstone","Bottled Flame"],"acts_visited":["Exordium","TheCity"],"potions_floor_usage":[18,23,29,33],"damage_taken":[{"damage":0.0,"enemies":"Jaw Worm","floor":1.0,"turns":4.0},{"damage":1.0,"enemies":"2 Louse","floor":5.0,"turns":3.0},{"damage":17.0,"enemies":"Gremlin Nob","floor":7.0,"turns":4.0},{"damage":2,"enemies":"Small Slimes","floor":8,"turns":3},{"damage":13,"enemies":"The Mushroom Lair","floor":10,"turns":2},{"damage":9,"enemies":"3 Sentries","floor":11,"turns":3},{"damage":1,"enemies":"Blue Slaver","floor":12,"turns":5},{"damage":61,"enemies":"Hexaghost","floor":16,"turns":10},{"damage":0,"enemies":"Shell Parasite","floor":18,"turns":6},{"damage":11,"enemies":"Spheric Guardian","floor":22,"turns":3},{"damage":28,"enemies":"Slavers","floor":23,"turns":3},{"damage":4,"enemies":"Cultist and Chosen","floor":24,"turns":6},{"damage":1,"enemies":"3 Cultists","floor":28,"turns":3},{"damage":0,"enemies":"Snake Plant","floor":29,"turns":4},{"damage":0,"enemies":"Gremlin Leader","floor":30,"turns":5},{"damage":57,"enemies":"Champ","floor":33,"turns":13}],"seed_played":"-8561030338483123625","potions_obtained":[{"floor":1.0,"key":"LiquidMemories"},{"floor":7.0,"key":"Dexterity Potion"},{"floor":11,"key":"Swift Potion"},{"floor":24,"key":"Explosive Potion"},{"floor":28,"key":"Regen Potion"},{"floor":30,"key":"SneckoOil"}],"is_trial":false,"path_per_floor":["M","$","?","T","M","R","E","M","T","?","E","M","R","?","R","B",null,"M","?","?","$","M","E","M","R","T","R","M","M","E","?","R","B"],"character_chosen":"THE_SILENT","items_purchased":["Footwork"],"campfire_rested":2,"item_purchase_floors":[21],"current_hp_per_floor":[59,59,52,52,53,53,38,38,38,27,20,21,21,21,40,5,51,53,53,53,53,44,18,16,16,16,35,36,52,54,48,48,9,9],"gold":188,"neow_bonus":"RANDOM_COLORLESS","is_daily":false,"chose_seed":false,"campfire_upgraded":2,"win_rate":0.0,"timestamp":1607955064,"path_taken":["M","$","?","?","M","R","E","M","T","?","E","M","R","?","R","BOSS","M","?","?","$","M","E","M","R","T","R","M","M","E","?","R","BOSS"],"items_purchased_type":["Card"],"build_version":"2020-12-13","purchased_purges":2,"victory":false,"max_hp_per_floor":[66,66,66,66,66,66,66,66,66,66,66,66,66,66,66,66,66,66,66,66,66,66,66,66,66,66,66,66,66,66,66,66,66,66],"card_choices":[{"not_picked":["Trip","Enlightenment"],"picked":"Dramatic Entrance","floor":0.0},{"not_picked":["Backflip","PiercingWail"],"picked":"Crippling Poison","floor":1.0},{"not_picked":["Expertise","Dodge and Roll"],"picked":"Deadly Poison","floor":5.0},{"not_picked":["Outmaneuver","Skewer"],"picked":"Corpse Explosion","floor":7.0},{"not_picked":["Terror","Acrobatics"],"picked":"Catalyst","floor":8},{"not_picked":["All Out Attack","Blade Dance"],"picked":"Poisoned Stab","floor":11},{"not_picked":["Slice","Eviscerate","Flying Knee"],"picked":"Acrobatics","floor":12},{"not_picked":["Grand Finale","Glass Knife","Storm of Steel"],"picked":"Adrenaline","floor":16},{"not_picked":["Acrobatics","Bane","Deflect"],"picked":"Backflip","floor":18},{"not_picked":["Catalyst","Slice+1","Quick Slash"],"picked":"PiercingWail","floor":22},{"not_picked":["Prepared","Terror","Blade Dance+1"],"picked":"Bullet Time","floor":23},{"not_picked":["Acrobatics","Eviscerate","Dagger Throw+1","Footwork"],"picked":"SKIP","floor":24},{"not_picked":["Dagger Throw","Blade Dance","Deadly Poison","Sucker Punch"],"picked":"SKIP","floor":28},{"not_picked":["Leg Sweep","Sucker Punch","Slice+1"],"picked":"Bouncing Flask","floor":29},{"not_picked":["Poisoned Stab","Underhanded Strike","Corpse Explosion","Deadly Poison"],"picked":"SKIP","floor":30}],"player_experience":231896,"relics_obtained":[{"floor":4.0,"key":"Blood Vial"},{"floor":7.0,"key":"Pantograph"},{"floor":9,"key":"Shovel"},{"floor":10,"key":"Odd Mushroom"},{"floor":11,"key":"Question Card"},{"floor":23,"key":"Ginger"},{"floor":23,"key":"Thread and Needle"},{"floor":25,"key":"PreservedInsect"},{"floor":26,"key":"Bottled Tornado"},{"floor":30,"key":"Mummified Hand"},{"floor":30,"key":"Whetstone"},{"floor":32,"key":"Bottled Flame"}],"event_choices":[{"cards_removed":["Strike_G"],"damage_healed":0.0,"max_hp_gain":0.0,"max_hp_loss":0.0,"gold_gain":0.0,"event_name":"Golden Wing","player_choice":"Card Removal","floor":3.0,"gold_loss":0.0,"damage_taken":7.0},{"damage_healed":0,"gold_gain":0,"player_choice":"Fought Mushrooms","damage_taken":0,"max_hp_gain":0,"max_hp_loss":0,"event_name":"Mushrooms","floor":10,"gold_loss":0},{"cards_removed":["Strike_G"],"damage_healed":0,"gold_gain":0,"player_choice":"Card Removal","damage_taken":0,"max_hp_gain":0,"max_hp_loss":0,"event_name":"The Cleric","floor":14,"gold_loss":75},{"damage_healed":0,"gold_gain":0,"cards_transformed":["Defend_G","Strike_G"],"player_choice":"Became Test Subject","damage_taken":0,"max_hp_gain":0,"max_hp_loss":0,"event_name":"Drug Dealer","floor":19,"gold_loss":0,"cards_obtained":["Phantasmal Killer","Skewer"]},{"damage_healed":0,"gold_gain":0,"player_choice":"Ignored","damage_taken":0,"max_hp_gain":0,"max_hp_loss":0,"event_name":"Ghosts","floor":20,"gold_loss":0},{"damage_healed":0,"gold_gain":0,"player_choice":"Joined the Cult","damage_taken":6,"max_hp_gain":0,"max_hp_loss":0,"event_name":"Nest","floor":31,"gold_loss":0,"cards_obtained":["RitualDagger"]}],"is_beta":false,"boss_relics":[{"not_picked":["Sozu","SacredBark"],"picked":"Black Star"}],"items_purged_floors":[2,21],"is_endless":false,"potions_floor_spawned":[1,7,11,12,24,28,30],"killed_by":"Champ","ascension_level":15}}