{"host":"19tvufa8xx4wr4o1","time":1607913105,"event":{"mods":["AchievementEnabler","BaseMod","Better Sensory Stone","Better Third Choice","Highlight Path","Minty Spire (QoL Compilation)","Relic Stats","StSLib"],"gold_per_floor":[119,119,130,6,0,26,26,60,60,91,91,109,109,119,119,219,219,229,229,229,249,259,259,279,295,295,43,43,43,43,78,78,183,183,193,193,204,1203,1229,1229,187,187,214,214,214,34,65,78,78,78],"floor_reached":51,"playtime":1687,"items_purged":["Pain","Normality"],"score":1214,"play_id":"eec1892e-09c6-4d5c-b4c0-864089d4fc37","local_time":"20201213203145","is_ascension_mode":true,"campfire_choices":[{"data":"Bash","floor":7.0,"key":"SMITH"},{"data":"Uppercut","floor":11.0,"key":"SMITH"},{"data":"Fire Breathing","floor":13.0,"key":"SMITH"},{"data":"Rampage","floor":15,"key":"SMITH"},{"data":"Shrug It Off","floor":23,"key":"SMITH"},{"floor":28,"key":"REST"},{"data":"Berserk","floor":30,"key":"SMITH"},{"floor":32,"key":"REST"},{"data":"Double Tap","floor":40,"key":"SMITH"},{"data":"Bash","floor":42,"key":"PURGE"},{"data":"Metallicize","floor":45,"key":"SMITH"},{"data":"Impervious","floor":49,"key":"SMITH"}],"circlet_count":0,"master_deck":["AscendersBane","Defend_R","Defend_R","Defend_R","Defend_R","Bash+1","Rampage+1","Spot Weakness","Uppercut+1","Intimidate","Impervious+1","Shrug It Off+1","Bite","Bite","Bite","Bite","Bite","True Grit+1","Metallicize+1","Berserk+1","Double Tap+1","Heavy Blade+1","Fiend Fire"],"relics":["Burning Blood","NeowsBlessing","WarpedTongs","Self Forming Clay","Orichalcum","Omamori","Strawberry","Calling Bell","The Courier","Dead Branch","Letter Opener","Peace Pipe","Enchiridion","Boot","Velvet Choker","Happy Flower","Singing Bowl","Strange Spoon","Pantograph","PreservedInsect","MealTicket","Mummified Hand","Regal Pillow","Centennial Puzzle","Pen Nib"],"acts_visited":["Exordium","TheCity","TheBeyond"],"potions_floor_usage":[21,22,31,33],"damage_taken":[{"damage":0.0,"enemies":"Jaw Worm","floor":1.0,"turns":1.0},{"damage":1.0,"enemies":"Cultist","floor":3.0,"turns":1.0},{"damage":0.0,"enemies":"Gremlin Nob","floor":6.0,"turns":1.0},{"damage":24.0,"enemies":"3 Sentries","floor":8.0,"turns":7.0},{"damage":18.0,"enemies":"Lagavulin","floor":10.0,"turns":6.0},{"damage":0.0,"enemies":"2 Louse","floor":12.0,"turns":2.0},{"damage":17,"enemies":"Exordium Thugs","floor":14,"turns":4},{"damage":30,"enemies":"Slime Boss","floor":16,"turns":7},{"damage":2,"enemies":"Chosen","floor":18,"turns":5},{"damage":14,"enemies":"Shell Parasite","floor":21,"turns":6},{"damage":18,"enemies":"Snake Plant","floor":22,"turns":5},{"damage":58,"enemies":"3 Cultists","floor":24,"turns":9},{"damage":26,"enemies":"Centurion and Healer","floor":25,"turns":8},{"damage":14,"enemies":"Slavers","floor":31,"turns":4},{"damage":82,"enemies":"Champ","floor":33,"turns":14},{"damage":2,"enemies":"Orb Walker","floor":35,"turns":4},{"damage":9,"enemies":"3 Darklings","floor":37,"turns":4},{"damage":8,"enemies":"Giant Head","floor":47,"turns":5},{"damage":6,"enemies":"Maw","floor":48,"turns":6},{"damage":47,"enemies":"Time Eater","floor":50,"turns":8}],"seed_played":"4015003915884036951","potions_obtained":[{"floor":3.0,"key":"LiquidBronze"},{"floor":8.0,"key":"Fire Potion"},{"floor":22,"key":"HeartOfIron"},{"floor":25,"key":"Weak Potion"},{"floor":33,"key":"ElixirPotion"},{"floor":37,"key":"SpeedPotion"}],"is_trial":false,"path_per_floor":["M","?","M","$","?","E","R","E","T","E","R","M","R","M","R","B",null,"M","?","?","M","M","R","M","M","T","$","R","?","R","E","R","B",null,"M","?","M","?","T","R","$","R","T","?","R","$","E","M","R","B",null],"character_chosen":"IRONCLAD","items_purchased":["FearPotion","Peace Pipe","Singing Bowl","Strange Spoon","Pantograph","PreservedInsect","MealTicket","Mummified Hand","Fiend Fire","Centennial Puzzle"],"campfire_rested":2,"item_purchase_floors":[4,27,41,41,41,41,41,41,46,46],"current_hp_per_floor":[78,78,80,80,80,80,80,62,62,57,57,63,63,52,52,28,72,78,78,72,75,77,77,41,48,48,48,74,58,58,59,85,34,74,78,78,85,85,85,85,85,85,85,85,85,87,89,91,91,55],"gold":78,"neow_bonus":"THREE_ENEMY_KILL","is_daily":false,"chose_seed":false,"campfire_upgraded":9,"win_rate":0.0,"timestamp":1607913105,"path_taken":["M","?","?","$","?","E","R","E","T","E","R","M","R","M","R","BOSS","M","?","?","?","M","R","M","M","T","$","R","?","R","E","R","BOSS","M","?","?","?","?","R","?","R","T","?","R","?","E","M","R","BOSS"],"items_purchased_type":["Potion","Relic","Relic","Relic","Relic","Relic","Relic","Relic","Card","Relic"],"build_version":"2020-12-13","purchased_purges":2,"victory":true,"max_hp_per_floor":[80,80,80,80,80,80,80,80,80,87,87,87,87,87,87,87,87,87,87,87,87,87,87,87,87,87,87,87,87,87,87,87,87,87,87,87,87,87,87,87,87,87,87,87,87,87,89,91,91,91],"relic_stats":{"Regal Pillow":0,"Happy Flower":[6],"Singing Bowl":4,"counters":[20,107],"Self Forming Clay":[159],"Dead Branch":[71],"PreservedInsect":130,"Pen Nib":[3],"Letter Opener":[85],"Orichalcum":[108],"Boot":[3],"Burning Blood":103,"WarpedTongs":[105],"Peace Pipe":2,"Strange Spoon":[12],"Centennial Puzzle":[9],"Mummified Hand":[13],"Pantograph":0,"MealTicket":2,"obtain_stats":[{"Regal Pillow":43,"Singing Bowl":41,"Enchiridion":29,"Boot":31,"Burning Blood":0,"Blood Vial":17,"Centennial Puzzle":46,"Mummified Hand":41,"Strawberry":10,"Pantograph":41,"MealTicket":41,"NeowsBlessing":0,"Happy Flower":39,"Self Forming Clay":6,"Dead Branch":17,"Velvet Choker":34,"The Courier":17,"PreservedInsect":41,"Pen Nib":47,"Omamori":9,"Letter Opener":26,"Orichalcum":8,"WarpedTongs":2,"Calling Bell":17,"Peace Pipe":27,"Strange Spoon":41},{"Regal Pillow":17,"Singing Bowl":17,"Enchiridion":13,"Boot":14,"Burning Blood":0,"Blood Vial":8,"Centennial Puzzle":17,"Mummified Hand":17,"Strawberry":5,"Pantograph":17,"MealTicket":17,"NeowsBlessing":0,"Happy Flower":17,"Self Forming Clay":3,"Dead Branch":8,"Velvet Choker":15,"The Courier":8,"PreservedInsect":17,"Pen Nib":18,"Omamori":4,"Letter Opener":13,"Orichalcum":4,"WarpedTongs":1,"Calling Bell":8,"Peace Pipe":13,"Strange Spoon":17},{"Regal Pillow":88,"Singing Bowl":88,"Enchiridion":62,"Boot":66,"Burning Blood":0,"Blood Vial":29,"Centennial Puzzle":88,"Mummified Hand":88,"Strawberry":16,"Pantograph":88,"MealTicket":88,"NeowsBlessing":0,"Happy Flower":88,"Self Forming Clay":3,"Dead Branch":29,"Velvet Choker":80,"The Courier":29,"PreservedInsect":88,"Pen Nib":93,"Omamori":10,"Letter Opener":62,"Orichalcum":10,"WarpedTongs":1,"Calling Bell":29,"Peace Pipe":62,"Strange Spoon":88}]},"card_choices":[{"not_picked":["Clash","Twin Strike"],"picked":"Fire Breathing","floor":1.0},{"not_picked":["Dark Embrace","Sever Soul"],"picked":"Rampage","floor":3.0},{"not_picked":["Cleave","Heavy Blade","Body Slam"],"picked":"SKIP","floor":6.0},{"not_picked":["True Grit","Body Slam"],"picked":"Spot Weakness","floor":8.0},{"not_picked":["Dual Wield","Iron Wave"],"picked":"Uppercut","floor":10.0},{"not_picked":["Clothesline","Heavy Blade","Iron Wave"],"picked":"SKIP","floor":12.0},{"not_picked":["Rupture","Havoc"],"picked":"Intimidate","floor":14},{"not_picked":["Berserk","Juggernaut"],"picked":"Impervious","floor":16},{"not_picked":["Warcry+1","Wild Strike"],"picked":"Shrug It Off","floor":18},{"not_picked":["Power Through+1","Spot Weakness+1"],"picked":"True Grit+1","floor":21},{"not_picked":["Havoc","Dual Wield+1","Combust"],"picked":"SKIP","floor":22},{"not_picked":["Twin Strike","Carnage"],"picked":"Metallicize","floor":24},{"not_picked":["Feel No Pain","Rage+1"],"picked":"Berserk","floor":25},{"not_picked":["Rampage","Twin Strike","Perfected Strike"],"picked":"SKIP","floor":31},{"not_picked":["Brutality","Bludgeon"],"picked":"Double Tap","floor":33},{"not_picked":["Carnage+1","Clash"],"picked":"Heavy Blade+1","floor":35},{"not_picked":["Pommel Strike+1","Battle Trance+1","Sentinel"],"picked":"SKIP","floor":37},{"not_picked":["Perfected Strike","Hemokinesis+1","Heavy Blade"],"picked":"Singing Bowl","floor":47},{"not_picked":["Pommel Strike+1","Heavy Blade","True Grit"],"picked":"Singing Bowl","floor":48}],"player_experience":489905,"relics_obtained":[{"floor":6.0,"key":"Self Forming Clay"},{"floor":8.0,"key":"Orichalcum"},{"floor":9.0,"key":"Omamori"},{"floor":10.0,"key":"Strawberry"},{"floor":17,"key":"Blood Vial"},{"floor":17,"key":"The Courier"},{"floor":17,"key":"Dead Branch"},{"floor":26,"key":"Letter Opener"},{"floor":29,"key":"Enchiridion"},{"floor":31,"key":"Boot"},{"floor":39,"key":"Happy Flower"},{"floor":43,"key":"Regal Pillow"},{"floor":47,"key":"Pen Nib"}],"event_choices":[{"damage_healed":0.0,"max_hp_gain":0.0,"max_hp_loss":0.0,"gold_gain":0.0,"event_name":"Accursed Blacksmith","player_choice":"Rummage","floor":2.0,"gold_loss":0.0,"damage_taken":0.0,"relics_obtained":["WarpedTongs"],"cards_obtained":["Pain"]},{"damage_healed":0.0,"max_hp_gain":0.0,"max_hp_loss":0.0,"gold_gain":0.0,"event_name":"betterThird:BetterGoop","player_choice":"Left","floor":5.0,"gold_loss":6.0,"damage_taken":0.0},{"damage_healed":0,"gold_gain":0,"player_choice":"Became a vampire (Vial)","damage_taken":0,"max_hp_gain":0,"max_hp_loss":0,"event_name":"Vampires","floor":19,"relics_lost":["Blood Vial"],"gold_loss":0,"cards_obtained":["Bite","Bite","Bite","Bite","Bite"]},{"damage_healed":0,"gold_gain":0,"player_choice":"","damage_taken":6,"max_hp_gain":0,"max_hp_loss":0,"event_name":"Knowing Skull","floor":20,"potions_obtained":[],"gold_loss":0,"cards_obtained":[]},{"damage_healed":0,"gold_gain":0,"player_choice":"Obtained Book","damage_taken":16,"max_hp_gain":0,"max_hp_loss":0,"event_name":"Cursed Tome","floor":29,"gold_loss":0},{"damage_healed":0,"gold_gain":0,"player_choice":"1 cards matched","damage_taken":0,"max_hp_gain":0,"max_hp_loss":0,"event_name":"Match and Keep!","floor":36,"gold_loss":0,"cards_obtained":["Bash"]},{"damage_healed":0,"gold_gain":999,"player_choice":"Gold","damage_taken":0,"max_hp_gain":0,"max_hp_loss":0,"event_name":"MindBloom","floor":38,"gold_loss":0,"cards_obtained":["Normality","Normality"]},{"cards_removed":["Fire Breathing"],"damage_healed":0,"gold_gain":0,"player_choice":"Removed Power","damage_taken":0,"max_hp_gain":0,"max_hp_loss":0,"event_name":"Falling","floor":44,"gold_loss":0}],"is_beta":false,"boss_relics":[{"not_picked":["SacredBark","Black Blood"],"picked":"Calling Bell"},{"not_picked":["SlaversCollar","Busted Crown"],"picked":"Velvet Choker"}],"items_purged_floors":[4,41],"is_endless":false,"potions_floor_spawned":[3,8,10,12,22,25,33,37],"ascension_level":10}}