{"host":"4par9lyhj7bf4dsa","time":1607986569,"event":{"mods":["AchievementEnabler","BaseMod","Colored Map","Minty Spire (QoL Compilation)","Relic Stats","StSLib"],"gold_per_floor":[117,117,134,209,220,247,247,207,289,301,83,103,103,114,114,193,193,162,176,176,101,101,101,101,101],"floor_reached":24,"playtime":772,"items_purged":[],"score":323,"play_id":"0fa7d8e9-9300-4695-800e-7ece79a1327e","local_time":"20201215095609","is_ascension_mode":true,"campfire_choices":[{"floor":7,"key":"REST"},{"data":"Footwork","floor":13,"key":"SMITH"},{"floor":15,"key":"REST"},{"floor":23,"key":"REST"}],"circlet_count":0,"master_deck":["AscendersBane","Strike_G","Strike_G","Defend_G","Defend_G","Defend_G","Defend_G","Defend_G","Survivor","Neutralize","Bane","Dagger Throw","Quick Slash","Footwork","Footwork+1","Noxious Fumes","After Image","Poisoned Stab","Footwork","Decay"],"relics":["Busted Crown","Bag of Marbles","Shuriken","Paper Crane","DollysMirror","Empty Cage"],"acts_visited":["Exordium","TheCity"],"potions_floor_usage":[19],"damage_taken":[{"damage":2,"enemies":"Small Slimes","floor":1,"turns":5},{"damage":7,"enemies":"Jaw Worm","floor":3,"turns":4},{"damage":0,"enemies":"Cultist","floor":5,"turns":4},{"damage":28,"enemies":"Gremlin Nob","floor":6,"turns":5},{"damage":4,"enemies":"Exordium Thugs","floor":10,"turns":4},{"damage":3,"enemies":"Blue Slaver","floor":12,"turns":4},{"damage":4,"enemies":"2 Fungi Beasts","floor":14,"turns":4},{"damage":6,"enemies":"Slime Boss","floor":16,"turns":12},{"damage":15,"enemies":"2 Thieves","floor":18,"turns":5},{"damage":18,"enemies":"3 Byrds","floor":19,"turns":7},{"damage":0,"enemies":"Slavers","floor":24,"turns":1}],"seed_played":"-8691606785446753686","potions_obtained":[{"floor":5,"key":"Energy Potion"},{"floor":8,"key":"Weak Potion"},{"floor":8,"key":"LiquidMemories"}],"is_trial":false,"path_per_floor":["M","?","M","?","M","E","R","?","T","M","$","M","R","M","R","B",null,"M","M","?","?","?","R","E"],"character_chosen":"THE_SILENT","items_purchased":["Footwork","DollysMirror"],"campfire_rested":3,"item_purchase_floors":[11,11],"current_hp_per_floor":[61,54,47,36,36,8,29,29,29,25,25,22,22,18,39,33,61,46,28,28,28,19,40,40,40],"gold":101,"neow_bonus":"BOSS_RELIC","is_daily":false,"chose_seed":false,"campfire_upgraded":1,"win_rate":0.0,"timestamp":1607986569,"path_taken":["M","?","M","?","M","E","R","?","T","M","$","?","R","M","R","BOSS","M","M","?","?","?","R","E"],"items_purchased_type":["Card","Relic"],"build_version":"2020-12-13","purchased_purges":0,"victory":false,"max_hp_per_floor":[70,70,70,70,70,70,70,70,70,70,70,70,70,70,70,70,70,70,70,70,70,70,70,70,70],"relic_stats":{"Busted Crown":20,"counters":[11,55],"Shuriken":[13],"obtain_stats":[{"Busted Crown":0,"Shuriken":6,"DollysMirror":11,"Bag of Marbles":2,"Paper Crane":9,"Empty Cage":17,"Ring of the Snake":0},{"Busted Crown":0,"Shuriken":4,"DollysMirror":5,"Bag of Marbles":1,"Paper Crane":4,"Empty Cage":8,"Ring of the Snake":0},{"Busted Crown":0,"Shuriken":18,"DollysMirror":22,"Bag of Marbles":5,"Paper Crane":18,"Empty Cage":42,"Ring of the Snake":0}]},"card_choices":[{"not_picked":[],"picked":"Bane","floor":1},{"not_picked":[],"picked":"Dagger Throw","floor":3},{"not_picked":["Bane"],"picked":"SKIP","floor":5},{"not_picked":["Prepared"],"picked":"SKIP","floor":6},{"not_picked":[],"picked":"Quick Slash","floor":10},{"not_picked":[],"picked":"Noxious Fumes","floor":12},{"not_picked":["Flying Knee"],"picked":"SKIP","floor":14},{"not_picked":[],"picked":"After Image","floor":16},{"not_picked":[],"picked":"Poisoned Stab","floor":18},{"not_picked":[],"picked":"Footwork","floor":19}],"player_experience":871877,"relics_obtained":[{"floor":6,"key":"Shuriken"},{"floor":9,"key":"Paper Crane"}],"event_choices":[{"damage_healed":0,"gold_gain":0,"player_choice":"Success","damage_taken":7,"relics_obtained":["Bag of Marbles"],"max_hp_gain":0,"max_hp_loss":0,"event_name":"Scrap Ooze","floor":2,"gold_loss":0},{"damage_healed":0,"gold_gain":75,"player_choice":"Gather Gold","damage_taken":11,"max_hp_gain":0,"max_hp_loss":0,"event_name":"World of Goop","floor":4,"gold_loss":0},{"damage_healed":0,"gold_gain":0,"player_choice":"Bought 3 Potions","damage_taken":0,"max_hp_gain":0,"max_hp_loss":0,"event_name":"The Woman in Blue","floor":8,"gold_loss":0},{"damage_healed":0,"gold_gain":0,"player_choice":"Smashed Altar","damage_taken":0,"max_hp_gain":0,"max_hp_loss":0,"event_name":"Forgotten Altar","floor":20,"gold_loss":0,"cards_obtained":["Decay"]},{"cards_removed":["Strike_G"],"damage_healed":0,"gold_gain":0,"player_choice":"Gave Gold","damage_taken":0,"max_hp_gain":0,"max_hp_loss":0,"event_name":"Beggar","floor":21,"gold_loss":75},{"damage_healed":0,"gold_gain":0,"player_choice":"Stopped","damage_taken":9,"max_hp_gain":0,"max_hp_loss":0,"event_name":"Cursed Tome","floor":22,"gold_loss":0}],"is_beta":false,"boss_relics":[{"not_picked":["SacredBark","Sozu"],"picked":"Empty Cage"}],"items_purged_floors":[],"is_endless":false,"potions_floor_spawned":[5,14,16,18],"killed_by":"Slavers","ascension_level":13}}