{"host":"nn0usk9aafse27ii","time":1607974944,"event":{"mods":["BaseMod","Colored Map","Highlight Path","Minty Spire (QoL Compilation)","Shop Mod","StSLib","The Cursed"],"gold_per_floor":[119,119,138,148,167,167,199,199,245,245,264,281,281,291,291,390,390,406,406,416,93,104,203,203,203],"floor_reached":24,"playtime":2804,"items_purged":["TheCursedMod:VoidForm"],"score":200,"play_id":"27ca6f23-2f77-4e34-9c34-61380469e95c","local_time":"20201214114224","is_ascension_mode":false,"campfire_choices":[{"floor":6.0,"key":"REST"},{"floor":10.0,"key":"REST"},{"data":"Panache","floor":13.0,"key":"SMITH"},{"data":"TheCursedMod:SpreadPlague","floor":15.0,"key":"SMITH"}],"circlet_count":0,"master_deck":["TheCursedMod:CursedWand","TheCursedMod:CleanUpWorkshop","TheCursedMod:Dregs","Decay","Panache+1","TheCursedMod:SpitefulPlan","TheCursedMod:VoidForm","TheCursedMod:Stigma","TheCursedMod:CursedBoomerang","TheCursedMod:SpreadPlague+1","TheCursedMod:Torture","TheCursedMod:Mangle","TheCursedMod:StingEye","TheCursedMod:OutForBlood","TheCursedMod:Neurasthenia","TheCursedMod:StingEye","TheCursedMod:AbyssShockwave","TheCursedMod:CircleOfWindfury","TheCursedMod:SaltUponWound","TheCursedMod:TroublousMinions","TheCursedMod:HellsGateOpen","TheCursedMod:HellfireBreathing+1","TheCursedMod:SurpriseAttack"],"relics":["TheCursedMod:BlackMagic101","HornCleat","Regal Pillow","Pandora\u0027s Box","Nloth\u0027s Gift","Bottled Tornado"],"acts_visited":["Exordium","TheCity"],"potions_floor_usage":[24],"damage_taken":[{"damage":0.0,"enemies":"Small Slimes","floor":1.0,"turns":3.0},{"damage":0.0,"enemies":"2 Louse","floor":3.0,"turns":4.0},{"damage":10.0,"enemies":"Cultist","floor":4.0,"turns":4.0},{"damage":16.0,"enemies":"Blue Slaver","floor":5.0,"turns":4.0},{"damage":27.0,"enemies":"3 Sentries","floor":7.0,"turns":6.0},{"damage":17.0,"enemies":"3 Louse","floor":11.0,"turns":4.0},{"damage":5.0,"enemies":"Looter","floor":12.0,"turns":3.0},{"damage":12.0,"enemies":"Lots of Slimes","floor":14.0,"turns":3.0},{"damage":33.0,"enemies":"Slime Boss","floor":16.0,"turns":5.0},{"damage":8.0,"enemies":"2 Thieves","floor":18.0,"turns":3.0},{"damage":0.0,"enemies":"3 Byrds","floor":20.0,"turns":4.0},{"damage":15.0,"enemies":"Sentry and Sphere","floor":22.0,"turns":4.0},{"damage":57,"enemies":"Gremlin Leader","floor":24,"turns":6}],"seed_played":"-3637007939099802529","potions_obtained":[{"floor":1.0,"key":"Strength Potion"},{"floor":4.0,"key":"Energy Potion"},{"floor":11.0,"key":"SmokeBomb"},{"floor":14.0,"key":"PowerPotion"},{"floor":16.0,"key":"DuplicationPotion"},{"floor":22.0,"key":"Ancient Potion"}],"is_trial":false,"path_per_floor":["M","?","M","M","M","R","E","?","T","R","M","M","R","M","R","B",null,"M","?","M","$","M","?","E"],"character_chosen":"THE_CURSED","items_purchased":["Bottled Tornado"],"campfire_rested":2,"item_purchase_floors":[21],"current_hp_per_floor":[75,75,75,65,49,71,44,41,41,75,58,53,53,41,41,13,75,67,67,67,67,52,52,0,0],"gold":203,"neow_bonus":"RANDOM_COLORLESS_2","is_daily":false,"chose_seed":false,"campfire_upgraded":2,"win_rate":0.0,"timestamp":1607974944,"path_taken":["M","?","M","M","M","R","E","?","T","R","M","M","R","M","R","BOSS","M","?","?","$","M","?","E"],"items_purchased_type":["Relic"],"build_version":"2020-12-13","purchased_purges":1,"victory":false,"max_hp_per_floor":[75,75,75,75,75,75,75,75,75,75,75,75,75,75,75,75,75,75,75,75,75,75,75,75,75],"card_choices":[{"not_picked":["The Bomb","Thinking Ahead"],"picked":"Panache","floor":0.0},{"not_picked":["TheCursedMod:Obscuration","TheCursedMod:SurpriseAttack"],"picked":"TheCursedMod:SpitefulPlan","floor":1.0},{"not_picked":["TheCursedMod:VitalStrike","TheCursedMod:Wield"],"picked":"TheCursedMod:Stigma","floor":3.0},{"not_picked":["TheCursedMod:VitalStrike","TheCursedMod:CircleOfFlame"],"picked":"TheCursedMod:CursedBoomerang","floor":4.0},{"not_picked":["TheCursedMod:CursedBlade","TheCursedMod:SpitefulPlan"],"picked":"TheCursedMod:SpreadPlague","floor":5.0},{"not_picked":["TheCursedMod:CircleOfAmplification","TheCursedMod:CircleOfFlame"],"picked":"TheCursedMod:Torture","floor":7.0},{"not_picked":["TheCursedMod:ReleasedKnowledge","TheCursedMod:CircleOfWindfury"],"picked":"TheCursedMod:Mangle","floor":11.0},{"not_picked":["TheCursedMod:CircleOfFlame","TheCursedMod:PrepareRite","TheCursedMod:Stigma"],"picked":"SKIP","floor":12.0},{"not_picked":["TheCursedMod:Stigma","TheCursedMod:ShockAndAwe"],"picked":"TheCursedMod:StingEye","floor":14.0},{"not_picked":["TheCursedMod:ManaCirculation","TheCursedMod:ParallelWorld"],"picked":"TheCursedMod:OutForBlood","floor":16.0},{"not_picked":["TheCursedMod:SoulCrush","TheCursedMod:CircleOfWindfury"],"picked":"TheCursedMod:HellsGateOpen","floor":18.0},{"not_picked":["TheCursedMod:Stretching","TheCursedMod:PrepareRite"],"picked":"TheCursedMod:HellfireBreathing+1","floor":20.0},{"not_picked":["TheCursedMod:Stigma","TheCursedMod:Torture"],"picked":"TheCursedMod:SurpriseAttack","floor":22.0}],"player_experience":277890,"relics_obtained":[{"floor":7.0,"key":"HornCleat"},{"floor":9.0,"key":"Regal Pillow"}],"event_choices":[{"damage_healed":0.0,"max_hp_gain":0.0,"max_hp_loss":0.0,"gold_gain":0.0,"cards_transformed":["TheCursedMod:Strike_TheCursed"],"event_name":"Living Wall","player_choice":"Change","floor":2.0,"gold_loss":0.0,"damage_taken":0.0,"cards_obtained":["TheCursedMod:VoidForm"]},{"damage_healed":0.0,"max_hp_gain":0.0,"max_hp_loss":0.0,"gold_gain":0.0,"event_name":"Scrap Ooze","player_choice":"Success","floor":8.0,"gold_loss":0.0,"damage_taken":3.0,"relics_obtained":["Toy Ornithopter"]},{"damage_healed":0.0,"max_hp_gain":0.0,"max_hp_loss":0.0,"gold_gain":0.0,"event_name":"N\u0027loth","player_choice":"Traded Relic","floor":19.0,"relics_lost":["Toy Ornithopter"],"gold_loss":0.0,"damage_taken":0.0,"relics_obtained":["Nloth\u0027s Gift"]},{"damage_healed":0.0,"max_hp_gain":0.0,"max_hp_loss":0.0,"gold_gain":99.0,"event_name":"Nest","player_choice":"Stole From Cult","floor":23.0,"gold_loss":0.0,"damage_taken":0.0}],"is_beta":false,"boss_relics":[{"not_picked":["Coffee Dripper","Fusion Hammer"],"picked":"Pandora\u0027s Box"}],"items_purged_floors":[21],"is_endless":false,"potions_floor_spawned":[1,4,11,14,16,22],"killed_by":"Gremlin Leader","ascension_level":0}}