{"host":"9el4dfae55z5uwq4","time":1607929204,"event":{"mods":["BaseMod","Colored Map","Colored Powertips","Custom Start","DeckTracker","Lobotomy","Minty Spire (QoL Compilation)","StSLib","SuperFastMode"],"gold_per_floor":[111,111,111,125,125,125,157,172,172,172,40,59,77,89,89,161,161,179,179,229,36,46,46,46],"floor_reached":23,"playtime":450,"items_purged":["Writhe"],"score":432,"play_id":"2535e747-49f0-40c3-9754-232437dceccd","local_time":"20201214160004","is_ascension_mode":true,"campfire_choices":[{"data":"Pommel Strike","floor":6.0,"key":"SMITH"},{"data":"Perfected Strike","floor":10.0,"key":"SMITH"},{"data":"Disarm","floor":15.0,"key":"SMITH"}],"circlet_count":0,"master_deck":["AscendersBane","Strike_R","Strike_R","Strike_R","Strike_R","Strike_R","Defend_R","Defend_R","Defend_R+1","Iron Wave+1","Pommel Strike+1","Spot Weakness","Carnage","Perfected Strike+1","Disarm+1","Limit Break","Shrug It Off+1","Rage"],"relics":["Burning Blood","Kunai","The Courier","TheAbacus","Empty Cage","Girya","MealTicket"],"acts_visited":["Exordium","TheCity"],"potions_floor_usage":[22],"damage_taken":[{"damage":1.0,"enemies":"2 Louse","floor":1.0,"turns":4.0},{"damage":1.0,"enemies":"Small Slimes","floor":4.0,"turns":3.0},{"damage":0.0,"enemies":"Gremlin Nob","floor":7.0,"turns":2.0},{"damage":0.0,"enemies":"Cultist","floor":8.0,"turns":3.0},{"damage":7.0,"enemies":"Large Slime","floor":12.0,"turns":3.0},{"damage":1.0,"enemies":"3 Louse","floor":13.0,"turns":3.0},{"damage":13.0,"enemies":"Blue Slaver","floor":14.0,"turns":2.0},{"damage":23.0,"enemies":"Hexaghost","floor":16.0,"turns":12.0},{"damage":31,"enemies":"Chosen","floor":18,"turns":5},{"damage":30,"enemies":"3 Byrds","floor":22,"turns":7},{"damage":27,"enemies":"Slavers","floor":23,"turns":2}],"seed_played":"3187604236917187975","potions_obtained":[{"floor":3.0,"key":"ColorlessPotion"},{"floor":3.0,"key":"SneckoOil"},{"floor":4.0,"key":"FearPotion"},{"floor":12.0,"key":"SkillPotion"},{"floor":13.0,"key":"SteroidPotion"},{"floor":16.0,"key":"AttackPotion"}],"is_trial":false,"path_per_floor":["M","?","?","M","?","R","E","M","T","R","$","M","M","M","R","B",null,"M","?","?","$","M","E"],"character_chosen":"IRONCLAD","items_purchased":["TheAbacus","MealTicket"],"campfire_rested":0,"item_purchase_floors":[11,21],"current_hp_per_floor":[73,50,50,55,60,60,66,72,72,72,72,71,76,69,69,52,73,48,48,48,48,24,0,0],"gold":46,"neow_bonus":"THREE_CARDS","is_daily":false,"chose_seed":false,"campfire_upgraded":3,"win_rate":0.0,"timestamp":1607929204,"path_taken":["M","?","?","?","?","R","E","M","T","R","$","M","M","M","R","BOSS","M","?","?","$","M","E"],"items_purchased_type":["Relic","Relic"],"build_version":"2020-12-13","purchased_purges":1,"victory":false,"max_hp_per_floor":[75,75,75,75,80,80,80,80,80,80,80,80,80,80,80,80,80,80,80,80,80,80,80,80],"card_choices":[{"not_picked":["Second Wind","Clash"],"picked":"Iron Wave","floor":0.0},{"not_picked":["Anger","Cleave"],"picked":"Pommel Strike","floor":1.0},{"not_picked":["Flex","Clash"],"picked":"Spot Weakness","floor":4.0},{"not_picked":["Clash","Wild Strike"],"picked":"Carnage","floor":7.0},{"not_picked":["Flame Barrier","True Grit"],"picked":"Perfected Strike","floor":8.0},{"not_picked":["Intimidate","Warcry"],"picked":"Disarm","floor":12.0},{"not_picked":["Heavy Blade","Armaments","Havoc"],"picked":"SKIP","floor":13.0},{"not_picked":["Havoc","Thunderclap","Cleave"],"picked":"SKIP","floor":14.0},{"not_picked":["Berserk","Feed"],"picked":"Limit Break","floor":16.0},{"not_picked":["Iron Wave","Body Slam+1"],"picked":"Shrug It Off+1","floor":18},{"not_picked":["Armaments","Second Wind"],"picked":"Rage","floor":22}],"player_experience":1547090,"relics_obtained":[{"floor":7.0,"key":"Kunai"},{"floor":9.0,"key":"The Courier"}],"event_choices":[{"damage_healed":0.0,"max_hp_gain":0.0,"max_hp_loss":0.0,"gold_gain":0.0,"event_name":"Shining Light","player_choice":"Entered Light","floor":2.0,"gold_loss":0.0,"damage_taken":23.0,"cards_upgraded":["Iron Wave","Defend_R"]},{"damage_healed":0.0,"max_hp_gain":0.0,"max_hp_loss":0.0,"gold_gain":0.0,"event_name":"Lab","player_choice":"Got Potions","floor":3.0,"gold_loss":0.0,"damage_taken":0.0},{"damage_healed":0.0,"max_hp_gain":5.0,"max_hp_loss":0.0,"gold_gain":0.0,"event_name":"Big Fish","player_choice":"Donut","floor":5.0,"gold_loss":0.0,"damage_taken":0.0},{"damage_healed":0,"gold_gain":0,"player_choice":"Opened","damage_taken":0,"relics_obtained":["Girya"],"max_hp_gain":0,"max_hp_loss":0,"event_name":"The Mausoleum","floor":19,"gold_loss":0,"cards_obtained":["Writhe"]},{"damage_healed":0,"gold_gain":50,"player_choice":"Stole From Cult","damage_taken":0,"max_hp_gain":0,"max_hp_loss":0,"event_name":"Nest","floor":20,"gold_loss":0}],"is_beta":false,"boss_relics":[{"not_picked":["Black Star","Ectoplasm"],"picked":"Empty Cage"}],"items_purged_floors":[21],"is_endless":false,"potions_floor_spawned":[4,12,13,16],"killed_by":"Slavers","ascension_level":20}}