{"host":"njruw0b0uprlitpx","time":1607926019,"event":{"mods":["2.2 Compatiblity","AchievementEnabler","Aspiration","BaseMod","Block Reminder","Colored Map","Colored Powertips","Jedi Mod","Keyboard Shortcuts","Minty Spire (QoL Compilation)","Replay The Spire","Spicy Shops","StSLib","SuperFastMode","The Blackbeard","The Cursed","The Evolution"],"gold_per_floor":[113,124,136,4,4,4,38,51,51,51,69,17,17,29,29,134,134,144,144,144,158,171,171,171,202,202,51,51,70,70,88,88,190,240,253,267,296,313,588,588,635,635,717,103,118,135,135,182,182,197],"floor_reached":51,"playtime":2025,"items_purged":["Regret"],"score":856,"play_id":"61875b37-1658-4095-b7fd-c59e0a509e44","local_time":"20201214000659","is_ascension_mode":false,"campfire_choices":[{"data":"blackbeard:PiratesWill","floor":6,"key":"SMITH"},{"floor":10,"key":"REST"},{"floor":13,"key":"REST"},{"data":"blackbeard:BoostMorale","floor":15,"key":"SMITH"},{"floor":23,"key":"REST"},{"floor":28,"key":"REST"},{"floor":32,"key":"REST"},{"floor":40,"key":"RECALL"},{"floor":49,"key":"REST"}],"circlet_count":0,"master_deck":["blackbeard:IntimidatingStrike+1","blackbeard:Cutlass","blackbeard:Shrapnel","blackbeard:GoldenStrike","blackbeard:FieryDefense+1","blackbeard:PiratesWill+1","blackbeard:Rum","blackbeard:BlindAttacks","blackbeard:WiseDefense","blackbeard:BoostMorale+1","blackbeard:RearmingStrike","blackbeard:PowerHungry","blackbeard:GoldenDefense","blackbeard:InfiniteBarrage","blackbeard:Sharpening","blackbeard:GoldenDefense","blackbeard:Sword","blackbeard:Sword","blackbeard:Sword","blackbeard:Spear","blackbeard:CatONineTails+1","blackbeard:MegaUpgrade","blackbeard:BeatUp","blackbeard:BeatUp+1","Pot Of Greed","Pot Of Greed","Pot Of Greed","blackbeard:Provisioning","blackbeard:GoldenCannonball","blackbeard:GoldenCannonball","blackbeard:TerrorOfTheSeas+1","blackbeard:DangerousBlow","blackbeard:PirateStrength","blackbeard:Revenge+1","blackbeard:GhostInTheRum+1","blackbeard:BuriedTreasure","blackbeard:FinalBarrage","blackbeard:PirateHook","Pot Of Greed","blackbeard:DelayedPain+1","blackbeard:GoldenStrike+1","blackbeard:GoldenRain","jedi:forcepush","Thinking Ahead","blackbeard:Provisioning+1","blackbeard:AgileStrike+1","blackbeard:CaptainsCabin"],"relics":["blackbeard:LoadTheCannons","NeowsBlessing","Orichalcum","Bottled Flame","Replay:Grab Bag","ReplayTheSpireMod:DimensionalGlitch","Fusion Hammer","aspiration:IroncladSkillbook","Pandora\u0027s Box","Pantograph","CaptainsWheel","ReplayTheSpireMod:Lightbulb","Grinning Jar","Tiny House","Chameleon Ring","jedi:Pinwheel","ReplayTheSpireMod:Ninjato"],"acts_visited":["Exordium","TheCity","TheBeyond"],"potions_floor_usage":[11,16,29,31,33,33,33,35,35,37,41,47,48,50,50,50,50,50,50],"damage_taken":[{"damage":0,"enemies":"Cultist","floor":1,"turns":1},{"damage":0,"enemies":"Small Slimes","floor":2,"turns":1},{"damage":0,"enemies":"2 Louse","floor":3,"turns":1},{"damage":33,"enemies":"Gremlin Nob","floor":7,"turns":5},{"damage":0,"enemies":"2 Fungi Beasts","floor":8,"turns":3},{"damage":2,"enemies":"Exordium Thugs","floor":11,"turns":4},{"damage":0,"enemies":"Large Slime","floor":14,"turns":5},{"damage":4,"enemies":"Hexaghost","floor":16,"turns":11},{"damage":4,"enemies":"Shell Parasite","floor":18,"turns":4},{"damage":0,"enemies":"Chosen","floor":21,"turns":3},{"damage":7,"enemies":"Centurion and Healer","floor":22,"turns":5},{"damage":0,"enemies":"Replay:Snechameleon","floor":25,"turns":4},{"damage":9,"enemies":"Snake Plant","floor":29,"turns":3},{"damage":0,"enemies":"Cultist and Chosen","floor":31,"turns":3},{"damage":16,"enemies":"Collector","floor":33,"turns":7},{"damage":0,"enemies":"3 Darklings","floor":35,"turns":3},{"damage":5,"enemies":"Orb Walker","floor":36,"turns":3},{"damage":0,"enemies":"3 Darklings","floor":37,"turns":4},{"damage":0,"enemies":"Maw","floor":38,"turns":4},{"damage":0,"enemies":"Nemesis","floor":41,"turns":3},{"damage":0,"enemies":"Transient","floor":45,"turns":5},{"damage":12,"enemies":"Spire Growth","floor":46,"turns":3},{"damage":0,"enemies":"Writhing Mass","floor":47,"turns":1},{"damage":7,"enemies":"Giant Head","floor":48,"turns":3},{"damage":33,"enemies":"Awakened One","floor":50,"turns":7}],"seed_played":"-2314208064789365834","potions_obtained":[{"floor":3,"key":"jedi:tentaclejuice"},{"floor":7,"key":"BlessingOfTheForge"},{"floor":16,"key":"BlessingOfTheForge"},{"floor":21,"key":"Strength Potion"},{"floor":31,"key":"SmokeBomb"},{"floor":34,"key":"Dexterity Potion"},{"floor":41,"key":"AttackPotion"},{"floor":48,"key":"Cursed Concoction"}],"is_trial":false,"path_per_floor":["M","M","M","$","?","R","E","M","T","R","M","$","R","M","R","B",null,"M","?","?","M","M","R","?","E","T","$","R","M","?","M","R","B",null,"M","M","M","M","?","R","E","R","T","$","M","M","M","E","R","B",null],"character_chosen":"BLACKBEARD_CLASS","items_purchased":["blackbeard:PiratesWill","blackbeard:Rum","blackbeard:RearmingStrike","blackbeard:Provisioning","blackbeard:GoldenCannonball","blackbeard:GoldenStrike+1","blackbeard:GoldenRain","DuplicationPotion","jedi:forcepush","Thinking Ahead"],"campfire_rested":6,"item_purchase_floors":[4,4,12,27,27,44,44,44,44,44],"current_hp_per_floor":[75,75,75,75,60,60,27,27,27,49,47,47,69,69,69,65,75,73,73,73,75,70,75,64,66,66,66,75,68,68,70,75,61,80,80,77,79,80,80,80,80,80,80,80,80,70,72,67,80,49],"gold":197,"neow_bonus":"THREE_ENEMY_KILL","is_daily":false,"chose_seed":false,"campfire_upgraded":2,"win_rate":0.0,"timestamp":1607926019,"path_taken":["M","M","?","$","?","R","E","M","T","R","M","$","R","M","R","BOSS","M","?","?","?","M","R","?","E","T","$","R","M","?","M","R","BOSS","M","M","M","?","?","R","E","R","T","$","?","M","M","E","R","BOSS"],"items_purchased_type":["Card","Card","Card","Card","Card","Card","Card","Potion","Card","Card"],"build_version":"2020-12-13","purchased_purges":1,"victory":true,"max_hp_per_floor":[75,75,75,75,75,75,75,75,75,75,75,75,75,75,75,75,75,75,75,75,75,75,75,75,75,75,75,75,75,75,75,75,75,80,80,80,80,80,80,80,80,80,80,80,80,80,80,80,80,80],"card_choices":[{"not_picked":["blackbeard:TacticalRetreat","blackbeard:BuriedTreasure"],"picked":"blackbeard:Shrapnel","floor":1},{"not_picked":["blackbeard:CloakAndCannonball","blackbeard:BuriedTreasure"],"picked":"blackbeard:GoldenStrike","floor":2},{"not_picked":["blackbeard:Sharpening","blackbeard:Scrap"],"picked":"blackbeard:FieryDefense","floor":3},{"not_picked":["blackbeard:PirateEarring","blackbeard:WiseDefense"],"picked":"blackbeard:BlindAttacks","floor":7},{"not_picked":["blackbeard:PiratesWill","blackbeard:WeaponProficiency"],"picked":"blackbeard:WiseDefense","floor":8},{"not_picked":["blackbeard:Dagger","blackbeard:PiratesWill"],"picked":"blackbeard:BoostMorale","floor":11},{"not_picked":["blackbeard:DeadlyArsenal","blackbeard:Sharpening","blackbeard:RearmingStrike"],"picked":"SKIP","floor":14},{"not_picked":["blackbeard:BoostMorale","blackbeard:MegaUpgrade"],"picked":"blackbeard:PowerHungry","floor":16},{"not_picked":["blackbeard:DeadlyArsenal","blackbeard:CloakAndCannonball","blackbeard:BlindAttacks"],"picked":"blackbeard:CatONineTails+1","floor":18},{"not_picked":["blackbeard:RearmingStrike","blackbeard:FieryDefense","blackbeard:Sword"],"picked":"blackbeard:MegaUpgrade","floor":21},{"not_picked":["blackbeard:PirateEarring","blackbeard:SmithingHammer","blackbeard:FieryDefense"],"picked":"blackbeard:BeatUp","floor":22},{"not_picked":["blackbeard:Revenge","blackbeard:TacticalRetreat","blackbeard:GoldenRain"],"picked":"blackbeard:BeatUp+1","floor":25},{"not_picked":["blackbeard:PowderKeg","blackbeard:WiseDefense","blackbeard:Shrapnel+1"],"picked":"blackbeard:TerrorOfTheSeas+1","floor":29},{"not_picked":["blackbeard:Spear","blackbeard:Sharpening","blackbeard:GoldenDefense+1"],"picked":"blackbeard:DangerousBlow","floor":31},{"not_picked":["blackbeard:Murder","blackbeard:Salvager","blackbeard:PowerHungry"],"picked":"blackbeard:PirateStrength","floor":33},{"not_picked":["blackbeard:Sword+1","blackbeard:Upgrade","blackbeard:DangerousBlow+1"],"picked":"blackbeard:Revenge+1","floor":34},{"not_picked":["blackbeard:Fencing+1","blackbeard:Sword","blackbeard:Anchor+1"],"picked":"blackbeard:GhostInTheRum+1","floor":35},{"not_picked":["blackbeard:GoldenDefense","blackbeard:Fencing+1","blackbeard:Scrap+1"],"picked":"blackbeard:BuriedTreasure","floor":36},{"not_picked":["blackbeard:BlindAttacks+1","blackbeard:Spear","blackbeard:BeatUp"],"picked":"blackbeard:FinalBarrage","floor":37},{"not_picked":["blackbeard:BeatUp","blackbeard:Eyepatch","blackbeard:Dagger+1"],"picked":"blackbeard:PirateHook","floor":38},{"not_picked":["blackbeard:Bandana","blackbeard:Rum+1","blackbeard:BlindAttacks"],"picked":"blackbeard:DelayedPain+1","floor":41},{"not_picked":["blackbeard:Sword+1","blackbeard:ArmorUp","blackbeard:Revenge+1"],"picked":"blackbeard:Provisioning+1","floor":45},{"not_picked":["blackbeard:Scrap","blackbeard:CatONineTails","blackbeard:WiseDefense"],"picked":"blackbeard:AgileStrike+1","floor":46},{"not_picked":["blackbeard:DelayedPain+1","blackbeard:GoldenDefense","blackbeard:ChaoticDefense"],"picked":"blackbeard:CaptainsCabin","floor":48}],"player_experience":1065640,"relics_obtained":[{"floor":7,"key":"Orichalcum"},{"floor":9,"key":"Bottled Flame"},{"floor":25,"key":"ReplayTheSpireMod:Lightbulb"},{"floor":26,"key":"Grinning Jar"},{"floor":41,"key":"Chameleon Ring"},{"floor":43,"key":"jedi:Pinwheel"},{"floor":48,"key":"ReplayTheSpireMod:Ninjato"}],"event_choices":[{"damage_healed":0,"gold_gain":0,"player_choice":"Entered Light","damage_taken":15,"max_hp_gain":0,"max_hp_loss":0,"event_name":"Shining Light","floor":5,"gold_loss":0,"cards_upgraded":["blackbeard:BlackbeardDefend","blackbeard:FieryDefense"]},{"damage_healed":0,"gold_gain":0,"player_choice":"Ignored","damage_taken":0,"max_hp_gain":0,"max_hp_loss":0,"event_name":"Ghosts","floor":19,"gold_loss":0},{"damage_healed":0,"gold_gain":0,"player_choice":"CaptainsWheel","damage_taken":0,"relics_obtained":["CaptainsWheel"],"max_hp_gain":0,"max_hp_loss":0,"event_name":"blackbeard:ShipwreckEvent","floor":24,"gold_loss":0},{"damage_healed":0,"gold_gain":0,"player_choice":"Ignored","damage_taken":0,"max_hp_gain":0,"max_hp_loss":0,"event_name":"NoteForYourself","floor":30,"gold_loss":0},{"damage_healed":0,"gold_gain":275,"player_choice":"Desecrate","damage_taken":0,"max_hp_gain":0,"max_hp_loss":0,"event_name":"Golden Shrine","floor":39,"gold_loss":0,"cards_obtained":["Regret"]}],"is_beta":false,"boss_relics":[{"not_picked":["Snecko Eye","aspiration:FutureDiary"],"picked":"Replay:Grab Bag"},{"not_picked":["Replay:Wanted Poster","ReplayTheSpireMod:Onyx Gauntlets"],"picked":"ReplayTheSpireMod:DimensionalGlitch"},{"not_picked":["Busted Crown","jedi:battlestandard"],"picked":"Fusion Hammer"},{"not_picked":["Empty Cage","aspiration:SilentSkillbook"],"picked":"aspiration:IroncladSkillbook"},{"not_picked":["Kintsugi","Calling Bell"],"picked":"Pandora\u0027s Box"},{"not_picked":["aspiration:RitualDagger","Painkiller Herb"],"picked":"Tiny House"}],"items_purged_floors":[44],"is_endless":false,"potions_floor_spawned":[3,7,16,21,31,37,38,41,48],"ascension_level":0}}