{"host":"bsqaowxr2lcqjse6","time":1607944290,"event":{"mods":["Act Like it!","Aspiration","BaseMod","Beaked The Cultist","Better Altar","Better Match","Better Note","Better Third Choice","BetterRewards","Block Reminder","Colored Map","Colored Powertips","Conspire","DeckTracker","Downfall","Elementarium","Energized Spire","GifTheSpireLib","GungeonMod","Hubris","Hunter ??","Infinite Spire","Jorbs\u0027s Wanderer Trilogy","Minty Spire (QoL Compilation)","Rare Cards Sparkle","Relic Stats","Replay The Spire","Shade Mod","Shop Mod","Spicy Shops","StSLib","Stuff the Spire","Td1madao Mod","Transform Curses","Wandering Minibosses"],"gold_per_floor":[111,124,199,212,212,241,241,255,255,255,268,300,300,312,312,408,408,394,94,30,50,68,100,120,131,213,213,254,254,304,304,304],"floor_reached":31,"playtime":1872,"items_purged":[],"score":385,"play_id":"ea3824e1-efd4-410a-b893-8cc4a0cfc520","local_time":"20201214221130","is_ascension_mode":true,"campfire_choices":[{"data":"beaked:Evade","floor":7,"key":"SMITH"},{"data":"infinitespire:Collect","floor":13,"key":"SMITH"},{"data":"beaked:Overpower","floor":15,"key":"SMITH"},{"data":"beaked:BraceForImpact","floor":29,"key":"SMITH"}],"circlet_count":0,"master_deck":["beaked:Strike_Y","beaked:Strike_Y","beaked:Strike_Y","beaked:Strike_Y","beaked:Strike_Y","beaked:Strike_Y","beaked:Defend_Y","beaked:Defend_Y","beaked:Defend_Y","beaked:Defend_Y","beaked:Ceremony","beaked:Ceremony","beaked:Ceremony","beaked:BraceForImpact","beaked:Evade+1","beaked:Evade","infinitespire:Collect+1","beaked:BraceForImpact","beaked:FeelMyPain","beaked:Overpower+1","beaked:Foresight","beaked:Insight","beaked:DigDeep","beaked:MaddeningMurmurs+1","beaked:BraceForImpact+1","infinitespire:NeuralNetwork","beaked:Foresight"],"relics":["beaked:MendingPlumage","FaceOfCleric","CultistMask","DemoMod:PoisonVial","Blood Vial","hubris:OldNail","DemoMod:JetPack","SlaversCollar","StuffTheSpire:DarkSteelAnvil","Regal Pillow","aspiration:TomeofQuesting","infinitespire:WardingShard","Gremlin Horn"],"acts_visited":["Exordium","TheCity"],"potions_floor_usage":[6,12,25,31,31],"damage_taken":[{"damage":9.0,"enemies":"2 Louse","floor":1.0,"turns":4.0},{"damage":9.0,"enemies":"Cultist","floor":2.0,"turns":4.0},{"damage":11.0,"enemies":"Jaw Worm","floor":4.0,"turns":5.0},{"damage":34,"enemies":"Gremlin Nob","floor":6,"turns":5},{"damage":28,"enemies":"Lots of Slimes","floor":8,"turns":18},{"damage":26,"enemies":"Exordium Thugs","floor":11,"turns":6},{"damage":16,"enemies":"Lagavulin","floor":12,"turns":6},{"damage":14,"enemies":"3 Louse","floor":14,"turns":5},{"damage":60,"enemies":"Hexaghost","floor":16,"turns":6},{"damage":26,"enemies":"2 Thieves","floor":18,"turns":4},{"damage":34,"enemies":"Spheric Guardian","floor":21,"turns":6},{"damage":12,"enemies":"conspire:HollyBat","floor":22,"turns":7},{"damage":96,"enemies":"conspire:SneckoGhost","floor":23,"turns":10},{"damage":24,"enemies":"3 Cultists","floor":24,"turns":5},{"damage":49,"enemies":"Centurion and Healer","floor":25,"turns":10},{"damage":52,"enemies":"conspire:MimicChest","floor":28,"turns":9},{"damage":52,"enemies":"Gremlin Leader","floor":31,"turns":3}],"seed_played":"7403451521262092084","potions_obtained":[{"floor":1.0,"key":"Strength Potion"},{"floor":8,"key":"Dexterity Potion"},{"floor":11,"key":"FearPotion"},{"floor":14,"key":"GamblersBrew"},{"floor":21,"key":"SteroidPotion"},{"floor":23,"key":"Strength Potion"}],"is_trial":false,"path_per_floor":["M","M","?","M","?","E","R","M","T","AVR","M","E","R","M","R","B",null,"M","$","?","M","M","E","M","M","T","AVR","?","R","?","E"],"character_chosen":"BEAKED_THE_CULTIST","items_purchased":["StuffTheSpire:DarkSteelAnvil"],"campfire_rested":0,"item_purchase_floors":[19],"current_hp_per_floor":[47,46,35,40,40,21,21,44,44,44,46,46,46,52,52,19,56,40,40,40,37,57,9,15,25,25,25,30,30,30,0,0],"gold":304,"neow_bonus":"","is_daily":false,"chose_seed":false,"campfire_upgraded":4,"win_rate":0.0,"timestamp":1607944290,"path_taken":["M","M","?","M","?","E","R","M","T","AVR","M","E","R","M","R","BOSS","M","$","?","?","M","E","?","M","T","AVR","?","R","?","E"],"items_purchased_type":["Relic"],"build_version":"2020-12-13","purchased_purges":0,"victory":false,"max_hp_per_floor":[50,50,50,50,50,51,51,52,52,52,53,54,54,55,55,56,56,57,57,57,58,59,60,61,62,62,62,63,63,63,63,63],"relic_stats":{"Blood Vial":22,"Regal Pillow":0,"FaceOfCleric":13,"Gremlin Horn":[2,2],"counters":[28,160],"obtain_stats":[{"Regal Pillow":20,"Replay:PocketPolymizer":13,"NeowsBlessing":0,"DemoMod:PoisonVial":6,"Gremlin Horn":28,"aspiration:TomeofQuesting":23,"DemoMod:GlassGuonStoneRelic":1,"energizedSpire:OgreHead":17,"Pet Ghost":3,"Blood Vial":9,"SlaversCollar":17,"FaceOfCleric":5,"infinitespire:WardingShard":26,"Shuriken":8,"StuffTheSpire:DarkSteelAnvil":19,"CultistMask":5,"beaked:MendingPlumage":0,"Mirror":9,"hubris:OldNail":10,"DemoMod:JetPack":12},{"Regal Pillow":21,"Replay:PocketPolymizer":7,"NeowsBlessing":0,"DemoMod:PoisonVial":15,"Gremlin Horn":27,"aspiration:TomeofQuesting":24,"DemoMod:GlassGuonStoneRelic":1,"energizedSpire:OgreHead":9,"Pet Ghost":1,"Blood Vial":16,"SlaversCollar":20,"FaceOfCleric":14,"infinitespire:WardingShard":26,"Shuriken":4,"StuffTheSpire:DarkSteelAnvil":21,"CultistMask":14,"beaked:MendingPlumage":0,"Mirror":4,"hubris:OldNail":16,"DemoMod:JetPack":18},{"Regal Pillow":110,"Replay:PocketPolymizer":21,"NeowsBlessing":0,"DemoMod:PoisonVial":65,"Gremlin Horn":157,"aspiration:TomeofQuesting":133,"DemoMod:GlassGuonStoneRelic":1,"energizedSpire:OgreHead":38,"Pet Ghost":1,"Blood Vial":83,"SlaversCollar":106,"FaceOfCleric":60,"infinitespire:WardingShard":148,"Shuriken":8,"StuffTheSpire:DarkSteelAnvil":110,"CultistMask":60,"beaked:MendingPlumage":0,"Mirror":8,"hubris:OldNail":83,"DemoMod:JetPack":95}]},"card_choices":[{"not_picked":["beaked:Daydream","beaked:DesperateSwing"],"picked":"beaked:BraceForImpact","floor":1.0},{"not_picked":["beaked:Redirect","beaked:Poke"],"picked":"beaked:Evade","floor":2.0},{"not_picked":["beaked:Resilience","beaked:Windmill","beaked:Daydream"],"picked":"SKIP","floor":4.0},{"not_picked":["beaked:Replenish","beaked:BarbedWire","beaked:Roost"],"picked":"SKIP","floor":6},{"not_picked":["beaked:Replenish","beaked:Redirect"],"picked":"beaked:Evade","floor":8},{"not_picked":["beaked:Negation","beaked:Tradeoff"],"picked":"beaked:BraceForImpact","floor":11},{"not_picked":["beaked:Devastation","beaked:Overpower"],"picked":"beaked:FeelMyPain","floor":12},{"not_picked":["beaked:MimicMachine","beaked:Tweet"],"picked":"beaked:Overpower","floor":14},{"not_picked":["beaked:FeelMyPain","beaked:BraceForImpact"],"picked":"beaked:Foresight","floor":18},{"not_picked":["beaked:RuinSticks+1","beaked:Tweet"],"picked":"beaked:Insight","floor":21},{"not_picked":["beaked:Insight","beaked:FeelMyPain"],"picked":"beaked:DigDeep","floor":22},{"not_picked":["beaked:Windmill+1","beaked:Brainwash","ReplayTheSpireMod:Wings of Steel"],"picked":"SKIP","floor":23},{"not_picked":["beaked:SurvivalInstinct","beaked:Brace"],"picked":"beaked:MaddeningMurmurs+1","floor":24},{"not_picked":["beaked:Flinch","beaked:Replenish"],"picked":"beaked:BraceForImpact","floor":25},{"not_picked":["beaked:Cower+1","beaked:BounceBack"],"picked":"beaked:Foresight","floor":28}],"player_experience":582484,"relics_obtained":[{"floor":6,"key":"DemoMod:PoisonVial"},{"floor":9,"key":"Blood Vial"},{"floor":12,"key":"DemoMod:JetPack"},{"floor":23,"key":"aspiration:TomeofQuesting"},{"floor":26,"key":"infinitespire:WardingShard"},{"floor":28,"key":"Gremlin Horn"}],"event_choices":[{"damage_healed":0.0,"max_hp_gain":0.0,"max_hp_loss":0.0,"gold_gain":75.0,"event_name":"betterThird:BetterGoop","player_choice":"Gold","floor":3.0,"gold_loss":0.0,"damage_taken":11.0},{"damage_healed":0.0,"max_hp_gain":0.0,"max_hp_loss":0.0,"gold_gain":0.0,"event_name":"FaceTrader","player_choice":"Trade","floor":5.0,"gold_loss":0.0,"damage_taken":0.0,"relics_obtained":["FaceOfCleric"]},{"damage_healed":0,"gold_gain":0,"player_choice":"Paid Gold","damage_taken":0,"relics_obtained":["Regal Pillow"],"max_hp_gain":0,"max_hp_loss":0,"event_name":"WeMeetAgain","floor":20,"gold_loss":64},{"damage_healed":0,"gold_gain":100,"player_choice":"Bet on Murderer","damage_taken":0,"max_hp_gain":0,"max_hp_loss":0,"event_name":"The Joust","floor":30,"gold_loss":50}],"is_beta":false,"boss_relics":[{"not_picked":["Sozu","ReplayTheSpireMod:DimensionalGlitch"],"picked":"SlaversCollar"}],"items_purged_floors":[],"is_endless":false,"potions_floor_spawned":[1,8,11,14,21,22,23,24],"killed_by":"Gremlin Leader","ascension_level":1}}