{"host":"mrc3cf8wjlkkqes7","time":1607933193,"event":{"mods":["BaseMod","Downfall","Hermit","Infinite Spire","Minty Spire (QoL Compilation)","Replay The Spire","StSLib","The Cursed","The Servant 0.9.4"],"gold_per_floor":[99,125,125,158,83,111,111,128,128,139,153,153,164,5,21,118,118,118,118,118,132,166,186,186,36,36,36,50,62,54,54,73,174,224,224,224,239,264,281,312,312,312,338,338,5,18,34,52,71,71,71,101,27,27,27],"floor_reached":56,"playtime":5462,"items_purged":["Guardian:Strike_Guardian","Slimebound:Tackle+1","Shame"],"score":1472,"play_id":"b77c9aee-ee40-4c92-84aa-d895b3bc14bc","local_time":"20201214020633","is_ascension_mode":false,"campfire_choices":[{"floor":1,"key":"RECALL"},{"data":"Guardian:TwinSlam","floor":5,"key":"SMITH"},{"data":"Guardian:Incinerate","floor":9,"key":"SMITH"},{"floor":18,"key":"DIG"},{"data":"Guardian:SentryBeam","floor":25,"key":"SMITH"},{"floor":27,"key":"REST"},{"data":"Guardian:BaubleBeam","floor":35,"key":"SMITH"},{"data":"Guardian:ArmoredProtocol","floor":44,"key":"SMITH"},{"floor":54,"key":"REST"}],"circlet_count":0,"master_deck":["Guardian:Defend_Guardian","Guardian:Defend_Guardian+1","Guardian:Defend_Guardian","Guardian:Defend_Guardian","Guardian:CurlUp+1","Guardian:TwinSlam+1","Guardian:Incinerate+1","Guardian:ChargeCore","Guardian:FloatingOrbs+1","Guardian:PiercingHide+1","Guardian:SentryBeam+1","Guardian:PrimingBeam","Guardian:PrismaticBeam","Guardian:StasisStrike+1","Guardian:Clone","Guardian:RollAttack","infinitespire:Execution","Guardian:ArmoredProtocol+1","Guardian:PrimingBeam","Slimebound:Tackle+1","Guardian:CrystalBeam","Guardian:BaubleBeam+1","Guardian:PiercingHide+1","Guardian:SentryBeam","expansioncontent:AwakenDeath","Guardian:GuardianWhirl","Guardian:Incinerate","Guardian:MultiBeam","Guardian:TemporalStrike+1","Guardian:Incinerate","Guardian:TemporalStrike"],"relics":["Guardian:ModeShifter","downfall:HeartsMalice","Vajra","Art of War","downfall:HeartBlessingRed","infinitespire:BottledMercury","infinitespire:CheckeredPen","War Paint","ChewingGum","infinitespire:Bottled Soul","Blood Vial","Dream Catcher","downfall:HeartBlessingGreen","downfall:HeartBlessingBlue","ClockworkSouvenir","Philosopher\u0027s Stone","Pet Ghost","Bag of Preparation","Tiny House","Oddly Smooth Stone","Bronze Scales","Dead Branch","Divine Protection","Lantern","Guide Book","ReplayTheSpireMod:TigerMarble"],"acts_visited":["Exordium","TheCity","TheBeyond","TheEnding"],"potions_floor_usage":[13,14,22,29,33,38,50,55],"damage_taken":[{"damage":0,"enemies":"Lagavulin","floor":2,"turns":1},{"damage":0,"enemies":"2 Louse","floor":3,"turns":1},{"damage":0,"enemies":"Gremlin Nob","floor":4,"turns":1},{"damage":13,"enemies":"3 Sentries","floor":6,"turns":6},{"damage":11,"enemies":"Jaw Worm","floor":8,"turns":2},{"damage":0,"enemies":"Small Slimes","floor":10,"turns":2},{"damage":0,"enemies":"3 Louse","floor":11,"turns":2},{"damage":0,"enemies":"2 Fungi Beasts","floor":13,"turns":2},{"damage":0,"enemies":"downfall:FleeingMerchant","floor":14,"turns":4},{"damage":0,"enemies":"Blue Slaver","floor":15,"turns":2},{"damage":19,"enemies":"downfall:Defect","floor":16,"turns":5},{"damage":0,"enemies":"Chosen","floor":20,"turns":1},{"damage":15,"enemies":"Centurion and Healer","floor":21,"turns":4},{"damage":13,"enemies":"Book of Stabbing","floor":22,"turns":5},{"damage":5,"enemies":"Sentry and Sphere","floor":23,"turns":3},{"damage":0,"enemies":"Snake Plant","floor":28,"turns":2},{"damage":14,"enemies":"Shelled Parasite and Fungi","floor":29,"turns":4},{"damage":0,"enemies":"downfall:FleeingMerchant","floor":30,"turns":4},{"damage":1,"enemies":"3 Cultists","floor":32,"turns":4},{"damage":3,"enemies":"downfall:Silent","floor":33,"turns":6},{"damage":7,"enemies":"3 Darklings","floor":37,"turns":3},{"damage":2,"enemies":"Nemesis","floor":38,"turns":5},{"damage":7,"enemies":"3 Shapes","floor":39,"turns":3},{"damage":0,"enemies":"R_Hoarder","floor":40,"turns":5},{"damage":0,"enemies":"Spire Growth","floor":46,"turns":3},{"damage":0,"enemies":"Transient","floor":47,"turns":5},{"damage":0,"enemies":"Maw","floor":48,"turns":3},{"damage":0,"enemies":"Spire Growth","floor":49,"turns":2},{"damage":0,"enemies":"downfall:Ironclad","floor":50,"turns":4},{"damage":46,"enemies":"downfall:CharBossMerchant","floor":52,"turns":10},{"damage":0,"enemies":"downfall:NeowBoss","floor":55,"turns":19}],"seed_played":"1476537291525466360","potions_obtained":[{"floor":4,"key":"Venom Potion"},{"floor":10,"key":"champ:CounterPotion"},{"floor":11,"key":"Milkshake"},{"floor":15,"key":"Death Potion"},{"floor":16,"key":"Guardian:StasisDiscoveryPotion"},{"floor":21,"key":"PowerPotion"},{"floor":22,"key":"Guardian:BlockOnCardUsePotion"},{"floor":32,"key":"sneckomod:MuddlingPotion"},{"floor":33,"key":"SkillPotion"},{"floor":34,"key":"Guardian:DefensiveModePotion"},{"floor":38,"key":"Cursed Concoction"},{"floor":40,"key":"Adrenaline Potion"},{"floor":48,"key":"Toxic Potion"}],"is_trial":false,"path_per_floor":["R","E","M","E","R","E","T","M","R","M","M","?","M","$","M","B",null,"R","?","M","M","E","M","T","R","AVR","R","M","M","$","?","M","B",null,"R","AVR","M","E","M","E","T","?","T","R","?","M","M","M","M","B",null,"E","$","R","B",null],"character_chosen":"GUARDIAN","items_purchased":["War Paint","Pet Ghost","Guardian:PrimingBeam","Bag of Preparation","Guardian:SentryBeam","Guardian:Gem_Lightblue","expansioncontent:AwakenDeath","Guardian:GuardianWhirl","Guardian:Gem_Cyan","Guardian:Incinerate"],"campfire_rested":2,"item_purchase_floors":[14,30,30,30,45,45,45,45,53,53],"current_hp_per_floor":[80,80,80,80,80,67,67,56,56,56,56,56,56,56,56,37,80,80,80,80,65,54,51,51,61,61,88,90,76,78,78,79,78,95,95,95,88,88,83,85,85,85,85,85,85,87,89,91,93,95,95,49,49,77,79],"gold":27,"neow_bonus":"THREE_ENEMY_KILL","is_daily":false,"chose_seed":false,"campfire_upgraded":5,"win_rate":0.0,"timestamp":1607933193,"path_taken":["R","E","M","E","R","E","T","M","R","M","M","?","M","$","M","BOSS","R","?","M","M","E","M","T","R","AVR","R","M","M","$","?","M","BOSS","R","AVR","M","E","M","E","T","?","?","R","?","M","M","M","M","BOSS","E","$","R","BOSS"],"items_purchased_type":["Relic","Relic","Card","Relic","Card","Card","Card","Card","Card","Card"],"build_version":"2020-12-13","purchased_purges":3,"victory":true,"max_hp_per_floor":[80,80,80,80,80,80,80,80,80,80,80,80,80,80,80,80,80,80,80,80,80,80,80,80,90,90,90,90,90,90,90,90,90,95,95,95,95,95,95,95,95,95,95,95,95,95,95,95,95,95,95,95,95,95,95],"card_choices":[{"not_picked":["Guardian:SphericShield","Guardian:VentSteam"],"picked":"Guardian:Gem_Red","floor":2},{"not_picked":["Guardian:CrystalBeam","Guardian:ShieldCharger"],"picked":"Guardian:Incinerate","floor":3},{"not_picked":["Guardian:VentSteam","Guardian:Preprogram"],"picked":"Guardian:ChargeCore","floor":4},{"not_picked":["Guardian:Suspension","Guardian:TimeBomb"],"picked":"Guardian:FloatingOrbs","floor":6},{"not_picked":["Guardian:Gem_Lightblue","Guardian:RollAttack"],"picked":"Guardian:Gem_Purple","floor":8},{"not_picked":["Guardian:Gem_Red","Guardian:Gem_Lightblue"],"picked":"Guardian:PiercingHide","floor":10},{"not_picked":["Guardian:EvasiveProtocol","Guardian:Gem_White"],"picked":"Guardian:SentryBeam","floor":11},{"not_picked":["Guardian:ConstructionForm","Guardian:Suspension"],"picked":"Guardian:Gem_Blue","floor":13},{"not_picked":["Guardian:BronzeOrb","Guardian:Gem_Lightblue"],"picked":"Guardian:PrimingBeam","floor":14},{"not_picked":["Guardian:ShieldCharger","Guardian:PrismaticBarrier"],"picked":"Guardian:PrismaticBeam","floor":15},{"not_picked":["Guardian:StasisField","Guardian:ConstructionForm"],"picked":"Guardian:StasisStrike","floor":16},{"not_picked":["Guardian:ShieldCharger","Guardian:Reroute"],"picked":"Guardian:Clone","floor":20},{"not_picked":["Guardian:Planning","Guardian:Gem_Blue"],"picked":"Guardian:RollAttack","floor":21},{"not_picked":["Guardian:SentryBeam","Guardian:ChargeCore"],"picked":"Guardian:Gem_Cyan","floor":22},{"not_picked":["Guardian:ShieldCharger","Guardian:ChargeCore"],"picked":"Guardian:Gem_Green","floor":23},{"not_picked":["Guardian:HyperBeam_Guardian","Guardian:ChargeCore"],"picked":"Guardian:ArmoredProtocol","floor":27},{"not_picked":["Guardian:Repulse+1","Guardian:PiercingHide"],"picked":"Guardian:Gem_Green","floor":28},{"not_picked":["Guardian:ChargeCore","Guardian:Reroute"],"picked":"Guardian:Gem_Red","floor":29},{"not_picked":["Guardian:VentSteam+1","Guardian:TemporalShield"],"picked":"Guardian:Gem_Lightblue","floor":30},{"not_picked":["Guardian:Recover","Guardian:VentSteam+1"],"picked":"Guardian:CrystalBeam","floor":32},{"not_picked":["Guardian:SphericShield","Guardian:StasisStrike"],"picked":"Guardian:BaubleBeam","floor":33},{"not_picked":["Guardian:RefractedBeam+1","Guardian:Suspension"],"picked":"Guardian:Gem_Red","floor":34},{"not_picked":["Guardian:TimeCapacitor+1","Guardian:Recover","Guardian:TimeBomb"],"picked":"SKIP","floor":37},{"not_picked":["Guardian:Preprogram","Guardian:CrystalBeam"],"picked":"Guardian:PiercingHide+1","floor":38},{"not_picked":["Guardian:RollAttack+1","Guardian:PiercingHide"],"picked":"Guardian:Gem_Purple","floor":39},{"not_picked":["Guardian:CrystalBeam","Guardian:StasisField","Guardian:Preprogram"],"picked":"SKIP","floor":40},{"not_picked":["Guardian:Repulse+1","Guardian:WalkerClaw+1"],"picked":"Guardian:Gem_Lightblue","floor":46},{"not_picked":["Guardian:ShieldCharger","Guardian:Recover+1"],"picked":"Guardian:Incinerate","floor":47},{"not_picked":["Guardian:WalkerClaw","Guardian:RollAttack"],"picked":"Guardian:MultiBeam","floor":48},{"not_picked":["Guardian:Emergency+1","Guardian:RollAttack+1"],"picked":"Guardian:Gem_Blue","floor":49},{"not_picked":["Guardian:GuardianWhirl+1","Guardian:TemporalShield+1"],"picked":"Guardian:TemporalStrike+1","floor":52},{"not_picked":["Guardian:WalkerClaw","Guardian:Reroute+1"],"picked":"Guardian:TemporalStrike","floor":54}],"player_experience":191684,"relics_obtained":[{"floor":2,"key":"Vajra"},{"floor":4,"key":"Art of War"},{"floor":6,"key":"infinitespire:BottledMercury"},{"floor":7,"key":"infinitespire:CheckeredPen"},{"floor":18,"key":"infinitespire:Bottled Soul"},{"floor":22,"key":"Dream Catcher"},{"floor":38,"key":"Bronze Scales"},{"floor":40,"key":"Dead Branch"},{"floor":41,"key":"Divine Protection"},{"floor":43,"key":"Lantern"},{"floor":52,"key":"Guide Book"},{"floor":52,"key":"ReplayTheSpireMod:TigerMarble"}],"event_choices":[{"damage_healed":0,"gold_gain":0,"player_choice":"Stole Relic","damage_taken":0,"relics_obtained":["Blood Vial"],"max_hp_gain":0,"max_hp_loss":0,"event_name":"Addict","floor":19,"gold_loss":0,"cards_obtained":["Shame"]},{"cards_removed":["Slimebound:Tackle"],"damage_healed":0,"gold_gain":0,"player_choice":"Removed Attack","damage_taken":0,"max_hp_gain":0,"max_hp_loss":0,"event_name":"Falling","floor":42,"gold_loss":0}],"is_beta":false,"boss_relics":[{"not_picked":["infinitespire:Cupcake","Runic Pyramid"],"picked":"ChewingGum"},{"not_picked":["Pandora\u0027s Box","Sozu"],"picked":"Tiny House"}],"items_purged_floors":[26,36,45],"is_endless":false,"potions_floor_spawned":[4,10,11,15,16,21,22,28,32,33,38,40,48],"ascension_level":0}}