{"host":"zekcc3vicrep0och","time":1607929535,"event":{"mods":["AchievementEnabler","BaseMod","Colored Map","Colored Powertips","Displayed Cursed Tome","Highlight Path","Minty Spire (QoL Compilation)","Quick Restart","Relic Stats","StSLib"],"gold_per_floor":[118,118,27,41,51,51,51,51],"floor_reached":7,"playtime":305,"items_purged":[],"score":74,"play_id":"85bfa962-2ec5-4039-abe2-6b8727e9ef31","local_time":"20201214100535","is_ascension_mode":true,"campfire_choices":[{"data":"Eruption","floor":6.0,"key":"SMITH"}],"circlet_count":0,"master_deck":["AscendersBane","Strike_P","Strike_P","Strike_P","Defend_P","Defend_P","Defend_P","Defend_P","Eruption+1","Vigilance","FollowUp","InnerPeace","BowlingBash","EmptyBody","Swivel"],"relics":["PureWater","Incense Burner"],"acts_visited":["Exordium"],"potions_floor_usage":[7],"damage_taken":[{"damage":7.0,"enemies":"Jaw Worm","floor":1.0,"turns":4.0},{"damage":0.0,"enemies":"Cultist","floor":4.0,"turns":5.0},{"damage":0.0,"enemies":"2 Louse","floor":5.0,"turns":2.0},{"damage":25,"enemies":"Gremlin Nob","floor":7,"turns":4}],"seed_played":"3228730528926267323","potions_obtained":[{"floor":4.0,"key":"PowerPotion"}],"is_trial":false,"path_per_floor":["M","?","$","M","M","R","E"],"character_chosen":"WATCHER","items_purchased":["InnerPeace","BowlingBash"],"campfire_rested":0,"item_purchase_floors":[3,3],"current_hp_per_floor":[36,36,36,36,36,36,11,11],"gold":51,"neow_bonus":"ONE_RARE_RELIC","is_daily":false,"chose_seed":false,"campfire_upgraded":1,"win_rate":0.0,"timestamp":1607929535,"path_taken":["M","?","$","?","M","R","E"],"items_purchased_type":["Card","Card"],"build_version":"2020-12-13","purchased_purges":0,"victory":false,"max_hp_per_floor":[68,68,68,68,68,68,68,68],"relic_stats":{"counters":[4,15],"obtain_stats":[{"Incense Burner":0,"PureWater":0},{"Incense Burner":0,"PureWater":0},{"Incense Burner":0,"PureWater":0}]},"card_choices":[{"not_picked":["Prostrate","Evaluate"],"picked":"FollowUp","floor":1.0},{"not_picked":["FollowUp","Wish"],"picked":"EmptyBody","floor":4.0},{"not_picked":["Meditate","Prostrate"],"picked":"Swivel","floor":5.0}],"player_experience":400039,"relics_obtained":[],"event_choices":[{"cards_removed":["Strike_P"],"damage_healed":0.0,"max_hp_gain":0.0,"max_hp_loss":0.0,"gold_gain":0.0,"event_name":"Purifier","player_choice":"Purged","floor":2.0,"gold_loss":0.0,"damage_taken":0.0}],"is_beta":false,"boss_relics":[],"items_purged_floors":[],"is_endless":false,"potions_floor_spawned":[4],"killed_by":"Gremlin Nob","ascension_level":16}}