{"host":"yy8mitdds7tg9c5m","time":1607985473,"event":{"mods":["Act Like it!","AlwaysNeverKeys","BaseMod","Better Note","Better Third Choice","Duelist Mod","GifTheSpireLib","Minty Spire (QoL Compilation)","Permanent Neow","Quick Restart","StSLib","egg"],"gold_per_floor":[140,215,108,119,119,119,147,147,147,147,160,172,207,207,207,207,207],"floor_reached":16,"playtime":829,"items_purged":[],"score":316,"play_id":"30bafeb7-9818-416d-85b6-7dcb7aa6b1d2","local_time":"20201214183753","is_ascension_mode":true,"campfire_choices":[{"data":"theDuelist:Nameless:Power:SpiralSpearStrike","floor":6,"key":"SMITH"},{"data":"theDuelist:BloodSparks","floor":8,"key":"SMITH"},{"data":"theDuelist:BloodSparks","floor":10,"key":"SMITH"},{"data":"theDuelist:FeatherShot","floor":15,"key":"SMITH"}],"circlet_count":0,"master_deck":["AscendersBane","theDuelist:PatricianDarkness","theDuelist:CastleWalls","theDuelist:ShallowGrave","theDuelist:CastleWalls","theDuelist:DarkHunter","theDuelist:ArmoredZombie","theDuelist:SummonedSkull","theDuelist:Nameless:Power:SpiralSpearStrike+1","theDuelist:ClownZombie","theDuelist:ArchfiendSoldier","theDuelist:BloodSparks+1","theDuelist:BloodSparks+1","theDuelist:Nameless:War:ForbiddenLance","theDuelist:FortressWarrior","theDuelist:MayakashiWinter","theDuelist:Nameless:Power:SpiralSpearStrike+1","theDuelist:SoulAbsorbingBone","theDuelist:FeatherShot+1"],"relics":["theDuelist:MillenniumPuzzle","theDuelist:CardPoolRelic","theDuelist:CardPoolBasicRelic","theDuelist:BoosterPackPoolRelic","theDuelist:CardPoolAddRelic","theDuelist:CardPoolMinusRelic","theDuelist:CardPoolSaveRelic","theDuelist:CardPoolOptionsRelic","NeowsBlessing","theDuelist:BlessingAnubis","Anchor","theDuelist:DuelistOrichalcum"],"acts_visited":["Exordium"],"potions_floor_usage":[11,13,16,16,16,16],"damage_taken":[{"damage":0,"enemies":"2 Louse","floor":1,"turns":1},{"damage":0,"enemies":"Small Slimes","floor":4,"turns":1},{"damage":0,"enemies":"3 Sentries","floor":7,"turns":1},{"damage":0,"enemies":"Cultist","floor":11,"turns":2},{"damage":0,"enemies":"Blue Slaver","floor":12,"turns":2},{"damage":0,"enemies":"Gremlin Nob","floor":13,"turns":3},{"damage":34,"enemies":"The Guardian","floor":16,"turns":6}],"seed_played":"-6043841429809152903","potions_obtained":[{"floor":1,"key":"theDuelist:OrbBottle"},{"floor":4,"key":"theDuelist:VoidBottle"},{"floor":11,"key":"FearPotion"},{"floor":13,"key":"EntropicBrew"}],"is_trial":false,"path_per_floor":["M","?","?","M","$","R","E","R","T","R","M","M","E","?","R","B"],"character_chosen":"THE_DUELIST","items_purchased":[],"campfire_rested":0,"item_purchase_floors":[],"current_hp_per_floor":[63,52,58,58,58,58,58,58,58,58,62,66,66,66,66,32,32],"gold":207,"neow_bonus":"THREE_ENEMY_KILL","is_daily":false,"chose_seed":false,"campfire_upgraded":4,"win_rate":0.0,"timestamp":1607985473,"path_taken":["M","?","?","?","$","R","E","R","T","R","M","M","E","?","R","BOSS"],"items_purchased_type":[],"build_version":"2020-12-13","purchased_purges":0,"victory":false,"max_hp_per_floor":[70,70,76,76,76,76,76,76,76,76,80,84,84,84,84,84,84],"card_choices":[{"not_picked":["theDuelist:VendreadRevenants","theDuelist:ZombieNecronize","theDuelist:Kasha","theDuelist:Wightprince"],"picked":"theDuelist:DarkHunter","floor":1},{"not_picked":["theDuelist:RainbowOverdragon","theDuelist:PreventRat","theDuelist:Polymerization","theDuelist:HaneHane"],"picked":"theDuelist:FortressWarrior","floor":4},{"not_picked":["theDuelist:PutridPudding","theDuelist:Tierra","theDuelist:InstantFusion","theDuelist:DecayedCommander"],"picked":"theDuelist:MayakashiWinter","floor":7},{"not_picked":["theDuelist:Nameless:War:ForbiddenLance","theDuelist:BloodSparks+1"],"picked":"theDuelist:Nameless:Power:SpiralSpearStrike+1","floor":11},{"not_picked":["theDuelist:VampireRetainer","theDuelist:VampireKingdom","theDuelist:CardSafeReturn"],"picked":"theDuelist:SoulAbsorbingBone","floor":12},{"not_picked":["theDuelist:DarkCubicLord","theDuelist:Wildfire","theDuelist:ArchfiendGeneral","theDuelist:SoulRelease"],"picked":"theDuelist:FeatherShot","floor":13}],"player_experience":260516,"relics_obtained":[{"floor":7,"key":"theDuelist:BlessingAnubis"},{"floor":9,"key":"Anchor"},{"floor":13,"key":"theDuelist:DuelistOrichalcum"}],"event_choices":[{"damage_healed":0,"gold_gain":75,"player_choice":"Gold","damage_taken":11,"max_hp_gain":0,"max_hp_loss":0,"event_name":"betterThird:BetterGoop","floor":2,"gold_loss":0},{"power_reward":4,"total_magic_score":12,"gold_gain":0,"greed_reward":2,"duelist":true,"damage_taken":0,"relics_obtained":[],"points":14,"war_reward":4,"max_hp_gain":6,"max_hp_loss":0,"spent_points":{"magic":0,"greed":2,"war":4,"power":4,"hunger":4},"event_name":"Nameless Tomb","hunger_reward":4,"floor":3,"gold_loss":0,"cards_obtained":["theDuelist:Nameless:Power:SpiralSpearStrike","theDuelist:BloodSparks","theDuelist:BloodSparks","theDuelist:Nameless:War:ForbiddenLance"]},{"damage_healed":0,"gold_gain":0,"player_choice":"Leave","duelist":true,"damage_taken":0,"max_hp_gain":0,"max_hp_loss":0,"event_name":"Tomb of the Nameless","floor":14,"gold_loss":0}],"is_beta":false,"boss_relics":[],"items_purged_floors":[],"is_endless":false,"potions_floor_spawned":[1,4,11,13],"killed_by":"The Guardian","ascension_level":20}}