{"host":"i344ixtilokuekwt","time":1607961080,"event":{"mods":["BaseMod","Card Forge","Colored Powertips","Minty Spire (QoL Compilation)","Quick Restart","Relic Stats","StSLib"],"gold_per_floor":[114,134,153,153,153,165,178,207,207,233,233,10,24,54,54,54,54],"floor_reached":16,"playtime":548,"items_purged":[],"score":122,"play_id":"fcf1fb8d-9f8f-4ee8-a6b7-9f49c74235c7","local_time":"20201214105120","is_ascension_mode":false,"campfire_choices":[{"floor":11,"key":"REST"},{"data":"Bash","floor":15,"key":"SMITH"}],"circlet_count":0,"master_deck":["Strike_R","Strike_R","Strike_R+1","Strike_R","Strike_R","Defend_R","Defend_R","Defend_R","Defend_R","Bash+1","Spot Weakness","Spot Weakness+1","Cleave","Wild Strike","Whirlwind","Headbutt"],"relics":["Burning Blood","Hammer of Thor","Seething Fire","Anvil of the Gods","Tiny Chest","Matryoshka","PreservedInsect","White Beast Statue","Art of War","Medical Kit","Nunchaku"],"acts_visited":["Exordium"],"potions_floor_usage":[6,8,14],"damage_taken":[{"damage":1,"enemies":"2 Louse","floor":1,"turns":3},{"damage":5,"enemies":"Small Slimes","floor":2,"turns":3},{"damage":6,"enemies":"Jaw Worm","floor":3,"turns":3},{"damage":9,"enemies":"Gremlin Gang","floor":6,"turns":5},{"damage":11,"enemies":"Large Slime","floor":7,"turns":5},{"damage":50,"enemies":"Lagavulin","floor":8,"turns":7},{"damage":8,"enemies":"3 Sentries","floor":10,"turns":5},{"damage":0,"enemies":"Lots of Slimes","floor":13,"turns":2},{"damage":10,"enemies":"Gremlin Nob","floor":14,"turns":4},{"damage":43,"enemies":"Hexaghost","floor":16,"turns":8}],"seed_played":"5133792234294145579","potions_obtained":[{"floor":1,"key":"SkillPotion"},{"floor":2,"key":"Swift Potion"},{"floor":10,"key":"ElixirPotion"},{"floor":13,"key":"Block Potion"},{"floor":14,"key":"SpeedPotion"}],"is_trial":false,"path_per_floor":["M","M","M","?","?","M","M","E","T","E","R","$","M","E","R","B"],"character_chosen":"IRONCLAD","items_purchased":["Whirlwind","Medical Kit"],"campfire_rested":1,"item_purchase_floors":[12,12],"current_hp_per_floor":[88,88,88,70,63,60,55,11,11,9,35,35,41,37,37,0,0],"gold":54,"neow_bonus":"TEN_PERCENT_HP_BONUS","is_daily":false,"chose_seed":false,"campfire_upgraded":1,"win_rate":0.0,"timestamp":1607961080,"path_taken":["M","M","M","?","?","M","M","E","T","E","R","$","M","E","R","BOSS"],"items_purchased_type":["Card","Relic"],"build_version":"2020-12-13","purchased_purges":0,"victory":false,"max_hp_per_floor":[88,88,88,88,88,88,88,88,88,88,88,88,88,88,88,88,88],"relic_stats":{"Nunchaku":[1],"counters":[10,45],"Tiny Chest":0,"PreservedInsect":53,"Art of War":[1],"Medical Kit":[2],"obtain_stats":[{"Nunchaku":14,"Matryoshka":8,"Anvil of the Gods":0,"Tiny Chest":5,"Hammer of Thor":0,"PreservedInsect":9,"Art of War":10,"Seething Fire":0,"Medical Kit":12,"Burning Blood":0,"White Beast Statue":9},{"Nunchaku":9,"Matryoshka":6,"Anvil of the Gods":0,"Tiny Chest":3,"Hammer of Thor":0,"PreservedInsect":6,"Art of War":7,"Seething Fire":0,"Medical Kit":7,"Burning Blood":0,"White Beast Statue":6},{"Nunchaku":37,"Matryoshka":26,"Anvil of the Gods":0,"Tiny Chest":9,"Hammer of Thor":0,"PreservedInsect":26,"Art of War":31,"Seething Fire":0,"Medical Kit":31,"Burning Blood":0,"White Beast Statue":26}],"Burning Blood":48},"card_choices":[{"not_picked":["Headbutt","Carnage"],"picked":"Spot Weakness","floor":1},{"not_picked":["Twin Strike","Cleave"],"picked":"Spot Weakness","floor":2},{"not_picked":["Thunderclap","Dual Wield","Armaments"],"picked":"SKIP","floor":3},{"not_picked":["True Grit","Shockwave","Rage"],"picked":"SKIP","floor":6},{"not_picked":["Flex","Inflame"],"picked":"Cleave","floor":7},{"not_picked":["Sentinel","Havoc","Rupture"],"picked":"SKIP","floor":8},{"not_picked":["Exhume","Perfected Strike"],"picked":"Wild Strike","floor":10},{"not_picked":["Fire Breathing","Armaments","Sever Soul"],"picked":"SKIP","floor":13},{"not_picked":["Anger","Exhume"],"picked":"Headbutt","floor":14}],"player_experience":657944,"relics_obtained":[{"floor":8,"key":"Matryoshka"},{"floor":9,"key":"PreservedInsect"},{"floor":9,"key":"White Beast Statue"},{"floor":10,"key":"Art of War"},{"floor":14,"key":"Nunchaku"}],"event_choices":[{"damage_healed":0,"gold_gain":0,"player_choice":"Entered Light","damage_taken":18,"max_hp_gain":0,"max_hp_loss":0,"event_name":"Shining Light","floor":4,"gold_loss":0,"cards_upgraded":["Strike_R","Spot Weakness"]},{"damage_healed":0,"gold_gain":0,"player_choice":"Success","damage_taken":7,"relics_obtained":["Tiny Chest"],"max_hp_gain":0,"max_hp_loss":0,"event_name":"Scrap Ooze","floor":5,"gold_loss":0}],"is_beta":false,"boss_relics":[],"items_purged_floors":[],"is_endless":false,"potions_floor_spawned":[1,2,10,13,14],"killed_by":"Hexaghost","ascension_level":0}}