{"host":"dcj2yvrgcvh5dl2s","time":1607940267,"event":{"mods":["BaseMod","Better Note","Block Reminder","Colored Powertips","DeckTracker","Minty Spire (QoL Compilation)","Quick Restart","Rare Cards Sparkle","Relic Stats","StSLib"],"gold_per_floor":[110,129,144,144,144,174,174,205,205,264,264,291,42,53,53,152,152,169,184,134,98,117,117,130,30,104,114,114,114,114],"floor_reached":29,"playtime":1145,"items_purged":["Strike_R","Strike_R"],"score":326,"play_id":"bfd750a1-4a22-44fe-90ae-4fb954217f39","local_time":"20201214200427","is_ascension_mode":true,"campfire_choices":[{"floor":7,"key":"REST"},{"floor":11,"key":"REST"},{"floor":15,"key":"REST"},{"floor":23,"key":"REST"}],"circlet_count":0,"master_deck":["Strike_R","Strike_R","Strike_R+1","Defend_R","Defend_R","Defend_R+1","Defend_R","Bash","Flex+1","Sword Boomerang","Heavy Blade","Pummel","Pommel Strike","Bandage Up","Metallicize","Metallicize","Whirlwind","Exhume","Shrug It Off","Sword Boomerang","Pummel","Sword Boomerang","Writhe"],"relics":["Burning Blood","Magic Flower","Gremlin Horn","Ice Cream","Girya","Dream Catcher","Odd Mushroom","Runic Pyramid","White Beast Statue","WingedGreaves"],"acts_visited":["Exordium","TheCity"],"potions_floor_usage":[8,16,24,27,27,29],"damage_taken":[{"damage":6,"enemies":"Cultist","floor":1,"turns":3},{"damage":0,"enemies":"2 Louse","floor":2,"turns":3},{"damage":18,"enemies":"Jaw Worm","floor":3,"turns":4},{"damage":28,"enemies":"Gremlin Nob","floor":6,"turns":4},{"damage":27,"enemies":"Lagavulin","floor":8,"turns":5},{"damage":17,"enemies":"3 Sentries","floor":10,"turns":6},{"damage":20,"enemies":"The Mushroom Lair","floor":12,"turns":4},{"damage":14,"enemies":"Looter","floor":14,"turns":3},{"damage":27,"enemies":"Slime Boss","floor":16,"turns":7},{"damage":12,"enemies":"3 Byrds","floor":18,"turns":4},{"damage":28,"enemies":"Shell Parasite","floor":19,"turns":6},{"damage":52,"enemies":"Snecko","floor":22,"turns":9},{"damage":28,"enemies":"Snake Plant","floor":24,"turns":5},{"damage":28,"enemies":"Shelled Parasite and Fungi","floor":27,"turns":4},{"damage":45,"enemies":"Gremlin Leader","floor":29,"turns":6}],"seed_played":"3188260361202129962","potions_obtained":[{"floor":3,"key":"Explosive Potion"},{"floor":10,"key":"CultistPotion"},{"floor":14,"key":"FearPotion"},{"floor":16,"key":"LiquidBronze"},{"floor":24,"key":"Ancient Potion"},{"floor":27,"key":"PowerPotion"}],"is_trial":false,"path_per_floor":["M","M","M","?","?","E","R","E","T","?","R","?","$","M","R","B",null,"M","M","?","$","M","R","M","$","T","M","?","E"],"character_chosen":"IRONCLAD","items_purchased":["Bandage Up","Metallicize","Pummel"],"campfire_rested":4,"item_purchase_floors":[13,13,21],"current_hp_per_floor":[72,72,63,49,49,30,51,33,33,25,46,35,35,36,57,45,65,68,61,61,61,24,45,38,38,38,31,31,0,0],"gold":114,"neow_bonus":"ONE_RARE_RELIC","is_daily":false,"chose_seed":false,"campfire_upgraded":0,"win_rate":0.0,"timestamp":1607940267,"path_taken":["M","?","M","?","?","E","R","E","T","?","R","?","?","?","R","BOSS","M","M","?","$","M","R","M","?","T","M","?","E"],"items_purchased_type":["Card","Card","Card"],"build_version":"2020-12-13","purchased_purges":2,"victory":false,"max_hp_per_floor":[72,72,72,72,72,72,72,72,72,72,72,72,72,72,72,72,72,72,72,72,72,72,72,72,72,72,72,72,72,72],"relic_stats":{"Dream Catcher":3,"Gremlin Horn":[14,14],"counters":[15,73],"Magic Flower":[60],"obtain_stats":[{"Ice Cream":8,"Girya":9,"Dream Catcher":10,"Gremlin Horn":6,"Magic Flower":0,"WingedGreaves":28,"Odd Mushroom":12,"Burning Blood":0,"White Beast Statue":26,"Runic Pyramid":17},{"Ice Cream":5,"Girya":5,"Dream Catcher":6,"Gremlin Horn":4,"Magic Flower":0,"WingedGreaves":14,"Odd Mushroom":7,"Burning Blood":0,"White Beast Statue":13,"Runic Pyramid":9},{"Ice Cream":19,"Girya":19,"Dream Catcher":25,"Gremlin Horn":14,"Magic Flower":0,"WingedGreaves":67,"Odd Mushroom":29,"Burning Blood":0,"White Beast Statue":63,"Runic Pyramid":39}],"Burning Blood":114},"card_choices":[{"not_picked":["Blood for Blood","Bloodletting"],"picked":"Flex","floor":1},{"not_picked":["Clash","Blood for Blood"],"picked":"Sword Boomerang","floor":2},{"not_picked":["Sentinel","Headbutt"],"picked":"Heavy Blade","floor":3},{"not_picked":["Clothesline","Dark Embrace","Body Slam"],"picked":"SKIP","floor":6},{"not_picked":["Sword Boomerang","True Grit"],"picked":"Pummel","floor":8},{"not_picked":["Spot Weakness","Havoc"],"picked":"Pommel Strike","floor":11},{"not_picked":["Warcry","Clash"],"picked":"Metallicize","floor":14},{"not_picked":["Power Through","Intimidate"],"picked":"Whirlwind","floor":15},{"not_picked":["Corruption","Fiend Fire"],"picked":"Exhume","floor":16},{"not_picked":["Perfected Strike","Headbutt"],"picked":"Shrug It Off","floor":18},{"not_picked":["Twin Strike","Clothesline"],"picked":"Sword Boomerang","floor":19},{"not_picked":["Cleave","Blood for Blood","Pommel Strike"],"picked":"SKIP","floor":22},{"not_picked":["Iron Wave+1","Clash+1"],"picked":"Sword Boomerang","floor":24},{"not_picked":["Clothesline","Perfected Strike","Spot Weakness"],"picked":"SKIP","floor":27}],"player_experience":1956182,"relics_obtained":[{"floor":6,"key":"Gremlin Horn"},{"floor":8,"key":"Ice Cream"},{"floor":9,"key":"Girya"},{"floor":10,"key":"Dream Catcher"},{"floor":12,"key":"Odd Mushroom"},{"floor":26,"key":"White Beast Statue"}],"event_choices":[{"damage_healed":0,"gold_gain":0,"player_choice":"Entered Light","damage_taken":14,"max_hp_gain":0,"max_hp_loss":0,"event_name":"Shining Light","floor":4,"gold_loss":0,"cards_upgraded":["Defend_R","Strike_R"]},{"damage_healed":0,"gold_gain":0,"player_choice":"Grow","damage_taken":0,"max_hp_gain":0,"max_hp_loss":0,"event_name":"Living Wall","floor":5,"gold_loss":0,"cards_upgraded":["Flex"]},{"damage_healed":0,"gold_gain":0,"player_choice":"Searched \u00271\u0027 times","damage_taken":0,"max_hp_gain":0,"max_hp_loss":0,"event_name":"Dead Adventurer","floor":10,"gold_loss":0},{"damage_healed":0,"gold_gain":0,"player_choice":"Fought Mushrooms","damage_taken":0,"max_hp_gain":0,"max_hp_loss":0,"event_name":"Mushrooms","floor":12,"gold_loss":0},{"damage_healed":0,"gold_gain":0,"player_choice":"Bet on Murderer","damage_taken":0,"max_hp_gain":0,"max_hp_loss":0,"event_name":"The Joust","floor":20,"gold_loss":50},{"damage_healed":0,"gold_gain":0,"player_choice":"Opened","damage_taken":0,"relics_obtained":["WingedGreaves"],"max_hp_gain":0,"max_hp_loss":0,"event_name":"The Mausoleum","floor":28,"gold_loss":0,"cards_obtained":["Writhe"]}],"is_beta":false,"boss_relics":[{"not_picked":["Snecko Eye","Tiny House"],"picked":"Runic Pyramid"}],"items_purged_floors":[13,25],"is_endless":false,"potions_floor_spawned":[3,10,14,16,24,27],"killed_by":"Gremlin Leader","ascension_level":8}}