{"host":"9vk21r6l9dtkpvh9","time":1607950759,"event":{"mods":["2.2 Compatiblity","AchievementEnabler","Act Like it!","Astrologer","Bard","Bartender","BaseMod","Better Altar","Better Match","Better Note","Better Sensory Stone","Better Skull","Better Third Choice","BetterRewards","CapriCore","CatGirl Mod","Colored Map","Colored Powertips","Conspire","DeckTracker","Downfall","Energized Spire","Fiend Mod","Gensokyo","GifTheSpireLib","Hermit","Hubris","Infinite Spire","Jorbs\u0027s Wanderer Trilogy","Koishi","LagranYue(???·?)","Luminous","Mad Scientist","Marisa????????","Mimic Mod","Minty Spire (QoL Compilation)","Potionbrewer","Rare Cards Sparkle","Relic Stats","Replay The Spire","SOS???????","Shade Mod","Spicy Shops","StSLib","SuperFastMode","Td1madao Mod","The Animator","The Construct","The Forsaken","The Gatherer","The Hayseed","The Hierophant","The Immortal","The Jungle","The Mystic","The Necromancer","The Runesmith","The Senshi","The Servant 0.9.4","The Trickster","The Valiant","The Wild Card","TheBandit","TheSwordswoman","TheWitcher","WarShipGirlsR/????R mod","vexMod","???Mod??????Boss"],"gold_per_floor":[113,113,137,156,171,204,204,222,246,246,262,280,312,312,312,410,410,426,426,445,445,456,472,499,432,432,432,201,230,230,230,230,325,325,343,353,353,365,379,379,394,419,455,111,125,138,138,152,152,152,152,152,2,36,36,36],"floor_reached":55,"playtime":4356,"items_purged":["Strike_R","Battle Trance"],"score":976,"play_id":"5a68bc0a-7d7f-47e5-bd7f-c3d5838146c9","local_time":"20201214075919","is_ascension_mode":false,"campfire_choices":[{"data":"Bash","floor":7,"key":"SMITH"},{"floor":15,"key":"REST"},{"data":"Demon Form","floor":27,"key":"SMITH"},{"floor":30,"key":"RECALL"},{"data":"Carnage","floor":32,"key":"SMITH"},{"data":"Juggernaut","floor":40,"key":"SMITH"},{"floor":47,"key":"REST"},{"floor":49,"key":"REST"},{"data":"Life Link","floor":52,"key":"SMITH"}],"circlet_count":0,"master_deck":["Strike_R","Strike_R","Strike_R","Strike_R","Defend_R","Defend_R","Defend_R","Defend_R","Bash+1","Clothesline+1","Burning Pact","Double Tap+1","Armaments+1","Shrug It Off+1","Carnage+1","Fiend Fire","ReplayTheSpireMod:Stacked+1","Royaldefend+1","J.A.X.+1","Demon Form+1","True Grit+1","Juggernaut+1","Sentinel+1","Warcry+1","Life Link+1","True Grit+1","conspire:ExplosiveBarrier+1","Rage+1","Heavy Blade+1","True Grit+1"],"relics":["Burning Blood","LagranYue:RandomDrawCardRelic","vexMod:PlasmaPancake","Bronze Scales","Toxic Egg 2","Regal Pillow","energizedSpire:MagnifyingGlass","Pear","Replay:Rubber Ducky","Ancient Tea Set","infinitespire:Beetle Shell","Potion Belt","King of Hearts","vexMod:BigBerry","infinitespire:ShieldingShard","conspire:BottledYoYo","Replay:WaspNest","hubris:ChampionShield"],"acts_visited":["Exordium","TheCity","TheBeyond","TheEnding"],"potions_floor_usage":[24,45,48,55,55,55,55,55],"damage_taken":[{"damage":1,"enemies":"Jaw Worm","floor":1,"turns":3},{"damage":0,"enemies":"Cultist","floor":4,"turns":2},{"damage":0,"enemies":"2 Louse","floor":5,"turns":1},{"damage":49,"enemies":"3 Sentries","floor":6,"turns":12},{"damage":2,"enemies":"2 Fungi Beasts","floor":8,"turns":3},{"damage":0,"enemies":"Gremlin Gang","floor":11,"turns":2},{"damage":2,"enemies":"Looter","floor":12,"turns":3},{"damage":30,"enemies":"Lagavulin","floor":13,"turns":6},{"damage":46,"enemies":"Fading Forest","floor":16,"turns":11},{"damage":3,"enemies":"Shell Parasite","floor":18,"turns":4},{"damage":7,"enemies":"conspire:FuzzyDice","floor":20,"turns":6},{"damage":21,"enemies":"Shelled Parasite and Fungi","floor":22,"turns":4},{"damage":30,"enemies":"3 Cultists","floor":23,"turns":6},{"damage":22,"enemies":"Book of Stabbing","floor":24,"turns":5},{"damage":11,"enemies":"Slavers","floor":29,"turns":7},{"damage":73,"enemies":"Automaton","floor":33,"turns":13},{"damage":18,"enemies":"3 Darklings","floor":35,"turns":6},{"damage":7,"enemies":"Orb Walker","floor":36,"turns":3},{"damage":25,"enemies":"Jaw Worm Horde","floor":38,"turns":5},{"damage":33,"enemies":"Sphere and 2 Shapes","floor":39,"turns":6},{"damage":9,"enemies":"3 Darklings","floor":41,"turns":7},{"damage":23,"enemies":"Nemesis","floor":42,"turns":7},{"damage":6,"enemies":"Writhing Mass","floor":43,"turns":11},{"damage":13,"enemies":"Writhing Mass","floor":45,"turns":6},{"damage":7,"enemies":"Jaw Worm Horde","floor":46,"turns":5},{"damage":17,"enemies":"Transient","floor":48,"turns":5},{"damage":76,"enemies":"Time Eater","floor":50,"turns":13},{"damage":70,"enemies":"Shield and Spear","floor":54,"turns":9},{"damage":68,"enemies":"The Heart","floor":55,"turns":8}],"seed_played":"4087649710834423378","potions_obtained":[{"floor":1,"key":"LiquidMemories"},{"floor":6,"key":"ColorlessPotion"},{"floor":8,"key":"EssenceOfSteel"},{"floor":16,"key":"Regen Potion"},{"floor":29,"key":"potionbrewer:ToxicPotion"},{"floor":33,"key":"construct:ShiftPotion"},{"floor":36,"key":"Block Potion"},{"floor":41,"key":"HeartOfIron"},{"floor":46,"key":"GamblersBrew"}],"is_trial":false,"path_per_floor":["M","?","T","M","M","E","R","M","T","?","M","M","E","?","R_BF","B",null,"M","?","M","?","M","M","E","?","T","R","$","E","R","AVR","R","B",null,"M","M","?","M","M","R","M","E","MIM","$","M","M","R","M","R","B",null,"R","$","E","B"],"character_chosen":"IRONCLAD","items_purchased":["vexMod:PlasmaPancake","Clothesline+1","Ancient Tea Set","infinitespire:Beetle Shell","Replay:WaspNest","Doom Potion","True Grit+1"],"campfire_rested":3,"item_purchase_floors":[0,0,28,28,44,53,53],"current_hp_per_floor":[86,91,91,91,91,48,48,52,52,52,58,62,38,38,80,40,91,91,91,90,90,75,51,59,79,79,79,79,74,74,74,74,7,131,119,118,118,99,72,72,69,52,52,52,45,44,98,87,131,61,131,131,131,67,0,0],"gold":36,"neow_bonus":"","is_daily":false,"chose_seed":false,"campfire_upgraded":5,"win_rate":0.0,"timestamp":1607950759,"path_taken":["M","?","?","?","M","E","R","M","T","?","M","M","E","?","R_BF","BOSS","M","?","M","?","M","M","E","?","T","R","?","E","R","AVR","R","BOSS","M","?","?","?","M","R","M","E","MIM","$","M","M","R","M","R","BOSS","R","$","E","BOSS"],"items_purchased_type":["Relic","Card","Relic","Relic","Relic","Potion","Card"],"build_version":"2020-12-13","purchased_purges":2,"victory":false,"max_hp_per_floor":[86,91,91,91,91,91,91,91,91,91,91,91,91,91,91,91,91,91,91,91,91,91,91,101,101,101,101,101,101,101,101,101,101,131,131,131,131,131,131,131,131,131,131,131,131,131,131,131,131,131,131,131,131,131,131,131],"relic_stats":{"Regal Pillow":35,"counters":[57,330],"Bronze Scales":[670],"obtain_stats":[{"ReplayFunnel":38,"vexMod:PlasmaPancake":0,"theSenshi:SuperSailorFukuRelic":43,"Regal Pillow":13,"Singing Bowl":38,"Painkiller Herb":34,"King of Hearts":31,"Ancient Tea Set":28,"Burning Blood":0,"conspire:InfiniteJournal":22,"Replay:Rubber Ducky":26,"Chameleon Ring":13,"infinitespire:ShieldingShard":42,"Philosopher\u0027s Stone":0,"theSenshi:SailorFukuRelic":53,"Toxic Egg 2":6,"hubris:ChampionShield":54,"Potion Belt":29,"hubris:Teleporter":41,"Pear":24,"infinitespire:Beetle Shell":28,"Replay:WaspNest":44,"hubris:Towel":3,"potionbrewer:ToyAutogyro":26,"ReplayTheSpireMod:Shallot":54,"Ornamental Fan":11,"Bronze Scales":3,"energizedSpire:MagnifyingGlass":17,"conspire:BottledYoYo":43,"ReplayTheSpireMod:Lightbulb":24,"vexMod:ImprovementManual":17,"vexMod:BigBerry":34},{"ReplayFunnel":19,"vexMod:PlasmaPancake":28,"theSenshi:SuperSailorFukuRelic":22,"Regal Pillow":36,"Singing Bowl":19,"Painkiller Herb":17,"King of Hearts":43,"Ancient Tea Set":42,"Burning Blood":0,"conspire:InfiniteJournal":12,"Replay:Rubber Ducky":42,"Chameleon Ring":7,"infinitespire:ShieldingShard":50,"Philosopher\u0027s Stone":0,"theSenshi:SailorFukuRelic":26,"Toxic Egg 2":32,"hubris:ChampionShield":56,"Potion Belt":43,"hubris:Teleporter":21,"Pear":42,"infinitespire:Beetle Shell":42,"Replay:WaspNest":51,"hubris:Towel":1,"potionbrewer:ToyAutogyro":12,"ReplayTheSpireMod:Shallot":27,"Ornamental Fan":5,"Bronze Scales":29,"energizedSpire:MagnifyingGlass":37,"conspire:BottledYoYo":51,"ReplayTheSpireMod:Lightbulb":12,"vexMod:ImprovementManual":9,"vexMod:BigBerry":44},{"ReplayFunnel":96,"vexMod:PlasmaPancake":151,"theSenshi:SuperSailorFukuRelic":113,"Regal Pillow":183,"Singing Bowl":96,"Painkiller Herb":90,"King of Hearts":226,"Ancient Tea Set":219,"Burning Blood":0,"conspire:InfiniteJournal":48,"Replay:Rubber Ducky":219,"Chameleon Ring":23,"infinitespire:ShieldingShard":273,"Philosopher\u0027s Stone":0,"theSenshi:SailorFukuRelic":139,"Toxic Egg 2":169,"hubris:ChampionShield":322,"Potion Belt":226,"hubris:Teleporter":108,"Pear":219,"infinitespire:Beetle Shell":219,"Replay:WaspNest":284,"hubris:Towel":3,"potionbrewer:ToyAutogyro":48,"ReplayTheSpireMod:Shallot":147,"Ornamental Fan":14,"Bronze Scales":154,"energizedSpire:MagnifyingGlass":194,"conspire:BottledYoYo":284,"ReplayTheSpireMod:Lightbulb":48,"vexMod:ImprovementManual":36,"vexMod:BigBerry":239}],"Burning Blood":148},"card_choices":[{"not_picked":["Body Slam","ReplayTheSpireMod:Strike From Hell"],"picked":"Battle Trance","floor":1},{"not_picked":["Flex","Sever Soul","Replay:Undeath\u0027s Touch"],"picked":"SKIP","floor":4},{"not_picked":["Pommel Strike","Bloodletting"],"picked":"Burning Pact","floor":5},{"not_picked":["ReplayTheSpireMod:Strike From Hell","Headbutt","Massacre"],"picked":"SKIP","floor":6},{"not_picked":["Thunderclap","Body Slam"],"picked":"Double Tap+1","floor":8},{"not_picked":["Pommel Strike","Anger"],"picked":"Armaments+1","floor":11},{"not_picked":["Exhume+1","Whirlwind"],"picked":"Shrug It Off+1","floor":12},{"not_picked":["Rage+1","Perfected Strike"],"picked":"Carnage","floor":13},{"not_picked":["Barricade","hubris:StunningStrike"],"picked":"Fiend Fire","floor":16},{"not_picked":["Havoc+1","Sword Boomerang"],"picked":"ReplayTheSpireMod:Stacked+1","floor":18},{"not_picked":["ReplayTheSpireMod:Strike From Hell+1","Clash","Twin Strike"],"picked":"SKIP","floor":20},{"not_picked":["Replay:Undeath\u0027s Touch+1","Cleave+1","hubris:CleavingFinish+1"],"picked":"SKIP","floor":22},{"not_picked":["Rage+1","Warcry+1"],"picked":"Demon Form","floor":23},{"not_picked":["Havoc+1","Clash","Pommel Strike"],"picked":"SKIP","floor":24},{"not_picked":["Rampage","Abandon+1"],"picked":"True Grit+1","floor":29},{"not_picked":["Immolate","Impervious+1"],"picked":"Juggernaut","floor":33},{"not_picked":["Wild Strike","ReplayTheSpireMod:Strike From Hell+1"],"picked":"Sentinel+1","floor":35},{"not_picked":["ReplayTheSpireMod:Strike From Hell","Headbutt"],"picked":"Warcry+1","floor":36},{"not_picked":["Combust+1","Wild Strike+1"],"picked":"Life Link","floor":38},{"not_picked":["Clash","Spot Weakness+1","ReplayTheSpireMod:Strike From Hell+1"],"picked":"SKIP","floor":39},{"not_picked":["Hemokinesis+1","Inflame+1","Pummel+1"],"picked":"SKIP","floor":41},{"not_picked":["Feed","Exhume+1"],"picked":"True Grit+1","floor":42},{"not_picked":["Clash+1","Spot Weakness+1"],"picked":"conspire:ExplosiveBarrier+1","floor":45},{"not_picked":["hubris:SharpeningStone+1","True Grit+1"],"picked":"Rage+1","floor":46},{"not_picked":["hubris:SharpeningStone+1","Armaments+1","Heavy Blade+1"],"picked":"SKIP","floor":48},{"not_picked":["hubris:SharpeningStone+1","Armaments+1"],"picked":"Heavy Blade+1","floor":48},{"not_picked":["Run Through+1","Uppercut","Replay:Undeath\u0027s Touch+1"],"picked":"SKIP","floor":54}],"player_experience":592554,"relics_obtained":[{"floor":3,"key":"Bronze Scales"},{"floor":6,"key":"Toxic Egg 2"},{"floor":13,"key":"Regal Pillow"},{"floor":24,"key":"Pear"},{"floor":26,"key":"Replay:Rubber Ducky"},{"floor":29,"key":"Potion Belt"},{"floor":42,"key":"infinitespire:ShieldingShard"},{"floor":43,"key":"conspire:BottledYoYo"},{"floor":54,"key":"hubris:ChampionShield"}],"event_choices":[{"damage_healed":0,"gold_gain":0,"player_choice":"Donut","damage_taken":0,"max_hp_gain":5,"max_hp_loss":0,"event_name":"Big Fish","floor":2,"gold_loss":0},{"damage_healed":0,"gold_gain":0,"player_choice":"Disagree","damage_taken":0,"max_hp_gain":0,"max_hp_loss":0,"event_name":"conspire:LoneGhost","floor":10,"gold_loss":0},{"cards_removed":["Armaments"],"damage_healed":0,"gold_gain":0,"player_choice":"Take \u0026 Give","damage_taken":0,"max_hp_gain":0,"max_hp_loss":0,"event_name":"betterNote:BetterNote","floor":19,"gold_loss":0,"cards_obtained":["Royaldefend"]},{"damage_healed":0,"gold_gain":0,"player_choice":"Obtain J.A.X.","damage_taken":0,"max_hp_gain":0,"max_hp_loss":0,"event_name":"Drug Dealer","floor":21,"gold_loss":0,"cards_obtained":["J.A.X."]},{"damage_healed":0,"gold_gain":0,"player_choice":"Ignored","damage_taken":0,"max_hp_gain":0,"max_hp_loss":0,"event_name":"betterThird:BetterPortal","floor":37,"gold_loss":0}],"is_beta":false,"boss_relics":[{"not_picked":["potionbrewer:BhaskarasWheel","energizedSpire:HugeHouse"],"picked":"energizedSpire:MagnifyingGlass"},{"not_picked":["Ring of Chaos","Kintsugi"],"picked":"vexMod:BigBerry"}],"items_purged_floors":[0,44],"is_endless":false,"potions_floor_spawned":[1,6,8,11,16,18,23,29,33,36,39,41,46],"killed_by":"The Heart","ascension_level":0}}