{"host":"63jn9lre6xij8k68","time":1607958571,"event":{"mods":["AchievementEnabler","BaseMod","Colored Map","DeckTracker","Minty Spire (QoL Compilation)","StSLib","SuperFastMode"],"gold_per_floor":[114,124,124,134,134,169,169,169,193,225,157,29,29,39,39,141,141,154,9,27,43,43,43,55,55,81,116,16,44,44,53,53,165,165,185,244,263,299,308,308,183,203,237,87,87,87,123,62,62,62],"floor_reached":51,"playtime":1535,"items_purged":["Strike_R","Pain","Strike_R","Defend_R"],"score":1037,"play_id":"fa4e1083-2cbc-460e-b662-f15989ec975c","local_time":"20201215000931","is_ascension_mode":true,"campfire_choices":[{"data":"Bash","floor":7.0,"key":"SMITH"},{"data":"Second Wind","floor":13.0,"key":"SMITH"},{"floor":15.0,"key":"REST"},{"data":"True Grit","floor":23.0,"key":"SMITH"},{"floor":25.0,"key":"REST"},{"data":"Evolve","floor":32.0,"key":"SMITH"},{"data":"Juggernaut","floor":40,"key":"SMITH"},{"data":"Battle Trance","floor":45,"key":"SMITH"},{"data":"Barricade","floor":49,"key":"SMITH"}],"circlet_count":0,"master_deck":["Strike_R+1","Defend_R+1","Defend_R","Defend_R","Bash+1","Cleave","Battle Trance+1","Shrug It Off","Shrug It Off","Bludgeon+1","Evolve+1","Second Wind+1","Body Slam+1","Body Slam+1","Feed+1","Wild Strike+1","Power Through","True Grit+1","Normality","Second Wind","Juggernaut+1","Warcry+1","Headbutt+1","Wild Strike+1","Body Slam+1","Power Through","Shame","Barricade+1","Fire Breathing"],"relics":["Burning Blood","Bag of Preparation","Red Skull","Akabeko","Molten Egg 2","Cursed Key","WarpedTongs","Strawberry","CeramicFish","Pocketwatch","Sozu","Prayer Wheel","Bronze Scales","Paper Frog"],"acts_visited":["Exordium","TheCity","TheBeyond"],"potions_floor_usage":[50],"damage_taken":[{"damage":6.0,"enemies":"Small Slimes","floor":1.0,"turns":5.0},{"damage":7.0,"enemies":"Jaw Worm","floor":2.0,"turns":3.0},{"damage":6.0,"enemies":"Cultist","floor":4.0,"turns":3.0},{"damage":52.0,"enemies":"Lagavulin","floor":6.0,"turns":6.0},{"damage":10.0,"enemies":"3 Sentries","floor":10.0,"turns":5.0},{"damage":3.0,"enemies":"Exordium Thugs","floor":14.0,"turns":3.0},{"damage":42.0,"enemies":"The Guardian","floor":16.0,"turns":7.0},{"damage":15.0,"enemies":"Shell Parasite","floor":18.0,"turns":5.0},{"damage":1.0,"enemies":"3 Byrds","floor":20.0,"turns":5.0},{"damage":19.0,"enemies":"Snake Plant","floor":21.0,"turns":2.0},{"damage":9.0,"enemies":"Sentry and Sphere","floor":24.0,"turns":4.0},{"damage":15.0,"enemies":"Book of Stabbing","floor":27.0,"turns":5.0},{"damage":9.0,"enemies":"Slavers","floor":29.0,"turns":6.0},{"damage":38,"enemies":"Automaton","floor":33,"turns":10},{"damage":0,"enemies":"Orb Walker","floor":35,"turns":2},{"damage":5,"enemies":"Mind Bloom Boss Battle","floor":36,"turns":5},{"damage":10,"enemies":"3 Darklings","floor":37,"turns":4},{"damage":0,"enemies":"Maw","floor":38,"turns":6},{"damage":0,"enemies":"Sphere and 2 Shapes","floor":42,"turns":3},{"damage":35,"enemies":"Nemesis","floor":47,"turns":5},{"damage":37,"enemies":"Awakened One","floor":50,"turns":8}],"seed_played":"-6508588163528684573","potions_obtained":[{"floor":2.0,"key":"BloodPotion"},{"floor":4.0,"key":"Fruit Juice"},{"floor":6.0,"key":"Dexterity Potion"},{"floor":10.0,"key":"LiquidBronze"},{"floor":24.0,"key":"Energy Potion"},{"floor":27.0,"key":"Weak Potion"},{"floor":29.0,"key":"Fruit Juice"},{"floor":33,"key":"Energy Potion"}],"is_trial":false,"path_per_floor":["M","M","?","M","?","E","R","?","T","E","$","$","R","M","R","B",null,"M","$","M","M","?","R","M","R","T","E","$","E","?","?","R","B",null,"M","?","M","M","?","R","$","M","T","$","R","$","E","$","R","B",null],"character_chosen":"IRONCLAD","items_purchased":["Evolve","Second Wind","Body Slam+1","Power Through","Fire Breathing"],"campfire_rested":2,"item_purchase_floors":[11,12,12,19,48],"current_hp_per_floor":[72,71,55,60,65,37,37,30,30,26,26,26,26,29,56,20,73,64,64,73,64,64,64,65,95,102,93,93,99,99,99,99,67,105,111,112,108,114,114,114,114,118,118,118,118,118,89,89,89,58],"gold":62,"neow_bonus":"RANDOM_COMMON_RELIC","is_daily":false,"chose_seed":false,"campfire_upgraded":7,"win_rate":0.0,"timestamp":1607958571,"path_taken":["M","M","?","M","?","E","R","?","T","E","?","$","R","M","R","BOSS","M","$","M","?","?","R","M","R","T","E","?","E","?","?","R","BOSS","M","?","M","M","?","R","$","?","T","$","R","?","E","$","R","BOSS"],"items_purchased_type":["Card","Card","Card","Card","Card"],"build_version":"2020-12-13","purchased_purges":4,"victory":true,"max_hp_per_floor":[80,80,80,85,90,90,90,90,90,90,90,90,90,90,90,90,90,90,90,94,98,98,98,102,102,109,109,109,118,118,118,118,118,118,118,118,118,118,118,118,118,118,118,118,118,118,118,118,118,118],"card_choices":[{"not_picked":["Disarm","Whirlwind"],"picked":"Cleave","floor":1.0},{"not_picked":["Thunderclap","Infernal Blade"],"picked":"Battle Trance","floor":2.0},{"not_picked":["Combust","Blood for Blood"],"picked":"Shrug It Off","floor":4.0},{"not_picked":["Entrench","Clothesline"],"picked":"Shrug It Off","floor":6.0},{"not_picked":["Shrug It Off","Cleave+1"],"picked":"Bludgeon+1","floor":10.0},{"not_picked":["Blood for Blood+1","Flex"],"picked":"Body Slam+1","floor":14.0},{"not_picked":["Exhume","Offering"],"picked":"Feed+1","floor":16.0},{"not_picked":["Havoc+1","Cleave+1"],"picked":"Wild Strike+1","floor":18.0},{"not_picked":["Rupture+1","Body Slam+1","Cleave+1"],"picked":"SKIP","floor":20.0},{"not_picked":["Spot Weakness","Sever Soul+1"],"picked":"True Grit","floor":21.0},{"not_picked":["Body Slam+1","Flex","Dual Wield+1"],"picked":"SKIP","floor":24.0},{"not_picked":["Exhume","Dropkick+1","Uppercut+1"],"picked":"SKIP","floor":27.0},{"not_picked":["Anger+1","Metallicize+1","Havoc"],"picked":"SKIP","floor":29.0},{"not_picked":["Fiend Fire+1","Immolate+1"],"picked":"Juggernaut","floor":33},{"not_picked":["Shrug It Off+1","Body Slam+1","Combust"],"picked":"SKIP","floor":35},{"not_picked":["Sword Boomerang+1","Clash+1"],"picked":"Warcry+1","floor":36},{"not_picked":["Bloodletting+1","Evolve+1"],"picked":"Headbutt+1","floor":37},{"not_picked":["Heavy Blade+1","Wild Strike+1","Armaments"],"picked":"SKIP","floor":37},{"not_picked":["Infernal Blade+1","Clash+1"],"picked":"Wild Strike+1","floor":38},{"not_picked":["Carnage+1","Feed+1"],"picked":"Body Slam+1","floor":38},{"not_picked":["Sword Boomerang+1","Wild Strike+1","Heavy Blade+1"],"picked":"SKIP","floor":42},{"not_picked":["Cleave+1","Iron Wave+1","Sentinel"],"picked":"SKIP","floor":42},{"not_picked":["Reckless Charge+1","Shrug It Off"],"picked":"Barricade","floor":47}],"player_experience":94999,"relics_obtained":[{"floor":6.0,"key":"Red Skull"},{"floor":9.0,"key":"Akabeko"},{"floor":10.0,"key":"Molten Egg 2"},{"floor":26.0,"key":"Strawberry"},{"floor":27.0,"key":"CeramicFish"},{"floor":29.0,"key":"Pocketwatch"},{"floor":36,"key":"Prayer Wheel"},{"floor":43,"key":"Bronze Scales"},{"floor":47,"key":"Paper Frog"}],"event_choices":[{"damage_healed":0.0,"max_hp_gain":0.0,"max_hp_loss":0.0,"gold_gain":0.0,"event_name":"Shining Light","player_choice":"Entered Light","floor":3.0,"gold_loss":0.0,"damage_taken":16.0,"cards_upgraded":["Defend_R","Strike_R"]},{"damage_healed":0.0,"max_hp_gain":5.0,"max_hp_loss":0.0,"gold_gain":0.0,"event_name":"Big Fish","player_choice":"Donut","floor":5.0,"gold_loss":0.0,"damage_taken":0.0},{"cards_removed":["Strike_R"],"damage_healed":0.0,"max_hp_gain":0.0,"max_hp_loss":0.0,"gold_gain":0.0,"event_name":"Golden Wing","player_choice":"Card Removal","floor":8.0,"gold_loss":0.0,"damage_taken":7.0},{"damage_healed":0.0,"max_hp_gain":0.0,"max_hp_loss":0.0,"gold_gain":0.0,"event_name":"Accursed Blacksmith","player_choice":"Rummage","floor":22.0,"gold_loss":0.0,"damage_taken":0.0,"relics_obtained":["WarpedTongs"],"cards_obtained":["Pain"]},{"cards_removed":["Strike_R"],"damage_healed":0.0,"max_hp_gain":0.0,"max_hp_loss":0.0,"gold_gain":0.0,"event_name":"Back to Basics","player_choice":"Elegance","floor":30.0,"gold_loss":0.0,"damage_taken":0.0},{"damage_healed":0.0,"max_hp_gain":0.0,"max_hp_loss":0.0,"gold_gain":0.0,"event_name":"The Library","player_choice":"Read","floor":31.0,"gold_loss":0.0,"damage_taken":0.0,"cards_obtained":["Second Wind"]},{"damage_healed":0,"gold_gain":0,"player_choice":"Fight","damage_taken":0,"max_hp_gain":0,"max_hp_loss":0,"event_name":"MindBloom","floor":36,"gold_loss":0},{"damage_healed":0,"gold_gain":0,"player_choice":"Copied","damage_taken":0,"max_hp_gain":0,"max_hp_loss":0,"event_name":"Duplicator","floor":39,"gold_loss":0,"cards_obtained":["Power Through"]}],"is_beta":false,"boss_relics":[{"not_picked":["Black Blood","Snecko Eye"],"picked":"Cursed Key"},{"not_picked":["Astrolabe","Runic Cube"],"picked":"Sozu"}],"items_purged_floors":[19,28,41,44],"is_endless":false,"potions_floor_spawned":[2,4,6,10,24,27,29,33,36,47],"ascension_level":7}}