{"host":"b6iqmq74l2bwzb3l","time":1607942601,"event":{"mods":["BaseMod","Colored Map","Colored Powertips","Googly Eyes","MarisaÅiñ∂âJÅ@ñÇóùçπÅj","Minty Spire (QoL Compilation)","StSLib","The Cursed"],"gold_per_floor":[113,113,128,27,45,45,55,55,105,5,23,49,49,61,61,156,156,173,173,173,48,58,58,71,71,121,121,131,147,71,91,91,91,91],"floor_reached":33,"playtime":802,"items_purged":["Strike_G","Strike_G","Strike_G"],"score":249,"play_id":"1da0875e-33ca-4787-b58c-be29c74987d4","local_time":"20201214194321","is_ascension_mode":false,"campfire_choices":[{"data":"Burst","floor":6,"key":"SMITH"},{"data":"Bouncing Flask","floor":13,"key":"SMITH"},{"data":"Noxious Fumes","floor":15,"key":"SMITH"},{"data":"Tools of the Trade","floor":23,"key":"SMITH"},{"data":"Bane","floor":25,"key":"SMITH"},{"data":"Neutralize","floor":27,"key":"SMITH"},{"floor":32,"key":"REST"}],"circlet_count":0,"master_deck":["Defend_G","Defend_G","Defend_G","Defend_G","Defend_G","Survivor","Neutralize+1","Noxious Fumes+1","Burst+1","Bouncing Flask+1","Bane+1","Tools of the Trade+1","J.A.X.","Bane+1","Bouncing Flask+1","Catalyst"],"relics":["Ring of the Serpent","NeowsBlessing","Snake Skull","Art of War","Ornamental Fan","Toy Ornithopter"],"acts_visited":["Exordium","TheCity"],"potions_floor_usage":[16,16,33,33,33],"damage_taken":[{"damage":0,"enemies":"2 Louse","floor":1,"turns":1},{"damage":0,"enemies":"Cultist","floor":3,"turns":1},{"damage":0,"enemies":"Small Slimes","floor":5,"turns":1},{"damage":2,"enemies":"Blue Slaver","floor":7,"turns":5},{"damage":3,"enemies":"Exordium Thugs","floor":11,"turns":5},{"damage":10,"enemies":"Lagavulin","floor":12,"turns":5},{"damage":10,"enemies":"Looter","floor":14,"turns":2},{"damage":15,"enemies":"Slime Boss","floor":16,"turns":8},{"damage":5,"enemies":"Spheric Guardian","floor":18,"turns":3},{"damage":0,"enemies":"Chosen","floor":22,"turns":4},{"damage":15,"enemies":"Snecko","floor":24,"turns":3},{"damage":35,"enemies":"Centurion and Healer","floor":28,"turns":5},{"damage":15,"enemies":"Sentry and Sphere","floor":29,"turns":5},{"damage":7,"enemies":"Snake Plant","floor":31,"turns":2},{"damage":50,"enemies":"Automaton","floor":33,"turns":6}],"seed_played":"2791445312002200647","potions_obtained":[{"floor":1,"key":"CunningPotion"},{"floor":12,"key":"GamblersBrew"},{"floor":14,"key":"DuplicationPotion"},{"floor":16,"key":"Dexterity Potion"},{"floor":22,"key":"FearPotion"},{"floor":24,"key":"FairyPotion"},{"floor":31,"key":"Fire Potion"}],"is_trial":false,"path_per_floor":["M","?","M","$","M","R","M","?","T","$","M","E","R","M","R","B",null,"M","?","T","$","M","R","M","R","T","R","M","M","$","M","R","B"],"character_chosen":"THE_SILENT","items_purchased":["Bane","Catalyst"],"campfire_rested":1,"item_purchase_floors":[4,30],"current_hp_per_floor":[70,70,70,70,70,70,68,68,68,68,65,55,55,45,45,30,70,65,65,65,65,65,65,50,50,50,50,15,21,21,14,35,0,0],"gold":91,"neow_bonus":"THREE_ENEMY_KILL","is_daily":false,"chose_seed":false,"campfire_upgraded":6,"win_rate":0.0,"timestamp":1607942601,"path_taken":["M","?","M","$","M","R","?","?","T","$","M","E","R","M","R","BOSS","M","?","?","$","M","R","M","R","T","R","M","?","$","M","R","BOSS"],"items_purchased_type":["Card","Card"],"build_version":"2020-12-13","purchased_purges":3,"victory":false,"max_hp_per_floor":[70,70,70,70,70,70,70,70,70,70,70,70,70,70,70,70,70,70,70,70,70,70,70,70,70,70,70,70,70,70,70,70,70,70],"card_choices":[{"not_picked":["Flying Knee","Deadly Poison"],"picked":"Noxious Fumes","floor":1},{"not_picked":["Sucker Punch","Underhanded Strike"],"picked":"Bouncing Flask","floor":3},{"not_picked":["Dagger Spray","Acrobatics","Underhanded Strike"],"picked":"SKIP","floor":5},{"not_picked":["Skewer","Dodge and Roll","Dagger Throw"],"picked":"SKIP","floor":7},{"not_picked":["Blade Dance","Predator","Cloak And Dagger"],"picked":"SKIP","floor":11},{"not_picked":["Dodge and Roll","Quick Slash","PiercingWail"],"picked":"SKIP","floor":12},{"not_picked":["Bullet Time","Expertise","Underhanded Strike"],"picked":"SKIP","floor":14},{"not_picked":["Adrenaline","Doppelganger"],"picked":"Tools of the Trade","floor":16},{"not_picked":["Underhanded Strike+1","Dagger Spray+1","Finisher"],"picked":"SKIP","floor":18},{"not_picked":["Quick Slash","Blade Dance+1"],"picked":"Bane+1","floor":22},{"not_picked":["Quick Slash+1","Acrobatics"],"picked":"Bouncing Flask+1","floor":24},{"not_picked":["Deflect+1","Caltrops+1","Dagger Throw"],"picked":"SKIP","floor":28},{"not_picked":["Riddle With Holes","Crippling Poison+1","Dodge and Roll"],"picked":"SKIP","floor":29},{"not_picked":["Concentrate","Bouncing Flask+1","Outmaneuver+1"],"picked":"SKIP","floor":31}],"player_experience":296616,"relics_obtained":[{"floor":9,"key":"Snake Skull"},{"floor":12,"key":"Art of War"},{"floor":20,"key":"Ornamental Fan"},{"floor":26,"key":"Toy Ornithopter"}],"event_choices":[{"damage_healed":0,"gold_gain":0,"cards_transformed":["Strike_G"],"player_choice":"Transformed","damage_taken":0,"max_hp_gain":0,"max_hp_loss":0,"event_name":"Transmorgrifier","floor":2,"gold_loss":0,"cards_obtained":["Burst"]},{"cards_removed":["Strike_G"],"damage_healed":0,"gold_gain":0,"player_choice":"Forget","damage_taken":0,"max_hp_gain":0,"max_hp_loss":0,"event_name":"Living Wall","floor":8,"gold_loss":0},{"damage_healed":0,"gold_gain":0,"player_choice":"Obtain J.A.X.","damage_taken":0,"max_hp_gain":0,"max_hp_loss":0,"event_name":"Drug Dealer","floor":19,"gold_loss":0,"cards_obtained":["J.A.X."]}],"is_beta":false,"boss_relics":[{"not_picked":["WristBlade","Pandora\u0027s Box"],"picked":"Ring of the Serpent"}],"items_purged_floors":[4,10,21],"is_endless":false,"potions_floor_spawned":[1,12,14,16,22,24,31],"killed_by":"Automaton","ascension_level":0}}