{"host":"plbsiuh3vwan8ocg","time":1607924243,"event":{"mods":["AchievementEnabler","BaseMod","Minty Spire (QoL Compilation)","Permanent Neow","Quick Restart","StSLib"],"gold_per_floor":[118,132,132,102,1,30,42,55,55,82,102,102,102,67,67,140,140,152,162,212,226,244,263,263,263],"floor_reached":24,"playtime":2326,"items_purged":["Regret"],"score":368,"play_id":"8f9d06ca-f370-4b88-94b8-d1e39abd81b5","local_time":"20201214003723","is_ascension_mode":true,"campfire_choices":[{"floor":13,"key":"REST"},{"data":"Self Repair","floor":15,"key":"SMITH"}],"circlet_count":0,"master_deck":["AscendersBane","Strike_B","Strike_B","Strike_B","Strike_B","Defend_B","Defend_B","Defend_B","Defend_B","Zap","Dualcast","Chill","Loop","Beam Cell","Self Repair+1","Coolheaded+1","Conserve Battery+1","Reprogram+1","Auto Shields+1","Seek+1","Force Field+1","Barrage","Reprogram+1","Gash","Rip and Tear"],"relics":["Cracked Core","Happy Flower","Pen Nib","Toxic Egg 2","DataDisk","Bottled Tornado","Pear","Busted Crown"],"acts_visited":["Exordium","TheCity"],"potions_floor_usage":[6,6,6,11,18,22,23,24],"damage_taken":[{"damage":0,"enemies":"Small Slimes","floor":1,"turns":3},{"damage":0,"enemies":"Cultist","floor":2,"turns":3},{"damage":29,"enemies":"Gremlin Nob","floor":6,"turns":4},{"damage":7,"enemies":"Jaw Worm","floor":7,"turns":3},{"damage":0,"enemies":"3 Louse","floor":8,"turns":5},{"damage":1,"enemies":"3 Sentries","floor":10,"turns":9},{"damage":7,"enemies":"Large Slime","floor":11,"turns":6},{"damage":35,"enemies":"The Guardian","floor":16,"turns":13},{"damage":0,"enemies":"3 Byrds","floor":18,"turns":4},{"damage":17,"enemies":"Chosen","floor":19,"turns":9},{"damage":23,"enemies":"Shelled Parasite and Fungi","floor":21,"turns":7},{"damage":26,"enemies":"Centurion and Healer","floor":22,"turns":8},{"damage":32,"enemies":"Snake Plant","floor":23,"turns":5},{"damage":46,"enemies":"Gremlin Leader","floor":24,"turns":6}],"seed_played":"-18049824061421443","potions_obtained":[{"floor":1,"key":"LiquidBronze"},{"floor":4,"key":"EntropicBrew"},{"floor":4,"key":"DuplicationPotion"},{"floor":7,"key":"Explosive Potion"},{"floor":10,"key":"GamblersBrew"},{"floor":19,"key":"SneckoOil"},{"floor":22,"key":"Regen Potion"},{"floor":23,"key":"BlessingOfTheForge"}],"is_trial":false,"path_per_floor":["M","M","?","?","$","E","M","M","T","E","M","?","R","?","R","B",null,"M","M","?","M","M","M","E"],"character_chosen":"DEFECT","items_purchased":["Beam Cell"],"campfire_rested":1,"item_purchase_floors":[5],"current_hp_per_floor":[64,64,64,64,64,35,35,42,42,48,48,32,56,76,76,51,74,81,74,74,61,45,35,0,0],"gold":263,"neow_bonus":"RANDOM_COMMON_RELIC","is_daily":false,"chose_seed":false,"campfire_upgraded":1,"win_rate":0.0,"timestamp":1607924243,"path_taken":["M","M","?","?","$","E","M","?","T","E","M","?","R","?","R","BOSS","M","M","?","?","?","M","E"],"items_purchased_type":["Card"],"build_version":"2020-12-13","purchased_purges":1,"victory":false,"max_hp_per_floor":[71,71,71,71,71,71,71,71,71,71,71,81,81,81,81,81,81,81,81,81,81,81,81,81,81],"card_choices":[{"not_picked":["Ball Lightning","Gash"],"picked":"Chill","floor":1},{"not_picked":["Compile Driver","Steam"],"picked":"Loop","floor":2},{"not_picked":["Reprogram+1","Conserve Battery+1"],"picked":"Self Repair","floor":6},{"not_picked":["Stack+1","Cold Snap"],"picked":"Coolheaded+1","floor":7},{"not_picked":["Darkness+1","Ball Lightning"],"picked":"Conserve Battery+1","floor":8},{"not_picked":["Loop","Sweeping Beam"],"picked":"Reprogram+1","floor":10},{"not_picked":["Streamline","Aggregate+1"],"picked":"Auto Shields+1","floor":11},{"not_picked":["Rainbow+1","Core Surge"],"picked":"Seek+1","floor":16},{"not_picked":[],"picked":"Force Field+1","floor":18},{"not_picked":[],"picked":"Barrage","floor":19},{"not_picked":[],"picked":"Reprogram+1","floor":21},{"not_picked":[],"picked":"Gash","floor":22},{"not_picked":[],"picked":"Rip and Tear","floor":23}],"player_experience":400371,"relics_obtained":[{"floor":6,"key":"Toxic Egg 2"},{"floor":9,"key":"DataDisk"},{"floor":10,"key":"Bottled Tornado"}],"event_choices":[{"damage_healed":0,"gold_gain":0,"player_choice":"Box","damage_taken":0,"relics_obtained":["Pen Nib"],"max_hp_gain":0,"max_hp_loss":0,"event_name":"Big Fish","floor":3,"gold_loss":0,"cards_obtained":["Regret"]},{"damage_healed":0,"gold_gain":0,"player_choice":"Bought 2 Potions","damage_taken":0,"max_hp_gain":0,"max_hp_loss":0,"event_name":"The Woman in Blue","floor":4,"gold_loss":0},{"damage_healed":0,"gold_gain":0,"player_choice":"Success","damage_taken":26,"relics_obtained":["Pear"],"max_hp_gain":0,"max_hp_loss":0,"event_name":"Scrap Ooze","floor":12,"gold_loss":0},{"damage_healed":20,"gold_gain":0,"player_choice":"Healed","damage_taken":0,"max_hp_gain":0,"max_hp_loss":0,"event_name":"The Cleric","floor":14,"gold_loss":35},{"damage_healed":0,"gold_gain":50,"player_choice":"Pray","damage_taken":0,"max_hp_gain":0,"max_hp_loss":0,"event_name":"Golden Shrine","floor":20,"gold_loss":0}],"is_beta":false,"boss_relics":[{"not_picked":["Coffee Dripper","Velvet Choker"],"picked":"Busted Crown"}],"items_purged_floors":[5],"is_endless":false,"potions_floor_spawned":[1,7,10,19,22,23],"killed_by":"Gremlin Leader","ascension_level":15}}