{"host":"ov7kp8bjf83ind03","time":1607968240,"event":{"mods":["AchievementEnabler","BaseMod","Better Note","Colored Map","Colored Powertips","Downfall","Minty Spire (QoL Compilation)","Permanent Neow","Rare Cards Sparkle","Relic Sorter","Relic Stats","StSLib","everything is the same but u backflip on backflip"],"gold_per_floor":[99,129,129,148,165,165,234,269,284,209,209,225,62,79,91,193,193,193,224,237,237,147,164,187,287,304,335,351,365,379,447,467,563,563,563,212,247,266,279,279,279,295,295,327,338,488,219,282,292,292],"floor_reached":51,"playtime":4338,"items_purged":["Guardian:Strike_Guardian","Guardian:Defend_Guardian","Guardian:Strike_Guardian"],"score":915,"play_id":"aecd0538-ccc2-43c4-bb43-fd44a635169c","local_time":"20201214125040","is_ascension_mode":false,"campfire_choices":[{"data":"Guardian:HyperBeam_Guardian","floor":1,"key":"SMITH"},{"floor":6,"key":"RECALL"},{"data":"Guardian:CurlUp","floor":10,"key":"SMITH"},{"data":"Guardian:TemporalShield","floor":18,"key":"SMITH"},{"data":"Guardian:DonusPower","floor":21,"key":"SMITH"},{"data":"Guardian:TimeSifter","floor":35,"key":"SMITH"},{"data":"Guardian:TimeCapacitor","floor":40,"key":"SMITH"},{"data":"Guardian:StasisField","floor":43,"key":"SMITH"}],"circlet_count":0,"master_deck":["Guardian:Defend_Guardian","Guardian:Defend_Guardian","Guardian:Defend_Guardian","Guardian:CurlUp+1","Guardian:TwinSlam","Guardian:HyperBeam_Guardian+1","Guardian:PolyBeam+1","Guardian:Planning","Guardian:TemporalShield+1","Guardian:TemporalStrike","Guardian:TimeSifter+1","Guardian:PrismaticBarrier","Guardian:ShieldCharger","Guardian:FloatingOrbs","Guardian:DonusPower+1","Guardian:Planning","Guardian:StasisField+1","Guardian:TimeCapacitor+1","Guardian:Recover","Guardian:VentSteam","Guardian:BronzeArmor+1","Guardian:EvasiveProtocol","Guardian:PiercingHide","Guardian:ExploitGems","Guardian:TimeSifter","Guardian:AncientConstruct","expansioncontent:DecasProtection"],"relics":["Guardian:ModeShifter","Vajra","Dream Catcher","Bottled Lightning","Guardian:SackOfGems","downfall:HeartBlessingRed","Orrery","Black Star","Ancient Tea Set","Bag of Marbles","MealTicket","downfall:CloakOfManyFaces","CultistMask","FaceOfCleric","NlothsMask","GremlinMask","SsserpentHead","Nunchaku","TungstenRod","Empty Cage","Frozen Eye","Orichalcum","Omamori","Anchor","Regal Pillow","downfall:GremlinWheel","Shuriken","Lantern"],"acts_visited":["Exordium","TheCity","TheBeyond"],"potions_floor_usage":[14,16,27,27,29,32,33,33,37,46,46,49,49,49,50,50],"damage_taken":[{"damage":17,"enemies":"3 Sentries","floor":2,"turns":5},{"damage":1,"enemies":"2 Louse","floor":4,"turns":2},{"damage":9,"enemies":"Jaw Worm","floor":5,"turns":3},{"damage":16,"enemies":"Gremlin Nob","floor":8,"turns":4},{"damage":6,"enemies":"Cultist","floor":9,"turns":3},{"damage":0,"enemies":"Large Slime","floor":12,"turns":4},{"damage":3,"enemies":"downfall:FleeingMerchant","floor":13,"turns":4},{"damage":4,"enemies":"Lots of Slimes","floor":14,"turns":4},{"damage":0,"enemies":"Blue Slaver","floor":15,"turns":3},{"damage":12,"enemies":"downfall:Watcher","floor":16,"turns":8},{"damage":23,"enemies":"Gremlin Leader","floor":19,"turns":9},{"damage":0,"enemies":"3 Byrds","floor":20,"turns":3},{"damage":0,"enemies":"downfall:FleeingMerchant","floor":22,"turns":4},{"damage":10,"enemies":"Spheric Guardian","floor":23,"turns":3},{"damage":1,"enemies":"downfall:FaceTrader","floor":25,"turns":5},{"damage":17,"enemies":"Centurion and Healer","floor":26,"turns":5},{"damage":11,"enemies":"Slavers","floor":27,"turns":3},{"damage":5,"enemies":"Cultist and Chosen","floor":28,"turns":5},{"damage":0,"enemies":"Snecko","floor":29,"turns":4},{"damage":0,"enemies":"Shelled Parasite and Fungi","floor":30,"turns":3},{"damage":10,"enemies":"3 Cultists","floor":31,"turns":3},{"damage":6,"enemies":"Snake Plant","floor":32,"turns":2},{"damage":0,"enemies":"downfall:Defect","floor":33,"turns":9},{"damage":0,"enemies":"downfall:FleeingMerchant","floor":36,"turns":4},{"damage":16,"enemies":"Reptomancer","floor":37,"turns":6},{"damage":19,"enemies":"3 Darklings","floor":38,"turns":3},{"damage":6,"enemies":"Orb Walker","floor":39,"turns":5},{"damage":0,"enemies":"3 Darklings","floor":42,"turns":4},{"damage":16,"enemies":"Nemesis","floor":44,"turns":5},{"damage":6,"enemies":"Jaw Worm Horde","floor":45,"turns":3},{"damage":0,"enemies":"Jaw Worm Horde","floor":46,"turns":4},{"damage":0,"enemies":"downfall:FleeingMerchant","floor":47,"turns":2},{"damage":20,"enemies":"Maw","floor":48,"turns":7},{"damage":0,"enemies":"Spire Growth","floor":49,"turns":4},{"damage":0,"enemies":"downfall:Ironclad","floor":50,"turns":10}],"seed_played":"-2637169746102180289","potions_obtained":[{"floor":4,"key":"Fruit Juice"},{"floor":8,"key":"SteroidPotion"},{"floor":9,"key":"PowerPotion"},{"floor":14,"key":"BlessingOfTheForge"},{"floor":15,"key":"EntropicBrew"},{"floor":23,"key":"SteroidPotion"},{"floor":26,"key":"Block Potion"},{"floor":28,"key":"LiquidMemories"},{"floor":31,"key":"Guardian:DefensiveModePotion"},{"floor":32,"key":"SpeedPotion"},{"floor":38,"key":"SteroidPotion"},{"floor":48,"key":"EntropicBrew"},{"floor":49,"key":"FairyPotion"}],"is_trial":false,"path_per_floor":["R","E","?","M","M","R","T","E","M","R","?","M","$","M","M","B",null,"R","E","M","R","$","M","T","?","M","E","M","M","M","M","M","B",null,"R","$","E","M","M","R","T","M","R","E","M","?","$","M","M","B",null],"character_chosen":"GUARDIAN","items_purchased":["Orrery","Frozen Eye","Guardian:Gem_Purple","Shuriken","Lantern","expansioncontent:DecasProtection"],"campfire_rested":0,"item_purchase_floors":[13,36,36,47,47,47],"current_hp_per_floor":[80,63,60,59,50,50,50,34,28,28,28,28,25,26,26,14,85,85,62,62,62,62,52,52,51,35,25,21,22,23,14,9,10,93,93,94,79,61,56,56,56,57,57,42,37,38,54,35,36,37],"gold":292,"neow_bonus":"ONE_RANDOM_RARE_CARD","is_daily":false,"chose_seed":false,"campfire_upgraded":7,"win_rate":0.0,"timestamp":1607968240,"path_taken":["R","E","?","M","M","R","T","E","M","R","?","M","$","?","M","BOSS","R","E","M","R","$","M","T","?","M","E","M","M","M","?","M","BOSS","R","$","E","M","M","R","T","M","R","E","M","?","$","?","M","BOSS"],"items_purchased_type":["Relic","Relic","Card","Relic","Relic","Card"],"build_version":"2020-12-13","purchased_purges":3,"victory":true,"max_hp_per_floor":[80,80,80,80,80,80,80,80,80,80,80,80,80,85,85,85,85,85,85,85,85,85,85,85,85,86,87,88,89,90,91,92,93,93,93,94,95,96,97,97,97,98,98,99,100,101,102,103,104,105],"relic_stats":{"SsserpentHead":150,"Dream Catcher":0,"Nunchaku":[13],"Regal Pillow":0,"FaceOfCleric":20,"counters":[35,155],"Shuriken":[7],"MealTicket":15,"Black Star":4,"Orichalcum":[0],"obtain_stats":[{"Regal Pillow":44,"Lantern":47,"Vajra":2,"Guardian:SackOfGems":8,"GremlinMask":25,"Ancient Tea Set":19,"Empty Cage":34,"SsserpentHead":25,"Frozen Eye":36,"Dream Catcher":3,"Nunchaku":27,"downfall:GremlinWheel":46,"FaceOfCleric":25,"MealTicket":24,"downfall:CloakOfManyFaces":25,"downfall:HeartBlessingRed":10,"Guardian:ModeShifter":0,"Omamori":37,"Orichalcum":37,"Anchor":44,"Shuriken":47,"Orrery":13,"CultistMask":25,"Black Star":17,"Bag of Marbles":19,"Bottled Lightning":7,"TungstenRod":27,"NlothsMask":25},{"Regal Pillow":29,"Lantern":32,"Vajra":1,"Guardian:SackOfGems":4,"GremlinMask":15,"Ancient Tea Set":11,"Empty Cage":23,"SsserpentHead":15,"Frozen Eye":24,"Dream Catcher":1,"Nunchaku":17,"downfall:GremlinWheel":31,"FaceOfCleric":15,"MealTicket":14,"downfall:CloakOfManyFaces":15,"downfall:HeartBlessingRed":5,"Guardian:ModeShifter":0,"Omamori":25,"Orichalcum":25,"Anchor":29,"Shuriken":32,"Orrery":7,"CultistMask":15,"Black Star":10,"Bag of Marbles":11,"Bottled Lightning":3,"TungstenRod":17,"NlothsMask":15},{"Regal Pillow":125,"Lantern":134,"Vajra":5,"Guardian:SackOfGems":14,"GremlinMask":64,"Ancient Tea Set":49,"Empty Cage":98,"SsserpentHead":64,"Frozen Eye":102,"Dream Catcher":5,"Nunchaku":72,"downfall:GremlinWheel":132,"FaceOfCleric":64,"MealTicket":59,"downfall:CloakOfManyFaces":64,"downfall:HeartBlessingRed":17,"Guardian:ModeShifter":0,"Omamori":108,"Orichalcum":108,"Anchor":125,"Shuriken":134,"Orrery":25,"CultistMask":64,"Black Star":40,"Bag of Marbles":49,"Bottled Lightning":10,"TungstenRod":72,"NlothsMask":64}],"TungstenRod":16},"card_choices":[{"not_picked":["Guardian:VentSteam","Guardian:SpikerProtocol"],"picked":"Guardian:Gem_Red","floor":2},{"not_picked":["Guardian:BronzeOrb","Guardian:Reroute"],"picked":"Guardian:PolyBeam","floor":4},{"not_picked":["Guardian:TemporalStrike","Guardian:Gem_Lightblue"],"picked":"Guardian:Planning","floor":5},{"not_picked":["Guardian:Gem_Crimson","Guardian:Suspension"],"picked":"Guardian:Gem_Purple","floor":8},{"not_picked":["Guardian:BronzeOrb","Guardian:Gem_Lightblue"],"picked":"Guardian:TemporalShield","floor":9},{"not_picked":["Guardian:RefractedBeam","Guardian:ArmoredProtocol"],"picked":"Guardian:TemporalStrike","floor":12},{"not_picked":["Guardian:WalkerClaw","Guardian:Gem_Cyan"],"picked":"Guardian:TimeSifter","floor":13},{"not_picked":["Guardian:SpikerProtocol","Guardian:Gem_Lightblue"],"picked":"Guardian:PrismaticBarrier","floor":13},{"not_picked":["Guardian:Repulse","Guardian:Gem_Red"],"picked":"Guardian:ShieldCharger","floor":13},{"not_picked":["Guardian:Preprogram","Guardian:Gem_Green"],"picked":"Guardian:Gem_Lightblue","floor":13},{"not_picked":["Guardian:Gem_Red","Guardian:WalkerClaw"],"picked":"Guardian:Gem_Lightblue","floor":13},{"not_picked":["Guardian:RefractedBeam","Guardian:Reroute"],"picked":"Guardian:FloatingOrbs","floor":13},{"not_picked":["Guardian:Gem_Red","Guardian:BronzeOrb"],"picked":"Guardian:DonusPower","floor":14},{"not_picked":["Guardian:Gem_Green","Guardian:RollAttack"],"picked":"Guardian:Planning","floor":15},{"not_picked":["Guardian:Gem_Orange","Guardian:ConstructionForm"],"picked":"Guardian:StasisField","floor":16},{"not_picked":["Guardian:PrismaticBarrier","Guardian:Suspension"],"picked":"Guardian:TimeCapacitor","floor":19},{"not_picked":["Guardian:PolyBeam","Guardian:Incinerate"],"picked":"Guardian:Recover","floor":20},{"not_picked":["Guardian:Gem_Cyan","Guardian:SpikerProtocol","Guardian:StasisField"],"picked":"SKIP","floor":22},{"not_picked":["Guardian:Clone","Guardian:TemporalShield+1","Guardian:Harden+1"],"picked":"SKIP","floor":23},{"not_picked":["Guardian:Preprogram","Guardian:VentSteam","Guardian:PrismaticBarrier"],"picked":"SKIP","floor":26},{"not_picked":["Guardian:Suspension","Guardian:Gem_Lightblue"],"picked":"Guardian:VentSteam","floor":27},{"not_picked":["Guardian:VentSteam","Guardian:ShieldCharger+1"],"picked":"Guardian:BronzeArmor+1","floor":28},{"not_picked":["Guardian:StasisStrike","Guardian:TemporalStrike"],"picked":"Guardian:EvasiveProtocol","floor":29},{"not_picked":["Guardian:EvasiveProtocol+1","Guardian:Suspension+1"],"picked":"Guardian:Gem_Red","floor":30},{"not_picked":["Guardian:Gem_Red","Guardian:PrismaticBeam"],"picked":"Guardian:PiercingHide","floor":31},{"not_picked":["Guardian:Reroute+1","Guardian:Planning"],"picked":"Guardian:Gem_Red","floor":32},{"not_picked":["Guardian:ConstructionForm","Guardian:StasisField"],"picked":"Guardian:ExploitGems","floor":33},{"not_picked":["Guardian:Gem_Lightblue","Guardian:DecasProtection"],"picked":"Guardian:Gem_Cyan","floor":36},{"not_picked":["Guardian:SpikerProtocol+1","Guardian:Recover"],"picked":"Guardian:TimeSifter","floor":37},{"not_picked":["Guardian:Recover","Guardian:ChargeCore+1"],"picked":"Guardian:Gem_Green","floor":38},{"not_picked":["Guardian:ShieldCharger+1","Guardian:PrimingBeam+1","Guardian:ChargeCore+1"],"picked":"SKIP","floor":39},{"not_picked":["Guardian:Reroute","Guardian:Emergency+1","Guardian:DonusPower"],"picked":"SKIP","floor":42},{"not_picked":["Guardian:Emergency+1","Guardian:MultiBeam"],"picked":"Guardian:AncientConstruct","floor":44},{"not_picked":["Guardian:WalkerClaw","Guardian:ChargeCore","Guardian:PrimingBeam"],"picked":"SKIP","floor":45},{"not_picked":["Guardian:ChargeCore+1","Guardian:ShieldCharger+1","Guardian:PiercingHide+1"],"picked":"SKIP","floor":47},{"not_picked":["Guardian:DonusPower+1","Guardian:FloatingOrbs+1","Guardian:TimeCapacitor"],"picked":"SKIP","floor":48},{"not_picked":["Guardian:Gem_Green","Guardian:SpikerProtocol+1","Guardian:PrismaticBarrier"],"picked":"SKIP","floor":49}],"player_experience":158810,"relics_obtained":[{"floor":2,"key":"Vajra"},{"floor":7,"key":"Bottled Lightning"},{"floor":8,"key":"Guardian:SackOfGems"},{"floor":19,"key":"Ancient Tea Set"},{"floor":19,"key":"Bag of Marbles"},{"floor":24,"key":"MealTicket"},{"floor":25,"key":"downfall:CloakOfManyFaces"},{"floor":27,"key":"Nunchaku"},{"floor":27,"key":"TungstenRod"},{"floor":37,"key":"Orichalcum"},{"floor":37,"key":"Omamori"},{"floor":44,"key":"Anchor"},{"floor":44,"key":"Regal Pillow"},{"floor":46,"key":"downfall:GremlinWheel"}],"event_choices":[{"damage_healed":0,"gold_gain":0,"player_choice":"Success","damage_taken":3,"relics_obtained":["Dream Catcher"],"max_hp_gain":0,"max_hp_loss":0,"event_name":"Scrap Ooze","floor":3,"gold_loss":0},{"damage_healed":0,"gold_gain":0,"player_choice":"Upgraded","damage_taken":0,"max_hp_gain":0,"max_hp_loss":0,"event_name":"Upgrade Shrine","floor":11,"gold_loss":0,"cards_upgraded":["Guardian:PolyBeam"]}],"is_beta":false,"boss_relics":[{"not_picked":["SacredBark","Ectoplasm"],"picked":"Black Star"},{"not_picked":["Guardian:ModeShifterPlus","Busted Crown"],"picked":"Empty Cage"}],"items_purged_floors":[22,36,47],"is_endless":false,"potions_floor_spawned":[4,8,9,14,15,23,26,28,31,32,38,39,48,49],"ascension_level":0}}