{"host":"gbop6m4qugddaz18","time":1607972699,"event":{"mods":["2.2 Compatiblity","BaseMod","Better Third Choice","Block Reminder","Downfall","GifTheSpireLib","Highlight Path","Minty Spire (QoL Compilation)","Replay The Spire","StSLib"],"gold_per_floor":[99,99,99,125,138,172,246,256,266,266,292,303,303,321,332,430,430,430,343,375,390,417,417,417],"floor_reached":23,"playtime":1250,"items_purged":[],"score":291,"play_id":"af8e9c78-34c5-4032-9eff-19e82ab9396f","local_time":"20201214140459","is_ascension_mode":false,"campfire_choices":[{"data":"hexamod:Float","floor":1,"key":"SMITH"},{"data":"hexamod:ExtraCrispy","floor":10,"key":"SMITH"},{"floor":18,"key":"DIG"}],"circlet_count":0,"master_deck":["hexamod:Strike","hexamod:Strike","hexamod:Strike","hexamod:Strike","hexamod:Defend","hexamod:Defend","hexamod:Defend","hexamod:Defend","hexamod:Sear","hexamod:Float+1","hexamod:SoulSteal","hexamod:BacktrackSmack","hexamod:SwordOfDarkness","hexamod:FirstSeal","hexamod:Firestarter","hexamod:ExtraCrispy+1","hexamod:ShieldOfDarkness","hexamod:Again","hexamod:Firestarter","hexamod:VolcanoVisage","hexamod:WildfireWeapon","Sickly","Clumsy","hexamod:AdvancingGuard","hexamod:GhostLash+1","hexamod:ThirdSeal","hexamod:DynamicBlow","hexamod:GhostOfSpirePresent"],"relics":["hexamod:SpiritBrand","downfall:HeartsMalice","Lizard Tail","InkBottle","BranchBurnRelic","Replay:Rubber Ducky","PreservedInsect","ReplayTheSpireMod:Ninjato","Replay:Ancient Bell","Nunchaku","Matryoshka","StoneCalendar","Orichalcum","Pear","Iron Hammer"],"acts_visited":["Exordium","TheCity"],"potions_floor_usage":[8,14,16,16,22,22,23],"damage_taken":[{"damage":0,"enemies":"Cultist","floor":2,"turns":1},{"damage":0,"enemies":"2 Louse","floor":3,"turns":1},{"damage":0,"enemies":"Gremlin Nob","floor":4,"turns":1},{"damage":0,"enemies":"Jaw Worm","floor":5,"turns":2},{"damage":7,"enemies":"3 Sentries","floor":6,"turns":4},{"damage":18,"enemies":"3 Louse","floor":8,"turns":4},{"damage":8,"enemies":"Blue Slaver","floor":9,"turns":3},{"damage":1,"enemies":"Exordium Thugs","floor":12,"turns":3},{"damage":0,"enemies":"2 Fungi Beasts","floor":14,"turns":4},{"damage":0,"enemies":"Blue Slaver","floor":15,"turns":4},{"damage":20,"enemies":"downfall:Ironclad","floor":16,"turns":7},{"damage":34,"enemies":"Spheric Guardian","floor":19,"turns":7},{"damage":58,"enemies":"Book of Stabbing","floor":20,"turns":7},{"damage":9,"enemies":"3 Cultists","floor":21,"turns":5},{"damage":46,"enemies":"Gremlin Leader","floor":22,"turns":7},{"damage":15,"enemies":"Cultist and Chosen","floor":23,"turns":4}],"seed_played":"-2411132555017490731","potions_obtained":[{"floor":6,"key":"Fruit Juice"},{"floor":9,"key":"Fire Potion"},{"floor":12,"key":"ColorlessPotion"},{"floor":15,"key":"hexamod:DoubleChargePotion"},{"floor":16,"key":"Ancient Potion"},{"floor":19,"key":"SneckoOil"},{"floor":21,"key":"champ:CounterPotion"},{"floor":22,"key":"SkillPotion"}],"is_trial":false,"path_per_floor":["R","M","M","E","M","E","T","M","M","R","T","M","?","M","M","B",null,"R","M","E","M","E","M"],"character_chosen":"THE_SPIRIT","items_purchased":[],"campfire_rested":0,"item_purchase_floors":[],"current_hp_per_floor":[70,70,70,70,70,70,70,64,63,63,63,75,54,61,68,55,75,75,51,54,52,13,0,0],"gold":417,"neow_bonus":"THREE_ENEMY_KILL","is_daily":false,"chose_seed":false,"campfire_upgraded":2,"win_rate":0.0,"timestamp":1607972699,"path_taken":["R","M","M","E","M","E","T","M","M","R","?","M","?","M","M","BOSS","R","M","E","M","E","M"],"items_purchased_type":[],"build_version":"2020-11-30","purchased_purges":0,"victory":false,"max_hp_per_floor":[70,70,70,70,70,70,70,75,75,75,75,75,75,75,75,75,75,75,75,85,85,85,85,85],"card_choices":[{"not_picked":["hexamod:RecurringNightmare","hexamod:BurningTouch"],"picked":"hexamod:SoulSteal","floor":2},{"not_picked":["hexamod:GhostOfSpireFuture","hexamod:RainOfEmbers"],"picked":"hexamod:BacktrackSmack","floor":3},{"not_picked":["hexamod:NecessarySacrifice","hexamod:FastForward"],"picked":"hexamod:SwordOfDarkness","floor":4},{"not_picked":["hexamod:SwordOfDarkness","hexamod:BurningTouch"],"picked":"hexamod:FirstSeal","floor":5},{"not_picked":["hexamod:Toasty","hexamod:HauntingEcho"],"picked":"hexamod:Firestarter","floor":6},{"not_picked":["hexamod:SpectersWail","hexamod:SkipABeat"],"picked":"hexamod:ExtraCrispy","floor":8},{"not_picked":["hexamod:SwordOfDarkness","hexamod:StepThrough"],"picked":"hexamod:ShieldOfDarkness","floor":9},{"not_picked":["hexamod:GhostOfSpirePast","hexamod:GhostOfSpireFuture"],"picked":"hexamod:Again","floor":12},{"not_picked":["hexamod:EtherealExpedition","hexamod:PhantomCloak"],"picked":"hexamod:Firestarter","floor":14},{"not_picked":["hexamod:SoulSteal","hexamod:Hexaguard"],"picked":"hexamod:VolcanoVisage","floor":15},{"not_picked":["hexamod:ApocalypseNow","hexamod:VolcanoVisage"],"picked":"hexamod:WildfireWeapon","floor":16},{"not_picked":["Spreading Infection","ReplayTheSpireMod:Restless Dread"],"picked":"Sickly","floor":17},{"not_picked":["Languid","Injury"],"picked":"Clumsy","floor":17},{"not_picked":["Decay","Hallucinations"],"picked":"ReplayTheSpireMod:IOU","floor":17},{"not_picked":["hexamod:FastForward","hexamod:NecessarySacrifice"],"picked":"hexamod:AdvancingGuard","floor":19},{"not_picked":["hexamod:InspiringFlames","hexamod:BacktrackSmack"],"picked":"hexamod:GhostLash+1","floor":20},{"not_picked":["hexamod:InspiringFlames+1","hexamod:ApocalypseNow"],"picked":"hexamod:ThirdSeal","floor":21},{"not_picked":["hexamod:CrushingStance","hexamod:HauntingEcho"],"picked":"hexamod:DynamicBlow","floor":22},{"not_picked":["hexamod:Hexaguard","hexamod:FastForward"],"picked":"hexamod:GhostOfSpirePresent","floor":22}],"player_experience":405159,"relics_obtained":[{"floor":4,"key":"Dead Branch"},{"floor":6,"key":"Lizard Tail"},{"floor":7,"key":"InkBottle"},{"floor":11,"key":"Replay:Rubber Ducky"},{"floor":18,"key":"Orichalcum"},{"floor":20,"key":"Pear"},{"floor":22,"key":"Iron Hammer"}],"event_choices":[{"damage_healed":0,"gold_gain":1,"player_choice":"Relic Relic ","damage_taken":21,"max_hp_gain":0,"max_hp_loss":0,"event_name":"betterThird:BetterScrap","floor":13,"gold_loss":0,"cards_obtained":["Whirlwind"]}],"is_beta":false,"boss_relics":[{"not_picked":["Busted Crown","Replay:Grab Bag"],"picked":"Replay:Ancient Bell"},{"not_picked":["Juzu Bracelet","Replay:Mystery Machine"],"picked":"Nunchaku"},{"not_picked":["Divine Protection","Mercury Hourglass"],"picked":"Matryoshka"},{"not_picked":["Replay:PocketPolymizer","Du-Vu Doll"],"picked":"StoneCalendar"}],"items_purged_floors":[],"is_endless":false,"potions_floor_spawned":[6,9,12,15,16,19,21,22],"killed_by":"Cultist and Chosen","ascension_level":0}}