{"host":"ih7ofq2zpufcoifs","time":1607921260,"event":{"mods":["BaseMod","Colored Map","Minty Spire (QoL Compilation)"],"gold_per_floor":[110,129,2,2,19,19,78,78,78,113,113,127,140,175,175,280,280,293,293,312,312,339,339,367,385,411,442,442,442,468,98,98,201,201,218,238,238,338,348,348,374,390,390,421,421,452,466,476,476,476,476,476,52,85,85],"floor_reached":56,"playtime":5099,"items_purged":["Strike_P"],"score":2210,"play_id":"974fef8a-ef03-4a10-a9a3-f223eada579d","local_time":"20201214144740","is_ascension_mode":true,"campfire_choices":[{"data":"Eruption","floor":6.0,"key":"SMITH"},{"data":"TalkToTheHand","floor":15.0,"key":"SMITH"},{"data":"TalkToTheHand","floor":23.0,"key":"SMITH"},{"floor":29,"key":"REST"},{"data":"LikeWater","floor":32,"key":"SMITH"},{"data":"WaveOfTheHand","floor":40,"key":"SMITH"},{"floor":45,"key":"RECALL"},{"data":"Wallop","floor":49,"key":"SMITH"},{"floor":52,"key":"REST"}],"circlet_count":0,"master_deck":["AscendersBane","Strike_P+1","Strike_P+1","Strike_P+1","Defend_P+1","Defend_P+1","Defend_P+1","Defend_P+1","Eruption+1","Vigilance+1","LessonLearned+1","BattleHymn+1","ForeignInfluence+1","CutThroughFate+1","Consecrate+1","LikeWater+1","LessonLearned+1","LikeWater+1","TalkToTheHand+1","TalkToTheHand+1","Brilliance+1","CutThroughFate+1","Ghostly+1","Ghostly+1","Ghostly+1","Ghostly+1","Ghostly+1","CutThroughFate+1","Meditate+1","CutThroughFate+1","Sanctity+1","MentalFortress+1","Omniscience+1","Prostrate+1","WheelKick+1","WaveOfTheHand+1","Indignation+1","FearNoEvil+1","Wallop+1","Wireheading+1","CutThroughFate+1","Wireheading+1","TalkToTheHand+1","Dark Shackles+1"],"relics":["PureWater","Lizard Tail","Pantograph","Whetstone","Tiny Chest","Philosopher\u0027s Stone","Strawberry","Prayer Wheel","White Beast Statue","Bag of Preparation","ClockworkSouvenir","Damaru","Snecko Eye","Ornamental Fan","PreservedInsect","Question Card","Blood Vial","Regal Pillow","Centennial Puzzle","Boot"],"acts_visited":["Exordium","TheCity","TheBeyond","TheEnding"],"potions_floor_usage":[33,33,42],"damage_taken":[{"damage":1.0,"enemies":"2 Louse","floor":1.0,"turns":4.0},{"damage":0.0,"enemies":"Small Slimes","floor":2.0,"turns":3.0},{"damage":0.0,"enemies":"Cultist","floor":5.0,"turns":3.0},{"damage":7.0,"enemies":"3 Sentries","floor":7.0,"turns":4.0},{"damage":4.0,"enemies":"3 Sentries","floor":10.0,"turns":4.0},{"damage":6.0,"enemies":"Exordium Thugs","floor":12.0,"turns":2.0},{"damage":0.0,"enemies":"3 Louse","floor":13.0,"turns":3.0},{"damage":11.0,"enemies":"Lagavulin","floor":14.0,"turns":7.0},{"damage":0.0,"enemies":"Slime Boss","floor":16.0,"turns":3.0},{"damage":13.0,"enemies":"Shell Parasite","floor":18.0,"turns":5.0},{"damage":0.0,"enemies":"2 Thieves","floor":20.0,"turns":5.0},{"damage":0.0,"enemies":"Book of Stabbing","floor":24.0,"turns":7.0},{"damage":2.0,"enemies":"Centurion and Healer","floor":25.0,"turns":2.0},{"damage":15,"enemies":"Gremlin Leader","floor":27,"turns":6},{"damage":0,"enemies":"Book of Stabbing","floor":30,"turns":5},{"damage":12,"enemies":"Champ","floor":33,"turns":10},{"damage":0,"enemies":"Orb Walker","floor":35,"turns":2},{"damage":1,"enemies":"3 Darklings","floor":36,"turns":4},{"damage":0,"enemies":"4 Shapes","floor":39,"turns":8},{"damage":3,"enemies":"Nemesis","floor":41,"turns":7},{"damage":0,"enemies":"Jaw Worm Horde","floor":42,"turns":3},{"damage":0,"enemies":"Reptomancer","floor":44,"turns":5},{"damage":0,"enemies":"Giant Head","floor":46,"turns":5},{"damage":1,"enemies":"3 Darklings","floor":47,"turns":5},{"damage":0,"enemies":"Sphere and 2 Shapes","floor":48,"turns":7},{"damage":11,"enemies":"Donu and Deca","floor":50,"turns":11},{"damage":0,"enemies":"Shield and Spear","floor":54,"turns":7},{"damage":15,"enemies":"The Heart","floor":55,"turns":9}],"seed_played":"-124185194629045093","potions_obtained":[{"floor":1.0,"key":"BlessingOfTheForge"},{"floor":10.0,"key":"FearPotion"},{"floor":16.0,"key":"Fruit Juice"},{"floor":24.0,"key":"Ancient Potion"},{"floor":25.0,"key":"PowerPotion"},{"floor":27,"key":"Swift Potion"},{"floor":33,"key":"AttackPotion"},{"floor":35,"key":"Swift Potion"},{"floor":36,"key":"Block Potion"},{"floor":39,"key":"StancePotion"},{"floor":41,"key":"DistilledChaos"},{"floor":42,"key":"FairyPotion"},{"floor":47,"key":"Ambrosia"}],"is_trial":false,"path_per_floor":["M","M","$","?","M","R","?","?","T","E","?","M","M","E","R","B",null,"M","?","M","?","T","R","E","M","T","E","T","R","E","$","R","B",null,"M","M","T","?","M","R","E","M","T","E","R","E","M","M","R","B",null,"R","$","E","B",null],"character_chosen":"WATCHER","items_purchased":["CutThroughFate","MentalFortress","ClockworkSouvenir","Damaru","TalkToTheHand","Centennial Puzzle","FairyPotion","Dark Shackles"],"campfire_rested":2,"item_purchase_floors":[3,31,31,31,53,53,53,53],"current_hp_per_floor":[64,64,64,69,69,69,62,62,62,58,58,52,52,41,41,66,69,56,35,35,35,42,42,47,45,45,30,30,44,44,44,44,35,44,44,43,43,43,43,43,40,40,40,40,40,42,43,45,45,36,44,47,47,47,32],"gold":85,"neow_bonus":"THREE_RARE_CARDS","is_daily":false,"chose_seed":false,"campfire_upgraded":6,"win_rate":0.0,"timestamp":1607921260,"path_taken":["M","M","$","?","M","R","?","?","T","E","?","M","?","E","R","BOSS","M","?","M","?","?","R","E","M","T","E","?","R","E","$","R","BOSS","M","M","?","?","M","R","E","?","T","E","R","E","M","M","R","BOSS","R","$","E","BOSS"],"items_purchased_type":["Card","Card","Relic","Relic","Card","Relic","Potion","Card"],"build_version":"2020-12-13","purchased_purges":1,"victory":true,"max_hp_per_floor":[65,65,65,70,70,70,70,70,70,70,70,70,70,70,70,70,70,70,35,35,35,42,42,47,47,47,47,47,47,47,47,47,47,47,47,47,47,47,47,47,47,47,47,47,47,47,47,47,47,47,47,47,47,47,47],"card_choices":[{"not_picked":["SpiritShield","DeusExMachina"],"picked":"LessonLearned","floor":0.0},{"not_picked":["EmptyBody","ThirdEye"],"picked":"BattleHymn","floor":1.0},{"not_picked":["ClearTheMind","WindmillStrike"],"picked":"ForeignInfluence","floor":2.0},{"not_picked":["Wireheading","BowlingBash"],"picked":"Consecrate","floor":5.0},{"not_picked":["PathToVictory","Crescendo"],"picked":"LikeWater","floor":7.0},{"not_picked":["Crescendo","JustLucky"],"picked":"LessonLearned","floor":10.0},{"not_picked":["FlyingSleeves","PathToVictory"],"picked":"LikeWater","floor":12.0},{"not_picked":["Collect","Swivel"],"picked":"TalkToTheHand","floor":13.0},{"not_picked":["CrushJoints","EmptyBody"],"picked":"TalkToTheHand","floor":14.0},{"not_picked":["Devotion","LessonLearned"],"picked":"Brilliance","floor":16.0},{"not_picked":["JustLucky","ThirdEye"],"picked":"CutThroughFate","floor":18.0},{"not_picked":["Study","ReachHeaven"],"picked":"CutThroughFate","floor":20.0},{"not_picked":["EmptyBody+1","FlyingSleeves"],"picked":"Meditate+1","floor":24.0},{"not_picked":["Adaptation","Crescendo+1"],"picked":"CutThroughFate","floor":25.0},{"not_picked":["LessonLearned","EmptyBody","CrushJoints"],"picked":"SKIP","floor":27},{"not_picked":["Evaluate","ClearTheMind"],"picked":"Sanctity","floor":30},{"not_picked":["LessonLearned","Brilliance"],"picked":"Omniscience","floor":33},{"not_picked":["FollowUp+1","PathToVictory"],"picked":"Prostrate+1","floor":35},{"not_picked":["CrushJoints","ClearTheMind+1","SashWhip"],"picked":"SKIP","floor":35},{"not_picked":["ClearTheMind+1","SashWhip"],"picked":"WheelKick+1","floor":36},{"not_picked":["FlyingSleeves","JustLucky+1","Crescendo"],"picked":"SKIP","floor":36},{"not_picked":["EmptyFist","WindmillStrike"],"picked":"WaveOfTheHand","floor":39},{"not_picked":["Perseverance+1","ClearTheMind"],"picked":"Indignation","floor":39},{"not_picked":["PathToVictory+1","Indignation"],"picked":"FearNoEvil+1","floor":41},{"not_picked":["Meditate","Protect"],"picked":"Wallop","floor":42},{"not_picked":["Weave","JustLucky+1"],"picked":"Wireheading+1","floor":42},{"not_picked":["ReachHeaven","ForeignInfluence","FollowUp","ConjureBlade"],"picked":"SKIP","floor":44},{"not_picked":["SashWhip","ClearTheMind+1","Halt"],"picked":"CutThroughFate+1","floor":46},{"not_picked":["Perseverance+1","CutThroughFate","PathToVictory","Prostrate"],"picked":"SKIP","floor":47},{"not_picked":["Evaluate","EmptyBody","WaveOfTheHand","DeusExMachina"],"picked":"SKIP","floor":47},{"not_picked":["SashWhip","Evaluate+1","SignatureMove"],"picked":"Wireheading","floor":48},{"not_picked":["WaveOfTheHand","Halt+1","FollowUp","EmptyBody"],"picked":"SKIP","floor":48},{"not_picked":["BattleHymn","Collect","PathToVictory","EmptyMind"],"picked":"SKIP","floor":54}],"player_experience":327211,"relics_obtained":[{"floor":7.0,"key":"Lizard Tail"},{"floor":9.0,"key":"Pantograph"},{"floor":10.0,"key":"Whetstone"},{"floor":14.0,"key":"Tiny Chest"},{"floor":22.0,"key":"Strawberry"},{"floor":27,"key":"Prayer Wheel"},{"floor":28,"key":"White Beast Statue"},{"floor":30,"key":"Bag of Preparation"},{"floor":37,"key":"Ornamental Fan"},{"floor":41,"key":"PreservedInsect"},{"floor":43,"key":"Question Card"},{"floor":44,"key":"Blood Vial"},{"floor":46,"key":"Regal Pillow"},{"floor":54,"key":"Boot"}],"event_choices":[{"damage_healed":0.0,"max_hp_gain":5.0,"max_hp_loss":0.0,"gold_gain":0.0,"event_name":"Big Fish","player_choice":"Donut","floor":4.0,"gold_loss":0.0,"damage_taken":0.0},{"damage_healed":0.0,"max_hp_gain":0.0,"max_hp_loss":0.0,"gold_gain":0.0,"event_name":"Dead Adventurer","player_choice":"Searched \u00271\u0027 times","floor":7.0,"gold_loss":0.0,"damage_taken":0.0},{"damage_healed":0.0,"max_hp_gain":0.0,"max_hp_loss":0.0,"gold_gain":0.0,"event_name":"Liars Game","player_choice":"Ignored","floor":8.0,"gold_loss":0.0,"damage_taken":0.0},{"damage_healed":0.0,"max_hp_gain":0.0,"max_hp_loss":0.0,"gold_gain":0.0,"event_name":"The Woman in Blue","player_choice":"Bought 0 Potions","floor":11.0,"gold_loss":0.0,"damage_taken":0.0},{"damage_healed":0.0,"max_hp_gain":0.0,"max_hp_loss":35.0,"gold_gain":0.0,"event_name":"Ghosts","player_choice":"Became a Ghost","floor":19.0,"gold_loss":0.0,"damage_taken":0.0,"cards_obtained":["Ghostly","Ghostly","Ghostly","Ghostly","Ghostly"]},{"damage_healed":0.0,"max_hp_gain":0.0,"max_hp_loss":0.0,"gold_gain":0.0,"event_name":"Vampires","player_choice":"Ignored","floor":21.0,"gold_loss":0.0,"damage_taken":0.0},{"damage_healed":0,"gold_gain":100,"player_choice":"Pray","damage_taken":0,"max_hp_gain":0,"max_hp_loss":0,"event_name":"Golden Shrine","floor":38,"gold_loss":0}],"is_beta":false,"boss_relics":[{"not_picked":["Coffee Dripper","Runic Dome"],"picked":"Philosopher\u0027s Stone"},{"not_picked":["Tiny House","Pandora\u0027s Box"],"picked":"Snecko Eye"}],"items_purged_floors":[3],"is_endless":false,"potions_floor_spawned":[1,10,16,24,25,27,30,33,35,36,39,41,42,44,46,47,48,54],"ascension_level":12}}