{"host":"qljq6nt1bltq73k9","time":1607915868,"event":{"mods":["BaseMod","Colored Map","Colored Powertips","Downfall","Minty Spire (QoL Compilation)","Quick Restart","Replay The Spire","StSLib"],"gold_per_floor":[99,199,199,99328,99328,99345,99345,99195,98769,98804,98912,98379,98399,97788,97805,97901,97901,97826,97852,97866,97884,97922,97940,97940,97965,97990,97990,97934,97948,98048,97704,97721,97816,97916,97916,97933,97950,97506,97534,97098,97098,97206,97247,97247,97264,97264,97264,97330,97355,97400,97400,97482,97098,97098,97098],"floor_reached":56,"playtime":2916,"items_purged":["hexamod:Defend","hexamod:Defend","hexamod:Defend","hexamod:Strike","hexamod:Strike+1","hexamod:Strike+1","hexamod:Sear","hexamod:Float","Chrysalis"],"score":1695,"play_id":"07fee934-5876-4f2d-8ff9-433701d5d8e2","local_time":"20201214111748","is_ascension_mode":false,"campfire_choices":[{"floor":1,"key":"RECALL"},{"data":"hexamod:EtherealExpedition","floor":8,"key":"SMITH"},{"floor":18,"key":"REST"},{"floor":27,"key":"REST"},{"floor":35,"key":"REST"},{"floor":44,"key":"REST"},{"floor":54,"key":"REST"}],"circlet_count":0,"master_deck":["hexamod:HauntingEcho+1","hexamod:InspiringFlames","hexamod:EmpoweredFlame","hexamod:EtherealExpedition+1","hexamod:HexaLevel","hexamod:VolcanoVisage+1","hexamod:ExtraCrispy","ReplayTheSpireMod:Necrogeddon+1","hexamod:SuperheatedStrike+1","hexamod:SuperheatedStrike+1","Panache","ReplayTheSpireMod:Private Reserves","hexamod:ExtraCrispy","hexamod:NecessarySacrifice+1","hexamod:WildfireWeapon","Secret Technique","hexamod:GhostOfSpirePast","hexamod:GhostOfSpirePast+1","hexamod:BacktrackSmack+1","hexamod:PhantomFireball+1","hexamod:GhostLash+1","hexamod:HauntingEcho+1","hexamod:GhostOfSpireFuture","hexamod:EtherealExpedition+1","hexamod:EmpoweredFlame","Master of Strategy","hexamod:ExtraCrispy","Thinking Ahead","Madness","Jack Of All Trades","hexamod:HeatMetal+1","hexamod:GhostOfSpirePresent","Looming Evil","hexamod:RadiantFlame+1","hexamod:EtherealExpedition+1","hexamod:GhostOfSpirePast+1"],"relics":["hexamod:SpiritBrand","downfall:HeartsMalice","Membership Card","hexamod:Sixitude","Molten Egg 2","downfall:HeartBlessingRed","downfall:HeartBlessingBlue","Pen Nib","Anchor","hexamod:JarOfFuel","Divine Protection","downfall:GremlinWheel","OrangePellets","ReplayFunnel","Whetstone","Incense Burner","HandDrill","Replay:Bottled Flurry","Replay:Grab Bag","Runic Dome","Fusion Hammer","expansioncontent:StudyCardRelic","Empty Cage","downfall:HeartBlessingGreen","Tiny Chest","Pantograph","hexamod:TheBrokenSeal","Mummified Hand","ReplayTheSpireMod:Lightbulb","TheAbacus","Replay:Bottled Steam","Replay:Kaleidoscope","Replay:Accelerometer","BargainBundle","Iron Hammer","Oddly Smooth Stone","Replay:Wanted Poster","Blue Doll","Happy Flower","ReplayTheSpireMod:ShopPack","Smiling Mask","sneckomod:BlankCard","Mercury Hourglass","Frozen Eye","Bag of Preparation","Potion Belt","hexamod:MatchstickCase","Replay:Mystery Machine","ReplayTheSpireMod:Ring of Challenge","Ring of Chaos","hexamod:TheBrokenSeal","Strange Spoon","Gremlin Horn","FossilizedHelix","Boot","Sling","hexamod:TheBrokenSeal","hexamod:TheBrokenSeal","hexamod:TheBrokenSeal","hexamod:TheBrokenSeal","hexamod:TheBrokenSeal","hexamod:TheBrokenSeal","hexamod:TheBrokenSeal","hexamod:TheBrokenSeal"],"acts_visited":["Exordium","TheCity","TheBeyond","TheEnding"],"potions_floor_usage":[9,10,11,11,13,14,16,22,39,40,55],"damage_taken":[{"damage":0,"enemies":"Small Slimes","floor":3,"turns":1},{"damage":0,"enemies":"downfall:FleeingMerchant","floor":4,"turns":1},{"damage":0,"enemies":"Cultist","floor":5,"turns":1},{"damage":7,"enemies":"2 Louse","floor":6,"turns":2},{"damage":6,"enemies":"downfall:FleeingMerchant","floor":9,"turns":4},{"damage":29,"enemies":"Gremlin Nob","floor":10,"turns":4},{"damage":12,"enemies":"Gremlin Nob","floor":11,"turns":4},{"damage":0,"enemies":"downfall:FleeingMerchant","floor":12,"turns":4},{"damage":0,"enemies":"Lots of Slimes","floor":13,"turns":2},{"damage":12,"enemies":"downfall:FleeingMerchant","floor":14,"turns":4},{"damage":0,"enemies":"Blue Slaver","floor":15,"turns":2},{"damage":4,"enemies":"downfall:Silent","floor":16,"turns":4},{"damage":0,"enemies":"Shell Parasite","floor":19,"turns":3},{"damage":0,"enemies":"3 Byrds","floor":20,"turns":4},{"damage":0,"enemies":"Shelled Parasite and Fungi","floor":21,"turns":3},{"damage":0,"enemies":"Slavers","floor":22,"turns":2},{"damage":0,"enemies":"Cultist and Chosen","floor":23,"turns":5},{"damage":6,"enemies":"Centurion and Healer","floor":25,"turns":4},{"damage":0,"enemies":"Gremlin Leader","floor":26,"turns":2},{"damage":0,"enemies":"downfall:FleeingMerchant","floor":28,"turns":3},{"damage":0,"enemies":"3 Cultists","floor":29,"turns":2},{"damage":0,"enemies":"downfall:Watcher","floor":30,"turns":3},{"damage":0,"enemies":"Cultist and Chosen","floor":32,"turns":3},{"damage":0,"enemies":"downfall:Defect","floor":33,"turns":3},{"damage":0,"enemies":"Orb Walker","floor":36,"turns":2},{"damage":2,"enemies":"3 Shapes","floor":37,"turns":2},{"damage":0,"enemies":"R_Hoarder","floor":39,"turns":4},{"damage":0,"enemies":"downfall:LadyInBlue","floor":42,"turns":2},{"damage":0,"enemies":"Giant Head","floor":43,"turns":4},{"damage":0,"enemies":"3 Darklings","floor":45,"turns":2},{"damage":0,"enemies":"Sphere and 2 Shapes","floor":48,"turns":3},{"damage":0,"enemies":"Maw","floor":49,"turns":4},{"damage":0,"enemies":"downfall:Ironclad","floor":50,"turns":4},{"damage":28,"enemies":"downfall:CharBossMerchant","floor":52,"turns":4},{"damage":0,"enemies":"downfall:NeowBoss","floor":55,"turns":14}],"seed_played":"836028929362969703","potions_obtained":[{"floor":10,"key":"FairyPotion"},{"floor":13,"key":"SpeedPotion"},{"floor":15,"key":"Cursed Concoction"},{"floor":16,"key":"DistilledChaos"},{"floor":22,"key":"LiquidMemories"},{"floor":26,"key":"DuplicationPotion"},{"floor":39,"key":"SneckoOil"},{"floor":42,"key":"Guardian:BlockOnCardUsePotion"},{"floor":42,"key":"Toxic Potion"}],"is_trial":false,"path_per_floor":["R_BF","?","M","$","M","M","T","R","$","E","?","$","M","$","M","B",null,"R","M","M","M","E","M","T","M","E","R","$","M","?","$","M","B",null,"R_BF","M","M","$","E","$","T","?","E","R","M","T","?","M","M","B",null,"E","$","R","B",null],"character_chosen":"THE_SPIRIT","items_purchased":["Fire Potion","Membership Card","hexamod:Sixitude","Molten Egg 2","hexamod:EmpoweredFlame","Chrysalis","hexamod:EtherealExpedition","BlessingOfTheForge","Swift Potion","Pen Nib","Anchor","hexamod:JarOfFuel","hexamod:ExtraCrispy","ReplayTheSpireMod:Necrogeddon+1","Fire Potion","Panache","ReplayTheSpireMod:Private Reserves","hexamod:ExtraCrispy","OrangePellets","ReplayFunnel","Venom Potion","Explosive Potion","Whetstone","Secret Technique","Incense Burner","HandDrill","Fruit Juice","PowerPotion","Replay:Bottled Flurry","hexamod:GhostOfSpireFuture","ReplayTheSpireMod:Lightbulb","TheAbacus","Replay:Bottled Steam","hexamod:EmpoweredFlame","BargainBundle","Iron Hammer","Oddly Smooth Stone","DistilledChaos","Master of Strategy","Blue Doll","hexamod:ExtraCrispy","Thinking Ahead","Happy Flower","ReplayTheSpireMod:ShopPack","sneckomod:BlankCard","Mercury Hourglass","Frozen Eye","hexamod:GhostOfSpirePresent","Fruit Juice","SpeedPotion","FossilizedHelix","Boot","Sling","hexamod:FourthSeal"],"campfire_rested":5,"item_purchase_floors":[4,4,4,4,4,4,4,4,4,9,9,9,9,9,9,12,12,12,12,12,12,12,12,14,14,14,14,14,14,28,28,28,28,31,31,31,31,31,31,38,38,38,38,38,40,40,40,40,40,40,53,53,53,53],"current_hp_per_floor":[70,70,70,70,70,63,63,73,67,38,26,26,26,19,19,15,85,85,85,85,85,85,85,85,95,95,95,95,95,95,95,95,95,95,95,95,93,93,93,98,98,98,100,100,100,100,100,100,110,110,110,89,89,110,190],"gold":97098,"neow_bonus":"THREE_ENEMY_KILL","is_daily":false,"chose_seed":false,"campfire_upgraded":1,"win_rate":0.0,"timestamp":1607915868,"path_taken":["R_BF","?","M","$","M","?","T","R","$","E","?","?","M","$","M","BOSS","R","M","M","M","E","M","T","M","E","R","$","M","?","$","M","BOSS","R_BF","M","M","$","E","$","T","?","E","R","?","?","?","M","M","BOSS","E","$","R","BOSS"],"items_purchased_type":["Potion","Relic","Relic","Relic","Card","Card","Card","Potion","Potion","Relic","Relic","Relic","Card","Card","Potion","Card","Card","Card","Relic","Relic","Potion","Potion","Relic","Card","Relic","Relic","Potion","Potion","Relic","Card","Relic","Relic","Relic","Card","Relic","Relic","Relic","Potion","Card","Relic","Card","Card","Relic","Relic","Relic","Relic","Relic","Card","Potion","Potion","Relic","Relic","Relic","Card"],"build_version":"2020-11-30","purchased_purges":9,"victory":true,"max_hp_per_floor":[70,70,70,70,70,70,70,80,80,80,80,80,80,85,85,85,85,85,85,85,85,85,85,85,95,95,95,95,95,95,95,95,95,95,95,95,95,95,95,100,100,100,100,100,100,100,100,100,110,110,110,110,110,110,190],"card_choices":[{"not_picked":["hexamod:GhostShield","hexamod:SpectersWail"],"picked":"hexamod:HauntingEcho","floor":3},{"not_picked":["hexamod:Hexaguard","hexamod:SpectersWail"],"picked":"hexamod:InspiringFlames","floor":4},{"not_picked":["hexamod:BacktrackSmack+1","hexamod:HeatCrush+1"],"picked":"hexamod:SecondSeal","floor":5},{"not_picked":["hexamod:BurningTouch","hexamod:ThermalTransfer+1"],"picked":"hexamod:HexaLevel","floor":6},{"not_picked":["hexamod:AdvancingGuard","hexamod:SecondSeal"],"picked":"hexamod:VolcanoVisage","floor":9},{"not_picked":["hexamod:AdvancingGuard","hexamod:Again"],"picked":"hexamod:SuperheatedStrike+1","floor":10},{"not_picked":["hexamod:DynamicBlow+1","hexamod:BurningTouch"],"picked":"hexamod:SuperheatedStrike+1","floor":12},{"not_picked":["hexamod:ShieldOfDarkness","hexamod:HeatShield"],"picked":"hexamod:NecessarySacrifice","floor":13},{"not_picked":["hexamod:InspiringFlames","hexamod:GhostOfSpireFuture"],"picked":"hexamod:WildfireWeapon","floor":14},{"not_picked":["hexamod:PhantomCloak","hexamod:ThermalTransfer+1"],"picked":"hexamod:GhostOfSpirePast","floor":15},{"not_picked":["hexamod:ApocalypticArmor","hexamod:ParanormalForm"],"picked":"hexamod:FifthSeal","floor":16},{"not_picked":["hexamod:FifthSeal","hexamod:FourthSeal"],"picked":"hexamod:SixthSeal","floor":19},{"not_picked":["hexamod:RadiantFlame","hexamod:VolcanoVisage"],"picked":"hexamod:GhostOfSpirePast+1","floor":19},{"not_picked":["hexamod:FifthSeal","hexamod:SixthSeal"],"picked":"hexamod:FourthSeal","floor":20},{"not_picked":["hexamod:RecurringNightmare","hexamod:InspiringFlames"],"picked":"hexamod:BacktrackSmack+1","floor":20},{"not_picked":["hexamod:AdvancingGuard","hexamod:PowerFromBeyond","hexamod:ExtraCrispy"],"picked":"SKIP","floor":21},{"not_picked":["hexamod:ThirdSeal","hexamod:SecondSeal"],"picked":"hexamod:FirstSeal","floor":22},{"not_picked":["hexamod:SwordOfDarkness+1","hexamod:Rewind"],"picked":"hexamod:PhantomFireball+1","floor":22},{"not_picked":["hexamod:SixthSeal","hexamod:FirstSeal"],"picked":"hexamod:ThirdSeal","floor":23},{"not_picked":["hexamod:SpectralAdrenaline","hexamod:NightmareGuise","hexamod:InspiringFlames"],"picked":"SKIP","floor":23},{"not_picked":["hexamod:NightmareStrike+1","hexamod:ThirdSeal"],"picked":"hexamod:GhostLash+1","floor":25},{"not_picked":["hexamod:BacktrackSmack+1","hexamod:FastForward+1"],"picked":"hexamod:HauntingEcho+1","floor":26},{"not_picked":["hexamod:UnlimitedPower","hexamod:Toasty+1"],"picked":"hexamod:FourthSeal","floor":28},{"not_picked":["hexamod:BacktrackSmack+1","hexamod:GhostLash+1"],"picked":"hexamod:EtherealExpedition","floor":29},{"not_picked":["hexamod:SpectersWail+1","hexamod:NightmareGuise+1","hexamod:FastForward+1"],"picked":"SKIP","floor":32},{"not_picked":["hexamod:ApocalypseNow","hexamod:WildfireWeapon"],"picked":"hexamod:FifthSeal","floor":33},{"not_picked":["hexamod:HauntingEcho+1","hexamod:FlamesFromBeyond+1","hexamod:ShieldOfDarkness"],"picked":"SKIP","floor":36},{"not_picked":["hexamod:SecondSeal","hexamod:FourthSeal"],"picked":"hexamod:FifthSeal","floor":37},{"not_picked":["hexamod:ChargedBarrage","hexamod:NightmareStrike+1","hexamod:SwordOfDarkness+1"],"picked":"SKIP","floor":37},{"not_picked":["Swift Strike","expansioncontent:DefensiveMode"],"picked":"Madness","floor":38},{"not_picked":["Secret Technique","ReplayTheSpireMod:Necrogeddon"],"picked":"Jack Of All Trades","floor":38},{"not_picked":["hexamod:FourthSeal","hexamod:ThirdSeal"],"picked":"hexamod:SecondSeal","floor":39},{"not_picked":["hexamod:FifthSeal","hexamod:SixthSeal"],"picked":"hexamod:FirstSeal","floor":39},{"not_picked":["hexamod:GhostShield+1","hexamod:DynamicBlow+1"],"picked":"hexamod:HeatMetal+1","floor":39},{"not_picked":["hexamod:SecondSeal","hexamod:SixthSeal"],"picked":"hexamod:ThirdSeal","floor":42},{"not_picked":["hexamod:FourthSeal","hexamod:ThirdSeal"],"picked":"hexamod:FifthSeal","floor":43},{"not_picked":["hexamod:ThirdSeal","hexamod:FifthSeal"],"picked":"hexamod:FirstSeal","floor":43},{"not_picked":["hexamod:GhostflameInferno","hexamod:NightmareGuise+1","hexamod:FastForward"],"picked":"SKIP","floor":43},{"not_picked":["hexamod:RainOfEmbers+1","hexamod:PowerFromBeyond","hexamod:NightmareGuise"],"picked":"SKIP","floor":43},{"not_picked":["hexamod:FirstSeal","hexamod:FourthSeal"],"picked":"hexamod:FifthSeal","floor":45},{"not_picked":["hexamod:ThirdSeal","hexamod:SecondSeal"],"picked":"hexamod:FifthSeal","floor":45},{"not_picked":["hexamod:HauntingEcho+1","hexamod:BacktrackSmack+1"],"picked":"hexamod:ThirdSeal","floor":45},{"not_picked":["hexamod:FourthSeal","hexamod:ThirdSeal"],"picked":"hexamod:FirstSeal","floor":48},{"not_picked":["hexamod:ThirdSeal","hexamod:FifthSeal"],"picked":"hexamod:SecondSeal","floor":48},{"not_picked":["hexamod:ThirdSeal","hexamod:FourthSeal"],"picked":"hexamod:SixthSeal","floor":48},{"not_picked":["hexamod:HauntingEcho+1","hexamod:ShieldOfDarkness","hexamod:AdvancingGuard"],"picked":"SKIP","floor":48},{"not_picked":["hexamod:GhostflameBarrier+1","hexamod:Again+1","hexamod:ThermalTransfer+1"],"picked":"SKIP","floor":48},{"not_picked":["hexamod:FifthSeal","hexamod:ThirdSeal"],"picked":"hexamod:SixthSeal","floor":49},{"not_picked":["hexamod:FirstSeal","hexamod:SecondSeal"],"picked":"hexamod:FifthSeal","floor":49},{"not_picked":["hexamod:FirstSeal","hexamod:FourthSeal"],"picked":"hexamod:ThirdSeal","floor":49},{"not_picked":["hexamod:Hexaguard","hexamod:FastForward"],"picked":"hexamod:RadiantFlame+1","floor":49},{"not_picked":["hexamod:NightmareStrike+1","hexamod:NightmareGuise"],"picked":"hexamod:EtherealExpedition+1","floor":52},{"not_picked":["hexamod:EtherealExpedition+1","hexamod:GhostShield"],"picked":"hexamod:GhostOfSpirePast+1","floor":52},{"not_picked":["hexamod:ThirdSeal","hexamod:FifthSeal"],"picked":"hexamod:FirstSeal","floor":52},{"not_picked":["hexamod:SecondSeal","hexamod:FirstSeal"],"picked":"hexamod:FourthSeal","floor":52},{"not_picked":["hexamod:FirstSeal","hexamod:SecondSeal"],"picked":"hexamod:FourthSeal","floor":52},{"not_picked":["hexamod:CrushingStance+1","hexamod:BacktrackSmack+1"],"picked":"hexamod:FourthSeal","floor":52}],"player_experience":362015,"relics_obtained":[{"floor":10,"key":"Divine Protection"},{"floor":11,"key":"downfall:GremlinWheel"},{"floor":22,"key":"Tiny Chest"},{"floor":24,"key":"Pantograph"},{"floor":26,"key":"Mummified Hand"},{"floor":30,"key":"Replay:Kaleidoscope"},{"floor":30,"key":"Replay:Accelerometer"},{"floor":39,"key":"Smiling Mask"},{"floor":41,"key":"Bag of Preparation"},{"floor":42,"key":"Potion Belt"},{"floor":43,"key":"hexamod:MatchstickCase"},{"floor":46,"key":"Replay:Mystery Machine"},{"floor":47,"key":"ReplayTheSpireMod:Ring of Challenge"},{"floor":47,"key":"Ring of Chaos"},{"floor":52,"key":"Strange Spoon"},{"floor":52,"key":"Gremlin Horn"}],"event_choices":[],"is_beta":false,"boss_relics":[{"not_picked":["Replay:Drink Me","Pandora\u0027s Box"],"picked":"Replay:Grab Bag"},{"not_picked":["hexamod:IceCube","Coffee Dripper"],"picked":"Runic Dome"},{"not_picked":["Busted Crown","Velvet Choker"],"picked":"Fusion Hammer"},{"not_picked":["Snecko Eye","Runic Pyramid"],"picked":"expansioncontent:StudyCardRelic"},{"not_picked":["Honey Jar","Tiny House"],"picked":"Empty Cage"},{"not_picked":["Kintsugi","Painkiller Herb"],"picked":"Replay:Wanted Poster"}],"items_purged_floors":[4,9,12,14,28,31,38,40,53],"is_endless":false,"potions_floor_spawned":[6,10,13,15,16,19,22,26,29,30,33,36,37],"ascension_level":0}}