{"host":"lstuuc6roym1046h","time":1607974273,"event":{"mods":["AchievementEnabler","BaseMod","Minty Spire (QoL Compilation)","Relic Stats","StSLib"],"gold_per_floor":[110,110,135,147,161,193,211,211,234,234,234,311,311,342,342,416,416,431,442,25,25,75,104,119,138,138,138,63,63,74,91,91,168,168,183,203,203,203],"floor_reached":37,"playtime":2915,"items_purged":["Accuracy"],"score":798,"play_id":"fc0a5f9a-6036-400d-90d7-b40d5c4a1036","local_time":"20201214193113","is_ascension_mode":true,"campfire_choices":[{"floor":8,"key":"REST"},{"data":"Well Laid Plans","floor":11,"key":"SMITH"},{"data":"Noxious Fumes","floor":15,"key":"SMITH"},{"data":"Wraith Form v2","floor":27,"key":"SMITH"},{"data":"Noxious Fumes","floor":32,"key":"SMITH"}],"circlet_count":0,"master_deck":["AscendersBane","Survivor","Neutralize","Footwork+1","Backstab","Well Laid Plans+1","Dagger Spray","Noxious Fumes+1","Deflect","Acrobatics","Wraith Form v2+1","PiercingWail","PiercingWail","Riddle With Holes","Die Die Die","Night Terror","Infinite Blades","Noxious Fumes+1","Dodge and Roll","Blur","Dodge and Roll","Blur","Burst","Blur","Bullet Time","Acrobatics","Catalyst"],"relics":["Ring of the Snake","Juzu Bracelet","Dream Catcher","MealTicket","Meat on the Bone","Gremlin Horn","Pandora\u0027s Box","Calipers","Strawberry","HornCleat","Sozu"],"acts_visited":["Exordium","TheCity","TheBeyond"],"potions_floor_usage":[6,16,19,19,24,37,37],"damage_taken":[{"damage":7,"enemies":"Cultist","floor":1,"turns":6},{"damage":0,"enemies":"Jaw Worm","floor":4,"turns":7},{"damage":0,"enemies":"Small Slimes","floor":5,"turns":4},{"damage":20,"enemies":"3 Sentries","floor":6,"turns":18},{"damage":1,"enemies":"Looter","floor":7,"turns":4},{"damage":2,"enemies":"Lagavulin","floor":14,"turns":10},{"damage":1,"enemies":"The Guardian","floor":16,"turns":13},{"damage":8,"enemies":"3 Byrds","floor":18,"turns":5},{"damage":18,"enemies":"Shell Parasite","floor":19,"turns":7},{"damage":51,"enemies":"Slavers","floor":23,"turns":6},{"damage":0,"enemies":"Snake Plant","floor":24,"turns":5},{"damage":9,"enemies":"Sentry and Sphere","floor":25,"turns":6},{"damage":3,"enemies":"3 Cultists","floor":30,"turns":6},{"damage":1,"enemies":"Snake Plant","floor":31,"turns":7},{"damage":9,"enemies":"Champ","floor":33,"turns":20},{"damage":21,"enemies":"3 Shapes","floor":35,"turns":7},{"damage":9,"enemies":"Orb Walker","floor":36,"turns":6},{"damage":43,"enemies":"2 Orb Walkers","floor":37,"turns":7}],"seed_played":"-6286330869023902309","potions_obtained":[{"floor":1,"key":"Energy Potion"},{"floor":4,"key":"Fire Potion"},{"floor":7,"key":"EntropicBrew"},{"floor":24,"key":"DuplicationPotion"},{"floor":31,"key":"FearPotion"}],"is_trial":false,"path_per_floor":["M","?","T","M","M","E","M","R","T","?","R","T","?","E","R","B",null,"M","M","$","?","?","E","M","M","T","R","$","?","M","M","R","B",null,"M","M","?"],"character_chosen":"THE_SILENT","items_purchased":["Blur","Calipers"],"campfire_rested":1,"item_purchase_floors":[20,20],"current_hp_per_floor":[58,36,36,36,36,16,15,36,36,36,36,36,29,39,39,38,64,56,38,53,53,53,21,33,36,36,36,51,51,48,47,47,50,72,51,42,0,0],"gold":203,"neow_bonus":"TEN_PERCENT_HP_BONUS","is_daily":false,"chose_seed":false,"campfire_upgraded":4,"win_rate":0.0,"timestamp":1607974273,"path_taken":["M","?","?","M","M","E","M","R","T","?","R","?","?","E","R","BOSS","M","M","$","?","?","E","M","M","T","R","$","?","M","M","R","BOSS","M","M","?"],"items_purchased_type":["Card","Relic"],"build_version":"2020-12-13","purchased_purges":1,"victory":false,"max_hp_per_floor":[72,72,72,72,72,72,72,72,72,72,72,72,72,72,72,72,72,72,72,72,72,72,79,79,79,79,79,79,79,79,79,79,79,79,79,79,79,79],"relic_stats":{"Sozu":0,"Dream Catcher":1,"Gremlin Horn":[10,10],"counters":[18,144],"MealTicket":30,"Pandora\u0027s Box":["PiercingWail","Eviscerate","Accuracy","PiercingWail","Riddle With Holes","Die Die Die","Night Terror","Infinite Blades","Noxious Fumes"],"Juzu Bracelet":1,"obtain_stats":[{"Sozu":34,"Dream Catcher":6,"Calipers":20,"HornCleat":26,"Gremlin Horn":14,"Strawberry":23,"MealTicket":9,"Pandora\u0027s Box":17,"Juzu Bracelet":3,"Ring of the Snake":0,"Meat on the Bone":12},{"Sozu":15,"Dream Catcher":4,"Calipers":9,"HornCleat":12,"Gremlin Horn":6,"Strawberry":10,"MealTicket":5,"Pandora\u0027s Box":7,"Juzu Bracelet":1,"Ring of the Snake":0,"Meat on the Bone":5},{"Sozu":124,"Dream Catcher":35,"Calipers":74,"HornCleat":91,"Gremlin Horn":49,"Strawberry":80,"MealTicket":39,"Pandora\u0027s Box":62,"Juzu Bracelet":6,"Ring of the Snake":0,"Meat on the Bone":39}],"Ring of the Snake":[36],"Meat on the Bone":60},"card_choices":[{"not_picked":["Choke","Flechettes"],"picked":"Footwork","floor":1},{"not_picked":["Poisoned Stab","Backflip"],"picked":"Backstab","floor":4},{"not_picked":["Outmaneuver","Choke"],"picked":"Well Laid Plans","floor":5},{"not_picked":["Riddle With Holes","Deflect"],"picked":"Dagger Spray","floor":6},{"not_picked":["Prepared","Outmaneuver"],"picked":"Noxious Fumes","floor":7},{"not_picked":["Well Laid Plans","Flechettes"],"picked":"Deflect","floor":8},{"not_picked":["Flying Knee","Infinite Blades"],"picked":"Acrobatics","floor":14},{"not_picked":["A Thousand Cuts","Doppelganger"],"picked":"Wraith Form v2","floor":16},{"not_picked":["Dagger Spray","Flying Knee"],"picked":"Dodge and Roll","floor":18},{"not_picked":["Bane","Dagger Throw","Deadly Poison"],"picked":"SKIP","floor":19},{"not_picked":["Unload","Storm of Steel","Outmaneuver"],"picked":"SKIP","floor":23},{"not_picked":["Acrobatics","Setup","Slice"],"picked":"SKIP","floor":24},{"not_picked":["Acrobatics","Dash"],"picked":"Blur","floor":25},{"not_picked":["Prepared","Dagger Spray"],"picked":"Burst","floor":30},{"not_picked":["Slice","Dagger Throw"],"picked":"Blur","floor":31},{"not_picked":["Die Die Die","Night Terror"],"picked":"Bullet Time","floor":33},{"not_picked":["Accuracy","Bane"],"picked":"Acrobatics","floor":35},{"not_picked":["Dodge and Roll","Deadly Poison"],"picked":"Catalyst","floor":36}],"player_experience":819337,"relics_obtained":[{"floor":3,"key":"Juzu Bracelet"},{"floor":6,"key":"Dream Catcher"},{"floor":9,"key":"MealTicket"},{"floor":12,"key":"Meat on the Bone"},{"floor":14,"key":"Gremlin Horn"},{"floor":23,"key":"Strawberry"},{"floor":26,"key":"HornCleat"}],"event_choices":[{"damage_healed":0,"gold_gain":0,"player_choice":"Entered Light","damage_taken":22,"max_hp_gain":0,"max_hp_loss":0,"event_name":"Shining Light","floor":2,"gold_loss":0,"cards_upgraded":["Defend_G","Strike_G"]},{"damage_healed":0,"gold_gain":0,"player_choice":"Grow","damage_taken":0,"max_hp_gain":0,"max_hp_loss":0,"event_name":"Living Wall","floor":10,"gold_loss":0,"cards_upgraded":["Footwork"]},{"cards_removed":["Strike_G"],"damage_healed":0,"gold_gain":0,"player_choice":"Card Removal","damage_taken":7,"max_hp_gain":0,"max_hp_loss":0,"event_name":"Golden Wing","floor":13,"gold_loss":0},{"damage_healed":0,"gold_gain":0,"player_choice":"Read","damage_taken":0,"max_hp_gain":0,"max_hp_loss":0,"event_name":"The Library","floor":21,"gold_loss":0,"cards_obtained":["Dodge and Roll"]},{"damage_healed":0,"gold_gain":50,"player_choice":"Pray","damage_taken":0,"max_hp_gain":0,"max_hp_loss":0,"event_name":"Golden Shrine","floor":22,"gold_loss":0},{"cards_removed":["Eviscerate"],"damage_healed":0,"gold_gain":0,"player_choice":"Elegance","damage_taken":0,"max_hp_gain":0,"max_hp_loss":0,"event_name":"Back to Basics","floor":29,"gold_loss":0},{"damage_healed":0,"gold_gain":0,"player_choice":"Fight","damage_taken":0,"max_hp_gain":0,"max_hp_loss":0,"event_name":"Mysterious Sphere","floor":37,"gold_loss":0}],"is_beta":false,"boss_relics":[{"not_picked":["Runic Dome","Runic Pyramid"],"picked":"Pandora\u0027s Box"},{"not_picked":["Philosopher\u0027s Stone","Empty Cage"],"picked":"Sozu"}],"items_purged_floors":[28],"is_endless":false,"potions_floor_spawned":[1,4,7,14,24,31,33],"killed_by":"2 Orb Walkers","ascension_level":20}}