{"host":"plbsiuh3vwan8ocg","time":1607909597,"event":{"mods":["AchievementEnabler","BaseMod","Minty Spire (QoL Compilation)","Permanent Neow","Quick Restart","StSLib"],"gold_per_floor":[363,333,25,37,55,90,102,102,102,135,146,181,181,192,192,292,292,310,310,310],"floor_reached":19,"playtime":1466,"items_purged":[],"score":331,"play_id":"4d0ab9ec-2070-4c62-b1cd-d1cd989771fd","local_time":"20201213203317","is_ascension_mode":true,"campfire_choices":[{"floor":8,"key":"REST"},{"floor":15,"key":"REST"}],"circlet_count":0,"master_deck":["AscendersBane","Strike_B","Strike_B","Strike_B","Defend_B","Defend_B","Defend_B","Defend_B","Zap","Dualcast","Hologram","Defragment","Cold Snap","Fusion","Sweeping Beam","Conserve Battery","Redo","Coolheaded","Stack","Sweeping Beam","Rebound","Streamline","Sunder","Reboot","FTL"],"relics":["Cracked Core","Toolbox","Tiny Chest","InkBottle","Gremlin Horn","Regal Pillow","Black Star"],"acts_visited":["Exordium","TheCity"],"potions_floor_usage":[6,10,12,16],"damage_taken":[{"damage":10,"enemies":"2 Louse","floor":1,"turns":2},{"damage":0,"enemies":"Cultist","floor":4,"turns":3},{"damage":0,"enemies":"Small Slimes","floor":5,"turns":3},{"damage":11,"enemies":"Gremlin Nob","floor":6,"turns":4},{"damage":12,"enemies":"Looter","floor":7,"turns":3},{"damage":5,"enemies":"Lagavulin","floor":10,"turns":6},{"damage":0,"enemies":"Large Slime","floor":11,"turns":3},{"damage":11,"enemies":"3 Sentries","floor":12,"turns":6},{"damage":4,"enemies":"Blue Slaver","floor":14,"turns":4},{"damage":37,"enemies":"Hexaghost","floor":16,"turns":13},{"damage":22,"enemies":"Spheric Guardian","floor":18,"turns":6},{"damage":13,"enemies":"3 Byrds","floor":19,"turns":2}],"seed_played":"-4664386218451544327","potions_obtained":[{"floor":2,"key":"DuplicationPotion"},{"floor":2,"key":"Strength Potion"},{"floor":6,"key":"Energy Potion"},{"floor":14,"key":"EssenceOfSteel"}],"is_trial":false,"path_per_floor":["M","?","$","M","M","E","M","R","T","E","M","E","?","M","R","B",null,"M","M"],"character_chosen":"DEFECT","items_purchased":["Toolbox","Defragment","Cold Snap","Fusion"],"campfire_rested":2,"item_purchase_floors":[3,3,3,3],"current_hp_per_floor":[36,36,36,36,36,25,13,34,34,29,29,18,18,14,50,13,57,35,22,22],"gold":310,"neow_bonus":"TWO_FIFTY_GOLD","is_daily":false,"chose_seed":false,"campfire_upgraded":0,"win_rate":0.0,"timestamp":1607909597,"path_taken":["M","?","$","M","?","E","M","R","T","E","M","E","?","M","R","BOSS","M","?"],"items_purchased_type":["Relic","Card","Card","Card"],"build_version":"2020-12-13","purchased_purges":0,"victory":false,"max_hp_per_floor":[71,71,71,71,71,71,71,71,71,71,71,71,71,71,71,71,71,71,71,71],"card_choices":[{"not_picked":["Stack","Ball Lightning"],"picked":"Hologram","floor":1},{"not_picked":["Steam Power","Stack"],"picked":"Sweeping Beam","floor":4},{"not_picked":["Compile Driver","FTL"],"picked":"Conserve Battery","floor":5},{"not_picked":["Conserve Battery","Static Discharge"],"picked":"Redo","floor":6},{"not_picked":["Melter","Redo"],"picked":"Coolheaded","floor":7},{"not_picked":["Biased Cognition","Ball Lightning"],"picked":"Stack","floor":10},{"not_picked":["Hologram","Steam"],"picked":"Sweeping Beam","floor":11},{"not_picked":["Redo","Meteor Strike"],"picked":"Rebound","floor":12},{"not_picked":["Streamline","Aggregate"],"picked":"Sunder","floor":14},{"not_picked":["Core Surge","Amplify"],"picked":"Reboot","floor":16},{"not_picked":["Conserve Battery","Ball Lightning"],"picked":"FTL","floor":18}],"player_experience":395558,"relics_obtained":[{"floor":6,"key":"Tiny Chest"},{"floor":9,"key":"InkBottle"},{"floor":10,"key":"Gremlin Horn"},{"floor":12,"key":"Regal Pillow"}],"event_choices":[{"damage_healed":0,"gold_gain":0,"player_choice":"Bought 2 Potions","damage_taken":0,"max_hp_gain":0,"max_hp_loss":0,"event_name":"The Woman in Blue","floor":2,"gold_loss":0},{"damage_healed":0,"gold_gain":0,"cards_transformed":["Strike_B"],"player_choice":"Transformed","damage_taken":0,"max_hp_gain":0,"max_hp_loss":0,"event_name":"Transmorgrifier","floor":13,"gold_loss":0,"cards_obtained":["Streamline"]}],"is_beta":false,"boss_relics":[{"not_picked":["Astrolabe","Nuclear Battery"],"picked":"Black Star"}],"items_purged_floors":[],"is_endless":false,"potions_floor_spawned":[4,5,6,7,14],"killed_by":"3 Byrds","ascension_level":15}}