{"host":"j4g6ia6asvpyu2b0","time":1607970864,"event":{"mods":["BaseMod","Colored Map","Minty Spire (QoL Compilation)","Permanent Neow","Quick Restart","Relic Stats","StSLib","Unceasing Turn Reminder"],"gold_per_floor":[113,126,136,125,139,139,174,174,256,256,256,276,305,349,349,455,455,475,495,524,524,549,583,583,624,647,682,380,380,380],"floor_reached":29,"playtime":829,"items_purged":["Strike_B+1"],"score":409,"play_id":"b01d88cd-b56a-4c08-a5b4-593a3a07789d","local_time":"20201214113424","is_ascension_mode":true,"campfire_choices":[{"data":"Biased Cognition","floor":6.0,"key":"SMITH"},{"data":"Capacitor","floor":11,"key":"SMITH"},{"data":"Darkness","floor":15,"key":"SMITH"},{"data":"Electrodynamics","floor":24,"key":"SMITH"}],"circlet_count":0,"master_deck":["Strike_B+1","Strike_B+1","Strike_B+1","Defend_B+1","Defend_B+1","Defend_B+1","Defend_B+1","Zap","Dualcast","Biased Cognition+1","Glacier","Capacitor+1","Darkness+1","Conserve Battery","Compile Driver","Steam","Blizzard","Ball Lightning","Lockon","Electrodynamics+1","Compile Driver+1","Sunder+1","Conserve Battery","Compile Driver","Thunder Strike","Defragment+1","Cold Snap+1","Creative AI","Master of Strategy"],"relics":["Cracked Core","CeramicFish","Unceasing Top","White Beast Statue","CultistMask","Blood Vial","Philosopher\u0027s Stone","Vajra","Emotion Chip","DataDisk","StrikeDummy"],"acts_visited":["Exordium","TheCity"],"potions_floor_usage":[7,13,14,18,18,20,23,23,29],"damage_taken":[{"damage":0.0,"enemies":"Cultist","floor":1.0,"turns":2.0},{"damage":0.0,"enemies":"2 Louse","floor":2.0,"turns":1.0},{"damage":1.0,"enemies":"Jaw Worm","floor":3.0,"turns":4.0},{"damage":1.0,"enemies":"Exordium Thugs","floor":4.0,"turns":4.0},{"damage":2.0,"enemies":"2 Fungi Beasts","floor":5.0,"turns":4.0},{"damage":7,"enemies":"3 Sentries","floor":7,"turns":9},{"damage":6,"enemies":"Blue Slaver","floor":12,"turns":3},{"damage":0,"enemies":"Gremlin Gang","floor":13,"turns":3},{"damage":11,"enemies":"Gremlin Nob","floor":14,"turns":3},{"damage":0,"enemies":"Hexaghost","floor":16,"turns":9},{"damage":0,"enemies":"2 Thieves","floor":18,"turns":3},{"damage":0,"enemies":"Spheric Guardian","floor":19,"turns":3},{"damage":0,"enemies":"Snake Plant","floor":20,"turns":4},{"damage":0,"enemies":"3 Cultists","floor":22,"turns":4},{"damage":11,"enemies":"Gremlin Leader","floor":23,"turns":6},{"damage":56,"enemies":"Book of Stabbing","floor":25,"turns":5},{"damage":0,"enemies":"Gremlin Leader","floor":27,"turns":4},{"damage":14,"enemies":"Slavers","floor":29,"turns":1}],"seed_played":"5031979714112203973","potions_obtained":[{"floor":2.0,"key":"AttackPotion"},{"floor":4.0,"key":"Weak Potion"},{"floor":5.0,"key":"BlessingOfTheForge"},{"floor":12,"key":"Block Potion"},{"floor":13,"key":"EssenceOfDarkness"},{"floor":14,"key":"Block Potion"},{"floor":18,"key":"SneckoOil"},{"floor":19,"key":"Ancient Potion"},{"floor":20,"key":"Strength Potion"},{"floor":22,"key":"AttackPotion"},{"floor":23,"key":"SmokeBomb"},{"floor":25,"key":"SteroidPotion"},{"floor":27,"key":"PowerPotion"}],"is_trial":false,"path_per_floor":["M","M","M","M","M","R","E","?","T","?","R","M","M","E","R","B",null,"M","M","M","?","M","E","R","E","T","E","$","E"],"character_chosen":"DEFECT","items_purchased":["Creative AI","Master of Strategy"],"campfire_rested":0,"item_purchase_floors":[28,28],"current_hp_per_floor":[54,54,53,52,50,50,43,18,18,18,18,12,12,1,1,3,75,75,75,75,75,75,64,64,10,10,12,12,0,0],"gold":380,"neow_bonus":"THREE_RARE_CARDS","is_daily":false,"chose_seed":false,"campfire_upgraded":4,"win_rate":0.0,"timestamp":1607970864,"path_taken":["M","M","M","?","M","R","E","?","T","?","R","?","M","E","R","BOSS","M","?","M","?","M","E","R","E","T","E","$","E"],"items_purchased_type":["Card","Card"],"build_version":"2020-12-13","purchased_purges":1,"victory":false,"max_hp_per_floor":[75,75,75,75,75,75,75,75,75,75,75,75,75,75,75,75,75,75,75,75,75,75,75,75,75,75,75,75,75,75],"relic_stats":{"Blood Vial":8,"Emotion Chip":[0,0,0,0,0],"counters":[18,72],"CeramicFish":126,"obtain_stats":[{"Blood Vial":14,"Emotion Chip":25,"DataDisk":26,"CeramicFish":7,"Vajra":23,"Philosopher\u0027s Stone":17,"CultistMask":10,"Cracked Core":0,"StrikeDummy":27,"Unceasing Top":8,"White Beast Statue":9},{"Blood Vial":9,"Emotion Chip":16,"DataDisk":16,"CeramicFish":6,"Vajra":15,"Philosopher\u0027s Stone":10,"CultistMask":6,"Cracked Core":0,"StrikeDummy":17,"Unceasing Top":6,"White Beast Statue":6},{"Blood Vial":33,"Emotion Chip":67,"DataDisk":67,"CeramicFish":24,"Vajra":62,"Philosopher\u0027s Stone":42,"CultistMask":24,"Cracked Core":0,"StrikeDummy":71,"Unceasing Top":24,"White Beast Statue":24}],"Unceasing Top":[7]},"card_choices":[{"not_picked":["Fission","Rainbow"],"picked":"Biased Cognition","floor":0.0},{"not_picked":["Compile Driver","FTL"],"picked":"Glacier","floor":1.0},{"not_picked":["Rebound","Aggregate"],"picked":"Capacitor","floor":2.0},{"not_picked":["Hologram","Redo"],"picked":"Darkness","floor":3.0},{"not_picked":["Barrage","Double Energy"],"picked":"Conserve Battery","floor":4.0},{"not_picked":["Steam","Go for the Eyes"],"picked":"Compile Driver","floor":5.0},{"not_picked":["Recycle","Meteor Strike"],"picked":"Steam","floor":7},{"not_picked":["Hello World","Go for the Eyes"],"picked":"Blizzard","floor":12},{"not_picked":["Steam","Rebound"],"picked":"Ball Lightning","floor":13},{"not_picked":["Stack","Reprogram"],"picked":"Lockon","floor":14},{"not_picked":["Core Surge","Amplify"],"picked":"Electrodynamics","floor":16},{"not_picked":["Hologram","Leap+1"],"picked":"Compile Driver+1","floor":18},{"not_picked":["Steam Power","Go for the Eyes"],"picked":"Sunder+1","floor":19},{"not_picked":["Sweeping Beam","Stack"],"picked":"Conserve Battery","floor":20},{"not_picked":["Rebound","Auto Shields+1"],"picked":"Compile Driver","floor":22},{"not_picked":["Turbo","Redo"],"picked":"Thunder Strike","floor":23},{"not_picked":["Compile Driver","Leap"],"picked":"Defragment+1","floor":25},{"not_picked":["Meteor Strike","Genetic Algorithm+1"],"picked":"Cold Snap+1","floor":27}],"player_experience":650656,"relics_obtained":[{"floor":7,"key":"CeramicFish"},{"floor":9,"key":"White Beast Statue"},{"floor":14,"key":"Blood Vial"},{"floor":23,"key":"Vajra"},{"floor":25,"key":"Emotion Chip"},{"floor":26,"key":"DataDisk"},{"floor":27,"key":"StrikeDummy"}],"event_choices":[{"damage_healed":0,"gold_gain":0,"player_choice":"Success","damage_taken":25,"relics_obtained":["Unceasing Top"],"max_hp_gain":0,"max_hp_loss":0,"event_name":"Scrap Ooze","floor":8,"gold_loss":0},{"damage_healed":0,"gold_gain":0,"player_choice":"Trade","damage_taken":0,"relics_obtained":["CultistMask"],"max_hp_gain":0,"max_hp_loss":0,"event_name":"FaceTrader","floor":10,"gold_loss":0},{"damage_healed":0,"gold_gain":0,"player_choice":"Simplicity","damage_taken":0,"max_hp_gain":0,"max_hp_loss":0,"event_name":"Back to Basics","floor":21,"gold_loss":0,"cards_upgraded":["Strike_B","Strike_B","Strike_B","Strike_B","Defend_B","Defend_B","Defend_B","Defend_B"]}],"is_beta":false,"boss_relics":[{"not_picked":["Velvet Choker","Runic Pyramid"],"picked":"Philosopher\u0027s Stone"}],"items_purged_floors":[28],"is_endless":false,"potions_floor_spawned":[2,4,5,12,13,14,16,18,19,20,22,23,25,27],"killed_by":"Slavers","ascension_level":2}}