{"host":"97bfbul5vt0mksxl","time":1607956349,"event":{"mods":["BaseMod","Colored Powertips","Highlight Path","Infinite Spire","Minty Spire (QoL Compilation)","Replay The Spire","Shop Mod","StSLib","SuperFastMode"],"gold_per_floor":[114,114,133,108,147,166,183,193,193,219,219,246,246,273,273,273,273],"floor_reached":16,"playtime":1103,"items_purged":[],"score":145,"play_id":"4b6616e1-8f44-47b1-89f9-0f32959c7036","local_time":"20201214113229","is_ascension_mode":false,"campfire_choices":[{"floor":11,"key":"REST"},{"data":"PathToVictory","floor":13,"key":"SMITH"}],"circlet_count":0,"master_deck":["Strike_P","Strike_P","Strike_P","Strike_P","Defend_P","Defend_P","Defend_P","Eruption","Vigilance+1","Tantrum","Defend_G+1","JustLucky","FollowUp","PathToVictory+1","Replay:Hum+1","PathToVictory","EmptyFist","Wireheading","FollowUp","TalkToTheHand"],"relics":["PureWater","Mummified Hand","Oddly Smooth Stone","War Paint","The Courier","Bag of Marbles"],"acts_visited":["Exordium"],"potions_floor_usage":[7,12],"damage_taken":[{"damage":0,"enemies":"2 Louse","floor":1,"turns":3},{"damage":0,"enemies":"Cultist","floor":3,"turns":2},{"damage":0,"enemies":"Jaw Worm","floor":6,"turns":3},{"damage":1,"enemies":"Large Slime","floor":7,"turns":3},{"damage":14,"enemies":"Exordium Wildlife","floor":8,"turns":5},{"damage":27,"enemies":"3 Sentries","floor":10,"turns":6},{"damage":0,"enemies":"Lagavulin","floor":12,"turns":2},{"damage":35,"enemies":"Replay:BlueRogue","floor":14,"turns":5},{"damage":38,"enemies":"The Guardian","floor":16,"turns":7}],"seed_played":"5090089898998364862","potions_obtained":[{"floor":6,"key":"BottledMiracle"},{"floor":8,"key":"FearPotion"},{"floor":12,"key":"SpeedPotion"},{"floor":14,"key":"SteroidPotion"}],"is_trial":false,"path_per_floor":["M","?","M","$","?","M","M","M","T","E","R","E","R","E","R","B"],"character_chosen":"WATCHER","items_purchased":["FollowUp"],"campfire_rested":1,"item_purchase_floors":[4],"current_hp_per_floor":[79,79,79,79,60,60,59,45,45,18,41,41,41,6,32,0,0],"gold":273,"neow_bonus":"TEN_PERCENT_HP_BONUS","is_daily":false,"chose_seed":false,"campfire_upgraded":1,"win_rate":0.0,"timestamp":1607956349,"path_taken":["M","?","M","?","?","?","M","M","T","E","R","E","R","E","R","BOSS"],"items_purchased_type":["Card"],"build_version":"2020-12-13","purchased_purges":0,"victory":false,"max_hp_per_floor":[79,79,79,79,79,79,79,79,79,79,79,79,79,79,79,79,79],"card_choices":[{"not_picked":["Adaptation","FollowUp"],"picked":"Tantrum","floor":1},{"not_picked":["CutThroughFate","FlyingSleeves"],"picked":"JustLucky","floor":3},{"not_picked":["Replay:ManipulateFuture","ClearTheMind"],"picked":"PathToVictory","floor":5},{"not_picked":["Evaluate","ForeignInfluence"],"picked":"Replay:Hum","floor":5},{"not_picked":["FlurryOfBlows","Indignation"],"picked":"PathToVictory","floor":6},{"not_picked":["ReachHeaven","Replay:Vibes"],"picked":"EmptyFist","floor":7},{"not_picked":["Replay:BluntJabs","SignatureMove"],"picked":"Wireheading","floor":8},{"not_picked":["Replay:DivineShield","SignatureMove","Evaluate"],"picked":"SKIP","floor":10},{"not_picked":["FlyingSleeves","Vengeance"],"picked":"FollowUp","floor":12},{"not_picked":["ReachHeaven","Consecrate"],"picked":"TalkToTheHand","floor":14}],"player_experience":143677,"relics_obtained":[{"floor":5,"key":"Mummified Hand"},{"floor":9,"key":"Oddly Smooth Stone"},{"floor":10,"key":"War Paint"},{"floor":12,"key":"The Courier"},{"floor":14,"key":"Bag of Marbles"}],"event_choices":[{"cards_removed":["Defend_P"],"damage_healed":0,"gold_gain":0,"player_choice":"Took Card","damage_taken":0,"max_hp_gain":0,"max_hp_loss":0,"event_name":"NoteForYourself","floor":2,"gold_loss":0,"cards_obtained":["Defend_G"]},{"damage_healed":26,"gold_gain":0,"player_choice":"Banana","damage_taken":0,"max_hp_gain":0,"max_hp_loss":0,"event_name":"Big Fish","floor":15,"gold_loss":0}],"is_beta":false,"boss_relics":[],"items_purged_floors":[],"is_endless":false,"potions_floor_spawned":[6,8,12,14],"killed_by":"The Guardian","ascension_level":0}}