{"host":"j4g6ia6asvpyu2b0","time":1607960495,"event":{"mods":["BaseMod","Colored Map","Minty Spire (QoL Compilation)","Permanent Neow","Quick Restart","Relic Stats","StSLib","Unceasing Turn Reminder"],"gold_per_floor":[365,382,382,407,407,454,351,351,431,461,461,493,493,517,517,655,655,678,701,22,72,99,99,99],"floor_reached":23,"playtime":591,"items_purged":["Strike_G","Strike_G"],"score":212,"play_id":"4a72fe17-79cf-48e7-888f-a170efd4bc39","local_time":"20201214084135","is_ascension_mode":true,"campfire_choices":[{"data":"Terror","floor":8,"key":"SMITH"},{"data":"Bouncing Flask","floor":11,"key":"SMITH"},{"data":"Bouncing Flask","floor":13,"key":"SMITH"},{"data":"Noxious Fumes","floor":15,"key":"SMITH"}],"circlet_count":0,"master_deck":["Strike_G","Strike_G","Strike_G","Defend_G","Defend_G","Defend_G","Defend_G","Defend_G","Survivor","Neutralize","Terror+1","Corpse Explosion","Masterful Stab","Bouncing Flask+1","Infinite Blades","Bouncing Flask+1","Backstab","Noxious Fumes+1","Wraith Form v2","Infinite Blades+1","Well Laid Plans","Catalyst","Dagger Spray","PiercingWail","Deadly Poison+1"],"relics":["Ring of the Snake","Golden Idol","CeramicFish","Pantograph","Black Star","Paper Crane","Mercury Hourglass","Red Mask"],"acts_visited":["Exordium","TheCity"],"potions_floor_usage":[6,6,18,21,23],"damage_taken":[{"damage":1.0,"enemies":"Small Slimes","floor":1.0,"turns":6.0},{"damage":3.0,"enemies":"2 Louse","floor":2.0,"turns":4.0},{"damage":0.0,"enemies":"Cultist","floor":4.0,"turns":3.0},{"damage":9,"enemies":"3 Sentries","floor":6,"turns":2},{"damage":8,"enemies":"Blue Slaver","floor":10,"turns":4},{"damage":0,"enemies":"3 Louse","floor":12,"turns":1},{"damage":4,"enemies":"2 Fungi Beasts","floor":14,"turns":3},{"damage":23,"enemies":"The Guardian","floor":16,"turns":8},{"damage":2,"enemies":"3 Byrds","floor":18,"turns":2},{"damage":25,"enemies":"Shell Parasite","floor":19,"turns":4},{"damage":0,"enemies":"Masked Bandits","floor":21,"turns":1},{"damage":6,"enemies":"Cultist and Chosen","floor":22,"turns":3},{"damage":30,"enemies":"Book of Stabbing","floor":23,"turns":4}],"seed_played":"-7152677602978950928","potions_obtained":[{"floor":4.0,"key":"Explosive Potion"},{"floor":5.0,"key":"ColorlessPotion"},{"floor":5.0,"key":"BlessingOfTheForge"},{"floor":6,"key":"AttackPotion"},{"floor":10,"key":"Poison Potion"},{"floor":19,"key":"CunningPotion"},{"floor":21,"key":"FearPotion"}],"is_trial":false,"path_per_floor":["M","M","?","M","?","E","$","R","T","M","R","M","R","M","R","B",null,"M","M","$","?","M","E"],"character_chosen":"THE_SILENT","items_purchased":["Infinite Blades","Paper Crane","Mercury Hourglass","Catalyst","Dagger Spray"],"campfire_rested":0,"item_purchase_floors":[7,20,20,20,20],"current_hp_per_floor":[62,59,44,44,44,35,35,35,35,27,27,27,27,23,23,25,63,61,36,36,36,30,0,0],"gold":99,"neow_bonus":"TWO_FIFTY_GOLD","is_daily":false,"chose_seed":false,"campfire_upgraded":4,"win_rate":0.0,"timestamp":1607960495,"path_taken":["M","M","?","M","?","E","$","R","T","M","R","M","R","M","R","BOSS","M","M","$","?","M","E"],"items_purchased_type":["Card","Relic","Relic","Card","Card"],"build_version":"2020-12-13","purchased_purges":2,"victory":false,"max_hp_per_floor":[63,63,63,63,63,63,63,63,63,63,63,63,63,63,63,63,63,63,63,63,63,63,63,63],"relic_stats":{"counters":[13,45],"Golden Idol":69,"CeramicFish":108,"Pantograph":25,"Black Star":0,"obtain_stats":[{"Golden Idol":3,"CeramicFish":6,"Pantograph":9,"Black Star":17,"Red Mask":21,"Paper Crane":20,"Ring of the Snake":0,"Mercury Hourglass":20},{"Golden Idol":2,"CeramicFish":4,"Pantograph":4,"Black Star":8,"Red Mask":11,"Paper Crane":10,"Ring of the Snake":0,"Mercury Hourglass":10},{"Golden Idol":10,"CeramicFish":15,"Pantograph":15,"Black Star":31,"Red Mask":38,"Paper Crane":37,"Ring of the Snake":0,"Mercury Hourglass":37}],"Ring of the Snake":[26],"Mercury Hourglass":[39]},"card_choices":[{"not_picked":["Cloak And Dagger","Underhanded Strike"],"picked":"Terror","floor":1.0},{"not_picked":["Calculated Gamble","Slice"],"picked":"Corpse Explosion","floor":2.0},{"not_picked":["Quick Slash","PiercingWail"],"picked":"Masterful Stab","floor":4.0},{"not_picked":["Dagger Throw","Endless Agony"],"picked":"Bouncing Flask","floor":6},{"not_picked":["Concentrate","Prepared"],"picked":"Bouncing Flask","floor":10},{"not_picked":["Dodge and Roll","Finisher"],"picked":"Backstab","floor":12},{"not_picked":["Dash","Concentrate"],"picked":"Noxious Fumes","floor":14},{"not_picked":["Corpse Explosion","Grand Finale"],"picked":"Wraith Form v2","floor":16},{"not_picked":["Acrobatics","Bane"],"picked":"Infinite Blades+1","floor":18},{"not_picked":["Endless Agony+1","PiercingWail"],"picked":"Well Laid Plans","floor":19},{"not_picked":["Terror","Skewer"],"picked":"PiercingWail","floor":21},{"not_picked":["Bane","Underhanded Strike"],"picked":"Deadly Poison+1","floor":22}],"player_experience":647871,"relics_obtained":[{"floor":6,"key":"CeramicFish"},{"floor":9,"key":"Pantograph"},{"floor":21,"key":"Red Mask"}],"event_choices":[{"damage_healed":0.0,"max_hp_gain":0.0,"max_hp_loss":0.0,"gold_gain":0.0,"event_name":"Golden Idol","player_choice":"Take Damage","floor":3.0,"gold_loss":0.0,"damage_taken":15.0,"relics_obtained":["Golden Idol"]},{"damage_healed":0.0,"max_hp_gain":0.0,"max_hp_loss":0.0,"gold_gain":0.0,"event_name":"Lab","player_choice":"Got Potions","floor":5.0,"gold_loss":0.0,"damage_taken":0.0},{"damage_healed":0,"gold_gain":0,"player_choice":"Fought Bandits","damage_taken":0,"max_hp_gain":0,"max_hp_loss":0,"event_name":"Masked Bandits","floor":21,"gold_loss":0}],"is_beta":false,"boss_relics":[{"not_picked":["Calling Bell","Empty Cage"],"picked":"Black Star"}],"items_purged_floors":[7,20],"is_endless":false,"potions_floor_spawned":[4,6,10,19,21],"killed_by":"Book of Stabbing","ascension_level":2}}