{"host":"nox","time":1607962048,"event":{"mods":["BaseMod","Colored Powertips","Minty Spire (QoL Compilation)","Quick Restart","Replay The Spire","StSLib"],"gold_per_floor":[114,114,189,4,22,48,48,82,159,171,171,212,212,227,227,353,353,377,390,165,255,106,156,200,228,228,228,273,314,314,314,322,322],"floor_reached":32,"playtime":1165,"items_purged":["Regret"],"score":308,"play_id":"4115f955-1f6d-4402-b57a-35f0f9be12d4","local_time":"20201214230728","is_ascension_mode":true,"campfire_choices":[{"floor":7.0,"key":"REST"},{"floor":13.0,"key":"REST"},{"data":"Apotheosis","floor":15.0,"key":"SMITH"}],"circlet_count":0,"master_deck":["Strike_G","Strike_G","Strike_G","Defend_G","Defend_G+1","Defend_G","Defend_G+1","Survivor","Neutralize","Dodge and Roll+1","Atom Bomb+1","Finisher+1","Blade Dance","Apotheosis+1","Slice","ReplayTheSpireMod:From All Sides+1","Flying Knee+1","Quick Slash+1","Deflect","Storm of Steel","Deflect","Apotheosis+1","Outmaneuver","Accuracy+1","PiercingWail+1"],"relics":["Astrolabe","Simple Rune","Molten Egg 2","Kunai","Eternal Feather","Golden Idol","Bronze Scales","Coffee Dripper","DollysMirror","Replay:Bandana","Replay:Mystery Machine","Iron Hammer"],"acts_visited":["Exordium","TheCity"],"potions_floor_usage":[29,29],"damage_taken":[{"damage":0.0,"enemies":"Cultist","floor":1.0,"turns":4.0},{"damage":5.0,"enemies":"Jaw Worm","floor":5.0,"turns":2.0},{"damage":45.0,"enemies":"Gremlin Nob","floor":6.0,"turns":6.0},{"damage":19.0,"enemies":"3 Sentries","floor":8.0,"turns":9.0},{"damage":0.0,"enemies":"Small Slimes","floor":10.0,"turns":3.0},{"damage":8.0,"enemies":"Gremlin Nob","floor":12.0,"turns":4.0},{"damage":4.0,"enemies":"Looter","floor":14.0,"turns":2.0},{"damage":34.0,"enemies":"Slime Boss","floor":16.0,"turns":10.0},{"damage":0.0,"enemies":"Chosen","floor":18.0,"turns":4.0},{"damage":11.0,"enemies":"3 Byrds","floor":19.0,"turns":3.0},{"damage":0.0,"enemies":"Snecko","floor":23.0,"turns":4.0},{"damage":11.0,"enemies":"Shelled Parasite and Fungi","floor":24.0,"turns":3.0},{"damage":4.0,"enemies":"Centurion and Healer","floor":25.0,"turns":3.0},{"damage":23.0,"enemies":"Replay:Snechameleon","floor":28.0,"turns":4.0},{"damage":0,"enemies":"Sentry and Sphere","floor":29,"turns":2},{"damage":9,"enemies":"Gremlin Leader","floor":32,"turns":3}],"seed_played":"-5386067854703593223","potions_obtained":[{"floor":6.0,"key":"Swift Potion"},{"floor":10.0,"key":"ColorlessPotion"},{"floor":14.0,"key":"ColorlessPotion"},{"floor":19.0,"key":"BlessingOfTheForge"},{"floor":23.0,"key":"SteroidPotion"},{"floor":28.0,"key":"Poison Potion"}],"is_trial":false,"path_per_floor":["M","?","?","$","M","E","R","E","T","M","?","E","R","M","R","B",null,"M","M","$","?","$","M","M","M","T","T","E","M","PTL","PTL","E"],"character_chosen":"THE_SILENT","items_purchased":["Apotheosis","DollysMirror","Replay:Bandana"],"campfire_rested":2,"item_purchase_floors":[4,20,22],"current_hp_per_floor":[70,70,59,59,54,9,30,11,11,11,11,3,31,27,39,5,65,65,54,54,42,42,42,31,27,27,27,4,4,4,4,0,0],"gold":322,"neow_bonus":"BOSS_RELIC","is_daily":false,"chose_seed":false,"campfire_upgraded":1,"win_rate":0.0,"timestamp":1607962048,"path_taken":["M","?","?","$","M","E","R","E","T","M","?","E","R","M","R","BOSS","M","M","$","?","?","M","M","M","T","?","E","M","PTL","PTL","E"],"items_purchased_type":["Card","Relic","Relic"],"build_version":"2020-11-17","purchased_purges":1,"victory":false,"max_hp_per_floor":[70,70,70,70,70,70,70,70,70,70,65,65,65,65,65,65,65,65,65,65,65,65,65,65,65,65,65,65,65,65,65,65,65],"card_choices":[{"not_picked":["Sucker Punch","Hidden Blade"],"picked":"Blade Dance","floor":1.0},{"not_picked":["Hidden Blade","ReplayTheSpireMod:The Works"],"picked":"Slice","floor":5.0},{"not_picked":["Toxin Wave","Bane+1"],"picked":"ReplayTheSpireMod:From All Sides+1","floor":6.0},{"not_picked":["Concentrate","ReplayTheSpireMod:The Works"],"picked":"Flying Knee+1","floor":8.0},{"not_picked":["Poisoned Stab+1","Reflex","Toxin Wave"],"picked":"SKIP","floor":10.0},{"not_picked":["Accuracy","Prepared"],"picked":"Quick Slash+1","floor":12.0},{"not_picked":["Predator+1","ReplayTheSpireMod:Speed Training"],"picked":"Deflect","floor":14.0},{"not_picked":["Wraith Form v2","ReplayTheSpireMod:From All Sides+1"],"picked":"Storm of Steel","floor":16.0},{"not_picked":["Flechettes+1","Sneak Up","Prepared"],"picked":"SKIP","floor":18.0},{"not_picked":["Slice+1","Underhanded Strike+1"],"picked":"Deflect","floor":19.0},{"not_picked":["Sucker Punch+1","Choke+1","Leg Sweep"],"picked":"SKIP","floor":23.0},{"not_picked":["PiercingWail","Acrobatics"],"picked":"Outmaneuver","floor":24.0},{"not_picked":["Prepared+1","Underhanded Strike+1"],"picked":"Accuracy+1","floor":25.0},{"not_picked":["Sucker Punch+1","Hidden Blade"],"picked":"PiercingWail+1","floor":28.0},{"not_picked":["Bouncing Flask","Underhanded Strike+1","Bane+1"],"picked":"SKIP","floor":29}],"player_experience":99647,"relics_obtained":[{"floor":6.0,"key":"Molten Egg 2"},{"floor":8.0,"key":"Kunai"},{"floor":9.0,"key":"Eternal Feather"},{"floor":12.0,"key":"Bronze Scales"},{"floor":27.0,"key":"Replay:Mystery Machine"},{"floor":28.0,"key":"Iron Hammer"}],"event_choices":[{"damage_healed":0.0,"max_hp_gain":0.0,"max_hp_loss":0.0,"gold_gain":0.0,"event_name":"Big Fish","player_choice":"Box","floor":2.0,"gold_loss":0.0,"damage_taken":0.0,"relics_obtained":["Simple Rune"],"cards_obtained":["Regret"]},{"damage_healed":0.0,"max_hp_gain":0.0,"max_hp_loss":0.0,"gold_gain":75.0,"event_name":"World of Goop","player_choice":"Gather Gold","floor":3.0,"gold_loss":0.0,"damage_taken":11.0},{"damage_healed":0.0,"max_hp_gain":0.0,"max_hp_loss":5.0,"gold_gain":0.0,"event_name":"Golden Idol","player_choice":"Lose Max HP","floor":11.0,"gold_loss":0.0,"damage_taken":0.0,"relics_obtained":["Golden Idol"]},{"damage_healed":0.0,"max_hp_gain":0.0,"max_hp_loss":0.0,"gold_gain":90.0,"event_name":"Knowing Skull","player_choice":"GOLD ","floor":21.0,"potions_obtained":[],"gold_loss":0.0,"damage_taken":12.0,"cards_obtained":[]},{"damage_healed":0.0,"max_hp_gain":0.0,"max_hp_loss":0.0,"gold_gain":90.0,"event_name":"Knowing Skull","player_choice":"GOLD ","floor":21.0,"potions_obtained":[],"gold_loss":0.0,"damage_taken":12.0,"cards_obtained":[]}],"is_beta":true,"boss_relics":[{"not_picked":["Empty Cage","Ring of Chaos"],"picked":"Coffee Dripper"}],"items_purged_floors":[20],"is_endless":false,"potions_floor_spawned":[6,10,14,19,23,28],"killed_by":"Gremlin Leader","ascension_level":2}}