{"host":"e9x02d116nyd6j9y","time":1607949709,"event":{"mods":["BaseMod","Minty Spire (QoL Compilation)","StSLib","SuperFastMode","The Cursed","everything is the same but u backflip on backflip"],"gold_per_floor":[119,84,84,95,95,95,130,130,157,157,232,232,232,247,247,343,343,355,280,280,290,290,290,214,233,233,250,250,266,299,299,299],"floor_reached":31,"playtime":1680,"items_purged":[],"score":301,"play_id":"639447ee-fce0-4bd6-a335-5b0976e78680","local_time":"20201214214149","is_ascension_mode":false,"campfire_choices":[{"data":"TheCursedMod:CursedWand","floor":6,"key":"SMITH"},{"data":"TheCursedMod:OutForBlood","floor":8,"key":"SMITH"},{"data":"TheCursedMod:CursedAmulet","floor":10,"key":"SMITH"},{"floor":13,"key":"REST"},{"data":"TheCursedMod:VoidForm","floor":15,"key":"SMITH"},{"floor":23,"key":"REST"},{"floor":28,"key":"REST"}],"circlet_count":0,"master_deck":["TheCursedMod:Strike_TheCursed","TheCursedMod:Strike_TheCursed","TheCursedMod:Strike_TheCursed","TheCursedMod:Strike_TheCursed","TheCursedMod:Defend_TheCursed","TheCursedMod:Defend_TheCursed","TheCursedMod:Defend_TheCursed","TheCursedMod:CursedWand+1","TheCursedMod:CleanUpWorkshop","TheCursedMod:Dregs","TheCursedMod:OutForBlood+1","TheCursedMod:CursedAmulet+1","TheCursedMod:VoidForm+1","TheCursedMod:CursedAmulet","TheCursedMod:AntiAging+1","TheCursedMod:CursedShiv","TheCursedMod:HellfireBreathing","TheCursedMod:ManaBullet+1","TheCursedMod:CursedMace"],"relics":["TheCursedMod:BlackMagic101","NeowsBlessing","CaptainsWheel","Omamori","TheCursedMod:FourLeafCloverCharm","Bottled Lightning","HornCleat"],"acts_visited":["Exordium","TheCity"],"potions_floor_usage":[29,29,31],"damage_taken":[{"damage":0,"enemies":"Cultist","floor":1,"turns":1},{"damage":0,"enemies":"Small Slimes","floor":4,"turns":1},{"damage":0,"enemies":"Lagavulin","floor":7,"turns":2},{"damage":6,"enemies":"2 Louse","floor":14,"turns":5},{"damage":57,"enemies":"Hexaghost","floor":16,"turns":7},{"damage":0,"enemies":"Spheric Guardian","floor":18,"turns":5},{"damage":29,"enemies":"3 Byrds","floor":21,"turns":8},{"damage":35,"enemies":"Snecko","floor":25,"turns":8},{"damage":11,"enemies":"Snake Plant","floor":27,"turns":5},{"damage":18,"enemies":"Centurion and Healer","floor":29,"turns":7},{"damage":43,"enemies":"Slavers","floor":30,"turns":9},{"damage":25,"enemies":"Snecko","floor":31,"turns":5}],"seed_played":"-6990687059727031936","potions_obtained":[{"floor":1,"key":"Explosive Potion"},{"floor":16,"key":"Regen Potion"},{"floor":21,"key":"Explosive Potion"},{"floor":27,"key":"Fruit Juice"}],"is_trial":false,"path_per_floor":["M","?","?","M","?","R","E","R","T","R","?","?","R","M","R","B",null,"M","?","?","M","?","R","$","M","T","M","R","M","E","M"],"character_chosen":"THE_CURSED","items_purchased":["TheCursedMod:HellfireBreathing"],"campfire_rested":3,"item_purchase_floors":[24],"current_hp_per_floor":[75,75,75,75,75,75,75,75,75,75,64,64,75,69,69,12,75,75,75,75,49,49,72,72,40,40,29,53,58,18,0,0],"gold":299,"neow_bonus":"THREE_ENEMY_KILL","is_daily":false,"chose_seed":false,"campfire_upgraded":4,"win_rate":0.0,"timestamp":1607949709,"path_taken":["M","?","?","?","?","R","E","R","T","R","?","?","R","M","R","BOSS","M","?","?","?","?","R","$","M","T","M","R","M","E","?"],"items_purchased_type":["Card"],"build_version":"2020-12-13","purchased_purges":0,"victory":false,"max_hp_per_floor":[75,75,75,75,75,75,75,75,75,75,75,75,75,75,75,75,75,75,75,75,78,78,78,78,81,81,81,81,89,92,95,95],"card_choices":[{"not_picked":["TheCursedMod:CircleOfWindfury","TheCursedMod:FleshFromBone"],"picked":"TheCursedMod:AshesToAshes","floor":1},{"not_picked":["TheCursedMod:FleshFromBone","TheCursedMod:Wield"],"picked":"TheCursedMod:CursedAmulet","floor":4},{"not_picked":["TheCursedMod:Hemoplague","TheCursedMod:CursedShiv"],"picked":"TheCursedMod:VoidForm","floor":7},{"not_picked":["TheCursedMod:FleshFromBone","TheCursedMod:Stretching"],"picked":"TheCursedMod:CursedAmulet","floor":14},{"not_picked":["TheCursedMod:StunningStrike","TheCursedMod:ManaCirculation"],"picked":"TheCursedMod:AntiAging","floor":16},{"not_picked":["TheCursedMod:ManaBullet","TheCursedMod:FleshFromBone"],"picked":"TheCursedMod:CursedShiv","floor":18},{"not_picked":["TheCursedMod:FleshFromBone","TheCursedMod:Stretching","TheCursedMod:PrepareRite+1"],"picked":"SKIP","floor":21},{"not_picked":["TheCursedMod:ReleasedStrength","TheCursedMod:CursedArmor"],"picked":"TheCursedMod:ManaBullet+1","floor":25},{"not_picked":["TheCursedMod:RavingStaff","TheCursedMod:SpitefulPray+1","TheCursedMod:VitalStrike"],"picked":"SKIP","floor":27},{"not_picked":["TheCursedMod:WearCloak","TheCursedMod:CursedArmor","TheCursedMod:CollectTribute"],"picked":"SKIP","floor":29},{"not_picked":["TheCursedMod:CursedAmulet","TheCursedMod:SmokeScreen"],"picked":"TheCursedMod:CursedMace","floor":30}],"player_experience":16651,"relics_obtained":[{"floor":7,"key":"CaptainsWheel"},{"floor":9,"key":"Omamori"},{"floor":26,"key":"Bottled Lightning"},{"floor":30,"key":"HornCleat"}],"event_choices":[{"damage_healed":18,"gold_gain":0,"player_choice":"Healed","damage_taken":0,"max_hp_gain":0,"max_hp_loss":0,"event_name":"The Cleric","floor":2,"gold_loss":35},{"damage_healed":0,"gold_gain":0,"cards_transformed":["TheCursedMod:Defend_TheCursed"],"player_choice":"Transformed","damage_taken":0,"max_hp_gain":0,"max_hp_loss":0,"event_name":"Transmorgrifier","floor":3,"gold_loss":0,"cards_obtained":["TheCursedMod:OutForBlood"]},{"damage_healed":0,"gold_gain":0,"player_choice":"Ignored","damage_taken":0,"max_hp_gain":0,"max_hp_loss":0,"event_name":"Golden Idol","floor":5,"gold_loss":0},{"damage_healed":0,"gold_gain":75,"player_choice":"Gather Gold","damage_taken":11,"max_hp_gain":0,"max_hp_loss":0,"event_name":"World of Goop","floor":11,"gold_loss":0},{"damage_healed":0,"gold_gain":0,"player_choice":"Ignored","damage_taken":0,"max_hp_gain":0,"max_hp_loss":0,"event_name":"Golden Wing","floor":12,"gold_loss":0},{"cards_removed":["TheCursedMod:AshesToAshes"],"damage_healed":0,"gold_gain":0,"player_choice":"Gave Gold","damage_taken":0,"max_hp_gain":0,"max_hp_loss":0,"event_name":"Beggar","floor":19,"gold_loss":75},{"damage_healed":0,"gold_gain":0,"player_choice":"Upgraded","damage_taken":0,"max_hp_gain":0,"max_hp_loss":0,"event_name":"Upgrade Shrine","floor":20,"gold_loss":0,"cards_upgraded":["TheCursedMod:AntiAging"]},{"damage_healed":0,"gold_gain":0,"player_choice":"Ignored","damage_taken":0,"max_hp_gain":0,"max_hp_loss":0,"event_name":"Fountain of Cleansing","floor":22,"gold_loss":0}],"is_beta":false,"boss_relics":[{"not_picked":["Busted Crown","Coffee Dripper"],"picked":"TheCursedMod:FourLeafCloverCharm"}],"items_purged_floors":[],"is_endless":false,"potions_floor_spawned":[1,16,21,27],"killed_by":"Snecko","ascension_level":0}}