{"host":"vyt5ne9ydo1z9gg1","time":1607949296,"event":{"mods":["BaseMod","DeckTracker","GifTheSpireLib","Minty Spire (QoL Compilation)","Prisma Mod","StSLib","The Hierophant"],"gold_per_floor":[114,129,79,79,98,98,112,147,147,147,163,192,192,204,204,306,306,320,320,337,350,370,370,390,403,449,449,449,449,480,510,510,510,510],"floor_reached":33,"playtime":2589,"items_purged":[],"score":279,"play_id":"65c57b22-09da-4268-802d-955ac3065cfa","local_time":"20201214233456","is_ascension_mode":false,"campfire_choices":[{"data":"Bash","floor":6,"key":"SMITH"},{"data":"Flame Barrier","floor":10,"key":"SMITH"},{"data":"Pommel Strike","floor":13,"key":"SMITH"},{"data":"Cleave","floor":15,"key":"SMITH"},{"floor":23,"key":"REST"},{"data":"Barricade","floor":28,"key":"SMITH"},{"data":"Flame Barrier","floor":32,"key":"SMITH"}],"circlet_count":0,"master_deck":["Strike_R","Strike_R","Strike_R","Defend_R","Defend_R","Defend_R","Bash+1","Sword Boomerang","Cleave+1","Pommel Strike+1","Clothesline","Flame Barrier+1","Pommel Strike","Flex","Flame Barrier+1","Barricade+1","Perfected Strike+1","Uppercut","Shrug It Off","Shrug It Off+1","Rupture+1","Ghostly Armor","Dark Embrace+1"],"relics":["Burning Blood","Mummified Hand","Meat on the Bone","Mercury Hourglass","Empty Cage","Red Skull","Bag of Preparation","Red Mask","Dream Catcher"],"acts_visited":["Exordium","TheCity"],"potions_floor_usage":[12,16,16,16,25,31,33,33],"damage_taken":[{"damage":1,"enemies":"Cultist","floor":1,"turns":3},{"damage":6,"enemies":"Jaw Worm","floor":2,"turns":3},{"damage":6,"enemies":"2 Louse","floor":5,"turns":2},{"damage":15,"enemies":"Looter","floor":7,"turns":3},{"damage":8,"enemies":"Gremlin Nob","floor":8,"turns":4},{"damage":8,"enemies":"Large Slime","floor":11,"turns":4},{"damage":37,"enemies":"3 Sentries","floor":12,"turns":7},{"damage":0,"enemies":"2 Fungi Beasts","floor":14,"turns":2},{"damage":25,"enemies":"Hexaghost","floor":16,"turns":7},{"damage":25,"enemies":"Shell Parasite","floor":18,"turns":9},{"damage":34,"enemies":"2 Thieves","floor":20,"turns":4},{"damage":42,"enemies":"Centurion and Healer","floor":21,"turns":9},{"damage":15,"enemies":"3 Cultists","floor":22,"turns":5},{"damage":36,"enemies":"Shelled Parasite and Fungi","floor":24,"turns":9},{"damage":11,"enemies":"Cultist and Chosen","floor":25,"turns":6},{"damage":3,"enemies":"Masked Bandits","floor":30,"turns":3},{"damage":35,"enemies":"Book of Stabbing","floor":31,"turns":8},{"damage":77,"enemies":"Automaton","floor":33,"turns":12}],"seed_played":"8858753348475977605","potions_obtained":[{"floor":7,"key":"Regen Potion"},{"floor":8,"key":"SkillPotion"},{"floor":12,"key":"AttackPotion"},{"floor":14,"key":"SteroidPotion"},{"floor":24,"key":"BloodPotion"},{"floor":25,"key":"Swift Potion"},{"floor":30,"key":"Swift Potion"},{"floor":31,"key":"DuplicationPotion"}],"is_trial":false,"path_per_floor":["M","M","?","?","M","R","M","E","T","R","M","E","R","M","R","B",null,"M","?","M","M","M","R","M","M","T","?","R","?","?","E","R","B"],"character_chosen":"IRONCLAD","items_purchased":[],"campfire_rested":1,"item_purchase_floors":[],"current_hp_per_floor":[80,80,80,85,85,85,76,74,74,74,72,56,56,62,62,55,85,66,66,50,26,29,54,36,60,60,60,60,44,59,42,42,0,0],"gold":510,"neow_bonus":"THREE_CARDS","is_daily":false,"chose_seed":false,"campfire_upgraded":6,"win_rate":0.0,"timestamp":1607949296,"path_taken":["M","?","?","?","M","R","M","E","T","R","M","E","R","M","R","BOSS","M","?","M","M","M","R","M","M","T","?","R","?","?","E","R","BOSS"],"items_purchased_type":[],"build_version":"2020-12-13","purchased_purges":0,"victory":false,"max_hp_per_floor":[80,80,80,85,85,85,85,85,85,85,85,85,85,85,85,85,85,85,85,85,85,85,85,85,85,85,85,85,90,90,90,90,90,90],"card_choices":[{"not_picked":["Body Slam","Burning Pact"],"picked":"Sword Boomerang","floor":0},{"not_picked":["Anger","Flex"],"picked":"Cleave","floor":1},{"not_picked":["Flex","Body Slam"],"picked":"Pommel Strike","floor":2},{"not_picked":["Twin Strike","Heavy Blade"],"picked":"Clothesline","floor":5},{"not_picked":["Heavy Blade","Feel No Pain"],"picked":"Flame Barrier","floor":7},{"not_picked":["True Grit","Anger"],"picked":"Pommel Strike","floor":8},{"not_picked":["Bludgeon","Body Slam"],"picked":"Flex","floor":11},{"not_picked":["Hemokinesis","Pommel Strike"],"picked":"Flame Barrier","floor":12},{"not_picked":["Warcry","Sword Boomerang","Whirlwind"],"picked":"SKIP","floor":14},{"not_picked":["Berserk","Limit Break"],"picked":"Barricade","floor":16},{"not_picked":["Intimidate+1","Iron Wave"],"picked":"Perfected Strike+1","floor":18},{"not_picked":["Disarm","Pommel Strike"],"picked":"Shrug It Off","floor":20},{"not_picked":["Twin Strike","Sword Boomerang","Offering"],"picked":"SKIP","floor":21},{"not_picked":["Infernal Blade","Headbutt"],"picked":"Shrug It Off+1","floor":22},{"not_picked":["Clothesline","Twin Strike+1","Flex"],"picked":"SKIP","floor":24},{"not_picked":["Brutality","Clash"],"picked":"Rupture+1","floor":25},{"not_picked":["Flex","Rupture+1"],"picked":"Ghostly Armor","floor":30},{"not_picked":["Flex","Clothesline"],"picked":"Dark Embrace+1","floor":31}],"player_experience":8574,"relics_obtained":[{"floor":8,"key":"Mummified Hand"},{"floor":9,"key":"Meat on the Bone"},{"floor":12,"key":"Mercury Hourglass"},{"floor":26,"key":"Red Skull"},{"floor":30,"key":"Red Mask"},{"floor":31,"key":"Dream Catcher"}],"event_choices":[{"cards_removed":["Strike_R"],"damage_healed":0,"gold_gain":0,"player_choice":"Card Removal","damage_taken":0,"max_hp_gain":0,"max_hp_loss":0,"event_name":"The Cleric","floor":3,"gold_loss":50},{"damage_healed":0,"gold_gain":0,"player_choice":"Donut","damage_taken":0,"max_hp_gain":5,"max_hp_loss":0,"event_name":"Big Fish","floor":4,"gold_loss":0},{"damage_healed":0,"gold_gain":0,"player_choice":"Read","damage_taken":0,"max_hp_gain":0,"max_hp_loss":0,"event_name":"The Library","floor":19,"gold_loss":0,"cards_obtained":["Uppercut"]},{"damage_healed":0,"gold_gain":0,"player_choice":"Opened","damage_taken":0,"relics_obtained":["Bag of Preparation"],"max_hp_gain":0,"max_hp_loss":0,"event_name":"The Mausoleum","floor":27,"gold_loss":0},{"damage_healed":0,"gold_gain":0,"player_choice":"Shed Blood","damage_taken":21,"max_hp_gain":5,"max_hp_loss":0,"event_name":"Forgotten Altar","floor":29,"gold_loss":0},{"damage_healed":0,"gold_gain":0,"player_choice":"Fought Bandits","damage_taken":0,"max_hp_gain":0,"max_hp_loss":0,"event_name":"Masked Bandits","floor":30,"gold_loss":0}],"is_beta":false,"boss_relics":[{"not_picked":["Sozu","Runic Pyramid"],"picked":"Empty Cage"}],"items_purged_floors":[],"is_endless":false,"potions_floor_spawned":[7,8,12,14,24,25,30,31],"killed_by":"Automaton","ascension_level":0}}