{"host":"kntpungskobv1jqb","time":1607957025,"event":{"mods":["BaseMod","Minty Spire (QoL Compilation)","Replay The Spire","StSLib","SuperFastMode"],"gold_per_floor":[109,109,109,34,90,90,105,140,220,77,77,89,119,119,119,191,191,201,201,216,232,245,245,274,274,274,286,286,286],"floor_reached":28,"playtime":797,"items_purged":["Regret"],"score":418,"play_id":"64646aee-99ad-4156-b58e-06984e53ea44","local_time":"20201214224345","is_ascension_mode":true,"campfire_choices":[{"data":"Fiend Fire","floor":6,"key":"SMITH"},{"floor":15,"key":"REST"},{"floor":23,"key":"REST"},{"floor":25,"key":"REST"}],"circlet_count":0,"master_deck":["AscendersBane","Strike_R+1","Strike_R","Strike_R","Strike_R","Strike_R+1","Defend_R","Defend_R+1","Defend_R","Bash","Fiend Fire+1","Flex+1","Juggernaut+1","Replay:Undeath\u0027s Touch","Twin Strike","Pummel","Eclipse+1","Whirlwind","Berserk","Inflame","Searing Blow+1","Heavy Blade","Armaments+1","Berserk","ReplayTheSpireMod:Muscle Training+1"],"relics":["Burning Blood","Pondfish Scales","Orichalcum","Replay:Bottled Flurry","Gremlin Horn","Regal Pillow","Simple Rune","Mark of Pain","War Paint","Nunchaku","Vajra"],"acts_visited":["Exordium","TheCity"],"potions_floor_usage":[16,24],"damage_taken":[{"damage":5,"enemies":"2 Louse","floor":1,"turns":3},{"damage":6,"enemies":"Jaw Worm","floor":7,"turns":2},{"damage":29,"enemies":"Lagavulin","floor":8,"turns":4},{"damage":0,"enemies":"Small Slimes","floor":12,"turns":2},{"damage":34,"enemies":"Replay:BlueRogue","floor":13,"turns":6},{"damage":35,"enemies":"Fading Forest","floor":16,"turns":11},{"damage":10,"enemies":"3 Byrds","floor":18,"turns":4},{"damage":15,"enemies":"Shell Parasite","floor":20,"turns":3},{"damage":26,"enemies":"Shelled Parasite and Fungi","floor":21,"turns":4},{"damage":24,"enemies":"Chosen and Byrds","floor":22,"turns":4},{"damage":51,"enemies":"Replay:Snechameleon","floor":24,"turns":6},{"damage":38,"enemies":"Sentry and Sphere","floor":27,"turns":4},{"damage":18,"enemies":"Shelled Parasite and Fungi","floor":28,"turns":2}],"seed_played":"-8428083475743892331","potions_obtained":[{"floor":5,"key":"FairyPotion"},{"floor":7,"key":"DistilledChaos"},{"floor":20,"key":"Weak Potion"}],"is_trial":false,"path_per_floor":["M","?","?","$","?","R","M","E","T","$","?","M","E","$","R","B",null,"M","?","M","M","M","R","E","R","T","M","M"],"character_chosen":"IRONCLAD","items_purchased":["Regal Pillow"],"campfire_rested":3,"item_purchase_floors":[10],"current_hp_per_floor":[69,69,69,69,69,69,69,46,46,46,46,52,24,24,61,37,66,62,62,53,33,15,52,7,44,44,12,0,0],"gold":286,"neow_bonus":"ONE_RANDOM_RARE_CARD","is_daily":false,"chose_seed":false,"campfire_upgraded":1,"win_rate":0.0,"timestamp":1607957025,"path_taken":["M","?","?","?","?","R","M","E","T","$","?","M","E","?","R","BOSS","M","?","M","M","M","R","E","R","T","M","?"],"items_purchased_type":["Relic"],"build_version":"2020-11-30","purchased_purges":1,"victory":false,"max_hp_per_floor":[75,75,75,75,75,75,75,75,75,75,75,75,75,75,75,75,75,75,75,75,75,75,75,75,75,75,75,75,75],"card_choices":[{"not_picked":["Clothesline","Evolve"],"picked":"Flex","floor":1},{"not_picked":["Flame Barrier","Pommel Strike"],"picked":"Replay:Undeath\u0027s Touch","floor":5},{"not_picked":["Rage","Entrench"],"picked":"Twin Strike","floor":5},{"not_picked":["Twin Strike","Sword Boomerang"],"picked":"Pummel","floor":7},{"not_picked":["Clothesline","Anger"],"picked":"Eclipse","floor":8},{"not_picked":["Burning Pact","Anger"],"picked":"Whirlwind","floor":12},{"not_picked":["Run Through","Intimidate","Armaments"],"picked":"SKIP","floor":13},{"not_picked":["Hemogenesis","Impervious"],"picked":"Berserk","floor":16},{"not_picked":["ReplayTheSpireMod:Strike From Hell","Life Link"],"picked":"Inflame","floor":18},{"not_picked":["Sword Boomerang","Run Through"],"picked":"Searing Blow+1","floor":20},{"not_picked":["Pommel Strike","True Grit"],"picked":"Heavy Blade","floor":21},{"not_picked":["Searing Blow","Pommel Strike"],"picked":"Armaments+1","floor":22},{"not_picked":["ReplayTheSpireMod:Strike From Hell","Uppercut"],"picked":"Berserk","floor":24},{"not_picked":["Wild Strike","Heavy Blade"],"picked":"ReplayTheSpireMod:Muscle Training+1","floor":27}],"player_experience":460421,"relics_obtained":[{"floor":5,"key":"Orichalcum"},{"floor":8,"key":"Replay:Bottled Flurry"},{"floor":9,"key":"Gremlin Horn"},{"floor":13,"key":"Simple Rune"},{"floor":24,"key":"Nunchaku"},{"floor":26,"key":"Vajra"}],"event_choices":[{"damage_healed":0,"gold_gain":0,"player_choice":"Box","damage_taken":0,"relics_obtained":["Pondfish Scales"],"max_hp_gain":0,"max_hp_loss":0,"event_name":"Big Fish","floor":3,"gold_loss":0,"cards_obtained":["Regret"]},{"damage_healed":0,"gold_gain":0,"player_choice":"Gave Potion","damage_taken":0,"relics_obtained":["War Paint"],"max_hp_gain":0,"max_hp_loss":0,"event_name":"WeMeetAgain","floor":19,"gold_loss":0}],"is_beta":false,"boss_relics":[{"not_picked":["Coffee Dripper","Snecko Eye"],"picked":"Mark of Pain"}],"items_purged_floors":[4],"is_endless":false,"potions_floor_spawned":[7,8,12,13,20],"killed_by":"Shelled Parasite and Fungi","ascension_level":14}}