{"host":"jx3f6ezc0g3s9edc","time":1607913806,"event":{"mods":["AchievementEnabler","BaseMod","Bestiary","Colored Map","Highlight Path","Minty Spire (QoL Compilation)","StSLib"],"gold_per_floor":[115,65,65,78,91,124,124,137,137,147,163,133,133,87,87,87,87],"floor_reached":16,"playtime":1338,"items_purged":[],"score":153,"play_id":"3831dba2-d4fe-45ae-8067-3a3df79d6ae1","local_time":"20201213214326","is_ascension_mode":true,"campfire_choices":[{"floor":7,"key":"REST"},{"data":"Deadly Poison","floor":13,"key":"SMITH"},{"data":"Cloak And Dagger","floor":15,"key":"SMITH"}],"circlet_count":0,"master_deck":["AscendersBane","Strike_G","Strike_G","Strike_G","Strike_G","Defend_G","Defend_G","Defend_G","Defend_G","Defend_G","Survivor","Neutralize","Finisher","Cloak And Dagger","Dagger Spray","Deadly Poison+1","Cloak And Dagger+1","Backflip"],"relics":["HoveringKite","Thread and Needle","Bottled Flame"],"acts_visited":["Exordium"],"potions_floor_usage":[6],"damage_taken":[{"damage":7,"enemies":"Small Slimes","floor":1,"turns":6},{"damage":0,"enemies":"Cultist","floor":4,"turns":6},{"damage":0,"enemies":"2 Louse","floor":5,"turns":4},{"damage":54,"enemies":"Lagavulin","floor":6,"turns":13},{"damage":0,"enemies":"Looter","floor":8,"turns":4},{"damage":2,"enemies":"Lots of Slimes","floor":10,"turns":4},{"damage":7,"enemies":"2 Fungi Beasts","floor":11,"turns":4},{"damage":0,"enemies":"Looter","floor":12,"turns":4},{"damage":16,"enemies":"The Guardian","floor":16,"turns":2}],"seed_played":"4369797809432163141","potions_obtained":[{"floor":1,"key":"Strength Potion"},{"floor":4,"key":"SmokeBomb"},{"floor":8,"key":"EssenceOfSteel"},{"floor":11,"key":"FearPotion"}],"is_trial":false,"path_per_floor":["M","?","?","M","M","E","R","M","T","M","M","M","R","?","R","B"],"character_chosen":"THE_SILENT","items_purchased":[],"campfire_rested":1,"item_purchase_floors":[],"current_hp_per_floor":[56,56,56,56,56,2,23,23,23,21,14,14,14,14,14,0,0],"gold":87,"neow_bonus":"BOSS_RELIC","is_daily":false,"chose_seed":false,"campfire_upgraded":2,"win_rate":0.0,"timestamp":1607913806,"path_taken":["M","?","?","M","M","E","R","M","T","M","M","?","R","?","R","BOSS"],"items_purchased_type":[],"build_version":"2020-12-13","purchased_purges":0,"victory":false,"max_hp_per_floor":[70,70,70,70,70,70,70,70,70,70,70,70,70,70,70,70,70],"card_choices":[{"not_picked":["Dagger Throw","Infinite Blades"],"picked":"Finisher","floor":1},{"not_picked":["All Out Attack","Masterful Stab","PiercingWail"],"picked":"SKIP","floor":4},{"not_picked":["Escape Plan","Dagger Throw"],"picked":"Cloak And Dagger","floor":5},{"not_picked":["Doppelganger","Deflect"],"picked":"Dagger Spray","floor":6},{"not_picked":["Slice","Endless Agony"],"picked":"Deadly Poison","floor":8},{"not_picked":["Quick Slash","Flying Knee","PiercingWail"],"picked":"SKIP","floor":10},{"not_picked":["Burst","Dagger Spray"],"picked":"Cloak And Dagger","floor":11},{"not_picked":["Underhanded Strike","Slice"],"picked":"Backflip","floor":12}],"player_experience":670961,"relics_obtained":[{"floor":6,"key":"Thread and Needle"},{"floor":9,"key":"Bottled Flame"}],"event_choices":[{"cards_removed":["Strike_G"],"damage_healed":0,"gold_gain":0,"player_choice":"Card Removal","damage_taken":0,"max_hp_gain":0,"max_hp_loss":0,"event_name":"The Cleric","floor":2,"gold_loss":50},{"damage_healed":0,"gold_gain":0,"player_choice":"Bought 0 Potions","damage_taken":0,"max_hp_gain":0,"max_hp_loss":0,"event_name":"The Woman in Blue","floor":3,"gold_loss":0},{"damage_healed":0,"gold_gain":0,"player_choice":"Left Gold","damage_taken":0,"max_hp_gain":0,"max_hp_loss":0,"event_name":"World of Goop","floor":14,"gold_loss":46}],"is_beta":false,"boss_relics":[],"items_purged_floors":[],"is_endless":false,"potions_floor_spawned":[1,4,8,11],"killed_by":"The Guardian","ascension_level":10}}