{"host":"nmjik3bzoelmmajy","time":1607951838,"event":{"mods":["BaseMod","Better Third Choice","Colored Map","DeckTracker","Minty Spire (QoL Compilation)","Quick Restart","Say the Spire","StSLib","SuperFastMode"],"gold_per_floor":[109,120,32,46,65,65,81,81,106,135,158,186,336,356,356,433,433,448,61,61,61,73,73,73],"floor_reached":23,"playtime":931,"items_purged":["Strike_G"],"score":362,"play_id":"80832f3e-cdbe-4560-b786-de7375e9ccd3","local_time":"20201214221718","is_ascension_mode":true,"campfire_choices":[{"data":"After Image","floor":6,"key":"SMITH"},{"data":"Blade Dance","floor":8,"key":"SMITH"},{"data":"Neutralize","floor":15,"key":"SMITH"}],"circlet_count":0,"master_deck":["AscendersBane","Strike_G","Strike_G","Strike_G","Strike_G","Defend_G","Defend_G","Defend_G","Defend_G","Defend_G","Survivor","Neutralize+1","After Image+1","Blade Dance+1","Finisher","Infinite Blades","All Out Attack","Corpse Explosion","Acrobatics","Acrobatics","PiercingWail","Doubt","Infinite Blades","Adrenaline","Blur","Backstab","Ghostly","Ghostly","Ghostly","Footwork","Blade Dance"],"relics":["Ring of the Snake","Boot","Vajra","Nunchaku","Strawberry","WristBlade","Shuriken"],"acts_visited":["TheCity"],"potions_floor_usage":[7,10,16,22],"damage_taken":[{"damage":0,"enemies":"Cultist","floor":1,"turns":5},{"damage":0,"enemies":"Jaw Worm","floor":2,"turns":5},{"damage":1,"enemies":"Small Slimes","floor":4,"turns":5},{"damage":1,"enemies":"Looter","floor":5,"turns":3},{"damage":7,"enemies":"Red Slaver","floor":7,"turns":4},{"damage":12,"enemies":"Gremlin Nob","floor":10,"turns":4},{"damage":6,"enemies":"3 Sentries","floor":12,"turns":5},{"damage":0,"enemies":"2 Fungi Beasts","floor":14,"turns":3},{"damage":21,"enemies":"The Guardian","floor":16,"turns":12},{"damage":0,"enemies":"Spheric Guardian","floor":18,"turns":3},{"damage":11,"enemies":"3 Byrds","floor":22,"turns":6},{"damage":30,"enemies":"Slavers","floor":23,"turns":1}],"seed_played":"1207752929415892213","potions_obtained":[{"floor":2,"key":"Swift Potion"},{"floor":4,"key":"Regen Potion"},{"floor":14,"key":"BlessingOfTheForge"},{"floor":18,"key":"Swift Potion"}],"is_trial":false,"path_per_floor":["M","M","$","M","M","R","M","R","T","E","T","E","?","M","R","B",null,"M","$","?","?","M","E"],"character_chosen":"THE_SILENT","items_purchased":["Infinite Blades","Shuriken","Backstab"],"campfire_rested":0,"item_purchase_floors":[3,19,19],"current_hp_per_floor":[59,59,59,58,57,57,59,59,59,47,47,48,48,48,48,27,57,57,57,33,33,22,0,0],"gold":73,"neow_bonus":"THREE_RARE_CARDS","is_daily":false,"chose_seed":false,"campfire_upgraded":3,"win_rate":0.0,"timestamp":1607951838,"path_taken":["M","?","$","M","M","R","M","R","T","E","?","E","?","M","R","BOSS","M","$","?","?","M","E"],"items_purchased_type":["Card","Relic","Card"],"build_version":"2020-12-13","purchased_purges":1,"victory":false,"max_hp_per_floor":[60,60,60,60,60,60,60,60,60,60,60,67,67,67,67,67,67,67,67,33,33,33,33,33],"card_choices":[{"not_picked":["Burst","Grand Finale"],"picked":"After Image","floor":0},{"not_picked":["Endless Agony","Dagger Throw"],"picked":"Blade Dance","floor":1},{"not_picked":["Setup","Sucker Punch"],"picked":"Finisher","floor":2},{"not_picked":["Flying Knee","Endless Agony"],"picked":"All Out Attack","floor":4},{"not_picked":["Flying Knee","Deadly Poison"],"picked":"Corpse Explosion","floor":5},{"not_picked":["Dagger Spray","Setup"],"picked":"Acrobatics","floor":7},{"not_picked":["Outmaneuver","Slice"],"picked":"Acrobatics","floor":10},{"not_picked":["Prepared","Deflect"],"picked":"PiercingWail","floor":12},{"not_picked":["Flying Knee","Burst"],"picked":"Infinite Blades","floor":14},{"not_picked":["Bullet Time","Burst"],"picked":"Adrenaline","floor":16},{"not_picked":["Cloak And Dagger","Poisoned Stab"],"picked":"Blur","floor":18},{"not_picked":["Setup","Sucker Punch"],"picked":"Blade Dance","floor":22}],"player_experience":805928,"relics_obtained":[{"floor":9,"key":"Boot"},{"floor":10,"key":"Vajra"},{"floor":11,"key":"Nunchaku"},{"floor":12,"key":"Strawberry"}],"event_choices":[{"damage_healed":0,"gold_gain":150,"player_choice":"AGREE","damage_taken":186,"max_hp_gain":0,"max_hp_loss":0,"event_name":"betterThird:BetterSerpent","floor":13,"gold_loss":0},{"damage_healed":0,"gold_gain":0,"player_choice":"Became a Ghost","damage_taken":0,"max_hp_gain":0,"max_hp_loss":34,"event_name":"Ghosts","floor":20,"gold_loss":0,"cards_obtained":["Ghostly","Ghostly","Ghostly"]},{"damage_healed":0,"gold_gain":0,"player_choice":"Read","damage_taken":0,"max_hp_gain":0,"max_hp_loss":0,"event_name":"The Library","floor":21,"gold_loss":0,"cards_obtained":["Footwork"]}],"is_beta":false,"boss_relics":[{"not_picked":["Snecko Eye","Runic Pyramid"],"picked":"WristBlade"}],"items_purged_floors":[19],"is_endless":false,"potions_floor_spawned":[2,4,14,18],"killed_by":"Slavers","ascension_level":16}}