{"host":"1rcu5ixl4icqax5v","time":1607912665,"event":{"mods":["BaseMod","Bestiary","Block Reminder","Colored Map","DeckTracker","Highlight Path","Minty Spire (QoL Compilation)","Quick Restart","Relic Sorter","Relic Stats"],"gold_per_floor":[119,129,145,165,165,194,194,204,204,222,239,274,274,303,303,408,408,427,427,129,129,145,179,179,206,206,216,246,274,313,345,357,466,478,510,535,547,572,584,621,633,675,767,810,834,865,512,524,524,524,524,524,29,64,64],"floor_reached":56,"playtime":5893,"items_purged":["Defend_P","Strike_P"],"score":1498,"play_id":"33cdcf4e-f6cf-4cc3-b402-c40e2aedff08","local_time":"20201214052425","is_ascension_mode":true,"campfire_choices":[{"data":"BattleHymn","floor":7.0,"key":"SMITH"},{"data":"Tantrum","floor":13.0,"key":"SMITH"},{"data":"BowlingBash","floor":15.0,"key":"SMITH"},{"data":"TalkToTheHand","floor":24.0,"key":"SMITH"},{"floor":32.0,"key":"REST"},{"floor":41.0,"key":"REST"},{"floor":49.0,"key":"RECALL"},{"data":"DevaForm","floor":52.0,"key":"SMITH"}],"circlet_count":0,"master_deck":["Strike_P+1","Strike_P+1","Strike_P+1","Defend_P+1","Defend_P+1","Defend_P","Eruption+1","Vigilance+1","Protect+1","ThirdEye+1","BattleHymn+1","Wallop","BowlingBash+1","Tantrum+1","Tantrum","Conclude+1","ClearTheMind+1","LessonLearned+1","CurseOfTheBell","Nirvana+1","CutThroughFate+1","LikeWater","Halt","TalkToTheHand+1","EmptyMind+1","LessonLearned+1","TalkToTheHand","Protect+1","ClearTheMind+1","EmptyBody","CutThroughFate+1","Weave","Scrawl","ThirdEye+1","FlurryOfBlows+1","DevaForm+1","Tantrum+1","Halt+1","TalkToTheHand+1","Parasite","Blind","Master of Strategy","Fasting2","MentalFortress"],"relics":["SlaversCollar","Vajra","Strawberry","Centennial Puzzle","Cursed Key","Lantern","The Courier","Prayer Wheel","Calling Bell","Lizard Tail","Bottled Flame","Nloth\u0027s Gift","Pantograph","MawBank","Orichalcum","StoneCalendar","Gremlin Horn","Ancient Tea Set","Boot","Mummified Hand","Nunchaku","Pen Nib","Bronze Scales","Bag of Marbles"],"acts_visited":["TheCity","TheBeyond","TheEnding"],"potions_floor_usage":[55,55,55],"damage_taken":[{"damage":0.0,"enemies":"Jaw Worm","floor":1.0,"turns":2.0},{"damage":0.0,"enemies":"Cultist","floor":2.0,"turns":3.0},{"damage":0.0,"enemies":"2 Louse","floor":3.0,"turns":3.0},{"damage":0.0,"enemies":"Blue Slaver","floor":4.0,"turns":4.0},{"damage":6.0,"enemies":"Gremlin Nob","floor":6.0,"turns":4.0},{"damage":2.0,"enemies":"Exordium Thugs","floor":8.0,"turns":7.0},{"damage":5.0,"enemies":"2 Fungi Beasts","floor":10.0,"turns":3.0},{"damage":2.0,"enemies":"Looter","floor":11.0,"turns":3.0},{"damage":0.0,"enemies":"3 Sentries","floor":12.0,"turns":2.0},{"damage":6.0,"enemies":"Lagavulin","floor":14.0,"turns":5.0},{"damage":10.0,"enemies":"The Guardian","floor":16.0,"turns":8.0},{"damage":0.0,"enemies":"Spheric Guardian","floor":18.0,"turns":3.0},{"damage":2.0,"enemies":"Shell Parasite","floor":22.0,"turns":10.0},{"damage":8.0,"enemies":"Book of Stabbing","floor":23.0,"turns":3.0},{"damage":0.0,"enemies":"Gremlin Leader","floor":25.0,"turns":3.0},{"damage":6.0,"enemies":"3 Cultists","floor":27.0,"turns":4.0},{"damage":0.0,"enemies":"Book of Stabbing","floor":28.0,"turns":4.0},{"damage":2.0,"enemies":"Cultist and Chosen","floor":29.0,"turns":7.0},{"damage":29.0,"enemies":"Slavers","floor":30.0,"turns":5.0},{"damage":5.0,"enemies":"Snake Plant","floor":31.0,"turns":3.0},{"damage":4.0,"enemies":"Collector","floor":33.0,"turns":8.0},{"damage":3.0,"enemies":"3 Darklings","floor":35.0,"turns":6.0},{"damage":0.0,"enemies":"3 Shapes","floor":36.0,"turns":7.0},{"damage":0.0,"enemies":"Transient","floor":38.0,"turns":5.0},{"damage":10.0,"enemies":"Reptomancer","floor":40.0,"turns":5.0},{"damage":0.0,"enemies":"Giant Head","floor":42.0,"turns":5.0},{"damage":1.0,"enemies":"Nemesis","floor":44.0,"turns":5.0},{"damage":0.0,"enemies":"4 Shapes","floor":45.0,"turns":7.0},{"damage":0.0,"enemies":"Spire Growth","floor":46.0,"turns":3.0},{"damage":9.0,"enemies":"Writhing Mass","floor":48.0,"turns":6.0},{"damage":9.0,"enemies":"Awakened One","floor":50.0,"turns":11.0},{"damage":36,"enemies":"Shield and Spear","floor":54,"turns":6},{"damage":33,"enemies":"The Heart","floor":55,"turns":7}],"seed_played":"2505409695977961640","potions_obtained":[{"floor":3.0,"key":"ColorlessPotion"},{"floor":4.0,"key":"Strength Potion"},{"floor":8.0,"key":"Ancient Potion"},{"floor":10.0,"key":"Ancient Potion"},{"floor":14.0,"key":"DistilledChaos"},{"floor":22.0,"key":"Strength Potion"},{"floor":27.0,"key":"SkillPotion"},{"floor":28.0,"key":"ColorlessPotion"},{"floor":30.0,"key":"DuplicationPotion"},{"floor":36.0,"key":"Explosive Potion"},{"floor":39.0,"key":"Regen Potion"},{"floor":39.0,"key":"EssenceOfSteel"}],"is_trial":false,"path_per_floor":["M","M","M","M","?","E","R","M","T","M","M","E","R","E","R","B",null,"M","?","$","?","M","E","R","E","T","M","E","M","E","M","R","B",null,"M","M","?","M","?","E","R","E","T","E","M","M","$","M","R","B",null,"R","$","E","B",null],"character_chosen":"WATCHER","items_purchased":["Ancient Tea Set","LikeWater","Blind","Master of Strategy","Fasting2","MentalFortress","Strawberry","Vajra","Pen Nib","Bronze Scales"],"campfire_rested":2,"item_purchase_floors":[20,20,47,47,47,47,53,53,53,53],"current_hp_per_floor":[72,72,72,72,72,66,66,64,64,59,57,57,57,51,51,41,72,72,72,72,72,70,62,62,62,62,56,56,54,25,20,41,62,72,69,69,69,69,69,59,72,72,72,71,71,71,71,62,62,63,72,72,79,43,50],"gold":64,"neow_bonus":"BOSS_RELIC","is_daily":false,"chose_seed":false,"campfire_upgraded":5,"win_rate":0.0,"timestamp":1607912665,"path_taken":["M","M","M","M","?","E","R","M","T","M","?","E","R","E","R","BOSS","M","?","$","?","?","E","R","E","T","M","E","M","E","M","R","BOSS","M","M","?","M","?","E","R","E","T","E","M","?","$","?","R","BOSS","R","$","E","BOSS"],"items_purchased_type":["Relic","Card","Card","Card","Card","Card","Relic","Relic","Relic","Relic"],"build_version":"2020-12-13","purchased_purges":2,"victory":true,"max_hp_per_floor":[72,72,72,72,72,72,72,72,72,72,72,72,72,72,72,72,72,72,72,72,72,72,72,72,72,72,72,72,72,72,72,72,72,72,72,72,72,72,72,72,72,72,72,72,72,72,72,72,72,72,72,72,79,79,79],"relic_stats":{"Gremlin Horn":[28,29],"counters":[24,136],"StoneCalendar":[226],"Pen Nib":[5],"Orichalcum":[126],"Cursed Key":1,"MawBank":228,"Boot":[322],"Centennial Puzzle":[12],"Lizard Tail":0,"Nunchaku":[17],"Mummified Hand":[55],"Pantograph":60,"Bronze Scales":[99],"Prayer Wheel":11,"Nloth\u0027s Gift":9,"obtain_stats":[{"Lantern":42,"Gremlin Horn":17,"Vajra":53,"StoneCalendar":0,"Ancient Tea Set":20,"Boot":23,"Cursed Key":34,"Lizard Tail":14,"Nunchaku":40,"Centennial Puzzle":44,"Mummified Hand":30,"Pantograph":25,"Strawberry":53,"Prayer Wheel":17,"The Courier":43,"Pen Nib":53,"Orichalcum":0,"War Paint":17,"MawBank":28,"Calling Bell":17,"SlaversCollar":0,"Bottled Flame":0,"Bronze Scales":53,"Nloth\u0027s Gift":21,"Bag of Marbles":54},{"Lantern":17,"Gremlin Horn":2,"Vajra":22,"StoneCalendar":0,"Ancient Tea Set":3,"Boot":5,"Cursed Key":12,"Lizard Tail":1,"Nunchaku":16,"Centennial Puzzle":18,"Mummified Hand":10,"Pantograph":6,"Strawberry":22,"Prayer Wheel":2,"The Courier":17,"Pen Nib":22,"Orichalcum":0,"War Paint":2,"MawBank":8,"Calling Bell":2,"SlaversCollar":0,"Bottled Flame":0,"Bronze Scales":22,"Nloth\u0027s Gift":3,"Bag of Marbles":23},{"Lantern":91,"Gremlin Horn":13,"Vajra":123,"StoneCalendar":0,"Ancient Tea Set":16,"Boot":29,"Cursed Key":63,"Lizard Tail":5,"Nunchaku":86,"Centennial Puzzle":96,"Mummified Hand":52,"Pantograph":32,"Strawberry":123,"Prayer Wheel":13,"The Courier":91,"Pen Nib":123,"Orichalcum":0,"War Paint":13,"MawBank":40,"Calling Bell":13,"SlaversCollar":0,"Bottled Flame":0,"Bronze Scales":123,"Nloth\u0027s Gift":16,"Bag of Marbles":129}]},"card_choices":[{"not_picked":["FlyingSleeves","Prostrate"],"picked":"Protect","floor":1.0},{"not_picked":["Consecrate","Pray"],"picked":"ThirdEye","floor":2.0},{"not_picked":["EmptyFist","BowlingBash"],"picked":"BattleHymn","floor":3.0},{"not_picked":["Weave","EmptyFist"],"picked":"Wallop","floor":4.0},{"not_picked":["BattleHymn","Pray","Crescendo"],"picked":"SKIP","floor":6.0},{"not_picked":["Consecrate","Evaluate"],"picked":"BowlingBash","floor":8.0},{"not_picked":["Collect","ReachHeaven"],"picked":"Tantrum","floor":10.0},{"not_picked":["Consecrate","Weave"],"picked":"Tantrum","floor":11.0},{"not_picked":["Protect","Perseverance"],"picked":"Conclude","floor":12.0},{"not_picked":["CutThroughFate","BowlingBash"],"picked":"ClearTheMind","floor":14.0},{"not_picked":["Judgement","MasterReality"],"picked":"LessonLearned","floor":16.0},{"not_picked":["EmptyFist+1","JustLucky"],"picked":"Nirvana","floor":18.0},{"not_picked":["PathToVictory","Collect"],"picked":"CutThroughFate","floor":18.0},{"not_picked":["ThirdEye","SashWhip"],"picked":"Halt","floor":22.0},{"not_picked":["Weave","Establishment"],"picked":"TalkToTheHand","floor":22.0},{"not_picked":["ConjureBlade","Prostrate+1","Conclude"],"picked":"SKIP","floor":23.0},{"not_picked":["ConjureBlade","Prostrate+1","Conclude"],"picked":"SKIP","floor":23.0},{"not_picked":["SashWhip","DeusExMachina"],"picked":"EmptyMind+1","floor":25.0},{"not_picked":["EmptyBody+1","Evaluate"],"picked":"LessonLearned","floor":27.0},{"not_picked":["JustLucky","BowlingBash+1"],"picked":"TalkToTheHand","floor":27.0},{"not_picked":["FearNoEvil","ThirdEye"],"picked":"Protect+1","floor":28.0},{"not_picked":["JustLucky","Crescendo"],"picked":"ClearTheMind+1","floor":29.0},{"not_picked":["Crescendo","Consecrate"],"picked":"EmptyBody","floor":29.0},{"not_picked":["Perseverance","LessonLearned"],"picked":"CutThroughFate+1","floor":30.0},{"not_picked":["Wallop+1","ForeignInfluence"],"picked":"Weave","floor":31.0},{"not_picked":["FollowUp+1","JustLucky+1","Evaluate"],"picked":"SKIP","floor":31.0},{"not_picked":["Judgement","Blasphemy"],"picked":"Scrawl","floor":33.0},{"not_picked":["SashWhip","Crescendo"],"picked":"ThirdEye+1","floor":35.0},{"not_picked":["Crescendo","SandsOfTime+1","CutThroughFate+1"],"picked":"SKIP","floor":35.0},{"not_picked":["SashWhip","InnerPeace+1"],"picked":"FlurryOfBlows+1","floor":36.0},{"not_picked":["FollowUp+1","SignatureMove"],"picked":"DevaForm","floor":36.0},{"not_picked":["LessonLearned","Adaptation"],"picked":"Tantrum+1","floor":38.0},{"not_picked":["JustLucky+1","Prostrate+1","ThirdEye+1"],"picked":"SKIP","floor":38.0},{"not_picked":["FearNoEvil+1","SandsOfTime"],"picked":"Halt+1","floor":40.0},{"not_picked":["BowlingBash","Conclude"],"picked":"TalkToTheHand+1","floor":42.0},{"not_picked":["LessonLearned","Vengeance","DevaForm"],"picked":"SKIP","floor":44.0},{"not_picked":["TalkToTheHand","FlyingSleeves","ClearTheMind+1"],"picked":"SKIP","floor":45.0},{"not_picked":["Protect","CrushJoints","CutThroughFate"],"picked":"SKIP","floor":45.0},{"not_picked":["Weave+1","Crescendo","SignatureMove"],"picked":"SKIP","floor":46.0},{"not_picked":["PathToVictory+1","Crescendo+1","ClearTheMind"],"picked":"SKIP","floor":46.0},{"not_picked":["Devotion","Nirvana+1","ThirdEye"],"picked":"SKIP","floor":48.0},{"not_picked":["ClearTheMind","Protect+1","ReachHeaven"],"picked":"SKIP","floor":48.0},{"not_picked":["Devotion","CutThroughFate+1","FollowUp+1"],"picked":"SKIP","floor":54}],"player_experience":616704,"relics_obtained":[{"floor":6.0,"key":"Orichalcum"},{"floor":9.0,"key":"StoneCalendar"},{"floor":12.0,"key":"Bottled Flame"},{"floor":14.0,"key":"Lizard Tail"},{"floor":17.0,"key":"Prayer Wheel"},{"floor":17.0,"key":"Gremlin Horn"},{"floor":17.0,"key":"War Paint"},{"floor":23.0,"key":"Boot"},{"floor":25.0,"key":"Pantograph"},{"floor":28.0,"key":"MawBank"},{"floor":30.0,"key":"Mummified Hand"},{"floor":40.0,"key":"Nunchaku"},{"floor":42.0,"key":"Lantern"},{"floor":43.0,"key":"The Courier"},{"floor":44.0,"key":"Centennial Puzzle"},{"floor":54,"key":"Bag of Marbles"}],"event_choices":[{"damage_healed":0.0,"max_hp_gain":0.0,"max_hp_loss":0.0,"gold_gain":0.0,"event_name":"The Woman in Blue","player_choice":"Bought 0 Potions","floor":5.0,"gold_loss":0.0,"damage_taken":0.0},{"damage_healed":0.0,"max_hp_gain":0.0,"max_hp_loss":0.0,"gold_gain":0.0,"event_name":"Ghosts","player_choice":"Ignored","floor":19.0,"gold_loss":0.0,"damage_taken":0.0},{"damage_healed":0.0,"max_hp_gain":0.0,"max_hp_loss":0.0,"gold_gain":0.0,"event_name":"N\u0027loth","player_choice":"Traded Relic","floor":21.0,"relics_lost":["War Paint"],"gold_loss":0.0,"damage_taken":0.0,"relics_obtained":["Nloth\u0027s Gift"]},{"damage_healed":0.0,"max_hp_gain":0.0,"max_hp_loss":0.0,"gold_gain":0.0,"event_name":"Tomb of Lord Red Mask","player_choice":"Ignored","floor":37.0,"gold_loss":0.0,"damage_taken":0.0},{"damage_healed":0.0,"max_hp_gain":0.0,"max_hp_loss":0.0,"gold_gain":0.0,"event_name":"Lab","player_choice":"Got Potions","floor":39.0,"gold_loss":0.0,"damage_taken":0.0}],"is_beta":false,"boss_relics":[{"not_picked":["Runic Pyramid","Empty Cage"],"picked":"Calling Bell"},{"not_picked":["SacredBark","Astrolabe"],"picked":"Cursed Key"}],"items_purged_floors":[20,47],"is_endless":false,"potions_floor_spawned":[3,4,8,10,14,16,22,27,28,30,36,40,45,48,54],"ascension_level":1}}