{"host":"ow9msrs9p2ctkx99","time":1607914606,"event":{"mods":["AchievementEnabler","BaseMod","Colored Map","Colored Powertips","Minty Spire (QoL Compilation)","Permanent Neow","Quick Restart","SuperFastMode"],"gold_per_floor":[217,229,239,259,259,259,269,269,350,370,66,166,184,199,199,274,274,292,18,18,30,50,50,64,78,130,130,130,130,130],"floor_reached":29,"playtime":826,"items_purged":["Strike_G"],"score":387,"play_id":"2b6630b1-49fb-418d-b92c-dde6fc74a198","local_time":"20201214035646","is_ascension_mode":true,"campfire_choices":[{"data":"Blade Dance","floor":6.0,"key":"SMITH"},{"data":"Well Laid Plans","floor":8.0,"key":"SMITH"},{"floor":15.0,"key":"REST"},{"data":"Cloak And Dagger","floor":23.0,"key":"SMITH"},{"floor":28,"key":"REST"}],"circlet_count":0,"master_deck":["AscendersBane","Strike_G+1","Strike_G+1","Strike_G+1","Defend_G+1","Defend_G+1","Defend_G+1","Defend_G+1","Defend_G+1","Survivor","Neutralize","Blade Dance+1","Well Laid Plans+1","Sucker Punch","Predator","Infinite Blades","Cloak And Dagger+1","Phantasmal Killer","CurseOfTheBell","Footwork","PiercingWail","Accuracy","Backflip"],"relics":["Ring of the Snake","The Courier","Ice Cream","Calling Bell","Blood Vial","Shuriken","Bird Faced Urn","Membership Card","Du-Vu Doll","Happy Flower"],"acts_visited":["Exordium","TheCity"],"potions_floor_usage":[],"damage_taken":[{"damage":2.0,"enemies":"Cultist","floor":1.0,"turns":6.0},{"damage":0.0,"enemies":"2 Louse","floor":2.0,"turns":2.0},{"damage":2.0,"enemies":"Jaw Worm","floor":3.0,"turns":5.0},{"damage":12.0,"enemies":"Looter","floor":4.0,"turns":4.0},{"damage":1.0,"enemies":"2 Fungi Beasts","floor":7.0,"turns":3.0},{"damage":13.0,"enemies":"3 Louse","floor":10.0,"turns":3.0},{"damage":8.0,"enemies":"Exordium Thugs","floor":13.0,"turns":5.0},{"damage":3.0,"enemies":"Large Slime","floor":14.0,"turns":5.0},{"damage":24.0,"enemies":"Hexaghost","floor":16.0,"turns":10.0},{"damage":11.0,"enemies":"3 Byrds","floor":18.0,"turns":6.0},{"damage":6.0,"enemies":"2 Thieves","floor":21.0,"turns":4.0},{"damage":18.0,"enemies":"Shelled Parasite and Fungi","floor":22.0,"turns":5.0},{"damage":41.0,"enemies":"Cultist and Chosen","floor":24.0,"turns":6.0},{"damage":17.0,"enemies":"Snake Plant","floor":25.0,"turns":6.0},{"damage":42,"enemies":"Slavers","floor":29,"turns":3}],"seed_played":"2222412274388424399","potions_obtained":[{"floor":2.0,"key":"LiquidBronze"},{"floor":3.0,"key":"SmokeBomb"},{"floor":4.0,"key":"Strength Potion"},{"floor":18.0,"key":"Regen Potion"},{"floor":21.0,"key":"DuplicationPotion"}],"is_trial":false,"path_per_floor":["M","M","M","M","?","R","M","R","T","M","$","?","M","M","R","B",null,"M","$","?","M","M","R","M","M","T","?","R","E"],"character_chosen":"THE_SILENT","items_purchased":["Ice Cream","Membership Card","Du-Vu Doll","Footwork"],"campfire_rested":2,"item_purchase_floors":[11,19,19,19],"current_hp_per_floor":[57,57,55,43,36,36,35,35,35,22,22,22,14,11,30,6,51,44,44,44,40,26,26,8,1,1,14,33,0,0],"gold":130,"neow_bonus":"HUNDRED_GOLD","is_daily":false,"chose_seed":false,"campfire_upgraded":3,"win_rate":0.0,"timestamp":1607914606,"path_taken":["M","M","M","M","?","R","M","R","T","M","$","?","M","?","R","BOSS","M","$","?","M","M","R","M","M","T","?","R","E"],"items_purchased_type":["Relic","Relic","Relic","Card"],"build_version":"2020-12-13","purchased_purges":1,"victory":false,"max_hp_per_floor":[66,66,66,66,66,66,66,66,66,66,66,66,66,66,66,66,66,66,66,66,66,66,66,66,66,66,66,66,66,66],"card_choices":[{"not_picked":["Backflip","Calculated Gamble"],"picked":"Blade Dance","floor":1.0},{"not_picked":["Choke","Deadly Poison"],"picked":"Well Laid Plans","floor":2.0},{"not_picked":["Setup","Caltrops","Bane"],"picked":"SKIP","floor":3.0},{"not_picked":["Riddle With Holes","Flying Knee"],"picked":"Sucker Punch","floor":4.0},{"not_picked":["Prepared","Infinite Blades"],"picked":"Predator","floor":7.0},{"not_picked":["Sucker Punch","Underhanded Strike"],"picked":"Infinite Blades","floor":10.0},{"not_picked":["Concentrate","Backflip"],"picked":"Cloak And Dagger","floor":13.0},{"not_picked":["Doppelganger","Underhanded Strike","All Out Attack"],"picked":"SKIP","floor":14.0},{"not_picked":["After Image","Venomology"],"picked":"Phantasmal Killer","floor":16.0},{"not_picked":["Prepared","Riddle With Holes","Flying Knee"],"picked":"SKIP","floor":18.0},{"not_picked":["Finisher","Dodge and Roll"],"picked":"PiercingWail","floor":21.0},{"not_picked":["All Out Attack","Escape Plan"],"picked":"Accuracy","floor":22.0},{"not_picked":["Predator","Flying Knee"],"picked":"Backflip","floor":24.0},{"not_picked":["Predator+1","Choke","Grand Finale"],"picked":"SKIP","floor":25.0}],"player_experience":1054527,"relics_obtained":[{"floor":9.0,"key":"The Courier"},{"floor":17.0,"key":"Blood Vial"},{"floor":17.0,"key":"Shuriken"},{"floor":17.0,"key":"Bird Faced Urn"},{"floor":26.0,"key":"Happy Flower"}],"event_choices":[{"cards_removed":["Strike_G"],"damage_healed":0.0,"max_hp_gain":0.0,"max_hp_loss":0.0,"gold_gain":0.0,"event_name":"Golden Wing","player_choice":"Card Removal","floor":5.0,"gold_loss":0.0,"damage_taken":7.0},{"damage_healed":0.0,"max_hp_gain":0.0,"max_hp_loss":0.0,"gold_gain":100.0,"event_name":"Wheel of Change","player_choice":"Gold","floor":12.0,"gold_loss":0.0,"damage_taken":0.0},{"damage_healed":0.0,"max_hp_gain":0.0,"max_hp_loss":0.0,"gold_gain":0.0,"event_name":"Back to Basics","player_choice":"Simplicity","floor":20.0,"gold_loss":0.0,"damage_taken":0.0,"cards_upgraded":["Strike_G","Strike_G","Strike_G","Defend_G","Defend_G","Defend_G","Defend_G","Defend_G"]},{"damage_healed":13,"gold_gain":0,"player_choice":"Heal","damage_taken":0,"max_hp_gain":0,"max_hp_loss":0,"event_name":"The Library","floor":27,"gold_loss":0}],"is_beta":false,"boss_relics":[{"not_picked":["Tiny House","Sozu"],"picked":"Calling Bell"}],"items_purged_floors":[11],"is_endless":false,"potions_floor_spawned":[2,3,4,18,21],"killed_by":"Slavers","ascension_level":15}}