{"host":"f14d6hm2349s9jse","time":1607908681,"event":{"mods":["2.2 Compatiblity","BaseMod","Minty Spire (QoL Compilation)","Shade Mod","StSLib"],"gold_per_floor":[109,109,109,134,154,193,193,226,250,290,290,290,303,4,4,127,127,150,150,165,196,247,281,281,317,341,28,37,64,82,82,82,187,259,281,337,72,93,120,157,157,182,191,205,262,289,316,416,416,416,416,416,16,58,58,58],"floor_reached":55,"playtime":3127,"items_purged":["Normality","Normality"],"score":1184,"play_id":"81d25136-5ecf-498f-aa4a-a4f791f2a39c","local_time":"20201213201801","is_ascension_mode":true,"campfire_choices":[{"floor":7,"key":"REST"},{"data":"Shade:GreaterAnimation","floor":11,"key":"SMITH"},{"data":"Shade:PoundOfFlesh","floor":15,"key":"SMITH"},{"data":"Shade:Tombstone","floor":24,"key":"SMITH"},{"data":"Shade:Brains","floor":32,"key":"SMITH"},{"floor":41,"key":"REST"},{"floor":49,"key":"RECALL"},{"data":"Magnetism","floor":52,"key":"SMITH"}],"circlet_count":0,"master_deck":["Shade:AnimateDead","Shade:CarefulCut+1","Shade:WallOfFlesh","Shade:SensePrey","Shade:PoundOfFlesh+1","Shade:GreaterAnimation+1","Shade:ExtraLimbs","Parasite","Shade:AncientSpear","Shade:FleshToFlesh","Finesse","Shade:Tombstone+1","Shade:ClawBack","Shade:AncientSpear","Shade:FleshLikeOak","Shade:Coordination","Shade:FuneraryJewels","Normality","Shame","Shade:Brains+1","Shade:Putrefaction","Shade:PressTheAttack+1","Shade:SkeletonArmy","Shade:Coordination","Shade:WallOfFlesh","Shade:PoundOfFlesh+1","Shade:Asphyxiate+1","Shade:Bite_Shade+1","Shade:CallWraith","Shade:FleshToFlesh","Shade:DangerousRitual+1","Shade:OpenGraves","Shade:FleshToFlesh","Magnetism+1","Shade:FleshToFlesh","Shade:WallOfFlesh+1","Shade:FleshLikeOak+1","Shame","Shade:FleshToFlesh","Shade:CallWraith+1"],"relics":["Cursed Key","Bloody Idol","FaceOfCleric","PreservedInsect","Pen Nib","Whetstone","Vajra","Juzu Bracelet","Regal Pillow","Philosopher\u0027s Stone","Du-Vu Doll","Red Mask","Lantern","Boot","Mummified Hand","CeramicFish","Molten Egg 2","Ornamental Fan","Pandora\u0027s Box","Pocketwatch","Strawberry","Bottled Flame","Bag of Marbles","Bag of Preparation","Torii","Bottled Lightning"],"acts_visited":["Exordium","TheCity","TheBeyond","TheEnding"],"potions_floor_usage":[21,36,36,55,55,55],"damage_taken":[{"damage":0,"enemies":"Jaw Worm","floor":1,"turns":3},{"damage":0,"enemies":"Cultist","floor":4,"turns":3},{"damage":0,"enemies":"Small Slimes","floor":5,"turns":2},{"damage":6,"enemies":"Lagavulin","floor":6,"turns":7},{"damage":0,"enemies":"3 Sentries","floor":8,"turns":4},{"damage":0,"enemies":"Gremlin Nob","floor":10,"turns":2},{"damage":0,"enemies":"3 Louse","floor":13,"turns":2},{"damage":0,"enemies":"The Guardian","floor":16,"turns":14},{"damage":0,"enemies":"Shell Parasite","floor":18,"turns":3},{"damage":7,"enemies":"2 Thieves","floor":20,"turns":3},{"damage":3,"enemies":"Masked Bandits","floor":21,"turns":2},{"damage":0,"enemies":"Slavers","floor":23,"turns":2},{"damage":0,"enemies":"Gremlin Leader","floor":25,"turns":4},{"damage":0,"enemies":"3 Cultists","floor":29,"turns":2},{"damage":0,"enemies":"Centurion and Healer","floor":30,"turns":2},{"damage":27,"enemies":"Automaton","floor":33,"turns":9},{"damage":0,"enemies":"Orb Walker","floor":35,"turns":2},{"damage":0,"enemies":"2 Orb Walkers","floor":36,"turns":3},{"damage":0,"enemies":"3 Darklings","floor":38,"turns":4},{"damage":0,"enemies":"Spire Growth","floor":39,"turns":2},{"damage":28,"enemies":"Nemesis","floor":40,"turns":5},{"damage":0,"enemies":"Giant Head","floor":42,"turns":6},{"damage":0,"enemies":"Writhing Mass","floor":44,"turns":6},{"damage":0,"enemies":"Maw","floor":46,"turns":5},{"damage":8,"enemies":"Nemesis","floor":47,"turns":3},{"damage":14,"enemies":"Time Eater","floor":50,"turns":9},{"damage":30,"enemies":"Shield and Spear","floor":54,"turns":5},{"damage":90,"enemies":"The Heart","floor":55,"turns":9}],"seed_played":"8026277810785295964","potions_obtained":[{"floor":6,"key":"DistilledChaos"},{"floor":8,"key":"Strength Potion"},{"floor":10,"key":"Regen Potion"},{"floor":23,"key":"Block Potion"},{"floor":25,"key":"ColorlessPotion"},{"floor":36,"key":"EntropicBrew"},{"floor":42,"key":"LiquidMemories"}],"is_trial":false,"path_per_floor":["M","?","?","M","M","E","R","E","T","E","R","?","M","$","R","B",null,"M","?","M","?","T","E","R","E","T","$","?","M","M","?","R","B",null,"M","?","$","M","M","E","R","E","T","M","T","M","E","?","R","B",null,"R","$","E","B"],"character_chosen":"SHADE","items_purchased":["Regal Pillow","Shade:FleshToFlesh","Finesse","Molten Egg 2","Shade:OpenGraves","Shade:FleshToFlesh","Magnetism","Torii"],"campfire_rested":2,"item_purchase_floors":[14,14,14,27,37,37,37,53],"current_hp_per_floor":[65,49,49,50,51,46,66,67,67,68,68,68,69,69,69,70,72,73,73,67,65,65,66,66,67,67,67,67,68,69,69,69,53,80,81,82,82,83,84,74,92,93,93,94,94,95,96,96,96,83,97,97,97,81,0,0],"gold":58,"neow_bonus":"BOSS_RELIC","is_daily":false,"chose_seed":false,"campfire_upgraded":5,"win_rate":0.0,"timestamp":1607908681,"path_taken":["M","?","?","?","M","E","R","E","T","E","R","?","M","?","R","BOSS","M","?","M","?","?","E","R","E","T","$","?","M","M","?","R","BOSS","M","?","$","M","M","E","R","E","T","M","?","M","E","?","R","BOSS","R","$","E","BOSS"],"items_purchased_type":["Relic","Card","Card","Relic","Card","Card","Card","Relic"],"build_version":"2020-12-13","purchased_purges":2,"victory":false,"max_hp_per_floor":[65,65,65,66,67,68,68,69,69,70,70,70,71,71,71,72,72,73,73,74,75,75,76,76,77,77,77,77,78,79,79,79,80,80,81,82,82,83,84,92,92,93,93,94,94,95,96,96,96,97,97,97,97,98,98,98],"card_choices":[{"not_picked":["Shade:Frenzy","Shade:GreyBargain"],"picked":"Shade:WallOfFlesh","floor":1},{"not_picked":["Shade:FingerOfDeath","Shade:GreyBargain"],"picked":"Shade:SensePrey","floor":4},{"not_picked":["Shade:Frenzy","Shade:FleshToFlesh"],"picked":"Shade:PoundOfFlesh","floor":5},{"not_picked":["Shade:GraveStillness","Shade:Patience"],"picked":"Shade:GreaterAnimation","floor":6},{"not_picked":["Shade:Excise","Shade:Trample"],"picked":"Shade:ExtraLimbs","floor":8},{"not_picked":["Shade:SkeletonHug","Shade:Premonition"],"picked":"Shade:AncientSpear","floor":10},{"not_picked":["Shade:Bonestorm","Shade:CoffinDance","Shade:CommandSoldier"],"picked":"SKIP","floor":13},{"not_picked":["Shade:MadHubris","Shade:LastGasp"],"picked":"Shade:Tombstone","floor":16},{"not_picked":["Shade:Bonestorm","Shade:GraveStillness+1"],"picked":"Shade:ClawBack","floor":18},{"not_picked":["Shade:Excise+1","Shade:Brains"],"picked":"Shade:AncientSpear","floor":20},{"not_picked":["Shade:GreyBargain","Shade:Excise"],"picked":"Shade:FleshLikeOak","floor":21},{"not_picked":["Shade:Awaken+1","Shade:GoDigging"],"picked":"Shade:Coordination","floor":23},{"not_picked":["Shade:FingerOfDeath","Shade:ExtraLimbs"],"picked":"Shade:FuneraryJewels","floor":25},{"not_picked":["Shade:WallOfFlesh","Shade:FreshBones+1"],"picked":"Shade:Brains","floor":29},{"not_picked":["Shade:CommandSoldier","Shade:Asphyxiate+1","Shade:SoulToxin"],"picked":"SKIP","floor":30},{"not_picked":["Shade:GreaterAnimation","Shade:DarkOfNight"],"picked":"Shade:Putrefaction","floor":33},{"not_picked":["Shade:FreshBones+1","Shade:Premonition"],"picked":"Shade:FleshToFlesh","floor":35},{"not_picked":["Shade:CloudOfShrapnel+1","Shade:FreshBones+1"],"picked":"Shade:DangerousRitual+1","floor":36},{"not_picked":["Shade:Brains","Shade:FingerOfDeath+1"],"picked":"Shade:FleshToFlesh","floor":38},{"not_picked":["Shade:ExtraLimbs+1","Shade:GreyBargain+1"],"picked":"Shade:WallOfFlesh+1","floor":39},{"not_picked":["Shade:SkeletonHug+1","Shade:GraveStillness"],"picked":"Shade:FleshLikeOak+1","floor":40},{"not_picked":["Shade:AblativeArmor+1","Shade:CoffinDance+1","Shade:DarkOfNight"],"picked":"SKIP","floor":42},{"not_picked":["Shade:FreshBones","Shade:CommandSoldier","Shade:BoneShards+1"],"picked":"SKIP","floor":44},{"not_picked":["Shade:Patience","Shade:SensePrey+1"],"picked":"Shade:FleshToFlesh","floor":46},{"not_picked":["Shade:Patience","Shade:GraveStillness","Shade:SensePrey"],"picked":"SKIP","floor":47},{"not_picked":["Shade:CommandSoldier+1","Shade:PoundOfFlesh+1"],"picked":"Shade:CallWraith+1","floor":54}],"player_experience":2470772,"relics_obtained":[{"floor":6,"key":"PreservedInsect"},{"floor":8,"key":"Pen Nib"},{"floor":9,"key":"Whetstone"},{"floor":10,"key":"Vajra"},{"floor":21,"key":"Red Mask"},{"floor":22,"key":"Lantern"},{"floor":23,"key":"Boot"},{"floor":25,"key":"Mummified Hand"},{"floor":26,"key":"CeramicFish"},{"floor":36,"key":"Pocketwatch"},{"floor":40,"key":"Strawberry"},{"floor":42,"key":"Bottled Flame"},{"floor":45,"key":"Bag of Marbles"},{"floor":47,"key":"Bag of Preparation"},{"floor":54,"key":"Bottled Lightning"}],"event_choices":[{"damage_healed":0,"gold_gain":0,"player_choice":"Take Damage","damage_taken":16,"relics_obtained":["Golden Idol"],"max_hp_gain":0,"max_hp_loss":0,"event_name":"Golden Idol","floor":2,"gold_loss":0},{"damage_healed":0,"gold_gain":0,"player_choice":"Trade","damage_taken":0,"relics_obtained":["FaceOfCleric"],"max_hp_gain":0,"max_hp_loss":0,"event_name":"FaceTrader","floor":3,"gold_loss":0},{"damage_healed":0,"gold_gain":0,"player_choice":"Gave Potion","damage_taken":0,"relics_obtained":["Juzu Bracelet"],"max_hp_gain":0,"max_hp_loss":0,"event_name":"WeMeetAgain","floor":12,"gold_loss":0},{"damage_healed":0,"gold_gain":0,"player_choice":"Opened","damage_taken":0,"relics_obtained":["Du-Vu Doll"],"max_hp_gain":0,"max_hp_loss":0,"event_name":"The Mausoleum","floor":19,"gold_loss":0},{"damage_healed":0,"gold_gain":0,"player_choice":"Fought Bandits","damage_taken":0,"max_hp_gain":0,"max_hp_loss":0,"event_name":"Masked Bandits","floor":21,"gold_loss":0},{"damage_healed":0,"gold_gain":0,"player_choice":"Stole Relic","damage_taken":0,"relics_obtained":["Ornamental Fan"],"max_hp_gain":0,"max_hp_loss":0,"event_name":"Addict","floor":28,"gold_loss":0,"cards_obtained":["Shame"]},{"damage_healed":0,"gold_gain":0,"player_choice":"Gave Idol","damage_taken":0,"relics_obtained":["Bloody Idol"],"max_hp_gain":0,"max_hp_loss":0,"event_name":"Forgotten Altar","floor":31,"relics_lost":["Golden Idol"],"gold_loss":0},{"damage_healed":0,"gold_gain":0,"player_choice":"Fight","damage_taken":0,"max_hp_gain":0,"max_hp_loss":0,"event_name":"Mysterious Sphere","floor":36,"gold_loss":0},{"damage_healed":0,"gold_gain":100,"player_choice":"Pray","damage_taken":0,"max_hp_gain":0,"max_hp_loss":0,"event_name":"Golden Shrine","floor":48,"gold_loss":0}],"is_beta":false,"boss_relics":[{"not_picked":["Fusion Hammer","Snecko Eye"],"picked":"Philosopher\u0027s Stone"},{"not_picked":["Astrolabe","Runic Pyramid"],"picked":"Pandora\u0027s Box"}],"items_purged_floors":[27,53],"is_endless":false,"potions_floor_spawned":[6,8,10,23,25,33,36,42,46,47,54],"killed_by":"The Heart","ascension_level":1}}