{"host":"o3so5oxo9aakc7d5","time":1607910550,"event":{"mods":["BaseMod","Better Altar","Better Match","Better Sensory Stone","Better Skull","Better Third Choice","Block Reminder","CapriCore","Challenge The Spire","Googly Eyes","Jorbs\u0027s Wanderer Trilogy","Minty Spire (QoL Compilation)","Rare Cards Sparkle","Spicy Shops","StSLib"],"gold_per_floor":[113,113,131,131,131,131,148,176,176,176,201,201,51,83,83,183,183,195,145,156,166,181,181,181,215,241,241,241],"floor_reached":27,"playtime":846,"items_purged":["Defend_G"],"score":282,"play_id":"eb6fae7c-db83-4afc-b8d7-d4e2b1039f9c","local_time":"20201213184910","is_ascension_mode":true,"campfire_choices":[{"data":"Poisoned Stab","floor":6,"key":"SMITH"},{"floor":10,"key":"REST"},{"floor":15,"key":"REST"},{"floor":24,"key":"REST"}],"circlet_count":0,"master_deck":["Strike_G","Strike_G","Strike_G+1","Defend_G+1","Defend_G","Defend_G","Defend_G","Survivor","Neutralize+1","Poisoned Stab+1","Dagger Spray+1","Catalyst","Backflip","Deadly Poison","Envenom","Sucker Punch+1","Quick Slash+1"],"relics":["SacredBark","Gremlin Horn","Meat on the Bone","TungstenRod","Ninja Scroll","Whetstone","Strawberry"],"acts_visited":["Exordium","TheCity"],"potions_floor_usage":[21,22,22,23],"damage_taken":[{"damage":0,"enemies":"2 Louse","floor":1,"turns":3},{"damage":1,"enemies":"Jaw Worm","floor":3,"turns":4},{"damage":0,"enemies":"Small Slimes","floor":7,"turns":3},{"damage":22,"enemies":"Lagavulin","floor":8,"turns":8},{"damage":14,"enemies":"3 Sentries","floor":11,"turns":8},{"damage":16,"enemies":"Gremlin Nob","floor":14,"turns":4},{"damage":28,"enemies":"Hexaghost","floor":16,"turns":6},{"damage":4,"enemies":"Chosen","floor":18,"turns":4},{"damage":31,"enemies":"Spheric Guardian","floor":20,"turns":6},{"damage":30,"enemies":"Snake Plant","floor":21,"turns":4},{"damage":14,"enemies":"Shelled Parasite and Fungi","floor":22,"turns":3},{"damage":22,"enemies":"Book of Stabbing","floor":23,"turns":4},{"damage":19,"enemies":"Gremlin Leader","floor":25,"turns":6},{"damage":43,"enemies":"Book of Stabbing","floor":27,"turns":5}],"seed_played":"3733241263978437093","potions_obtained":[{"floor":3,"key":"Explosive Potion"},{"floor":16,"key":"AttackPotion"},{"floor":20,"key":"Energy Potion"},{"floor":21,"key":"SmokeBomb"}],"is_trial":false,"path_per_floor":["M","?","M","?","?","R","M","E","T","R","E","?","$","E","R","B",null,"M","?","M","M","M","E","R","E","T","E"],"character_chosen":"THE_SILENT","items_purchased":["Envenom"],"campfire_rested":3,"item_purchase_floors":[13],"current_hp_per_floor":[70,70,69,55,55,55,55,33,33,54,40,34,34,30,51,35,70,66,66,47,29,27,17,38,31,38,0,0],"gold":241,"neow_bonus":"BOSS_RELIC","is_daily":false,"chose_seed":false,"campfire_upgraded":1,"win_rate":0.0,"timestamp":1607910550,"path_taken":["M","?","M","?","?","R","M","E","T","R","E","?","?","E","R","BOSS","M","?","M","M","?","E","R","E","T","E"],"items_purchased_type":["Card"],"build_version":"2020-12-13","purchased_purges":1,"victory":false,"max_hp_per_floor":[70,70,70,70,70,70,70,70,70,70,70,70,70,70,70,70,70,70,70,70,70,70,70,70,70,77,77,77],"card_choices":[{"not_picked":["Well Laid Plans","Dodge and Roll"],"picked":"Poisoned Stab","floor":1},{"not_picked":["Accuracy","Deflect"],"picked":"Dagger Spray","floor":3},{"not_picked":["Escape Plan","Eviscerate"],"picked":"Catalyst","floor":7},{"not_picked":["Distraction","Quick Slash"],"picked":"Backflip","floor":8},{"not_picked":["Reflex","Dagger Throw"],"picked":"Deadly Poison","floor":11},{"not_picked":["Setup","Dodge and Roll","Leg Sweep"],"picked":"SKIP","floor":14},{"not_picked":["Outmaneuver+1","Reflex"],"picked":"Sucker Punch+1","floor":18},{"not_picked":["Outmaneuver","Dash","Flying Knee"],"picked":"SKIP","floor":20},{"not_picked":["Sucker Punch","Backstab"],"picked":"Quick Slash+1","floor":21},{"not_picked":["Backflip","PiercingWail","Dagger Throw+1"],"picked":"SKIP","floor":22},{"not_picked":["Prepared","Flying Knee","Cloak And Dagger"],"picked":"SKIP","floor":25}],"player_experience":510463,"relics_obtained":[{"floor":8,"key":"Gremlin Horn"},{"floor":9,"key":"Meat on the Bone"},{"floor":11,"key":"TungstenRod"},{"floor":14,"key":"Ninja Scroll"},{"floor":25,"key":"Whetstone"},{"floor":26,"key":"Strawberry"}],"event_choices":[{"cards_removed":["Strike_G"],"damage_healed":0,"gold_gain":0,"player_choice":"Forget","damage_taken":0,"max_hp_gain":0,"max_hp_loss":0,"event_name":"Living Wall","floor":2,"gold_loss":0},{"damage_healed":69,"gold_gain":0,"player_choice":"Upgrade","damage_taken":14,"max_hp_gain":0,"max_hp_loss":70,"event_name":"betterThird:BetterShining","floor":4,"gold_loss":0,"cards_upgraded":["Defend_G","Dagger Spray"]},{"damage_healed":0,"gold_gain":0,"player_choice":"Ignored","damage_taken":131,"max_hp_gain":0,"max_hp_loss":0,"event_name":"betterThird:BetterSerpent","floor":5,"gold_loss":0},{"cards_removed":["Strike_G"],"damage_healed":0,"gold_gain":0,"player_choice":"Card Removal","damage_taken":7,"max_hp_gain":0,"max_hp_loss":0,"event_name":"Golden Wing","floor":12,"gold_loss":0},{"damage_healed":0,"gold_gain":0,"player_choice":"Bet on Murderer","damage_taken":0,"max_hp_gain":0,"max_hp_loss":0,"event_name":"The Joust","floor":19,"gold_loss":50}],"is_beta":false,"boss_relics":[{"not_picked":["Sozu","Runic Dome","Fusion Hammer"]}],"items_purged_floors":[13],"is_endless":false,"potions_floor_spawned":[3,16,20,21],"killed_by":"Book of Stabbing","ascension_level":1}}