{"host":"7krnriczr1b2ou5r","time":1607989254,"event":{"mods":["BaseMod","Keyboard Shortcuts","Minty Spire (QoL Compilation)","Relic Stats","StSLib","The Poker Player"],"gold_per_floor":[115,125,125,145,163,196,196,229,256,107,120,139,139,167,167,241,241,252,252,75,85,99,99,425,340,414,414,431,431,463,463,463,542,542,560,573,13,26,26,51,69,69,69,4,37,37,89,119,119,119,119,119,119,50,85,85],"floor_reached":57,"playtime":2172,"items_purged":["Strike_P","Defend_P","Defend_P"],"score":3596,"play_id":"1fb55de6-4333-42cc-940f-5dd670ee8de6","local_time":"20201215084054","is_ascension_mode":true,"campfire_choices":[{"data":"CrushJoints","floor":15,"key":"SMITH"},{"data":"MentalFortress","floor":23,"key":"SMITH"},{"data":"Tantrum","floor":27,"key":"SMITH"},{"data":"Strike_P","floor":29,"key":"PURGE"},{"data":"Defend_P","floor":32,"key":"PURGE"},{"data":"SignatureMove","floor":42,"key":"PURGE"},{"floor":49,"key":"RECALL"},{"data":"InnerPeace","floor":53,"key":"SMITH"}],"circlet_count":0,"master_deck":["AscendersBane","FlurryOfBlows+1","CrushJoints+1","Tantrum+1","JustLucky+1","DeusExMachina","MentalFortress+1","InnerPeace+1","Halt+1","Eruption+1","Vigilance+1","Adaptation+1","EmptyMind+1","Madness","Madness"],"relics":["PureWater","Black Star","Membership Card","Kunai","Dream Catcher","Ancient Tea Set","Bronze Scales","Pen Nib","War Paint","Ginger","Blue Candle","Gremlin Horn","VioletLotus","CloakClasp","Whetstone","Old Coin","Turnip","Peace Pipe","Bottled Flame","Bag of Preparation","Unceasing Top","Busted Crown","The Courier","Membership Card","Bottled Tornado","Yang","Mango","Potion Belt","InkBottle","Vajra","TungstenRod","Bag of Marbles","TheAbacus","Oddly Smooth Stone","Happy Flower","Du-Vu Doll","Regal Pillow","Sling","Nunchaku","Letter Opener","Boot","Pear","Eternal Feather","Shuriken","Art of War","Anchor"],"acts_visited":["Exordium","TheCity","TheBeyond","TheEnding"],"potions_floor_usage":[14,16,33,56,56,56],"damage_taken":[{"damage":0,"enemies":"2 Louse","floor":1,"turns":2},{"damage":0,"enemies":"Cultist","floor":2,"turns":4},{"damage":16,"enemies":"Jaw Worm","floor":4,"turns":2},{"damage":1,"enemies":"Red Slaver","floor":5,"turns":2},{"damage":27,"enemies":"3 Sentries","floor":6,"turns":6},{"damage":0,"enemies":"Lagavulin","floor":8,"turns":3},{"damage":0,"enemies":"Exordium Wildlife","floor":11,"turns":2},{"damage":0,"enemies":"Large Slime","floor":12,"turns":2},{"damage":8,"enemies":"3 Sentries","floor":14,"turns":4},{"damage":0,"enemies":"Slime Boss","floor":16,"turns":3},{"damage":0,"enemies":"Spheric Guardian","floor":18,"turns":2},{"damage":1,"enemies":"Chosen","floor":21,"turns":3},{"damage":0,"enemies":"Snake Plant","floor":22,"turns":1},{"damage":1,"enemies":"Book of Stabbing","floor":24,"turns":2},{"damage":6,"enemies":"3 Cultists","floor":28,"turns":3},{"damage":13,"enemies":"Slavers","floor":30,"turns":3},{"damage":0,"enemies":"Automaton","floor":33,"turns":2},{"damage":0,"enemies":"Orb Walker","floor":35,"turns":1},{"damage":0,"enemies":"3 Shapes","floor":36,"turns":2},{"damage":0,"enemies":"Transient","floor":38,"turns":5},{"damage":0,"enemies":"Giant Head","floor":40,"turns":2},{"damage":0,"enemies":"Writhing Mass","floor":41,"turns":2},{"damage":0,"enemies":"Reptomancer","floor":45,"turns":1},{"damage":0,"enemies":"2 Orb Walkers","floor":47,"turns":1},{"damage":0,"enemies":"Nemesis","floor":48,"turns":5},{"damage":0,"enemies":"Donu and Deca","floor":50,"turns":2},{"damage":0,"enemies":"Awakened One","floor":51,"turns":4},{"damage":0,"enemies":"Shield and Spear","floor":55,"turns":1},{"damage":0,"enemies":"The Heart","floor":56,"turns":5}],"seed_played":"835142745214629197","potions_obtained":[{"floor":1,"key":"LiquidBronze"},{"floor":6,"key":"Block Potion"},{"floor":11,"key":"Strength Potion"},{"floor":14,"key":"Strength Potion"},{"floor":21,"key":"FearPotion"},{"floor":33,"key":"BottledMiracle"},{"floor":40,"key":"GamblersBrew"},{"floor":45,"key":"GamblersBrew"}],"is_trial":false,"path_per_floor":["M","M","?","M","M","E","?","E","T","$","M","M","T","E","R","B",null,"M","T","$","M","M","R","E","?","T","R","M","R","E","?","R","B",null,"M","M","$","M","?","E","M","R","T","$","E","?","?","E","R","B","B",null,"R","$","E","B",null],"character_chosen":"WATCHER","items_purchased":["War Paint","FlurryOfBlows","MentalFortress","Whetstone","Membership Card","Bottled Tornado","Yang","Mango","Potion Belt","InkBottle","Vajra","TheAbacus","Sling","Nunchaku","Letter Opener","Boot","Pear","Eternal Feather"],"campfire_rested":0,"item_purchase_floors":[10,10,20,20,37,37,37,37,37,37,37,44,54,54,54,54,54,54],"current_hp_per_floor":[61,61,61,45,44,17,17,17,17,17,17,17,17,9,9,9,53,53,53,53,52,52,52,51,51,51,51,45,45,32,32,32,32,59,59,59,73,73,73,73,73,73,73,73,73,59,59,59,59,59,59,76,76,86,86,86],"gold":85,"neow_bonus":"TRANSFORM_TWO_CARDS","is_daily":false,"chose_seed":false,"campfire_upgraded":4,"win_rate":0.0,"timestamp":1607989254,"path_taken":["M","M","?","M","M","E","?","E","T","$","?","M","?","E","R","BOSS","M","?","$","M","M","R","E","?","T","R","M","R","E","?","R","BOSS","M","M","$","M","?","E","M","R","T","$","E","?","?","E","R","BOSS","BOSS","R","$","E","BOSS"],"items_purchased_type":["Relic","Card","Card","Relic","Relic","Relic","Relic","Relic","Relic","Relic","Relic","Relic","Relic","Relic","Relic","Relic","Relic","Relic"],"build_version":"2020-12-13","purchased_purges":3,"victory":true,"max_hp_per_floor":[68,68,68,68,68,68,68,68,68,68,68,68,68,68,68,68,68,68,68,68,68,68,68,68,68,68,68,68,68,68,68,68,68,68,68,68,82,82,82,82,82,82,82,82,82,82,82,82,82,82,82,82,82,92,92,92],"relic_stats":{"Regal Pillow":0,"Gremlin Horn":[17,16],"Yang":[219],"CloakClasp":[87],"Bag of Preparation":[29],"Ginger":[6],"Whetstone":["FlurryOfBlows","JustLucky"],"Boot":[0],"Dream Catcher":0,"Nunchaku":[4],"TheAbacus":[156],"VioletLotus":[46],"Kunai":[95],"InkBottle":[32],"Happy Flower":[6],"counters":[29,77],"Blue Candle":[0],"Eternal Feather":0,"Pen Nib":[32],"Letter Opener":[34],"War Paint":["Vigilance","Halt"],"Peace Pipe":3,"Busted Crown":18,"Shuriken":[15],"Bronze Scales":[151],"Turnip":[2],"Black Star":9,"Art of War":[0],"obtain_stats":[{"Regal Pillow":48,"Gremlin Horn":14,"Vajra":37,"Yang":37,"Mango":37,"CloakClasp":19,"Bag of Preparation":30,"Ginger":13,"Whetstone":20,"Bottled Tornado":37,"Ancient Tea Set":8,"Sling":54,"Boot":54,"Old Coin":24,"Dream Catcher":6,"Nunchaku":54,"TheAbacus":44,"VioletLotus":17,"Kunai":6,"InkBottle":37,"Potion Belt":37,"Pear":54,"Happy Flower":45,"Blue Candle":14,"Oddly Smooth Stone":45,"Eternal Feather":54,"Pen Nib":9,"The Courier":34,"Letter Opener":54,"War Paint":10,"Peace Pipe":25,"Du-Vu Doll":48,"Bottled Flame":26,"Anchor":55,"Busted Crown":34,"Shuriken":54,"Bronze Scales":8,"Turnip":24,"Black Star":0,"Bag of Marbles":40,"Art of War":55,"Membership Card":0,"PureWater":0,"Unceasing Top":30,"TungstenRod":40},{"Regal Pillow":25,"Gremlin Horn":9,"Vajra":19,"Yang":19,"Mango":19,"CloakClasp":11,"Bag of Preparation":16,"Ginger":8,"Whetstone":11,"Bottled Tornado":19,"Ancient Tea Set":6,"Sling":27,"Boot":27,"Old Coin":14,"Dream Catcher":5,"Nunchaku":27,"TheAbacus":22,"VioletLotus":10,"Kunai":5,"InkBottle":19,"Potion Belt":19,"Pear":27,"Happy Flower":23,"Blue Candle":9,"Oddly Smooth Stone":23,"Eternal Feather":27,"Pen Nib":6,"The Courier":17,"Letter Opener":27,"War Paint":6,"Peace Pipe":14,"Du-Vu Doll":25,"Bottled Flame":14,"Anchor":28,"Busted Crown":17,"Shuriken":27,"Bronze Scales":6,"Turnip":14,"Black Star":0,"Bag of Marbles":21,"Art of War":28,"Membership Card":0,"PureWater":0,"Unceasing Top":16,"TungstenRod":21},{"Regal Pillow":65,"Gremlin Horn":27,"Vajra":49,"Yang":49,"Mango":49,"CloakClasp":32,"Bag of Preparation":44,"Ginger":23,"Whetstone":32,"Bottled Tornado":49,"Ancient Tea Set":19,"Sling":71,"Boot":71,"Old Coin":38,"Dream Catcher":16,"Nunchaku":71,"TheAbacus":58,"VioletLotus":30,"Kunai":16,"InkBottle":49,"Potion Belt":49,"Pear":71,"Happy Flower":59,"Blue Candle":27,"Oddly Smooth Stone":59,"Eternal Feather":71,"Pen Nib":19,"The Courier":46,"Letter Opener":71,"War Paint":19,"Peace Pipe":38,"Du-Vu Doll":65,"Bottled Flame":38,"Anchor":72,"Busted Crown":46,"Shuriken":71,"Bronze Scales":19,"Turnip":38,"Black Star":0,"Bag of Marbles":56,"Art of War":72,"Membership Card":0,"PureWater":0,"Unceasing Top":44,"TungstenRod":56}],"Unceasing Top":[1],"TungstenRod":1},"card_choices":[{"not_picked":["JustLucky","Prostrate"],"picked":"FlurryOfBlows","floor":1},{"not_picked":["EmptyBody","SpiritShield"],"picked":"CrushJoints","floor":2},{"not_picked":["WreathOfFlame","FollowUp"],"picked":"Tantrum","floor":4},{"not_picked":["SignatureMove","Protect","EmptyFist"],"picked":"SKIP","floor":5},{"not_picked":["Devotion","Worship","Pray"],"picked":"SKIP","floor":6},{"not_picked":["LikeWater","Evaluate","CutThroughFate"],"picked":"SKIP","floor":8},{"not_picked":["SashWhip","BowlingBash","FlurryOfBlows"],"picked":"SKIP","floor":11},{"not_picked":["FlurryOfBlows","Consecrate","CrushJoints"],"picked":"SKIP","floor":12},{"not_picked":["SpiritShield","Meditate"],"picked":"JustLucky","floor":14},{"not_picked":["ConjureBlade","DevaForm"],"picked":"DeusExMachina","floor":16},{"not_picked":["Prostrate","SignatureMove","Halt"],"picked":"SKIP","floor":18},{"not_picked":["WreathOfFlame","Prostrate"],"picked":"InnerPeace","floor":21},{"not_picked":["WaveOfTheHand","CarveReality","Tantrum+1"],"picked":"SKIP","floor":22},{"not_picked":["FlurryOfBlows","JustLucky","Establishment"],"picked":"SKIP","floor":24},{"not_picked":["ThirdEye","FlurryOfBlows","ClearTheMind"],"picked":"SKIP","floor":28},{"not_picked":["EmptyFist","WreathOfFlame","ThirdEye"],"picked":"SKIP","floor":30},{"not_picked":["EmptyBody+1"],"picked":"SKIP","floor":35},{"not_picked":[],"picked":"EmptyMind+1","floor":36},{"not_picked":["EmptyFist"],"picked":"SKIP","floor":38},{"not_picked":["Wish"],"picked":"SKIP","floor":40},{"not_picked":["DeceiveReality+1"],"picked":"SKIP","floor":41},{"not_picked":["Fasting2"],"picked":"SKIP","floor":45},{"not_picked":["Prostrate+1"],"picked":"SKIP","floor":48},{"not_picked":["WreathOfFlame+1"],"picked":"SKIP","floor":55}],"player_experience":1091487,"relics_obtained":[{"floor":6,"key":"Kunai"},{"floor":6,"key":"Dream Catcher"},{"floor":8,"key":"Ancient Tea Set"},{"floor":8,"key":"Bronze Scales"},{"floor":9,"key":"Pen Nib"},{"floor":13,"key":"Ginger"},{"floor":14,"key":"Blue Candle"},{"floor":14,"key":"Gremlin Horn"},{"floor":19,"key":"CloakClasp"},{"floor":24,"key":"Old Coin"},{"floor":24,"key":"Turnip"},{"floor":26,"key":"Bottled Flame"},{"floor":30,"key":"Bag of Preparation"},{"floor":30,"key":"Unceasing Top"},{"floor":40,"key":"TungstenRod"},{"floor":40,"key":"Bag of Marbles"},{"floor":45,"key":"Oddly Smooth Stone"},{"floor":45,"key":"Happy Flower"},{"floor":48,"key":"Du-Vu Doll"},{"floor":48,"key":"Regal Pillow"},{"floor":55,"key":"Art of War"},{"floor":55,"key":"Anchor"}],"event_choices":[{"cards_removed":["Strike_P"],"damage_healed":0,"gold_gain":0,"player_choice":"Forget","damage_taken":0,"max_hp_gain":0,"max_hp_loss":0,"event_name":"Living Wall","floor":3,"gold_loss":0},{"damage_healed":0,"gold_gain":0,"player_choice":"Upgraded","damage_taken":0,"max_hp_gain":0,"max_hp_loss":0,"event_name":"Upgrade Shrine","floor":7,"gold_loss":0,"cards_upgraded":["Eruption"]},{"damage_healed":0,"gold_gain":0,"player_choice":"Obtained Relic","damage_taken":0,"relics_obtained":["Peace Pipe"],"max_hp_gain":0,"max_hp_loss":0,"event_name":"Addict","floor":25,"gold_loss":85},{"damage_healed":0,"gold_gain":0,"player_choice":"Read","damage_taken":0,"max_hp_gain":0,"max_hp_loss":0,"event_name":"The Library","floor":31,"gold_loss":0,"cards_obtained":["Adaptation"]},{"cards_removed":["FlurryOfBlows"],"damage_healed":0,"gold_gain":0,"player_choice":"Removed Attack","damage_taken":0,"max_hp_gain":0,"max_hp_loss":0,"event_name":"Falling","floor":39,"gold_loss":0},{"damage_healed":0,"gold_gain":0,"player_choice":"Embrace Madness","damage_taken":15,"max_hp_gain":0,"max_hp_loss":0,"event_name":"Winding Halls","floor":46,"gold_loss":0,"cards_obtained":["Madness","Madness"]},{"damage_healed":0,"gold_gain":0,"player_choice":"Fight","damage_taken":0,"max_hp_gain":0,"max_hp_loss":0,"event_name":"Mysterious Sphere","floor":47,"gold_loss":0}],"is_beta":false,"boss_relics":[{"not_picked":["Runic Dome","Snecko Eye"],"picked":"VioletLotus"},{"not_picked":["Velvet Choker","Fusion Hammer"],"picked":"Busted Crown"}],"items_purged_floors":[10,20,54],"is_endless":false,"potions_floor_spawned":[1,6,11,14,21,22,33,35,40,45,47],"ascension_level":20}}