{"host":"2uu78764idqc8x2u","time":1607931619,"event":{"mods":["BaseMod","Better Altar","Better Note","Better Skull","Better Third Choice","Downfall","Energized Spire","Minty Spire (QoL Compilation)","Spicy Shops","StSLib"],"gold_per_floor":[116,116,129,148,158,158,172,172,172,191,42,55,55,65,65,167,167,180,194,206,222,222,222,250,250,250],"floor_reached":25,"playtime":1782,"items_purged":[],"score":219,"play_id":"c0aa2fb3-a2c8-42fc-9d9e-9a5795114712","local_time":"20201214024019","is_ascension_mode":false,"campfire_choices":[{"data":"Zap","floor":6,"key":"SMITH"},{"data":"Fission","floor":8,"key":"SMITH"},{"data":"Chaos","floor":15,"key":"SMITH"},{"data":"Redo","floor":23,"key":"SMITH"}],"circlet_count":0,"master_deck":["Strike_B","Strike_B","Strike_B","Defend_B","Defend_B","Defend_B","Defend_B","Zap+1","Dualcast","expansioncontent:GuardianWhirl","Coolheaded","Defragment","Ball Lightning","Fission+1","Capacitor","Chaos+1","Thunder Strike","Tempest+1","Cold Snap","Conserve Battery","Redo+1","Leap"],"relics":["Cracked Core","TungstenRod","ClockworkSouvenir","SlaversCollar","WingedGreaves"],"acts_visited":["Exordium","TheCity"],"potions_floor_usage":[5,7,12,14,19],"damage_taken":[{"damage":1,"enemies":"Cultist","floor":1,"turns":3},{"damage":1,"enemies":"Jaw Worm","floor":3,"turns":4},{"damage":0,"enemies":"Small Slimes","floor":4,"turns":2},{"damage":22,"enemies":"Exordium Thugs","floor":5,"turns":5},{"damage":9,"enemies":"Exordium Wildlife","floor":7,"turns":3},{"damage":1,"enemies":"Blue Slaver","floor":10,"turns":2},{"damage":0,"enemies":"Exordium Thugs","floor":12,"turns":3},{"damage":0,"enemies":"Lots of Slimes","floor":14,"turns":1},{"damage":48,"enemies":"Slime Boss","floor":16,"turns":11},{"damage":0,"enemies":"3 Byrds","floor":18,"turns":4},{"damage":4,"enemies":"Chosen","floor":19,"turns":3},{"damage":5,"enemies":"Centurion and Healer","floor":20,"turns":10},{"damage":9,"enemies":"Shelled Parasite and Fungi","floor":21,"turns":5},{"damage":41,"enemies":"Gremlin Leader","floor":24,"turns":5},{"damage":17,"enemies":"3 Cultists","floor":25,"turns":4}],"seed_played":"7010155462909150013","potions_obtained":[{"floor":1,"key":"GamblersBrew"},{"floor":4,"key":"Swift Potion"},{"floor":5,"key":"Regen Potion"},{"floor":12,"key":"Explosive Potion"},{"floor":18,"key":"AttackPotion"}],"is_trial":false,"path_per_floor":["M","?","M","M","M","R","M","R","T","M","$","M","$","M","R","B",null,"M","M","M","M","?","R","E","M"],"character_chosen":"DEFECT","items_purchased":["ClockworkSouvenir"],"campfire_rested":0,"item_purchase_floors":[11],"current_hp_per_floor":[74,74,73,73,51,51,51,51,51,50,50,50,50,50,50,2,75,75,71,66,57,57,57,16,0,0],"gold":250,"neow_bonus":"RANDOM_COLORLESS","is_daily":false,"chose_seed":false,"campfire_upgraded":4,"win_rate":0.0,"timestamp":1607931619,"path_taken":["M","?","M","M","?","R","M","R","T","M","$","M","$","M","R","BOSS","M","M","M","M","?","R","E","?"],"items_purchased_type":["Relic"],"build_version":"2020-11-30","purchased_purges":0,"victory":false,"max_hp_per_floor":[75,75,75,75,75,75,75,75,75,75,75,75,75,75,75,75,75,75,75,75,75,75,75,75,75,75],"card_choices":[{"not_picked":["Impatience","expansioncontent:BronzeBeam"],"picked":"expansioncontent:GuardianWhirl","floor":0},{"not_picked":["Beam Cell","Ball Lightning"],"picked":"Coolheaded","floor":1},{"not_picked":["Reprogram","Scrape","Stack"],"picked":"SKIP","floor":3},{"not_picked":["Beam Cell","Turbo"],"picked":"Defragment","floor":4},{"not_picked":["Self Repair","Reinforced Body"],"picked":"Ball Lightning","floor":5},{"not_picked":["Steam","White Noise"],"picked":"Fission","floor":7},{"not_picked":["Sunder","Streamline","Sweeping Beam"],"picked":"SKIP","floor":10},{"not_picked":["Barrage","Double Energy"],"picked":"Capacitor","floor":12},{"not_picked":["Beam Cell","Redo"],"picked":"Chaos","floor":14},{"not_picked":["Multi-Cast","Fission"],"picked":"Thunder Strike","floor":16},{"not_picked":["Streamline","Sunder"],"picked":"Tempest+1","floor":18},{"not_picked":["Stack","Compile Driver"],"picked":"Cold Snap","floor":19},{"not_picked":["Meteor Strike","Streamline+1"],"picked":"Conserve Battery","floor":20},{"not_picked":["Reprogram","Barrage+1"],"picked":"Redo","floor":21},{"not_picked":["Cold Snap","Rebound+1"],"picked":"Leap","floor":24}],"player_experience":420126,"relics_obtained":[{"floor":9,"key":"TungstenRod"},{"floor":24,"key":"WingedGreaves"}],"event_choices":[{"cards_removed":["Strike_B"],"damage_healed":0,"gold_gain":0,"player_choice":"Card Removal","damage_taken":0,"max_hp_gain":0,"max_hp_loss":0,"event_name":"Wheel of Change","floor":2,"gold_loss":0},{"cards_removed":["Zap"],"damage_healed":0,"gold_gain":0,"player_choice":"Give","damage_taken":0,"max_hp_gain":0,"max_hp_loss":0,"event_name":"betterNote:BetterNote","floor":22,"gold_loss":0,"cards_obtained":["Prostrate"]}],"is_beta":false,"boss_relics":[{"not_picked":["Snecko Eye","energizedSpire:NeverEndingSparkler"],"picked":"SlaversCollar"}],"items_purged_floors":[],"is_endless":false,"potions_floor_spawned":[1,4,5,12,18],"killed_by":"3 Cultists","ascension_level":0}}