{"host":"msepye59htvs4aw4","time":1607976571,"event":{"mods":["BaseMod","Colored Map","DeckTracker","Highlight Path","Minty Spire (QoL Compilation)","Shop Mod","StSLib","SuperFastMode"],"gold_per_floor":[118,132,132,184,9,9,9,25,25,38,213,231,251,25,25,104,104,71,19,33,52,52,52,66,66,112,112,130,130,145,164,164,239,239,239,254,267,267,281,281,294,294,294],"floor_reached":42,"playtime":5803,"items_purged":["Strike_G","Doubt"],"score":673,"play_id":"35b6302a-21b7-44a0-b19c-416700c84ec5","local_time":"20201214210931","is_ascension_mode":true,"campfire_choices":[{"data":"Apotheosis","floor":6,"key":"SMITH"},{"floor":15,"key":"REST"},{"floor":23,"key":"REST"},{"floor":25,"key":"REST"},{"data":"Crippling Poison","floor":27,"key":"SMITH"},{"floor":32,"key":"REST"},{"floor":40,"key":"REST"}],"circlet_count":0,"master_deck":["AscendersBane","Strike_G","Strike_G","Strike_G","Strike_G","Defend_G","Defend_G","Defend_G","Defend_G","Survivor","Neutralize","Apotheosis+1","Backflip","Well Laid Plans","Deadly Poison","Poisoned Stab","Bouncing Flask","PiercingWail","PiercingWail","Backstab","Deadly Poison","Adrenaline","Dodge and Roll","Crippling Poison+1","Crippling Poison","Bouncing Flask","After Image","Discovery","Leg Sweep"],"relics":["Ring of the Snake","Vajra","Paper Crane","Odd Mushroom","SacredBark","Blood Vial","Enchiridion","Busted Crown"],"acts_visited":["Exordium","TheCity","TheBeyond"],"potions_floor_usage":[8,13,16,16,16,16,21,22,33,35,37],"damage_taken":[{"damage":0,"enemies":"Small Slimes","floor":1,"turns":4},{"damage":0,"enemies":"Jaw Worm","floor":2,"turns":6},{"damage":0,"enemies":"2 Louse","floor":8,"turns":3},{"damage":12,"enemies":"Exordium Wildlife","floor":10,"turns":8},{"damage":18,"enemies":"Large Slime","floor":12,"turns":6},{"damage":14,"enemies":"The Mushroom Lair","floor":13,"turns":6},{"damage":15,"enemies":"The Guardian","floor":16,"turns":7},{"damage":6,"enemies":"2 Thieves","floor":18,"turns":5},{"damage":0,"enemies":"Chosen","floor":20,"turns":4},{"damage":6,"enemies":"Snecko","floor":21,"turns":6},{"damage":0,"enemies":"Snake Plant","floor":22,"turns":3},{"damage":23,"enemies":"Shelled Parasite and Fungi","floor":24,"turns":6},{"damage":4,"enemies":"Snecko","floor":28,"turns":4},{"damage":12,"enemies":"Cultist and Chosen","floor":30,"turns":7},{"damage":7,"enemies":"3 Cultists","floor":31,"turns":4},{"damage":29,"enemies":"Automaton","floor":33,"turns":12},{"damage":0,"enemies":"3 Darklings","floor":35,"turns":1},{"damage":5,"enemies":"Orb Walker","floor":36,"turns":5},{"damage":9,"enemies":"Sphere and 2 Shapes","floor":37,"turns":4},{"damage":21,"enemies":"Writhing Mass","floor":39,"turns":7},{"damage":10,"enemies":"Spire Growth","floor":41,"turns":4},{"damage":67,"enemies":"Transient","floor":42,"turns":5}],"seed_played":"-2876349385246827472","potions_obtained":[{"floor":2,"key":"LiquidMemories"},{"floor":10,"key":"SpeedPotion"},{"floor":12,"key":"Poison Potion"},{"floor":13,"key":"EntropicBrew"},{"floor":21,"key":"SmokeBomb"},{"floor":28,"key":"SteroidPotion"},{"floor":30,"key":"SmokeBomb"},{"floor":36,"key":"Regen Potion"}],"is_trial":false,"path_per_floor":["M","M","?","T","$","R","$","M","T","M","?","M","?","$","R","B",null,"M","$","M","M","M","R","M","R","T","R","M","?","M","M","R","B",null,"M","M","M","?","M","R","M","M"],"character_chosen":"THE_SILENT","items_purchased":["Deadly Poison","Poisoned Stab","Backstab","Deadly Poison","Block Potion"],"campfire_rested":5,"item_purchase_floors":[5,5,14,14,19],"current_hp_per_floor":[59,59,52,52,52,52,52,52,52,40,40,22,8,8,26,11,48,42,42,42,36,36,54,31,49,49,49,47,31,21,16,34,7,47,49,46,60,60,39,57,49,0,0],"gold":294,"neow_bonus":"RANDOM_COLORLESS_2","is_daily":false,"chose_seed":false,"campfire_upgraded":2,"win_rate":0.0,"timestamp":1607976571,"path_taken":["M","M","?","?","$","R","$","M","T","M","?","?","?","$","R","BOSS","M","$","M","M","M","R","M","R","T","R","M","?","M","M","R","BOSS","M","M","M","?","M","R","M","M"],"items_purchased_type":["Card","Card","Card","Card","Potion"],"build_version":"2020-12-13","purchased_purges":2,"victory":false,"max_hp_per_floor":[60,60,60,60,60,60,60,60,60,60,60,60,60,60,60,60,60,60,60,60,60,60,60,60,60,60,60,60,60,60,60,60,60,60,60,60,60,60,60,60,60,60,60],"card_choices":[{"not_picked":["HandOfGreed","Metamorphosis"],"picked":"Apotheosis","floor":0},{"not_picked":["Terror","Blade Dance"],"picked":"Backflip","floor":1},{"not_picked":["Outmaneuver","Eviscerate"],"picked":"Well Laid Plans","floor":2},{"not_picked":["Setup","Flying Knee"],"picked":"Bouncing Flask","floor":8},{"not_picked":["Caltrops","Deadly Poison"],"picked":"PiercingWail","floor":10},{"not_picked":["Dagger Throw","Prepared"],"picked":"PiercingWail","floor":12},{"not_picked":["Venomology","A Thousand Cuts"],"picked":"Adrenaline","floor":16},{"not_picked":["Skewer","Outmaneuver","Prepared"],"picked":"SKIP","floor":18},{"not_picked":["Endless Agony+1","Reflex"],"picked":"Dodge and Roll","floor":20},{"not_picked":["Predator","Acrobatics"],"picked":"Crippling Poison","floor":21},{"not_picked":["Acrobatics","Sucker Punch","Flechettes"],"picked":"SKIP","floor":24},{"not_picked":["Dagger Spray","Caltrops"],"picked":"Crippling Poison","floor":28},{"not_picked":["Flying Knee","Backflip","Underhanded Strike"],"picked":"SKIP","floor":30},{"not_picked":["Flying Knee","Quick Slash"],"picked":"Bouncing Flask","floor":31},{"not_picked":["Glass Knife","Phantasmal Killer"],"picked":"After Image","floor":33},{"not_picked":["Flying Knee"],"picked":"SKIP","floor":36},{"not_picked":["Outmaneuver"],"picked":"SKIP","floor":37},{"not_picked":[],"picked":"Discovery","floor":38},{"not_picked":[],"picked":"Leg Sweep","floor":39},{"not_picked":["Quick Slash+1"],"picked":"SKIP","floor":41}],"player_experience":1582229,"relics_obtained":[{"floor":4,"key":"Vajra"},{"floor":9,"key":"Paper Crane"},{"floor":13,"key":"Odd Mushroom"},{"floor":26,"key":"Blood Vial"},{"floor":29,"key":"Enchiridion"}],"event_choices":[{"cards_removed":["Defend_G"],"damage_healed":0,"gold_gain":0,"player_choice":"Card Removal","damage_taken":7,"max_hp_gain":0,"max_hp_loss":0,"event_name":"Golden Wing","floor":3,"gold_loss":0},{"damage_healed":0,"gold_gain":175,"player_choice":"AGREE","damage_taken":0,"max_hp_gain":0,"max_hp_loss":0,"event_name":"Liars Game","floor":11,"gold_loss":0,"cards_obtained":["Doubt"]},{"damage_healed":0,"gold_gain":0,"player_choice":"Fought Mushrooms","damage_taken":0,"max_hp_gain":0,"max_hp_loss":0,"event_name":"Mushrooms","floor":13,"gold_loss":0},{"damage_healed":0,"gold_gain":0,"player_choice":"Obtained Book","damage_taken":16,"max_hp_gain":0,"max_hp_loss":0,"event_name":"Cursed Tome","floor":29,"gold_loss":0},{"damage_healed":0,"gold_gain":0,"player_choice":"Memory 1","damage_taken":0,"max_hp_gain":0,"max_hp_loss":0,"event_name":"SensoryStone","floor":38,"gold_loss":0}],"is_beta":false,"boss_relics":[{"not_picked":["Black Star","Astrolabe"],"picked":"SacredBark"},{"not_picked":["SlaversCollar","Snecko Eye"],"picked":"Busted Crown"}],"items_purged_floors":[5,14],"is_endless":false,"potions_floor_spawned":[2,10,12,13,21,28,30,31,36],"killed_by":"Transient","ascension_level":14}}