{"host":"f9pzaat4ol30qeex","time":1607933295,"event":{"mods":["Ascension Reborn","BaseMod","Better Note","Better Vampires","Colored Map","Colored Powertips","Downfall","Highlight Path","Minty Spire (QoL Compilation)","MostiFishMod","Quick Restart","Relic Stats","RyuuouÁúÍõ","Shop Mod","Spicy Shops","StSLib","noobMod","vexMod","óô»ðÖ¸ÄÏ"],"gold_per_floor":[6,26,44,86,98,115,144,162,200,11,25,145,130,143,156,275,275,275,295,333,333,168533,168574,168574,168611,168625,168625,168644,168658,168658,167386,167410,167530,167530,166620,166660,165808,165828,165828,165850,165909,164454,163742,162956,162983,163006,163035,161972,162003,162003],"floor_reached":51,"playtime":4373,"items_purged":["Guardian:Defend_Guardian+1","Guardian:Defend_Guardian+1","Guardian:Defend_Guardian+1","Guardian:Strike_Guardian+1","Guardian:Strike_Guardian+1","Guardian:Strike_Guardian+1"],"score":1153,"play_id":"affbc8b2-0183-4624-a222-f863111a7cc1","local_time":"20201214160815","is_ascension_mode":true,"campfire_choices":[],"circlet_count":14,"master_deck":["Guardian:Strike_Guardian+1","Guardian:Defend_Guardian+1","Guardian:CurlUp+1","Guardian:TwinSlam+1","Guardian:VentSteam","Guardian:Emergency+1","Guardian:SentryBeam+1","Guardian:DonusPower","Guardian:StasisStrike","Guardian:Incinerate","Guardian:ChargeCore+1","Guardian:SpikerProtocol+1","Guardian:Planning","Guardian:TemporalShield","Guardian:VentSteam+1","Guardian:Suspension+1","Guardian:TimeBomb","Guardian:ShieldCharger","Guardian:ShieldCharger","Guardian:TemporalStrike+1","Apotheosis","Guardian:ShieldCharger","Guardian:PrimingBeam+1","Guardian:SphericShield+1","Guardian:PolyBeam+1","Guardian:ShieldCharger+1","Necronomicurse","Guardian:Planning+1","Pain","Guardian:Recover+1","Decay","Guardian:RevengeProtocol","Guardian:GuardianWhirl+1","Guardian:TemporalStrike+1","Guardian:ConstructionForm","Guardian:FierceBash+1","Writhe","Guardian:PolyBeam+1","expansioncontent:Corrupt","Shame","Guardian:SpikerProtocol","Guardian:Clone+1","Guardian:PrismaticBeam+1","Guardian:Gem_Fragmented","Guardian:Gem_Green","Guardian:Gem_Fragmented","Guardian:Gem_Lightblue","Doubt","Guardian:Gem_Green","Guardian:Gem_Cyan","Guardian:Gem_Blue","Guardian:Gem_Cyan","Guardian:SpikerProtocol+1","Guardian:TimeCapacitor","Guardian:Gem_Crimson","Guardian:FloatingOrbs+1"],"relics":["Guardian:ModeShifter","DaveBox","ice","Circlet","Dodecahedron","Bag of Marbles","Guardian:PickAxe","Akabeko","Juzu Bracelet","Meat on the Bone","downfall:HeartBlessingGreen","downfall:HeartBlessingBlue","Torii","ImportantClient","HaiYi:Twilight","Molten Egg 2","Nloth\u0027s Gift","ImprovedEquipment","CaptainsWheel","Pocketwatch","Necronomicon","Calipers","WarpedTongs","vexMod:MemoryStick","Eternal Feather","vexMod:PaidLearning","War Paint","Lee\u0027s Waffle","MerchantsRug","Peace Pipe","BirthdayGift-Icosahedron","Question Card","BionicSphere","vexMod:TimeEaterHat","ChiLing","Chi","Ling","Blood Vial","Strawberry","Shuriken","Bag of Preparation","Lantern","OrangePellets","vexMod:Spyglass","vexMod:Dragonfruit","vexMod:FocusSash","HandDrill","Toxic Egg 2","vexMod:BarristanHead","Mummified Hand","PreservedInsect","Art of War","Orrery","Anchor","CeramicFish","Blue Candle","Toolbox","ClockworkSouvenir","Boot","Letter Opener","vexMod:InvisibilityCloak","DollysMirror","Dead Branch","Centennial Puzzle"],"acts_visited":["Exordium","TheCity","TheBeyond"],"potions_floor_usage":[14,20,23,23,31,32,33,33,33,43],"damage_taken":[{"damage":0.0,"enemies":"2 Louse","floor":2.0,"turns":1.0},{"damage":0.0,"enemies":"Jaw Worm","floor":3.0,"turns":2.0},{"damage":0.0,"enemies":"3 Sentries","floor":4.0,"turns":5.0},{"damage":0.0,"enemies":"Cultist","floor":5.0,"turns":2.0},{"damage":0.0,"enemies":"Exordium Wildlife","floor":6.0,"turns":2.0},{"damage":0.0,"enemies":"Exordium Thugs","floor":8.0,"turns":1.0},{"damage":14.0,"enemies":"Lagavulin","floor":9.0,"turns":3.0},{"damage":0.0,"enemies":"Blue Slaver","floor":11.0,"turns":1.0},{"damage":0.0,"enemies":"downfall:FleeingMerchant","floor":13.0,"turns":4.0},{"damage":0,"enemies":"Exordium Wildlife","floor":14,"turns":2},{"damage":0,"enemies":"Large Slime","floor":15,"turns":2},{"damage":17,"enemies":"downfall:Defect","floor":16,"turns":5},{"damage":1,"enemies":"Spheric Guardian","floor":19,"turns":3},{"damage":2,"enemies":"Gremlin Leader","floor":20,"turns":2},{"damage":0,"enemies":"downfall:FleeingMerchant","floor":22,"turns":4},{"damage":10,"enemies":"Slavers","floor":23,"turns":4},{"damage":38,"enemies":"Gremlin Leader","floor":25,"turns":6},{"damage":0,"enemies":"Shelled Parasite and Fungi","floor":26,"turns":5},{"damage":0,"enemies":"Snake Plant","floor":28,"turns":3},{"damage":0,"enemies":"3 Cultists","floor":29,"turns":5},{"damage":0,"enemies":"downfall:FleeingMerchant","floor":31,"turns":4},{"damage":3,"enemies":"Cultist and Chosen","floor":32,"turns":4},{"damage":6,"enemies":"downfall:Silent","floor":33,"turns":6},{"damage":0,"enemies":"Reptomancer","floor":36,"turns":2},{"damage":0,"enemies":"3 Darklings","floor":38,"turns":1},{"damage":0,"enemies":"Orb Walker","floor":40,"turns":1},{"damage":0,"enemies":"downfall:FleeingMerchant","floor":43,"turns":3},{"damage":0,"enemies":"Jaw Worm Horde","floor":45,"turns":2},{"damage":0,"enemies":"3 Darklings","floor":46,"turns":2},{"damage":8,"enemies":"Sphere and 2 Shapes","floor":47,"turns":1},{"damage":0,"enemies":"Maw","floor":49,"turns":2},{"damage":1,"enemies":"downfall:Watcher","floor":50,"turns":2}],"seed_played":"-2341825022169764246","potions_obtained":[{"floor":2.0,"key":"EssenceOfSteel"},{"floor":3.0,"key":"Fire Potion"},{"floor":4.0,"key":"Guardian:BlockOnCardUsePotion"},{"floor":5.0,"key":"Energy Potion"},{"floor":9.0,"key":"SkillPotion"},{"floor":13,"key":"Swift Potion"},{"floor":14,"key":"Guardian:BlockOnCardUsePotion"},{"floor":16,"key":"GamblersBrew"},{"floor":19,"key":"AttackPotion"},{"floor":20,"key":"LiquidMemories"},{"floor":20,"key":"PowerPotion"},{"floor":23,"key":"FearPotion"},{"floor":23,"key":"Fire Potion"},{"floor":26,"key":"Energy Potion"},{"floor":28,"key":"ColorlessPotion"},{"floor":33,"key":"Dexterity Potion"},{"floor":33,"key":"ColorlessPotion"},{"floor":36,"key":"SkillPotion"},{"floor":38,"key":"Swift Potion"},{"floor":43,"key":"Dexterity Potion"},{"floor":46,"key":"Guardian:BlockOnCardUsePotion"}],"is_trial":false,"path_per_floor":["R","M","M","E","M","M","T","M","E","R","M","?","$","M","M","B",null,"R","M","E","?","$","E","T","E","M","?","M","M","?","$","M","B",null,"R","E","R","M","?","M","T","R","$","$","M","M","M","$","M","B",null],"character_chosen":"GUARDIAN","items_purchased":["Technique","Bag of Marbles","Guardian:VentSteam","Guardian:TemporalShield","Guardian:VentSteam","Apotheosis","Circlet","Circlet","Circlet","Circlet","ImprovedEquipment","Guardian:ShieldCharger","Guardian:PrimingBeam+1","Circlet","vexMod:MemoryStick","Eternal Feather","vexMod:PaidLearning","War Paint","Lee\u0027s Waffle","Guardian:RevengeProtocol","Guardian:GuardianWhirl+1","Guardian:TemporalStrike+1","MerchantsRug","champ:CounterPotion","Question Card","BionicSphere","vexMod:TimeEaterHat","ChiLing","Guardian:Gem_Blue","Guardian:PolyBeam+1","expansioncontent:Corrupt","Strawberry","Shuriken","Bag of Preparation","Lantern","OrangePellets","vexMod:Spyglass","Guardian:Gem_White","Guardian:SpikerProtocol","Circlet","Circlet","Circlet","HandDrill","Toxic Egg 2","vexMod:BarristanHead","Guardian:Clone+1","Guardian:PrismaticBeam+1","Circlet","Circlet","Mummified Hand","PreservedInsect","Art of War","Orrery","Anchor","CeramicFish","Blue Candle","Toolbox","ClockworkSouvenir","Boot","Guardian:Gem_Green","vexMod:InvisibilityCloak","Circlet","DollysMirror","Circlet","Dead Branch","Guardian:TimeCapacitor","Guardian:Gem_Crimson"],"campfire_rested":0,"item_purchase_floors":[1,1,1,10,10,22,22,22,22,22,22,22,22,31,31,31,31,31,31,31,31,31,31,31,35,35,35,35,35,35,35,37,37,37,37,37,37,37,37,42,42,42,42,42,42,42,42,43,43,43,43,43,43,44,44,44,44,44,44,44,48,48,48,48,48,48,48],"current_hp_per_floor":[96,96,96,96,96,96,96,96,82,96,96,96,96,96,96,90,114,114,113,111,111,111,101,101,63,63,47,64,64,64,121,118,123,129,129,129,136,136,136,136,141,141,141,141,141,141,141,141,141,149],"gold":162003,"neow_bonus":"TEN_PERCENT_HP_BONUS","is_daily":false,"chose_seed":false,"campfire_upgraded":0,"win_rate":0.0,"timestamp":1607933295,"path_taken":["R","M","M","E","M","M","T","M","E","R","M","?","$","M","M","BOSS","R","M","E","?","$","E","T","E","M","?","M","M","?","?","M","BOSS","R","E","R","?","?","M","T","R","$","?","?","M","M","?","M","BOSS"],"items_purchased_type":["Relic","Relic","Card","Card","Card","Card","Undefined","Undefined","Undefined","Undefined","Relic","Card","Card","Undefined","Relic","Relic","Relic","Relic","Relic","Card","Card","Card","Relic","Potion","Relic","Relic","Relic","Relic","Card","Card","Card","Relic","Relic","Relic","Relic","Relic","Relic","Card","Card","Undefined","Undefined","Undefined","Relic","Relic","Relic","Card","Card","Undefined","Undefined","Relic","Relic","Relic","Relic","Relic","Relic","Relic","Relic","Relic","Relic","Card","Relic","Undefined","Relic","Undefined","Relic","Card","Card"],"build_version":"2020-12-13","purchased_purges":6,"victory":true,"max_hp_per_floor":[96,96,96,96,96,96,96,96,96,106,106,106,106,106,106,114,114,114,114,114,114,114,114,114,114,114,114,114,114,114,121,121,129,129,129,129,136,136,136,136,141,141,141,141,141,141,141,141,141,149],"relic_stats":{"Torii":8,"CeramicFish":99,"Juzu Bracelet":1,"Bag of Preparation":[16],"Boot":[10],"Blood Vial":0,"Centennial Puzzle":[0],"Mummified Hand":[22],"Necronomicon":[5],"HandDrill":[10],"Lee\u0027s Waffle":57,"counters":[32,91],"Blue Candle":[0],"Dead Branch":[11],"Eternal Feather":0,"PreservedInsect":0,"Letter Opener":[10],"War Paint":["Guardian:Emergency","Guardian:VentSteam"],"Question Card":13,"WarpedTongs":[22],"Peace Pipe":0,"OrangePellets":[8],"Shuriken":[6],"Nloth\u0027s Gift":5,"Art of War":[0],"obtain_stats":[{"vexMod:MemoryStick":31,"Calipers":28,"Chi":35,"CeramicFish":44,"downfall:HeartBlessingGreen":10,"ice":0,"BirthdayGift-Icosahedron":34,"Boot":44,"Guardian:PickAxe":2,"Blood Vial":36,"vexMod:InvisibilityCloak":48,"Centennial Puzzle":49,"DollysMirror":48,"Strawberry":37,"Necronomicon":27,"HandDrill":42,"Toxic Egg 2":42,"ImportantClient":16,"KeepersGift":0,"MerchantsRug":31,"Dodecahedron":0,"Blue Candle":44,"Dead Branch":48,"Guardian:ModeShifter":0,"Eternal Feather":31,"vexMod:TimeEaterHat":35,"vexMod:PaidLearning":31,"Letter Opener":47,"War Paint":31,"SteamSale":0,"Question Card":35,"Akabeko":5,"WarpedTongs":30,"OrangePellets":37,"Ling":35,"Shuriken":37,"BionicSphere":35,"Molten Egg 2":20,"Nloth\u0027s Gift":21,"Technique":1,"HushsDoor":0,"Meat on the Bone":9,"Pocketwatch":24,"ChiLing":35,"Lantern":37,"DaveBox":0,"Torii":16,"GnawedLeaf":4,"Juzu Bracelet":7,"Bag of Preparation":37,"vexMod:Spyglass":37,"ClockworkSouvenir":44,"downfall:HeartBlessingBlue":10,"Mummified Hand":43,"Toolbox":44,"Lee\u0027s Waffle":31,"ImprovedEquipment":22,"Circlet":0,"PreservedInsect":43,"vexMod:FocusSash":41,"Peace Pipe":33,"vexMod:Dragonfruit":41,"CaptainsWheel":23,"Anchor":44,"vexMod:BarristanHead":42,"HaiYi:Twilight":17,"Orrery":43,"Bag of Marbles":1,"Art of War":43},{"vexMod:MemoryStick":21,"Calipers":19,"Chi":23,"CeramicFish":27,"downfall:HeartBlessingGreen":7,"ice":0,"BirthdayGift-Icosahedron":23,"Boot":27,"Guardian:PickAxe":1,"Blood Vial":24,"vexMod:InvisibilityCloak":30,"Centennial Puzzle":31,"DollysMirror":30,"Strawberry":24,"Necronomicon":18,"HandDrill":26,"Toxic Egg 2":26,"ImportantClient":12,"KeepersGift":0,"MerchantsRug":21,"Dodecahedron":0,"Blue Candle":27,"Dead Branch":30,"Guardian:ModeShifter":0,"Eternal Feather":21,"vexMod:TimeEaterHat":23,"vexMod:PaidLearning":21,"Letter Opener":30,"War Paint":21,"SteamSale":0,"Question Card":23,"Akabeko":4,"WarpedTongs":20,"OrangePellets":24,"Ling":23,"Shuriken":24,"BionicSphere":23,"Molten Egg 2":14,"Nloth\u0027s Gift":14,"Technique":0,"HushsDoor":0,"Meat on the Bone":7,"Pocketwatch":16,"ChiLing":23,"Lantern":24,"DaveBox":0,"Torii":12,"GnawedLeaf":3,"Juzu Bracelet":5,"Bag of Preparation":24,"vexMod:Spyglass":24,"ClockworkSouvenir":27,"downfall:HeartBlessingBlue":7,"Mummified Hand":27,"Toolbox":27,"Lee\u0027s Waffle":21,"ImprovedEquipment":15,"Circlet":0,"PreservedInsect":27,"vexMod:FocusSash":26,"Peace Pipe":23,"vexMod:Dragonfruit":26,"CaptainsWheel":16,"Anchor":27,"vexMod:BarristanHead":26,"HaiYi:Twilight":12,"Orrery":27,"Bag of Marbles":0,"Art of War":27},{"vexMod:MemoryStick":65,"Calipers":56,"Chi":75,"CeramicFish":82,"downfall:HeartBlessingGreen":16,"ice":0,"BirthdayGift-Icosahedron":75,"Boot":82,"Guardian:PickAxe":1,"Blood Vial":77,"vexMod:InvisibilityCloak":87,"Centennial Puzzle":89,"DollysMirror":87,"Strawberry":77,"Necronomicon":53,"HandDrill":79,"Toxic Egg 2":79,"ImportantClient":30,"KeepersGift":0,"MerchantsRug":65,"Dodecahedron":0,"Blue Candle":82,"Dead Branch":87,"Guardian:ModeShifter":0,"Eternal Feather":65,"vexMod:TimeEaterHat":75,"vexMod:PaidLearning":65,"Letter Opener":87,"War Paint":65,"SteamSale":0,"Question Card":75,"Akabeko":10,"WarpedTongs":61,"OrangePellets":77,"Ling":75,"Shuriken":77,"BionicSphere":75,"Molten Egg 2":35,"Nloth\u0027s Gift":35,"Technique":0,"HushsDoor":0,"Meat on the Bone":16,"Pocketwatch":43,"ChiLing":75,"Lantern":77,"DaveBox":0,"Torii":30,"GnawedLeaf":8,"Juzu Bracelet":12,"Bag of Preparation":77,"vexMod:Spyglass":77,"ClockworkSouvenir":82,"downfall:HeartBlessingBlue":16,"Mummified Hand":82,"Toolbox":82,"Lee\u0027s Waffle":65,"ImprovedEquipment":39,"Circlet":0,"PreservedInsect":82,"vexMod:FocusSash":79,"Peace Pipe":75,"vexMod:Dragonfruit":79,"CaptainsWheel":43,"Anchor":82,"vexMod:BarristanHead":79,"HaiYi:Twilight":30,"Orrery":82,"Bag of Marbles":0,"Art of War":82}],"Meat on the Bone":17,"Pocketwatch":[12]},"card_choices":[{"not_picked":[],"picked":"ChaosCard","floor":0.0},{"not_picked":["Guardian:Gem_Cyan","Guardian:TemporalStrike"],"picked":"Guardian:Emergency","floor":2.0},{"not_picked":["Bomb","Guardian:Recover"],"picked":"Guardian:SentryBeam+1","floor":3.0},{"not_picked":["Guardian:ShieldCharger+1","Guardian:ChargeUp"],"picked":"Guardian:DonusPower","floor":4.0},{"not_picked":["Guardian:MultiBeam+1","Guardian:VentSteam"],"picked":"Guardian:StasisStrike","floor":4.0},{"not_picked":["Bomb","Guardian:CrystalBeam+1"],"picked":"Guardian:Incinerate","floor":5.0},{"not_picked":["Guardian:Incinerate","Guardian:TemporalShield"],"picked":"Guardian:ChargeCore+1","floor":6.0},{"not_picked":["Guardian:Gem_Red","Guardian:Orbwalk"],"picked":"Guardian:SpikerProtocol","floor":8.0},{"not_picked":["Guardian:Gem_Fragmented","Guardian:Gem_Cyan"],"picked":"Bomb","floor":9.0},{"not_picked":["Guardian:GatlingBeam","Guardian:CrystalBeam+1"],"picked":"Guardian:Planning","floor":9.0},{"not_picked":["Guardian:WalkerClaw","Guardian:Gem_Green"],"picked":"Guardian:Suspension+1","floor":11.0},{"not_picked":["Guardian:Emergency+1","Guardian:Gem_Purple"],"picked":"Guardian:TimeBomb","floor":13},{"not_picked":["Guardian:ArmoredProtocol","Guardian:VentSteam"],"picked":"Guardian:Gem_Blue","floor":14},{"not_picked":["Guardian:StasisStrike","Guardian:BronzeArmor+1","Guardian:ShieldCharger"],"picked":"SKIP","floor":15},{"not_picked":["Guardian:Gem_Synthetic","Guardian:HyperBeam_Guardian"],"picked":"Guardian:Gem_Orange","floor":16},{"not_picked":["Guardian:MultiBeam+1","Guardian:PrimingBeam"],"picked":"Guardian:ShieldCharger","floor":19},{"not_picked":["Guardian:GuardianWhirl+1","Guardian:WalkerClaw+1"],"picked":"Guardian:ShieldCharger","floor":20},{"not_picked":["Guardian:RollAttack+1","Guardian:Incinerate+1"],"picked":"Guardian:TemporalStrike+1","floor":22},{"not_picked":["Guardian:Recover+1","Guardian:Gem_Orange"],"picked":"Guardian:SphericShield","floor":23},{"not_picked":["Guardian:Gem_Red","Guardian:VentSteam"],"picked":"Guardian:PolyBeam+1","floor":25},{"not_picked":["Guardian:RollAttack+1","Guardian:Gem_Red"],"picked":"Guardian:ShieldCharger+1","floor":26},{"not_picked":["Guardian:RollAttack+1","Guardian:SphericShield"],"picked":"Guardian:Planning+1","floor":28},{"not_picked":["Guardian:Suspension+1","Guardian:Recover"],"picked":"Guardian:ArmoredProtocol+1","floor":29},{"not_picked":["Guardian:Gem_Lightblue","Guardian:TimeBomb+1"],"picked":"Guardian:Recover+1","floor":31},{"not_picked":["Guardian:RollAttack+1","Guardian:TimeBomb"],"picked":"Guardian:ConstructionForm","floor":32},{"not_picked":["Guardian:StasisField","Guardian:BaubleBeam+1"],"picked":"Guardian:FierceBash+1","floor":33},{"not_picked":["Guardian:BronzeArmor+1","Guardian:Planning","Guardian:DonusPower+1"],"picked":"Guardian:Gem_Orange","floor":36},{"not_picked":["Guardian:Recover+1","Guardian:TemporalStrike+1","Guardian:Gem_Green"],"picked":"Guardian:Gem_Crimson","floor":38},{"not_picked":["Guardian:StasisStrike+1","Guardian:TemporalStrike+1","Guardian:WalkerClaw+1"],"picked":"Guardian:Gem_Green","floor":40},{"not_picked":["Guardian:DonusPower+1","Guardian:CrystalBeam+1","Guardian:PrismaticBeam+1"],"picked":"Guardian:Gem_Fragmented","floor":43},{"not_picked":["Guardian:Incinerate+1","Guardian:Preprogram+1","Guardian:Reroute+1"],"picked":"Guardian:Gem_Green","floor":43},{"not_picked":["Guardian:PrimingBeam+1","Guardian:PiercingHide+1","Guardian:Recover+1"],"picked":"Guardian:Gem_Fragmented","floor":43},{"not_picked":["Guardian:Reroute+1","Guardian:MultiBeam+1","Guardian:RollAttack+1"],"picked":"Guardian:Gem_Lightblue","floor":43},{"not_picked":["Guardian:Planning+1","Guardian:BronzeOrb+1","Guardian:TemporalShield+1"],"picked":"Guardian:Gem_Cyan","floor":45},{"not_picked":["Guardian:PrimingBeam+1","Guardian:ArmoredProtocol+1","Guardian:ChargeCore+1"],"picked":"Guardian:Gem_Blue","floor":46},{"not_picked":["Guardian:WalkerClaw+1","Guardian:Orbwalk+1","Guardian:RollAttack+1"],"picked":"Guardian:Gem_Cyan","floor":47},{"not_picked":["Guardian:Preprogram+1","Guardian:Gem_Fragmented","Guardian:Suspension+1"],"picked":"Guardian:FloatingOrbs+1","floor":49}],"player_experience":211894,"relics_obtained":[{"floor":2.0,"key":"Guardian:PickAxe"},{"floor":4.0,"key":"GnawedLeaf"},{"floor":5.0,"key":"Akabeko"},{"floor":7.0,"key":"Juzu Bracelet"},{"floor":9.0,"key":"Meat on the Bone"},{"floor":16,"key":"Torii"},{"floor":16,"key":"ImportantClient"},{"floor":20,"key":"Molten Egg 2"},{"floor":23,"key":"CaptainsWheel"},{"floor":24,"key":"Circlet"},{"floor":24,"key":"Pocketwatch"},{"floor":25,"key":"Circlet"},{"floor":27,"key":"Necronomicon"},{"floor":28,"key":"Calipers"},{"floor":33,"key":"Peace Pipe"},{"floor":36,"key":"Blood Vial"},{"floor":41,"key":"vexMod:Dragonfruit"},{"floor":41,"key":"vexMod:FocusSash"},{"floor":46,"key":"Circlet"},{"floor":47,"key":"Letter Opener"},{"floor":49,"key":"Centennial Puzzle"}],"event_choices":[{"cards_removed":["Guardian:ArmoredProtocol"],"damage_healed":0,"gold_gain":0,"player_choice":"Removed Power","damage_taken":0,"max_hp_gain":0,"max_hp_loss":0,"event_name":"Falling","floor":39,"gold_loss":0}],"is_beta":false,"boss_relics":[{"not_picked":["Empty Cage","MoonlightInvasionPlan"],"picked":"HaiYi:Twilight"},{"not_picked":["ShadowXiaoBlade","Busted Crown"],"picked":"BirthdayGift-Icosahedron"}],"items_purged_floors":[37,42,44,44,48,48],"is_endless":false,"potions_floor_spawned":[5,8,14,15,20,23,25,32,33,38,40,45,46,47],"ascension_level":0}}