{"host":"x4d6lk1isuf99bn5","time":1607917804,"event":{"mods":["Act Like it!","BaseMod","Gensokyo","Marisa£¨ìFÓê¡¡Ä§ÀíÉ³£©","Minty Spire (QoL Compilation)","Quick Restart","Reimu£¨²©ÀöÁéÃÎ£©","Remilia£¨ÀÙÃ×ÀòÑÇ£©","Replay The Spire","Shop Mod","StSLib","The Poker Player","The Servant 0.9.4","Waifu the Spire","Youmu£¨»êÆÇÑýÃÎ£©","¡¾¶«·½¶þ´Î´´×÷¡¿°ËÔÆ×Ïmod"],"gold_per_floor":[115,115,126,86,104,131,146,146,146,158,183,183,183,205,205,300,300,315,84,95,107,126,151,166,195,195,195,95,95,123,38,38,133,133,148,148,159,209,56,56,56,109,109,109,109,127,2,22,22,22,22],"floor_reached":50,"playtime":2332,"items_purged":["Strike_R","Pain","Strike_R"],"score":558,"play_id":"a32c1106-7b9a-4359-b4be-bbd92ac19aae","local_time":"20201214115004","daily_mods":["Flight"],"is_ascension_mode":false,"campfire_choices":[{"data":"Shockwave","floor":8.0,"key":"SMITH"},{"data":"Berserk","floor":13.0,"key":"SMITH"},{"data":"Whirlwind","floor":15.0,"key":"SMITH"},{"data":"Pot Of Greed","floor":27.0,"key":"SMITH"},{"data":"Pot Of Greed","floor":29.0,"key":"SMITH"},{"floor":32.0,"key":"REST"},{"data":"Evolve","floor":40.0,"key":"SMITH"}],"circlet_count":0,"master_deck":["Strike_R","Strike_R","Strike_R","Defend_R","Defend_R","Defend_R","Defend_R","Bash","Shockwave+1","Intimidate","Disarm","Whirlwind+1","Berserk+1","Evolve+1","Barricade","Second Wind+1","Pot Of Greed+1","Pot Of Greed+1","Exhume"],"relics":["Burning Blood","PaintedHorse:ReiMu","Dream Catcher","Blood Vial","Mercury Hourglass","Pear","Odd Mushroom","Cursed Key","Orrery","PreservedInsect","Durian","Grinning Jar","StoneCalendar","Garlic","Ginger","Chemical X","CatCart"],"acts_visited":["Exordium","TheCity","TheBeyond"],"potions_floor_usage":[50],"damage_taken":[{"damage":5.0,"enemies":"Cultist","floor":1.0,"turns":4.0},{"damage":5.0,"enemies":"Small Slimes","floor":3.0,"turns":5.0},{"damage":3.0,"enemies":"Jaw Worm","floor":5.0,"turns":3.0},{"damage":27.0,"enemies":"3 Sentries","floor":6.0,"turns":12.0},{"damage":4.0,"enemies":"3 Louse","floor":7.0,"turns":5.0},{"damage":8.0,"enemies":"Looter","floor":10.0,"turns":4.0},{"damage":10.0,"enemies":"Gremlin Nob","floor":11.0,"turns":3.0},{"damage":4.0,"enemies":"The Mushroom Lair","floor":14.0,"turns":3.0},{"damage":43.0,"enemies":"Hexaghost","floor":16.0,"turns":9.0},{"damage":0.0,"enemies":"3 Byrds","floor":18.0,"turns":3.0},{"damage":21.0,"enemies":"2 Thieves","floor":20.0,"turns":4.0},{"damage":6.0,"enemies":"3 Cultists","floor":21.0,"turns":3.0},{"damage":10.0,"enemies":"Centurion and Healer","floor":22.0,"turns":7.0},{"damage":0.0,"enemies":"Slavers","floor":23.0,"turns":1.0},{"damage":33.0,"enemies":"Sentry and Sphere","floor":24.0,"turns":5.0},{"damage":20.0,"enemies":"Replay:Snechameleon","floor":25.0,"turns":9.0},{"damage":14.0,"enemies":"Slavers","floor":30.0,"turns":2.0},{"damage":36.0,"enemies":"Collector","floor":33.0,"turns":9.0},{"damage":16.0,"enemies":"3 Shapes","floor":35.0,"turns":4.0},{"damage":36.0,"enemies":"Orb Walker","floor":37.0,"turns":6.0},{"damage":0.0,"enemies":"Mind Bloom Boss Battle","floor":38.0,"turns":7.0},{"damage":37.0,"enemies":"Orin","floor":42.0,"turns":7.0},{"damage":23,"enemies":"Sphere and 2 Shapes","floor":46,"turns":7},{"damage":23,"enemies":"4 Shapes","floor":48,"turns":6},{"damage":51,"enemies":"Awakened One","floor":50,"turns":9}],"seed_played":"3109594365592390761","potions_obtained":[{"floor":1.0,"key":"Adrenaline Potion"},{"floor":7.0,"key":"Dexterity Potion"},{"floor":10.0,"key":"Strength Potion"},{"floor":11.0,"key":"FearPotion"},{"floor":14.0,"key":"FearPotion"},{"floor":22.0,"key":"GrandPatriotsElixir:ReiMu"},{"floor":23.0,"key":"PowerPotion"},{"floor":35.0,"key":"BloodPotion"},{"floor":38.0,"key":"LiquidBronze"}],"is_trial":true,"path_per_floor":["M","?","M","?","M","E","M","R","T","M","E","T","R","?","R","B",null,"M","$","M","M","M","E","M","E","T","R","$","R","E","?","R","B",null,"M","?","M","?","$","R","T","?","T","$","?","M","$","M","R","B"],"character_chosen":"IRONCLAD","items_purchased":["Orrery","Chemical X"],"campfire_rested":1,"item_purchase_floors":[19,39],"current_hp_per_floor":[80,80,80,80,80,59,61,61,61,61,59,69,69,73,73,38,90,90,90,75,77,75,83,58,51,51,51,51,51,45,45,73,45,95,85,85,57,65,65,65,65,36,36,36,36,21,21,30,58,28,28],"gold":22,"neow_bonus":"","is_daily":false,"chose_seed":false,"campfire_upgraded":6,"win_rate":0.0,"timestamp":1607917804,"path_taken":["M","?","M","?","M","E","M","R","T","M","E","?","R","?","R","BOSS","M","$","M","M","M","E","M","E","T","R","$","R","E","?","R","BOSS","M","?","M","?","$","R","?","?","T","$","?","M","$","M","R","BOSS"],"items_purchased_type":["Relic","Relic"],"build_version":"2020-12-13","purchased_purges":3,"victory":false,"max_hp_per_floor":[80,80,80,80,80,80,80,80,80,80,80,90,90,90,90,90,90,90,90,90,90,90,90,90,95,95,95,95,95,95,95,95,95,95,95,95,95,95,95,95,95,95,95,95,95,95,95,95,95,95,95],"card_choices":[{"not_picked":["Cleave","Anger"],"picked":"Shockwave","floor":1.0},{"not_picked":["Clothesline","ReplayTheSpireMod:Limb From Limb"],"picked":"Intimidate","floor":3.0},{"not_picked":["Bloodletting","ReplayTheSpireMod:Muscle Training"],"picked":"Disarm","floor":5.0},{"not_picked":["Rampage","Clash","Flex"],"picked":"SKIP","floor":6.0},{"not_picked":["Dropkick","Sword Boomerang"],"picked":"Whirlwind","floor":7.0},{"not_picked":["Flex","Sword Boomerang","Anger"],"picked":"SKIP","floor":10.0},{"not_picked":["Infernal Blade","Flame Barrier"],"picked":"Berserk","floor":11.0},{"not_picked":["Hemokinesis","ReplayTheSpireMod:Corrosion Curse"],"picked":"Evolve","floor":14.0},{"not_picked":["Impervious","Demonic Infusion"],"picked":"Barricade","floor":16.0},{"not_picked":["Iron Wave","Anger","True Grit+1"],"picked":"SKIP","floor":18.0},{"not_picked":["ReplayTheSpireMod:Limb From Limb","Metallicize"],"picked":"Second Wind","floor":19.0},{"not_picked":["True Grit+1","Flex","Life Link"],"picked":"SKIP","floor":20.0},{"not_picked":["Perfected Strike","Replay:Many Hands","Thunderclap+1"],"picked":"SKIP","floor":21.0},{"not_picked":["True Grit+1","Shrug It Off+1","Evolve"],"picked":"SKIP","floor":22.0},{"not_picked":["Seeing Red","Run Through","Flex"],"picked":"SKIP","floor":23.0},{"not_picked":["Iron Wave","Ghostly Armor","Berserk"],"picked":"SKIP","floor":24.0},{"not_picked":["ReplayTheSpireMod:Strike From Hell+1","Whirlwind","ReplayTheSpireMod:LeadingStrike+1"],"picked":"SKIP","floor":25.0},{"not_picked":["Spot Weakness","Armaments+1","Clothesline"],"picked":"SKIP","floor":30.0},{"not_picked":["Fiend Fire","Eclipse"],"picked":"Exhume","floor":33.0},{"not_picked":["Life Link+1","Massacre","Pommel Strike+1"],"picked":"SKIP","floor":35.0},{"not_picked":["Shrug It Off","True Grit+1","Replay:Undeath\u0027s Touch"],"picked":"SKIP","floor":37.0},{"not_picked":["Pommel Strike","Perfected Strike","Feel No Pain"],"picked":"SKIP","floor":46},{"not_picked":["Clash+1","Hemogenesis","ReplayTheSpireMod:Strike From Hell+1"],"picked":"SKIP","floor":48}],"player_experience":58592,"relics_obtained":[{"floor":6.0,"key":"Dream Catcher"},{"floor":9.0,"key":"Blood Vial"},{"floor":11.0,"key":"Mercury Hourglass"},{"floor":12.0,"key":"Pear"},{"floor":14.0,"key":"Odd Mushroom"},{"floor":23.0,"key":"PreservedInsect"},{"floor":25.0,"key":"Durian"},{"floor":26.0,"key":"Grinning Jar"},{"floor":30.0,"key":"StoneCalendar"},{"floor":38.0,"key":"Ginger"},{"floor":42.0,"key":"CatCart"}],"event_choices":[{"damage_healed":0.0,"max_hp_gain":0.0,"max_hp_loss":0.0,"gold_gain":0.0,"event_name":"yidonshenshe","player_choice":"ÈûÇ®","floor":4.0,"gold_loss":40.0,"damage_taken":0.0,"relics_obtained":["PaintedHorse:ReiMu"]},{"damage_healed":0.0,"max_hp_gain":0.0,"max_hp_loss":0.0,"gold_gain":0.0,"event_name":"Mushrooms","player_choice":"Fought Mushrooms","floor":14.0,"gold_loss":0.0,"damage_taken":0.0},{"damage_healed":0.0,"max_hp_gain":0.0,"max_hp_loss":0.0,"gold_gain":0.0,"event_name":"Addict","player_choice":"Obtained Relic","floor":31.0,"gold_loss":85.0,"damage_taken":0.0,"relics_obtained":["Garlic"]},{"damage_healed":0.0,"max_hp_gain":0.0,"max_hp_loss":0.0,"gold_gain":0.0,"event_name":"Tomb of Lord Red Mask","player_choice":"Ignored","floor":36.0,"gold_loss":0.0,"damage_taken":0.0},{"damage_healed":0.0,"max_hp_gain":0.0,"max_hp_loss":0.0,"gold_gain":0.0,"event_name":"MindBloom","player_choice":"Fight","floor":38.0,"gold_loss":0.0,"damage_taken":0.0},{"damage_healed":0.0,"max_hp_gain":0.0,"max_hp_loss":0.0,"gold_gain":0.0,"event_name":"OrinTheCat","player_choice":"Fight","floor":42.0,"gold_loss":0.0,"damage_taken":0.0},{"damage_healed":0.0,"max_hp_gain":0.0,"max_hp_loss":0.0,"gold_gain":0.0,"event_name":"Match and Keep!","player_choice":"0 cards matched","floor":45.0,"gold_loss":0.0,"damage_taken":0.0,"cards_obtained":[]}],"is_beta":false,"boss_relics":[{"not_picked":["Abe\u0027s Treasure","Ectoplasm"],"picked":"Cursed Key"},{"not_picked":["Replay:Drink Me","Painkiller Herb","Electric Blood"]}],"items_purged_floors":[19,28,47],"is_endless":false,"potions_floor_spawned":[1,7,10,11,14,22,23,35,38],"killed_by":"Awakened One","ascension_level":0}}