{"host":"e48gchmu8shm63ip","time":1607989677,"event":{"mods":["Abigail Mod","AchievementEnabler","Act Like it!","Bartender","BaseMod","Better Match","Better Note","Better Vampires","CapriCore","DeckTracker","Exacting","Fireblade Mod","Googly Eyes","Hallownest","Hermit","HololiveMod","Infinite Spire","Jorbs\u0027s Wanderer Trilogy","Koishi","Marisa????????","Minty Spire (QoL Compilation)","Railgun Mod","Rare Cards Sparkle","Reimu??????","Relic Filter","Shade Mod","StSLib","The Animator","The Construct","The Death Knight","The Forsaken","The Immortal","The Judge","The Poker Player","The Servant 0.9.4","TheFirefly","TheLocksmith","TheSwordswoman","Waifu the Spire"],"gold_per_floor":[109,184,184,215,226,226,257,291,291,304,304,347,347,39,39,135,135,165,184,196,196,111,111,123,149,174,174,192,192,219,233,233,233,233],"floor_reached":33,"playtime":2603,"items_purged":[],"score":441,"play_id":"d303b227-9d61-4748-b3f4-4820b49f06a5","local_time":"20201215004757","is_ascension_mode":true,"campfire_choices":[{"floor":6,"key":"REST"},{"data":"animator:YunYun","floor":11,"key":"SMITH"},{"floor":15,"key":"REST"},{"floor":23,"key":"REST"},{"data":"animator:PinaCoLada","floor":29,"key":"SMITH"},{"floor":32,"key":"REST"}],"circlet_count":0,"master_deck":["animator:Strike_AccelWorld","animator:Defend_AccelWorld","animator:Strike","animator:Strike","animator:Defend","animator:Defend","animator:Defend","animator:Kuroyukihime","animator:LimeBell","animator:YunYun+1","animator:Shinoa","animator:Millim+3","animator:Shuna+1","animator:TukaLunaMarceau+1","animator:PinaCoLada+1","animator:AcuraShin","animator:Mitsuba+1"],"relics":["animator:LivingPicture","animator:TheMissingPiece","PureWhite:ReiMu","theForsaken:HumbleEgg","Meat on the Bone","HandDrill","animator:HolyGrailRelic","Omamori","Ornamental Fan","construct:BoolHorns","Question Card"],"acts_visited":["Exordium","TheCity"],"potions_floor_usage":[],"damage_taken":[{"damage":5,"enemies":"Small Slimes","floor":1,"turns":4},{"damage":0,"enemies":"Jaw Worm","floor":4,"turns":4},{"damage":0,"enemies":"Cultist","floor":5,"turns":3},{"damage":13,"enemies":"3 Sentries","floor":7,"turns":6},{"damage":0,"enemies":"Exordium Thugs","floor":8,"turns":5},{"damage":4,"enemies":"2 Fungi Beasts","floor":10,"turns":3},{"damage":44,"enemies":"Gremlin Nob","floor":12,"turns":6},{"damage":0,"enemies":"Hexaghost","floor":16,"turns":8},{"damage":25,"enemies":"3 Byrds","floor":18,"turns":4},{"damage":9,"enemies":"Spheric Guardian","floor":19,"turns":6},{"damage":7,"enemies":"Shelled Parasite and Fungi","floor":20,"turns":4},{"damage":19,"enemies":"Centurion and Healer","floor":24,"turns":5},{"damage":5,"enemies":"Gremlin Leader","floor":25,"turns":5},{"damage":0,"enemies":"Chosen and Byrds","floor":28,"turns":4},{"damage":2,"enemies":"animator:HornedBat","floor":30,"turns":5},{"damage":27,"enemies":"Snake Plant","floor":31,"turns":5},{"damage":127,"enemies":"Champ","floor":33,"turns":15}],"seed_played":"-4835034325769302520","potions_obtained":[{"floor":5,"key":"DistilledChaos"},{"floor":7,"key":"Fire Potion"},{"floor":8,"key":"Block Potion"},{"floor":10,"key":"FairyPotion"}],"is_trial":false,"path_per_floor":["M","?","?","M","M","R","E","M","T","M","R","E","?","$","R","B",null,"M","M","M","?","?","R","M","E","T","?","M","R","E","M","R","B"],"character_chosen":"THE_ANIMATOR","items_purchased":["animator:PinaCoLada","HandDrill"],"campfire_rested":4,"item_purchase_floors":[14,14],"current_hp_per_floor":[72,61,54,54,54,72,59,59,59,55,55,11,11,11,32,44,80,55,48,41,26,26,51,46,55,55,84,84,84,84,60,87,0,0],"gold":233,"neow_bonus":"TEN_PERCENT_HP_BONUS","is_daily":false,"chose_seed":false,"campfire_upgraded":2,"win_rate":0.0,"timestamp":1607989677,"path_taken":["M","?","?","M","M","R","E","M","T","M","R","E","?","$","R","BOSS","M","?","M","?","?","R","M","E","T","?","M","R","E","M","R","BOSS"],"items_purchased_type":["Card","Relic"],"build_version":"2020-12-13","purchased_purges":0,"victory":false,"max_hp_per_floor":[72,72,72,72,72,72,72,72,72,72,72,72,72,72,72,72,80,80,82,79,84,84,84,86,88,88,88,85,85,87,90,90,87,87],"card_choices":[{"not_picked":["animator:FielNirvalen","animator:Gillette"],"picked":"animator:YunYun","floor":1},{"not_picked":["animator:Mitsurugi","animator:Arpeggio"],"picked":"animator:Shinoa","floor":4},{"not_picked":["animator:Hakurou","animator:Layla","animator:Shion"],"picked":"SKIP","floor":5},{"not_picked":["animator:Shuna","animator:Hakurou"],"picked":"animator:Millim","floor":7},{"not_picked":["animator:YunYun","animator:Genos","animator:YaoHaDucy"],"picked":"SKIP","floor":8},{"not_picked":["animator:Chris","animator:Tet"],"picked":"animator:Shuna+1","floor":10},{"not_picked":["animator:Mikaela+1","animator:ChlammyZell"],"picked":"animator:TukaLunaMarceau+1","floor":12},{"not_picked":["animator:Shuna+1","animator:Kaijin"],"picked":"animator:Millim+1","floor":18},{"not_picked":["animator:Verdia+1","animator:DolaStephanie","animator:Vanir+1"],"picked":"SKIP","floor":19},{"not_picked":["animator:SilverFang+1","animator:ChlammyZell+1","animator:MumenRider+1"],"picked":"SKIP","floor":20},{"not_picked":["animator:Mitsurugi+1","animator:KrulTepes","animator:Vanir+1"],"picked":"SKIP","floor":24},{"not_picked":["animator:Genos+1","animator:MumenRider+1","animator:Vanir+1"],"picked":"SKIP","floor":28},{"not_picked":["animator:Darkness","animator:Shigure+1"],"picked":"animator:AcuraShin","floor":30},{"not_picked":["animator:YunYun+1","animator:YaoHaDucy+1","animator:Souei+1"],"picked":"animator:Mitsuba+1","floor":31}],"player_experience":554994,"relics_obtained":[{"floor":7,"key":"PureWhite:ReiMu"},{"floor":9,"key":"theForsaken:HumbleEgg"},{"floor":12,"key":"Meat on the Bone"},{"floor":20,"key":"Omamori"},{"floor":25,"key":"construct:BoolHorns"},{"floor":30,"key":"Question Card"}],"event_choices":[{"damage_healed":0,"gold_gain":75,"player_choice":"Gather Gold","damage_taken":11,"max_hp_gain":0,"max_hp_loss":0,"event_name":"World of Goop","floor":2,"gold_loss":0},{"cards_removed":["animator:Strike"],"damage_healed":0,"gold_gain":0,"player_choice":"Card Removal","damage_taken":7,"max_hp_gain":0,"max_hp_loss":0,"event_name":"Golden Wing","floor":3,"gold_loss":0},{"damage_healed":0,"gold_gain":0,"player_choice":"Upgraded","damage_taken":0,"max_hp_gain":0,"max_hp_loss":0,"event_name":"Upgrade Shrine","floor":13,"gold_loss":0,"cards_upgraded":["animator:Millim"]},{"damage_healed":0,"gold_gain":0,"player_choice":"Shed Blood","damage_taken":20,"max_hp_gain":5,"max_hp_loss":0,"event_name":"Forgotten Altar","floor":21,"gold_loss":0},{"damage_healed":0,"gold_gain":0,"player_choice":"Obtained Relic","damage_taken":0,"relics_obtained":["Ornamental Fan"],"max_hp_gain":0,"max_hp_loss":0,"event_name":"Addict","floor":22,"gold_loss":85},{"damage_healed":29,"gold_gain":0,"player_choice":"Heal","damage_taken":0,"max_hp_gain":0,"max_hp_loss":0,"event_name":"The Library","floor":27,"gold_loss":0}],"is_beta":false,"boss_relics":[{"not_picked":["SlaversCollar","Philosopher\u0027s Stone"],"picked":"animator:HolyGrailRelic"}],"items_purged_floors":[],"is_endless":false,"potions_floor_spawned":[5,7,8,10,19,24,25,28,31],"killed_by":"Champ","ascension_level":4}}