{"host":"s4klbi5zf1bej8mm","time":1607978157,"event":{"mods":["2.2 Compatiblity","AchievementEnabler","Act Like it!","BaseMod","Block Reminder","Colored Map","Colored Powertips","DeckTracker","Downfall","Duelist Mod","Hallownest","Hermit","Highlight Path","Jorbs\u0027s Wanderer Trilogy","Minty Spire (QoL Compilation)","Permanent Neow","Quick Restart","Random Character Button","Relic Sorter","Relic Stats","Replay The Spire","Shade Mod","Spicy Shops","StSLib","The Blackbeard","The Bug Knight","The Construct","The Cursed","The Disciple","The Gatherer","The Hierophant","The Necromancer","The Runesmith","Unknown Chances"],"gold_per_floor":[119,139,156,156,110,141,141,168,192,16,16,47,58,78,78,183,183,201,8,8,28,28,54,54,84,110,58,72,125,125,125,125,125,125],"floor_reached":33,"playtime":2332,"items_purged":["Spreading Infection","Runesmith:Strike_RS"],"score":378,"play_id":"d7375447-5bd8-4b9d-9651-9be34b292667","local_time":"20201214143557","is_ascension_mode":false,"campfire_choices":[{"data":"Runesmith:Grindstone","floor":7,"key":"SMITH"},{"data":"Runesmith:PoweredAnvil","floor":11,"key":"SMITH"},{"data":"Runesmith:Firewall","floor":15,"key":"SMITH"},{"data":"Runesmith:PoweredAnvil","floor":24,"key":"SMITH"},{"data":"Runesmith:CraftMagma","floor":30,"key":"SMITH"},{"data":"Runesmith:ArcReactor","floor":32,"key":"SMITH"}],"circlet_count":0,"master_deck":["Runesmith:Strike_RS","Runesmith:Strike_RS","Runesmith:Strike_RS","Runesmith:Defend_RS","Runesmith:Defend_RS","Runesmith:Defend_RS","Runesmith:CraftFirestone+1","Runesmith:Fortify","Runesmith:EarthShield","Runesmith:Grindstone+1","Runesmith:HeatedChisel","Runesmith:PoweredAnvil+1","Runesmith:CraftMagma+1","Runesmith:ChiselStab","Runesmith:Firewall+1","Runesmith:LithiumIon","Runesmith:ChiselStab","Runesmith:ArcReactor+1","Runesmith:EnergizedChisel+1","Runesmith:EarthShield","Runesmith:PoweredAnvil+1","Doubt","Runesmith:RuneHurl","Runesmith:MetallurgicalResearch+1","Runesmith:PoweredAnvil+1","Runesmith:EarthShield+1","Runesmith:BackupBattery+1","Hallownest:curseDreamersLament"],"relics":["Runesmith:BrokenRuby","ReplayTheSpireMod:CursedCoin","BargainBundle","Bag of Preparation","Replay:Baseball","Boot","HollowMod:PaleOreRelic","Sozu","Toxic Egg 2","Centennial Puzzle","Bottled Tornado","Dream Catcher","Hallownest:WatcherSealRelic"],"acts_visited":["Exordium","Hallownest:CityofTears"],"potions_floor_usage":[6,8,16,16,16],"damage_taken":[{"damage":0,"enemies":"Cultist","floor":1,"turns":3},{"damage":0,"enemies":"2 Louse","floor":2,"turns":3},{"damage":4,"enemies":"Small Slimes","floor":3,"turns":3},{"damage":25,"enemies":"Lagavulin","floor":6,"turns":6},{"damage":9,"enemies":"3 Sentries","floor":8,"turns":6},{"damage":0,"enemies":"Replay:BlueRogue","floor":12,"turns":5},{"damage":2,"enemies":"2 Fungi Beasts","floor":13,"turns":4},{"damage":0,"enemies":"Exordium Thugs","floor":14,"turns":5},{"damage":4,"enemies":"Fading Forest","floor":16,"turns":11},{"damage":0,"enemies":"Hallownest:Guard_and_Sentry","floor":18,"turns":5},{"damage":25,"enemies":"Hallownest:3_Youths","floor":21,"turns":5},{"damage":0,"enemies":"Hallownest:eliteWatcherKnight","floor":23,"turns":9},{"damage":0,"enemies":"Hallownest:eliteSoulWarrior","floor":25,"turns":6},{"damage":9,"enemies":"Hallownest:Warrior_and_Youth","floor":28,"turns":5},{"damage":15,"enemies":"Hallownest:Glutton_and_Coward","floor":29,"turns":5},{"damage":21,"enemies":"Hallownest:BossSoulMaster","floor":33,"turns":3}],"seed_played":"9063342517810370574","potions_obtained":[{"floor":6,"key":"Ancient Potion"},{"floor":8,"key":"Guardian:BlockOnCardUsePotion"},{"floor":12,"key":"LiquidMemories"},{"floor":13,"key":"SkillPotion"}],"is_trial":false,"path_per_floor":["M","M","M","?","$","E","R","E","T","$","R","E","M","M","R","B",null,"M","$","?","M","?","E","R","E","T","$","M","M","R","?","R","B"],"character_chosen":"RUNESMITH_CLASS","items_purchased":["ReplayTheSpireMod:CursedCoin","BargainBundle","Runesmith:PoweredAnvil","Runesmith:CraftMagma","Adrenaline Potion","PowerPotion","Runesmith:LithiumIon","Runesmith:EarthShield","Toxic Egg 2","Runesmith:PoweredAnvil+1"],"campfire_rested":0,"item_purchase_floors":[5,5,5,5,5,5,10,19,19,27],"current_hp_per_floor":[70,70,66,59,59,34,34,25,25,25,25,25,23,23,23,39,70,70,70,70,45,45,45,45,45,45,45,36,21,21,21,21,0,0],"gold":125,"neow_bonus":"RANDOM_EVENT","is_daily":false,"chose_seed":false,"campfire_upgraded":6,"win_rate":0.0,"timestamp":1607978157,"path_taken":["M","M","?","?","$","E","R","E","T","$","R","E","M","M","R","BOSS","M","$","?","M","?","E","R","E","T","?","M","M","R","?","R","BOSS"],"items_purchased_type":["Relic","Relic","Card","Card","Potion","Potion","Card","Card","Relic","Card"],"build_version":"2020-12-13","purchased_purges":2,"victory":false,"max_hp_per_floor":[70,70,70,70,70,70,70,70,70,70,70,70,70,70,70,70,70,70,70,70,70,70,70,70,70,70,70,70,70,70,70,70,70,70],"relic_stats":{"Sozu":2,"Centennial Puzzle":[9],"Dream Catcher":0,"counters":[16,84],"Bag of Preparation":[24],"Boot":[23],"obtain_stats":[{"Runesmith:BrokenRuby":0,"BargainBundle":5,"ReplayTheSpireMod:CursedCoin":5,"Bag of Preparation":6,"Bottled Tornado":25,"Boot":9,"Sozu":17,"Replay:Baseball":8,"Centennial Puzzle":23,"Dream Catcher":26,"Hallownest:WatcherSealRelic":31,"HollowMod:PaleOreRelic":12,"Toxic Egg 2":19},{"Runesmith:BrokenRuby":0,"BargainBundle":3,"ReplayTheSpireMod:CursedCoin":3,"Bag of Preparation":4,"Bottled Tornado":13,"Boot":5,"Sozu":9,"Replay:Baseball":5,"Centennial Puzzle":12,"Dream Catcher":13,"Hallownest:WatcherSealRelic":15,"HollowMod:PaleOreRelic":6,"Toxic Egg 2":10},{"Runesmith:BrokenRuby":0,"BargainBundle":9,"ReplayTheSpireMod:CursedCoin":9,"Bag of Preparation":15,"Bottled Tornado":71,"Boot":21,"Sozu":46,"Replay:Baseball":21,"Centennial Puzzle":65,"Dream Catcher":71,"Hallownest:WatcherSealRelic":81,"HollowMod:PaleOreRelic":26,"Toxic Egg 2":51}]},"card_choices":[{"not_picked":["Runesmith:HeatedChisel","Runesmith:UnstableHammer"],"picked":"Runesmith:EarthShield","floor":1},{"not_picked":["Runesmith:HammerThrow","Runesmith:RunicBlueprint"],"picked":"Runesmith:Grindstone","floor":2},{"not_picked":["Runesmith:HammerThrow","Runesmith:Repurpose"],"picked":"Runesmith:HeatedChisel","floor":3},{"not_picked":["Runesmith:FissionHammer","Runesmith:HeatedChisel"],"picked":"Runesmith:ChiselStab","floor":6},{"not_picked":["Runesmith:EnergizedChisel","Runesmith:Accelerate"],"picked":"Runesmith:Firewall","floor":8},{"not_picked":["Runesmith:ArcReactor","Runesmith:Overpower"],"picked":"Runesmith:ChiselStab","floor":12},{"not_picked":["Runesmith:UnstableHammer","Runesmith:Repurpose","Runesmith:ChiselStab"],"picked":"SKIP","floor":13},{"not_picked":["Runesmith:RunicBlueprint","Runesmith:Accelerate","Runesmith:Augment"],"picked":"SKIP","floor":14},{"not_picked":["Runesmith:LastStand","Runesmith:Duplicate"],"picked":"Runesmith:ArcReactor","floor":16},{"not_picked":["Runesmith:HeatedChisel","Runesmith:Malloc"],"picked":"Runesmith:EnergizedChisel+1","floor":18},{"not_picked":["Runesmith:ChiselStab","Runesmith:Malloc+1"],"picked":"Runesmith:PoweredAnvil","floor":21},{"not_picked":["Runesmith:HeatExchange","Runesmith:Augment+1"],"picked":"Runesmith:RuneHurl","floor":23},{"not_picked":["Runesmith:HeatExchange","Runesmith:ChiselStab+1"],"picked":"Runesmith:MetallurgicalResearch+1","floor":25},{"not_picked":["Runesmith:RunicBlueprint+1","Runesmith:MakeshiftArmor+1"],"picked":"Runesmith:EarthShield+1","floor":28},{"not_picked":["Runesmith:Overpower","Runesmith:Augment+1"],"picked":"Runesmith:BackupBattery+1","floor":29}],"player_experience":128453,"relics_obtained":[{"floor":6,"key":"Bag of Preparation"},{"floor":8,"key":"Replay:Baseball"},{"floor":9,"key":"Boot"},{"floor":12,"key":"HollowMod:PaleOreRelic"},{"floor":23,"key":"Centennial Puzzle"},{"floor":25,"key":"Bottled Tornado"},{"floor":26,"key":"Dream Catcher"}],"event_choices":[{"damage_healed":0,"gold_gain":0,"player_choice":"Grow","damage_taken":0,"max_hp_gain":0,"max_hp_loss":0,"event_name":"Living Wall","floor":0,"gold_loss":0,"cards_upgraded":["Runesmith:CraftFirestone"]},{"cards_removed":["Runesmith:Defend_RS"],"damage_healed":0,"gold_gain":0,"player_choice":"Card Removal","damage_taken":7,"max_hp_gain":0,"max_hp_loss":0,"event_name":"Golden Wing","floor":4,"gold_loss":0}],"is_beta":false,"boss_relics":[{"not_picked":["Ectoplasm","Replay:Grab Bag"],"picked":"Sozu"}],"items_purged_floors":[5,10],"is_endless":false,"potions_floor_spawned":[6,8,12,13,21,29],"killed_by":"Hallownest:BossSoulMaster","ascension_level":0}}