{"host":"ow9msrs9p2ctkx99","time":1607917914,"event":{"mods":["AchievementEnabler","BaseMod","Colored Map","Colored Powertips","Minty Spire (QoL Compilation)","Permanent Neow","Quick Restart","SuperFastMode"],"gold_per_floor":[361,361,378,303,303,318,318,318],"floor_reached":7,"playtime":133,"items_purged":["Regret"],"score":72,"play_id":"43e466a0-862d-465a-99d1-cb74f171c42d","local_time":"20201214045154","is_ascension_mode":true,"campfire_choices":[],"circlet_count":0,"master_deck":["AscendersBane","Strike_G","Strike_G","Strike_G","Strike_G","Strike_G","Defend_G","Defend_G","Defend_G","Defend_G","Defend_G","Survivor","Neutralize","Poisoned Stab","Sucker Punch","Calculated Gamble"],"relics":["Ring of the Snake","Regal Pillow","Strawberry"],"acts_visited":["Exordium"],"potions_floor_usage":[],"damage_taken":[{"damage":0,"enemies":"2 Louse","floor":1,"turns":2},{"damage":1,"enemies":"Jaw Worm","floor":3,"turns":4},{"damage":4,"enemies":"Small Slimes","floor":6,"turns":3},{"damage":33,"enemies":"Lagavulin","floor":7,"turns":5}],"seed_played":"-8141592324230211986","potions_obtained":[{"floor":6,"key":"GhostInAJar"}],"is_trial":false,"path_per_floor":["M","?","M","$","?","M","E"],"character_chosen":"THE_SILENT","items_purchased":[],"campfire_rested":0,"item_purchase_floors":[],"current_hp_per_floor":[44,44,43,43,32,28,0,0],"gold":318,"neow_bonus":"TWO_FIFTY_GOLD","is_daily":false,"chose_seed":false,"campfire_upgraded":0,"win_rate":0.0,"timestamp":1607917914,"path_taken":["M","?","M","$","?","M","E"],"items_purchased_type":[],"build_version":"2020-12-13","purchased_purges":1,"victory":false,"max_hp_per_floor":[66,66,66,66,73,73,73,73],"card_choices":[{"not_picked":["Underhanded Strike","Footwork"],"picked":"Poisoned Stab","floor":1},{"not_picked":["Deflect","Backflip"],"picked":"Sucker Punch","floor":3},{"not_picked":["Expertise","Quick Slash"],"picked":"Calculated Gamble","floor":6}],"player_experience":1058071,"relics_obtained":[],"event_choices":[{"damage_healed":0,"gold_gain":0,"player_choice":"Box","damage_taken":0,"relics_obtained":["Regal Pillow"],"max_hp_gain":0,"max_hp_loss":0,"event_name":"Big Fish","floor":2,"gold_loss":0,"cards_obtained":["Regret"]},{"damage_healed":0,"gold_gain":0,"player_choice":"Success","damage_taken":18,"relics_obtained":["Strawberry"],"max_hp_gain":0,"max_hp_loss":0,"event_name":"Scrap Ooze","floor":5,"gold_loss":0}],"is_beta":false,"boss_relics":[],"items_purged_floors":[4],"is_endless":false,"potions_floor_spawned":[6],"killed_by":"Lagavulin","ascension_level":15}}