{"host":"8csrtqrn9k6rlrei","time":1607921878,"event":{"mods":["A Magickal Journey","Act Like it!","Ascension Reborn","Aspiration","Astrologer","Bard","BaseMod","Better Note","BetterRewards","CatGirl Mod","Clockwork Mod","Conspire","Decade(???)","Downfall","Duelist Mod","Friendly Minions","GifTheSpireLib","Gremlin Mod","GungeonMod","Halation","Hallownest","Hermit","Hero for Fun","HololiveMod","Hubris","Infinite Spire","Jorbs\u0027s Wanderer Trilogy","LagranYue(???·?)","Mad Scientist","Minty Spire (QoL Compilation)","Permanent Neow","Potionbrewer","Prisma Mod","READ ME - Snecko Mod","SOS???????","Shop Mod","StSLib","The Animator","The Bug Knight","The Clintock","The Cursed","The Disciple","The Exalted","The Forsaken","The Gatherer","The Hayseed","The Hierophant","The Judge","The Jungle","The Necromancer","The Poker Player","The Problem Sleuth","The Runesmith","The Senshi","The Spell Scribe","The Vixen","The Wild Card","TheArtist","TheBandit","TheFirefly","WarShipGirlsR/????R mod","Yohane!","Yuri Mod","everything is the same but u backflip on backflip","slay the spire mod where everything is the same but ironclad has a cowboy hat","thorton","vexMod"],"gold_per_floor":[113,113,113,113,113,113,140,140,140,140,215,225,6,26,26,127,127,127,127,127],"floor_reached":19,"playtime":967,"items_purged":["theForsaken:PlagueCurse"],"score":188,"play_id":"9a2dc9f6-a7c8-4e6e-a230-b408625df47a","local_time":"20201213235758","is_ascension_mode":true,"campfire_choices":[{"data":"potionbrewer:Collect","floor":6,"key":"SMITH"},{"data":"potionbrewer:QuickStep","floor":8,"key":"SMITH"},{"data":"potionbrewer:QuickStep","floor":10,"key":"SMITH"},{"data":"potionbrewer:TheFinalStraw","floor":15,"key":"SMITH"}],"circlet_count":0,"master_deck":["potionbrewer:PotionbrewerStrike","potionbrewer:PotionbrewerStrike","potionbrewer:PotionbrewerStrike","potionbrewer:PotionbrewerStrike","potionbrewer:PotionbrewerDefend","potionbrewer:PotionbrewerDefend","potionbrewer:PotionbrewerDefend","potionbrewer:PotionbrewerDefend","potionbrewer:Collect+1","potionbrewer:ChemicalSpill","potionbrewer:QuickStep+1","potionbrewer:QuickStep+1","potionbrewer:Fuel","potionbrewer:TheFinalStraw+1","potionbrewer:AlchemistForm"],"relics":["potionbrewer:PotionKit","LagranYue:RandomDrawCardRelic","aspiration:Nostalgia","PrismaMod:PrismaTraceOn","halation:EternalFortune","theForsaken:PlagueMask","Boot","vexMod:MemoryStick","DemoMod:OrangeGuonStone","hubris:EmptyBottle","DemoMod:GlassGuonStoneRelic","thethorton:GreedFountain"],"acts_visited":["Exordium","TheCity"],"potions_floor_usage":[7,7,7,7,7,16,16,16,16,16,16,18],"damage_taken":[{"damage":11,"enemies":"Jaw Worm","floor":1,"turns":4},{"damage":14,"enemies":"HollowMod:MossKnight","floor":7,"turns":11},{"damage":3,"enemies":"Small Slimes","floor":12,"turns":3},{"damage":0,"enemies":"conspire:RoseBush","floor":14,"turns":3},{"damage":24,"enemies":"The Guardian","floor":16,"turns":13},{"damage":0,"enemies":"3 Byrds","floor":18,"turns":1},{"damage":0,"enemies":"Shell Parasite","floor":19,"turns":1}],"seed_played":"-7074162365075798617","potions_obtained":[{"floor":1,"key":"PowerPotion"},{"floor":7,"key":"potionbrewer:CleansingPotion"},{"floor":12,"key":"champ:CounterPotion"}],"is_trial":false,"path_per_floor":["M","?","$","?","?","R","E","R","T","R","?","M","$","M","R","B",null,"M","M"],"character_chosen":"POTIONBREWER","items_purchased":["hubris:EmptyBottle"],"campfire_rested":0,"item_purchase_floors":[13],"current_hp_per_floor":[64,67,67,67,55,55,41,41,41,41,30,27,27,27,27,3,78,78,78,78],"gold":127,"neow_bonus":"NOSTALGIA","is_daily":false,"chose_seed":false,"campfire_upgraded":4,"win_rate":0.0,"timestamp":1607921878,"path_taken":["M","?","$","?","?","R","E","R","T","R","?","M","?","?","R","BOSS","M","M"],"items_purchased_type":["Relic"],"build_version":"2020-12-13","purchased_purges":1,"victory":false,"max_hp_per_floor":[75,78,78,78,78,78,78,78,78,78,78,78,78,78,78,78,78,78,78,78],"card_choices":[{"not_picked":["potionbrewer:Refill","potionbrewer:Discombobulate"],"picked":"potionbrewer:QuickStep","floor":1},{"not_picked":["potionbrewer:HazardousWaste","potionbrewer:TestSubject","potionbrewer:Prototype"],"picked":"potionbrewer:QuickStep","floor":7},{"not_picked":["potionbrewer:Brandish","potionbrewer:VolatileSolution"],"picked":"potionbrewer:Fuel","floor":12},{"not_picked":["potionbrewer:BlindingSpray","potionbrewer:FlashPowder"],"picked":"potionbrewer:TheFinalStraw","floor":14},{"not_picked":["potionbrewer:PotentialEnergy","potionbrewer:Bribery"],"picked":"potionbrewer:AlchemistForm","floor":16}],"player_experience":151220,"relics_obtained":[{"floor":7,"key":"vexMod:MemoryStick"},{"floor":9,"key":"DemoMod:OrangeGuonStone"}],"event_choices":[{"damage_healed":0,"gold_gain":0,"player_choice":"Obtain Plague Curse","damage_taken":0,"max_hp_gain":0,"max_hp_loss":0,"event_name":"Plague Doctor","floor":4,"gold_loss":0,"cards_obtained":["theForsaken:PlagueCurse"]},{"damage_healed":0,"gold_gain":0,"player_choice":"Success","damage_taken":12,"relics_obtained":["Boot"],"max_hp_gain":0,"max_hp_loss":0,"event_name":"Scrap Ooze","floor":5,"gold_loss":0},{"damage_healed":0,"gold_gain":75,"player_choice":"Gather Gold","damage_taken":11,"max_hp_gain":0,"max_hp_loss":0,"event_name":"World of Goop","floor":11,"gold_loss":0}],"is_beta":false,"boss_relics":[{"not_picked":["theForsaken:PaleLantern","aspiration:MobileForge"],"picked":"thethorton:GreedFountain"}],"items_purged_floors":[13],"is_endless":false,"potions_floor_spawned":[1,7,12,18],"killed_by":"Shell Parasite","ascension_level":0}}