{"host":"fhujvjnj99vjue08","time":1607964098,"event":{"mods":["2.2 Compatiblity","AchievementEnabler","Aspiration","Astrologer","BaseMod","Beaked The Cultist","BetterRewards","CatGirl Mod","Colored Map","Colored Powertips","Conjunction","Conspire","Custom Start","Downfall","Friendly Minions","GifTheSpireLib","Googly Eyes","Halation","Highlight Path","Hubris","Hyrulean Relics","Infinite Spire","Magitek Elite","Mimic Mod","Minty Spire (QoL Compilation)","Replay The Spire","Reworked Bosses","Shop Mod","StSLib","Strawberry Spire","Stuff the Spire","The Bug Knight","The Factory","The Gatherer","The Jungle","The Servant 0.9.4","TheBandit","TheFirefly","egg","thorton","vexMod"],"gold_per_floor":[99,99,99,99,126,143,143,154,154,189,222,234,247,247,266,370,1036,1036,1049,974,1074,1104,1120,1120,1045,1072,997,1009,1025,1025,1041,1054,1152,1152,1152,1166,1166,1166,1166,1199,1199,1215,1243,1243,1228,1228,1228,56,66,169,169,169,169,169],"floor_reached":53,"playtime":8974,"items_purged":["Pride"],"score":988,"play_id":"2d8a767a-ab75-4def-a26c-125490d61a6e","local_time":"20201214164138","is_ascension_mode":false,"campfire_choices":[{"data":"Slimebound:Split","floor":1.0,"key":"SMITH"},{"data":"Slimebound:ItLooksTasty","floor":4.0,"key":"SMITH"},{"data":"Slimebound:GrowthPunch","floor":9.0,"key":"SMITH"},{"floor":18.0,"key":"RECALL"},{"data":"Slimebound:Nibble","floor":20.0,"key":"SMITH"},{"data":"Slimebound:OozeBath","floor":25.0,"key":"SMITH"},{"data":"Slimebound:OneTwoCombo","floor":27.0,"key":"SMITH"},{"data":"Slimebound:MassFeed","floor":35.0,"key":"SMITH"},{"data":"Slimebound:Schlurp","floor":37.0,"key":"SMITH"},{"data":"Slimebound:RejuvenatingLick","floor":39.0,"key":"SMITH"},{"data":"infinitespire:UltimateForm","floor":44.0,"key":"SMITH"},{"floor":52,"key":"DIG"}],"circlet_count":0,"master_deck":["Slimebound:Strike_Slimebound","Slimebound:Strike_Slimebound","Slimebound:Strike_Slimebound","Slimebound:Tackle","Slimebound:Defend_Slimebound+1","Slimebound:Defend_Slimebound+1","Slimebound:Defend_Slimebound+1","Slimebound:Defend_Slimebound+1","Slimebound:Split+1","Slimebound:CorrosiveSpit","Slimebound:SplitBruiser","Slimebound:ItLooksTasty+1","Slimebound:OneTwoCombo+1","Slimebound:PressTheAttack","Slimebound:GrowthPunch+1","Slimebound:LeechEnergy","Slimebound:LeadByExample","Slimebound:LeechEnergy","Slimebound:Nibble+1","Slimebound:OozeBath+1","Slimebound:MassRepurpose","Pride","Slimebound:SamplingLick+1","Slimebound:MassFeed+1","Slimebound:RejuvenatingLick+1","Slimebound:WasteNot","Slimebound:Schlurp+1","Slimebound:Split+1","Slimebound:Split+1","Slimebound:GoopSpray+1","infinitespire:UltimateForm+1","Slimebound:SlimeTap+1","Slimebound:Gluttony","Slimebound:ItLooksTasty","Master of Strategy","Slimebound:TongueLash+1","Slimebound:PrepareCrush"],"relics":["Slimebound:AbsorbEndCombat","downfall:HeartsMalice","ReplayFunnel","vexMod:InvisibilityCloak","Orichalcum","hubris:GlazedTorus","halation:PinkSoulGem","Replay:Grab Bag","vexMod:RockOfEvil","Golden_Hairpin","Black Star","downfall:HeartBlessingRed","vexMod:CardConverter","vexMod:MemoryStick","downfall:HeartBlessingBlue","The Courier","Blood Vial","downfall:HeartBlessingGreen","Replay:Bronze Core","StuffTheSpire:ForceGauntlet","aspiration:FrozenJewel","Bottled Lightning","infinitespire:Lucky Rock","Omamori","hubris:CrystalStatue","Genji_Glove","Replay:Bottled Eggs","FossilizedHelix","hubris:CuriousFeather","halation:PenCase","Art of War","Runic Pyramid","StuffTheSpire:Wildfire"],"acts_visited":["Exordium","TheCity","TheBeyond","Exordium"],"potions_floor_usage":[],"damage_taken":[{"damage":0.0,"enemies":"2 Louse","floor":2.0,"turns":1.0},{"damage":0.0,"enemies":"Cultist","floor":3.0,"turns":1.0},{"damage":0.0,"enemies":"Lagavulin","floor":5.0,"turns":1.0},{"damage":14.0,"enemies":"conspire:RoseBush","floor":6.0,"turns":2.0},{"damage":15.0,"enemies":"Lots of Slimes","floor":8.0,"turns":3.0},{"damage":16.0,"enemies":"Gremlin Nob","floor":10.0,"turns":3.0},{"damage":17.0,"enemies":"2 Fungi Beasts","floor":12.0,"turns":3.0},{"damage":13.0,"enemies":"Blue Slaver","floor":13.0,"turns":2.0},{"damage":12.0,"enemies":"Exordium Wildlife","floor":15.0,"turns":2.0},{"damage":38.0,"enemies":"downfall:Ironclad","floor":16.0,"turns":5.0},{"damage":20.0,"enemies":"Shell Parasite","floor":19.0,"turns":4.0},{"damage":30.0,"enemies":"conspire:SneckoGhost","floor":22.0,"turns":5.0},{"damage":30.0,"enemies":"Spheric Guardian","floor":23.0,"turns":4.0},{"damage":42.0,"enemies":"Gremlin Leader","floor":26.0,"turns":6.0},{"damage":26.0,"enemies":"Snake Plant","floor":28.0,"turns":4.0},{"damage":36.0,"enemies":"Centurion and Healer","floor":29.0,"turns":5.0},{"damage":23.0,"enemies":"Shelled Parasite and Fungi","floor":31.0,"turns":5.0},{"damage":22.0,"enemies":"Sentry and Sphere","floor":32.0,"turns":5.0},{"damage":70.0,"enemies":"downfall:Silent","floor":33.0,"turns":8.0},{"damage":54.0,"enemies":"3 Shapes","floor":36.0,"turns":4.0},{"damage":123.0,"enemies":"strawberrySpire:EssenceStones","floor":40.0,"turns":7.0},{"damage":19.0,"enemies":"Orb Walker","floor":42.0,"turns":4.0},{"damage":79.0,"enemies":"Nightmare","floor":43.0,"turns":8.0},{"damage":44.0,"enemies":"downfall:FleeingMerchant","floor":45.0,"turns":4.0},{"damage":12,"enemies":"downfall:FleeingMerchant","floor":48,"turns":4},{"damage":12,"enemies":"3 Darklings","floor":49,"turns":2},{"damage":0,"enemies":"downfall:Defect","floor":50,"turns":1},{"damage":0,"enemies":"conspire:RoseBush","floor":53,"turns":1}],"seed_played":"-1950985841773754640","potions_obtained":[{"floor":5.0,"key":"Milkshake"},{"floor":8.0,"key":"Regen Potion"},{"floor":10.0,"key":"champ:CounterPotion"},{"floor":13.0,"key":"SteroidPotion"},{"floor":19.0,"key":"DistilledChaos"},{"floor":28.0,"key":"Explosive Potion"},{"floor":29.0,"key":"PowerPotion"},{"floor":42.0,"key":"Toxic Potion"},{"floor":50,"key":"Energy Potion"}],"is_trial":false,"path_per_floor":["R","M","M","R","E","M","T","M","R","E","?","M","M","?","M","B",null,"R","M","R","?","E","M","T","R","E","R","M","M","?","M","M","B",null,"R","M","R","?","R","E","T","M","NM","R","$","?","?","$","M","B",null,"R_BF","M"],"character_chosen":"SLIMEBOUND","items_purchased":["Slimebound:Gluttony","Genji_Glove","Slimebound:ItLooksTasty","Master of Strategy","Replay:Bottled Eggs","FossilizedHelix","hubris:CuriousFeather","halation:PenCase","Art of War"],"campfire_rested":0,"item_purchase_floors":[48,48,48,48,48,48,48,48,48],"current_hp_per_floor":[60,60,60,60,60,60,60,60,60,60,60,60,60,60,60,60,60,60,60,60,60,58,50,50,60,70,70,74,79,79,80,84,61,93,93,77,77,50,50,33,33,54,65,65,109,109,109,131,133,135,135,135,135,135],"gold":169,"neow_bonus":"THREE_ENEMY_KILL","is_daily":false,"chose_seed":false,"campfire_upgraded":10,"win_rate":0.0,"timestamp":1607964098,"path_taken":["R","M","M","R","E","M","T","M","R","E","?","M","?","?","M","BOSS","R","M","R","?","E","?","T","R","E","R","M","M","?","?","M","BOSS","R","M","R","?","R","E","T","M","NM","R","$","?","?","$","M","BOSS","R_BF","M"],"items_purchased_type":["Card","Relic","Card","Card","Relic","Relic","Relic","Relic","Relic"],"build_version":"2020-12-13","purchased_purges":1,"victory":false,"max_hp_per_floor":[60,60,60,60,60,60,60,60,60,60,60,60,60,60,60,60,60,60,60,60,60,60,62,62,72,72,72,74,79,79,85,91,93,93,93,95,95,99,99,121,121,121,125,125,125,125,125,131,133,135,135,135,135,135],"card_choices":[{"not_picked":["Slimebound:MegaLick","Slimebound:LeechingTouch"],"picked":"Slimebound:SplitBruiser","floor":2.0},{"not_picked":["Slimebound:FinishingTackle","Slimebound:LivingWall"],"picked":"Slimebound:ItLooksTasty","floor":3.0},{"not_picked":["Slimebound:FinishingTackle","Slimebound:SplitBruiser"],"picked":"Slimebound:OneTwoCombo","floor":5.0},{"not_picked":["Slimebound:LeechingTouch","Slimebound:FinishingTackle"],"picked":"Slimebound:PressTheAttack","floor":6.0},{"not_picked":["Slimebound:ComboTackle","Slimebound:MinionMaster"],"picked":"Slimebound:GrowthPunch","floor":8.0},{"not_picked":["Slimebound:SplitLeeching","Slimebound:RollThrough"],"picked":"Slimebound:LeechEnergy","floor":10.0},{"not_picked":["Slimebound:SamplingLick","Slimebound:PressTheAttack"],"picked":"Slimebound:LeadByExample","floor":11.0},{"not_picked":["Slimebound:LeadByExample","Slimebound:SplitBruiser"],"picked":"Slimebound:LeechEnergy","floor":12.0},{"not_picked":["Slimebound:SlimeSpikes","Slimebound:SplitAcid"],"picked":"Slimebound:Nibble","floor":13.0},{"not_picked":["Slimebound:RollThrough","Slimebound:LeechEnergy"],"picked":"Slimebound:OozeBath","floor":15.0},{"not_picked":["Slimebound:RallyTheTroops","Slimebound:PrepareCrush"],"picked":"Slimebound:MassRepurpose","floor":16.0},{"not_picked":["Slimebound:GrowthPunch","Slimebound:SplitLeeching","Slimebound:BestDefense"],"picked":"SKIP","floor":19.0},{"not_picked":["Slimebound:FlameTackle+1","Slimebound:GrowthPunch","Slimebound:PressTheAttack+1"],"picked":"SKIP","floor":22.0},{"not_picked":["Slimebound:LeechingTouch","Slimebound:GrowthPunch"],"picked":"Slimebound:SamplingLick+1","floor":23.0},{"not_picked":["Slimebound:LeechEnergy","Slimebound:SplitAcid+1","Slimebound:GrowthPunch"],"picked":"SKIP","floor":26.0},{"not_picked":["Slimebound:LeechingTouch","Slimebound:FinishingTackle+1"],"picked":"Slimebound:MassFeed","floor":28.0},{"not_picked":["Slimebound:SplitAcid","Slimebound:SplitLeeching"],"picked":"Slimebound:RejuvenatingLick","floor":29.0},{"not_picked":["Slimebound:SplitBruiser","Slimebound:OneTwoCombo","Slimebound:AcidTongue"],"picked":"SKIP","floor":31.0},{"not_picked":["Slimebound:RollThrough","Slimebound:GoopTackle","Slimebound:Grow"],"picked":"SKIP","floor":32.0},{"not_picked":["Slimebound:OozeBath","Slimebound:SlimeSlap"],"picked":"Slimebound:WasteNot","floor":33.0},{"not_picked":["Slimebound:ViciousTackle","Slimebound:RollThrough+1"],"picked":"Slimebound:Schlurp","floor":36.0},{"not_picked":["Slimebound:GrowthPunch+1","Slimebound:RollThrough"],"picked":"Slimebound:GoopSpray+1","floor":40.0},{"not_picked":["Slimebound:Overexert","Slimebound:Replication+1","Slimebound:Prepare+1"],"picked":"SKIP","floor":42.0},{"not_picked":["infinitespire:Fortify","infinitespire:FutureSight"],"picked":"infinitespire:UltimateForm","floor":43.0},{"not_picked":["Slimebound:ProtectTheBoss+1","Slimebound:PressTheAttack"],"picked":"Slimebound:SlimeTap+1","floor":43.0},{"not_picked":["Slimebound:LeechingTouch+1","Slimebound:LeadByExample+1","Slimebound:Schlurp+1"],"picked":"SKIP","floor":45},{"not_picked":["Slimebound:Nibble","Slimebound:SlimeSpikes+1","Slimebound:SplitBruiser"],"picked":"SKIP","floor":48},{"not_picked":["Slimebound:GrowthPunch+1","Slimebound:SamplingLick"],"picked":"Slimebound:TongueLash+1","floor":49},{"not_picked":["Slimebound:LeechLife","Slimebound:OneTwoCombo"],"picked":"Slimebound:PrepareCrush","floor":50}],"player_experience":300169,"relics_obtained":[{"floor":5.0,"key":"ReplayFunnel"},{"floor":7.0,"key":"vexMod:InvisibilityCloak"},{"floor":10.0,"key":"Orichalcum"},{"floor":11.0,"key":"hubris:GlazedTorus"},{"floor":22.0,"key":"vexMod:CardConverter"},{"floor":22.0,"key":"vexMod:MemoryStick"},{"floor":26.0,"key":"The Courier"},{"floor":26.0,"key":"Blood Vial"},{"floor":40.0,"key":"StuffTheSpire:ForceGauntlet"},{"floor":40.0,"key":"aspiration:FrozenJewel"},{"floor":41.0,"key":"Bottled Lightning"},{"floor":43.0,"key":"infinitespire:Lucky Rock"},{"floor":43.0,"key":"Omamori"},{"floor":52,"key":"StuffTheSpire:Wildfire"}],"event_choices":[{"cards_removed":["Pride"],"damage_healed":0.0,"max_hp_gain":0.0,"max_hp_loss":0.0,"gold_gain":0.0,"event_name":"Wheel of Change","player_choice":"Card Removal","floor":30.0,"gold_loss":0.0,"damage_taken":0.0}],"is_beta":false,"boss_relics":[{"not_picked":["aspiration:WatcherSkillbook","aspiration:PoetsPen_weak"],"picked":"Replay:Grab Bag"},{"not_picked":["beaked:MawFillet","infinitespire:Cupcake"],"picked":"vexMod:RockOfEvil"},{"not_picked":["halation:LoveArrow","Astrolabe"],"picked":"Golden_Hairpin"},{"not_picked":["aspiration:DefectSkillbook","Gem_Box"],"picked":"Black Star"},{"not_picked":["Replay:Fungal Core","strawberrySpire:Dictionifier"],"picked":"Replay:Bronze Core"},{"not_picked":["conspire:SeveredTorchhead","Snecko Eye"],"picked":"Runic Pyramid"}],"items_purged_floors":[48],"is_endless":true,"potions_floor_spawned":[5,8,10,13,19,28,29,42,50],"killed_by":"conspire:RoseBush","ascension_level":0}}