{"host":"08umfpj02pt2ygc3","time":1607946465,"event":{"mods":["2.2 Compatiblity","BaseMod","DeckTracker","Highlight Path","Keyboard Shortcuts","Minty Spire (QoL Compilation)","Quick Restart","Random Character Button","StSLib","SuperFastMode","everything is the same but u backflip on backflip"],"gold_per_floor":[113,113,127,52,52,93,108,108,108,144,144,169,169,193,193,312,312,335,43,58,58,58,58,77,77,77,77,116,116,116,135,135,135,135],"floor_reached":33,"playtime":1255,"items_purged":["Strike_R","Strike_R"],"score":477,"play_id":"061fbad5-cb1d-4526-bcc6-eba1fc9eae39","local_time":"20201214204745","is_ascension_mode":true,"campfire_choices":[{"data":"Searing Blow","floor":11.0,"key":"SMITH"},{"data":"Searing Blow+1","floor":15.0,"key":"SMITH"},{"data":"Searing Blow+2","floor":23.0,"key":"SMITH"},{"data":"Searing Blow+3","floor":27.0,"key":"SMITH"},{"data":"Searing Blow+4","floor":30.0,"key":"SMITH"},{"data":"Searing Blow+5","floor":32.0,"key":"SMITH"}],"circlet_count":0,"master_deck":["AscendersBane","Defend_R","Defend_R","Defend_R","Defend_R","Bash","Searing Blow+6","Disarm","Rampage","Shrug It Off","True Grit","Trip","Battle Trance","Feel No Pain","Reckless Charge"],"relics":["Burning Blood","NeowsBlessing","Juzu Bracelet","Golden Idol","Meat on the Bone","Pear","Blood Vial","Happy Flower","Coffee Dripper","Smiling Mask","Oddly Smooth Stone"],"acts_visited":["Exordium","TheCity"],"potions_floor_usage":[],"damage_taken":[{"damage":0.0,"enemies":"Cultist","floor":1.0,"turns":1.0},{"damage":0.0,"enemies":"Small Slimes","floor":3.0,"turns":1.0},{"damage":0.0,"enemies":"3 Sentries","floor":6.0,"turns":2.0},{"damage":10.0,"enemies":"2 Louse","floor":7.0,"turns":3.0},{"damage":54.0,"enemies":"Lagavulin","floor":10.0,"turns":7.0},{"damage":16.0,"enemies":"Exordium Thugs","floor":12.0,"turns":5.0},{"damage":5.0,"enemies":"2 Fungi Beasts","floor":14.0,"turns":3.0},{"damage":41.0,"enemies":"Hexaghost","floor":16.0,"turns":12.0},{"damage":13.0,"enemies":"Spheric Guardian","floor":18.0,"turns":4.0},{"damage":5.0,"enemies":"Shell Parasite","floor":20.0,"turns":5.0},{"damage":18.0,"enemies":"Shelled Parasite and Fungi","floor":24.0,"turns":6.0},{"damage":0.0,"enemies":"Gremlin Leader","floor":25.0,"turns":1.0},{"damage":10.0,"enemies":"Slavers","floor":28.0,"turns":5.0},{"damage":16.0,"enemies":"Snake Plant","floor":31.0,"turns":2.0},{"damage":82,"enemies":"Collector","floor":33,"turns":6}],"seed_played":"197788786165812391","potions_obtained":[{"floor":1.0,"key":"SneckoOil"},{"floor":10.0,"key":"SpeedPotion"},{"floor":16.0,"key":"DistilledChaos"},{"floor":24.0,"key":"GamblersBrew"}],"is_trial":false,"path_per_floor":["M","?","M","$","?","E","M","?","T","E","R","M","?","M","R","B",null,"M","$","M","?","?","R","M","E","T","R","E","?","R","M","R","B"],"character_chosen":"IRONCLAD","items_purchased":["Trip","SmokeBomb"],"campfire_rested":0,"item_purchase_floors":[19,19],"current_hp_per_floor":[78,75,80,80,60,66,62,62,72,36,36,40,40,55,55,34,76,71,71,74,74,74,74,64,72,72,72,70,70,70,62,62,0,0],"gold":135,"neow_bonus":"THREE_ENEMY_KILL","is_daily":false,"chose_seed":false,"campfire_upgraded":6,"win_rate":0.0,"timestamp":1607946465,"path_taken":["M","?","M","$","?","E","M","?","T","E","R","M","?","M","R","BOSS","M","$","M","?","?","R","M","E","T","R","E","?","R","M","R","BOSS"],"items_purchased_type":["Card","Potion"],"build_version":"2020-12-13","purchased_purges":2,"victory":false,"max_hp_per_floor":[80,80,80,80,80,80,80,80,90,90,90,90,90,90,90,90,90,90,90,90,90,90,90,90,90,90,90,90,90,90,90,90,90,90],"card_choices":[{"not_picked":["Havoc","Perfected Strike"],"picked":"Searing Blow","floor":1.0},{"not_picked":["Iron Wave","Power Through","Searing Blow"],"picked":"SKIP","floor":3.0},{"not_picked":["Power Through","Warcry","Iron Wave"],"picked":"SKIP","floor":6.0},{"not_picked":["Reckless Charge","Feel No Pain","Heavy Blade"],"picked":"SKIP","floor":7.0},{"not_picked":["Clash","Reckless Charge"],"picked":"Rampage","floor":10.0},{"not_picked":["Reckless Charge","Clash","Clothesline"],"picked":"SKIP","floor":12.0},{"not_picked":["Rampage","Twin Strike"],"picked":"Shrug It Off","floor":14.0},{"not_picked":["Havoc+1","Bloodletting+1"],"picked":"True Grit","floor":18.0},{"not_picked":["Power Through","Twin Strike"],"picked":"Battle Trance","floor":20.0},{"not_picked":["Headbutt","Anger+1","Heavy Blade"],"picked":"SKIP","floor":24.0},{"not_picked":["Havoc+1","Searing Blow","Uppercut"],"picked":"SKIP","floor":28.0},{"not_picked":["Warcry","Burning Pact","Rampage"],"picked":"SKIP","floor":31.0}],"player_experience":354476,"relics_obtained":[{"floor":6.0,"key":"Meat on the Bone"},{"floor":9.0,"key":"Pear"},{"floor":10.0,"key":"Blood Vial"},{"floor":26.0,"key":"Smiling Mask"},{"floor":28.0,"key":"Oddly Smooth Stone"}],"event_choices":[{"damage_healed":0.0,"max_hp_gain":0.0,"max_hp_loss":0.0,"gold_gain":0.0,"event_name":"Scrap Ooze","player_choice":"Success","floor":2.0,"gold_loss":0.0,"damage_taken":3.0,"relics_obtained":["Juzu Bracelet"]},{"damage_healed":0.0,"max_hp_gain":0.0,"max_hp_loss":0.0,"gold_gain":0.0,"event_name":"Golden Idol","player_choice":"Take Damage","floor":5.0,"gold_loss":0.0,"damage_taken":20.0,"relics_obtained":["Golden Idol"]},{"damage_healed":0.0,"max_hp_gain":0.0,"max_hp_loss":0.0,"gold_gain":0.0,"cards_transformed":["Strike_R"],"event_name":"Transmorgrifier","player_choice":"Transformed","floor":8.0,"gold_loss":0.0,"damage_taken":0.0,"cards_obtained":["Disarm"]},{"damage_healed":0.0,"max_hp_gain":0.0,"max_hp_loss":0.0,"gold_gain":0.0,"event_name":"Dead Adventurer","player_choice":"Searched \u00271\u0027 times","floor":13.0,"gold_loss":0.0,"damage_taken":0.0,"relics_obtained":["Happy Flower"]},{"damage_healed":0.0,"max_hp_gain":0.0,"max_hp_loss":0.0,"gold_gain":0.0,"event_name":"Duplicator","player_choice":"Ignored","floor":21.0,"gold_loss":0.0,"damage_taken":0.0},{"damage_healed":0.0,"max_hp_gain":0.0,"max_hp_loss":0.0,"gold_gain":0.0,"event_name":"Vampires","player_choice":"Ignored","floor":22.0,"gold_loss":0.0,"damage_taken":0.0},{"damage_healed":0.0,"max_hp_gain":0.0,"max_hp_loss":0.0,"gold_gain":0.0,"cards_transformed":["Strike_R","Strike_R"],"event_name":"Drug Dealer","player_choice":"Became Test Subject","floor":29.0,"gold_loss":0.0,"damage_taken":0.0,"cards_obtained":["Feel No Pain","Reckless Charge"]}],"is_beta":false,"boss_relics":[{"not_picked":["Velvet Choker","Busted Crown"],"picked":"Coffee Dripper"}],"items_purged_floors":[4,19],"is_endless":false,"potions_floor_spawned":[1,10,16,24,25],"killed_by":"Collector","ascension_level":10}}