{"host":"m1ntkrf87179kmo6","time":1607985275,"event":{"mods":["BaseMod","Better Third Choice","Minty Spire (QoL Compilation)","Shade Mod","StSLib"],"gold_per_floor":[112,38,56,73,73,107,132,307,307,307,321,338,338,358,358,457,457,474,458,201,218,198,198,223,223,223,223,257,272,284,299,299,400,400,410,460,460,20,0,0,0,20,20,20,20,20,20,31,31,31,31],"floor_reached":50,"playtime":4277,"items_purged":["Doubt"],"score":480,"play_id":"73e9c0b1-90ca-4673-9df7-44138634056a","local_time":"20201214173435","is_ascension_mode":false,"campfire_choices":[{"floor":10.0,"key":"REST"},{"floor":13.0,"key":"RECALL"},{"data":"Shade:AnimateDead","floor":15.0,"key":"SMITH"},{"data":"Shade:ExtraLimbs","floor":23.0,"key":"SMITH"},{"floor":25.0,"key":"REST"},{"floor":27.0,"key":"REST"},{"floor":32.0,"key":"REST"},{"data":"Shade:Putrefaction","floor":40.0,"key":"SMITH"},{"data":"Shade:GreyBargain","floor":44.0,"key":"SMITH"},{"data":"Shade:FuneraryArmor","floor":46.0,"key":"SMITH"},{"floor":49.0,"key":"REST"}],"circlet_count":0,"master_deck":["Shade:Strike_Shade+1","Shade:Strike_Shade","Shade:Strike_Shade","Shade:Strike_Shade","Shade:Defend_Shade","Shade:Defend_Shade","Shade:Defend_Shade","Shade:Defend_Shade","Shade:AnimateDead+1","Shade:CarefulCut","Shade:ExtraLimbs+1","Shade:OpenGraves","Shade:FuneraryArmor+1","Shade:FuneraryArmor","Shade:FuneraryJewels","Shade:ExtraLimbs","Shade:ExtraLimbs+1","Shade:ClawBack","Shade:GreyBargain+1","Shade:ScuttlingHand","Shade:Putrefaction+1","Shade:FleshToFlesh+1","Shade:Brains+1","Shade:FleshToFlesh+1"],"relics":["Shade:YorickPolishedSkull","Bag of Preparation","Pen Nib","Sling","Gremlin Horn","Singing Bowl","Dream Catcher","Matryoshka","Membership Card","Red Mask","Sundial","FossilizedHelix"],"acts_visited":["Exordium","TheCity","TheBeyond"],"potions_floor_usage":[50],"damage_taken":[{"damage":0.0,"enemies":"Cultist","floor":1.0,"turns":3.0},{"damage":0.0,"enemies":"Jaw Worm","floor":3.0,"turns":4.0},{"damage":0.0,"enemies":"Small Slimes","floor":4.0,"turns":3.0},{"damage":3.0,"enemies":"3 Sentries","floor":6.0,"turns":10.0},{"damage":0.0,"enemies":"Blue Slaver","floor":11.0,"turns":4.0},{"damage":0.0,"enemies":"Gremlin Gang","floor":12.0,"turns":5.0},{"damage":5.0,"enemies":"Looter","floor":14.0,"turns":3.0},{"damage":22.0,"enemies":"The Guardian","floor":16.0,"turns":10.0},{"damage":3.0,"enemies":"Spheric Guardian","floor":18.0,"turns":6.0},{"damage":3.0,"enemies":"2 Thieves","floor":19.0,"turns":4.0},{"damage":1.0,"enemies":"Snake Plant","floor":21.0,"turns":4.0},{"damage":23.0,"enemies":"Slavers","floor":24.0,"turns":7.0},{"damage":40.0,"enemies":"Book of Stabbing","floor":28.0,"turns":6.0},{"damage":16.0,"enemies":"Cultist and Chosen","floor":29.0,"turns":8.0},{"damage":23.0,"enemies":"Sentry and Sphere","floor":30.0,"turns":6.0},{"damage":10.0,"enemies":"3 Cultists","floor":31.0,"turns":6.0},{"damage":52.0,"enemies":"Collector","floor":33.0,"turns":11.0},{"damage":59.0,"enemies":"3 Darklings","floor":35.0,"turns":5.0},{"damage":0.0,"enemies":"Mind Bloom Boss Battle","floor":36.0,"turns":8.0},{"damage":3.0,"enemies":"3 Shapes","floor":42.0,"turns":5.0},{"damage":0.0,"enemies":"Spire Growth","floor":48.0,"turns":3.0},{"damage":74,"enemies":"Time Eater","floor":50,"turns":14}],"seed_played":"6517493026579421213","potions_obtained":[{"floor":0.0,"key":"LiquidBronze"},{"floor":0.0,"key":"BlessingOfTheForge"},{"floor":0.0,"key":"EntropicBrew"},{"floor":11.0,"key":"PowerPotion"},{"floor":19.0,"key":"FairyPotion"},{"floor":22.0,"key":"FearPotion"},{"floor":24.0,"key":"ColorlessPotion"},{"floor":28.0,"key":"FairyPotion"},{"floor":31.0,"key":"Fire Potion"},{"floor":33.0,"key":"SteroidPotion"},{"floor":35.0,"key":"SpeedPotion"},{"floor":42.0,"key":"Strength Potion"}],"is_trial":false,"path_per_floor":["M","$","M","M","?","E","T","?","T","R","M","M","R","M","R","B",null,"M","M","$","M","?","R","E","R","T","R","E","M","M","M","R","B",null,"M","?","?","$","?","R","?","M","T","R","?","R","$","M","R","B"],"character_chosen":"SHADE","items_purchased":["Shade:OpenGraves","Sling","PowerPotion","Shade:ExtraLimbs","Matryoshka","Membership Card"],"campfire_rested":5,"item_purchase_floors":[2,20,20,20,38,38],"current_hp_per_floor":[65,65,65,65,52,49,49,49,49,65,65,65,65,60,60,38,65,62,59,59,58,58,58,35,54,54,65,25,11,12,2,24,11,71,12,14,64,64,64,64,64,61,61,61,61,61,61,61,66,0,0],"gold":31,"neow_bonus":"THREE_SMALL_POTIONS","is_daily":false,"chose_seed":false,"campfire_upgraded":5,"win_rate":0.0,"timestamp":1607985275,"path_taken":["M","$","?","M","?","E","?","?","T","R","M","M","R","M","R","BOSS","M","M","$","M","?","R","E","R","T","R","E","M","?","M","R","BOSS","M","?","?","$","?","R","?","?","T","R","?","R","$","M","R","BOSS"],"items_purchased_type":["Card","Relic","Potion","Card","Relic","Relic"],"build_version":"2020-12-13","purchased_purges":1,"victory":false,"max_hp_per_floor":[65,65,65,65,65,65,65,65,65,65,65,65,65,65,65,65,65,65,65,65,65,65,65,65,65,65,65,65,67,69,69,71,71,71,71,73,64,64,64,64,64,64,64,64,64,64,64,64,66,66,66],"card_choices":[{"not_picked":["Shade:BoneShards","Shade:SkeletonHug"],"picked":"Shade:ExtraLimbs","floor":1.0},{"not_picked":["Shade:Tombstone","Shade:Premonition","Shade:WallOfFlesh"],"picked":"SKIP","floor":3.0},{"not_picked":["Shade:RitualOffering","Shade:FuneraryJewels"],"picked":"Shade:FuneraryArmor","floor":4.0},{"not_picked":["Shade:CloudOfShrapnel","Shade:FingerOfDeath"],"picked":"Shade:FuneraryArmor","floor":6.0},{"not_picked":["Shade:SkeletonHug","Shade:WallOfFlesh","Shade:Premonition"],"picked":"SKIP","floor":11.0},{"not_picked":["Shade:GraveStillness","Shade:Bonestorm","Shade:OpenGraves"],"picked":"SKIP","floor":12.0},{"not_picked":["Shade:FleshToFlesh","Shade:SkeletonHug"],"picked":"Shade:FuneraryJewels","floor":14.0},{"not_picked":["Shade:FleshToFlesh","Shade:FuneraryArmor+1","Shade:LyeBath+1"],"picked":"SKIP","floor":18.0},{"not_picked":["Shade:Premonition","Shade:SoulToxin"],"picked":"Shade:ExtraLimbs","floor":19.0},{"not_picked":["Shade:CallWraith","Shade:LyeBath","Shade:WallOfFlesh"],"picked":"SKIP","floor":21.0},{"not_picked":["Shade:CoffinDance","Shade:BoneShards"],"picked":"Shade:ClawBack","floor":24.0},{"not_picked":["Shade:Brains","Shade:CallOfTheGrave"],"picked":"Shade:GreyBargain","floor":28.0},{"not_picked":["Shade:Awaken","Shade:Bonestorm","Shade:CallWraith"],"picked":"Singing Bowl","floor":29.0},{"not_picked":["Shade:Consume","Shade:StitchTogether","Shade:BoneShards+1"],"picked":"Singing Bowl","floor":30.0},{"not_picked":["Shade:Brains","Shade:CommandSoldier+1"],"picked":"Shade:ScuttlingHand","floor":31.0},{"not_picked":["Shade:Bonestorm","Shade:GreyBargain","Shade:SkeletonArmy+1"],"picked":"Singing Bowl","floor":32.0},{"not_picked":["Shade:LoseControl","Shade:Coordination"],"picked":"Shade:Putrefaction","floor":33.0},{"not_picked":["Shade:SpectralStrikes","Shade:FuneraryArmor"],"picked":"Shade:FleshToFlesh","floor":35.0},{"not_picked":["Shade:SensePrey+1","Shade:GreyBargain+1","Shade:Awaken+1"],"picked":"Singing Bowl","floor":36.0},{"not_picked":["Shade:FuneraryArmor","Shade:FeralStrike"],"picked":"Shade:Brains+1","floor":42.0},{"not_picked":["Shade:Bonestorm+1","Shade:OpenGraves"],"picked":"Shade:FleshToFlesh+1","floor":48.0},{"not_picked":["Shade:Carnophage","Shade:Bonestorm","Shade:SensePrey+1"],"picked":"Singing Bowl","floor":49.0}],"player_experience":1010333,"relics_obtained":[{"floor":6.0,"key":"Bag of Preparation"},{"floor":9.0,"key":"Pen Nib"},{"floor":24.0,"key":"Gremlin Horn"},{"floor":26.0,"key":"Singing Bowl"},{"floor":28.0,"key":"Dream Catcher"},{"floor":43.0,"key":"Sundial"},{"floor":43.0,"key":"FossilizedHelix"}],"event_choices":[{"damage_healed":65.0,"max_hp_gain":0.0,"max_hp_loss":65.0,"gold_gain":0.0,"event_name":"betterThird:BetterShining","player_choice":"Upgrade","floor":5.0,"gold_loss":0.0,"damage_taken":13.0,"cards_upgraded":["Shade:ExtraLimbs","Shade:Strike_Shade"]},{"damage_healed":0.0,"max_hp_gain":0.0,"max_hp_loss":0.0,"gold_gain":175.0,"event_name":"betterThird:BetterSerpent","player_choice":"AGREE","floor":8.0,"gold_loss":0.0,"damage_taken":132.0},{"damage_healed":0.0,"max_hp_gain":0.0,"max_hp_loss":0.0,"gold_gain":0.0,"event_name":"The Woman in Blue","player_choice":"Bought 1 Potion","floor":22.0,"gold_loss":0.0,"damage_taken":0.0},{"damage_healed":0.0,"max_hp_gain":0.0,"max_hp_loss":0.0,"gold_gain":0.0,"event_name":"MindBloom","player_choice":"Fight","floor":36.0,"gold_loss":0.0,"damage_taken":0.0},{"damage_healed":64.0,"max_hp_gain":0.0,"max_hp_loss":9.0,"gold_gain":0.0,"event_name":"The Moai Head","player_choice":"Heal","floor":37.0,"gold_loss":0.0,"damage_taken":0.0},{"damage_healed":0.0,"max_hp_gain":0.0,"max_hp_loss":0.0,"gold_gain":0.0,"event_name":"Tomb of Lord Red Mask","player_choice":"Paid","floor":39.0,"gold_loss":20.0,"damage_taken":0.0,"relics_obtained":["Red Mask"]},{"damage_healed":0.0,"max_hp_gain":0.0,"max_hp_loss":0.0,"gold_gain":0.0,"event_name":"Accursed Blacksmith","player_choice":"Forge","floor":41.0,"gold_loss":0.0,"damage_taken":0.0,"cards_upgraded":["Shade:FleshToFlesh"]},{"damage_healed":0.0,"max_hp_gain":0.0,"max_hp_loss":0.0,"gold_gain":0.0,"event_name":"Mysterious Sphere","player_choice":"Ignored","floor":45.0,"gold_loss":0.0,"damage_taken":0.0}],"is_beta":false,"boss_relics":[{"not_picked":["Astrolabe","Philosopher\u0027s Stone","Ectoplasm"]},{"not_picked":["Velvet Choker","Black Star"],"picked":"Shade:YorickPolishedSkull"}],"items_purged_floors":[38],"is_endless":false,"potions_floor_spawned":[4,11,14,19,24,28,31,33,35,42],"killed_by":"Time Eater","ascension_level":0}}