{"host":"njruw0b0uprlitpx","time":1607927363,"event":{"mods":["2.2 Compatiblity","AchievementEnabler","Aspiration","BaseMod","Block Reminder","Colored Map","Colored Powertips","Jedi Mod","Keyboard Shortcuts","Minty Spire (QoL Compilation)","Replay The Spire","Spicy Shops","StSLib","SuperFastMode","The Blackbeard","The Cursed","The Evolution"],"gold_per_floor":[119,129,129,54,54,54,70,70,70,90,120,120,133,152,152,248,248,263,263,263,273,293,293,263,274,297,327,327],"floor_reached":27,"playtime":1307,"items_purged":["evolutionmod:DefendEvo"],"score":310,"play_id":"c40f6363-b22c-4088-8cb0-b3651ba52881","local_time":"20201214002923","is_ascension_mode":false,"campfire_choices":[{"data":"evolutionmod:CurrentsDancer","floor":6,"key":"SMITH"},{"data":"evolutionmod:LoyalCompanion","floor":8,"key":"SMITH"},{"data":"evolutionmod:SpiderBite","floor":12,"key":"SMITH"},{"data":"evolutionmod:LoyalWarrior","floor":15,"key":"SMITH"},{"floor":23,"key":"REST"}],"circlet_count":0,"master_deck":["evolutionmod:LoyalWarrior+1","evolutionmod:StrikeEvo","evolutionmod:StrikeEvo","evolutionmod:StrikeEvo","evolutionmod:LoyalCompanion+1","evolutionmod:DefendEvo","evolutionmod:DefendEvo","evolutionmod:DefendEvo","evolutionmod:CurrentsDancer+1","evolutionmod:Symbiotes","evolutionmod:Treasure","evolutionmod:Pheromones","evolutionmod:CalmTheWaters","evolutionmod:SpiderBite+1","evolutionmod:Hatch","evolutionmod:SpikeVolley","evolutionmod:NightMare","evolutionmod:CrystalDust","evolutionmod:Hatch"],"relics":["evolutionmod:TorisGift","aspiration:SeaSaltIceCream","jedi:crownofsimplicity","jedi:heavyjacket","Bottled Tornado","jedi:hotpepper","aspiration:RitualStick","Anchor","Orichalcum","jedi:gremlinknob"],"acts_visited":["Exordium","TheCity"],"potions_floor_usage":[11,14],"damage_taken":[{"damage":0,"enemies":"Cultist","floor":1,"turns":4},{"damage":0,"enemies":"Small Slimes","floor":2,"turns":4},{"damage":5,"enemies":"Jaw Worm","floor":7,"turns":3},{"damage":5,"enemies":"Blue Slaver","floor":10,"turns":2},{"damage":11,"enemies":"Replay:BlueRogue","floor":11,"turns":6},{"damage":2,"enemies":"Lots of Slimes","floor":13,"turns":3},{"damage":0,"enemies":"Exordium Thugs","floor":14,"turns":3},{"damage":0,"enemies":"The Guardian","floor":16,"turns":6},{"damage":0,"enemies":"Shell Parasite","floor":18,"turns":4},{"damage":0,"enemies":"3 Byrds","floor":21,"turns":2},{"damage":4,"enemies":"Cultist and Chosen","floor":22,"turns":4},{"damage":1,"enemies":"Centurion and Healer","floor":25,"turns":4},{"damage":0,"enemies":"Replay:Snechameleon","floor":27,"turns":4}],"seed_played":"-7584484373120798165","potions_obtained":[{"floor":7,"key":"Dexterity Potion"},{"floor":13,"key":"jedi:StrikingPotion"},{"floor":18,"key":"PowerPotion"},{"floor":22,"key":"ColorlessPotion"},{"floor":24,"key":"CultistPotion"},{"floor":24,"key":"Flashbang"}],"is_trial":false,"path_per_floor":["M","M","T","$","?","R","M","R","T","M","E","R","M","M","R","B",null,"M","?","?","M","M","R","?","M","T","E"],"character_chosen":"EVOLUTION_CLASS","items_purchased":[],"campfire_rested":1,"item_purchase_floors":[],"current_hp_per_floor":[77,77,77,77,77,77,72,72,72,67,56,56,54,54,54,54,57,57,46,41,41,37,54,54,53,53,53,53],"gold":327,"neow_bonus":"TRANSFORM_CARD","is_daily":false,"chose_seed":false,"campfire_upgraded":4,"win_rate":0.0,"timestamp":1607927363,"path_taken":["M","M","?","$","?","R","M","R","T","?","E","R","M","M","R","BOSS","M","?","?","?","M","R","?","?","T","E"],"items_purchased_type":[],"build_version":"2020-12-13","purchased_purges":1,"victory":false,"max_hp_per_floor":[77,77,77,77,77,77,77,77,77,77,77,77,77,77,77,77,57,57,57,57,57,57,57,57,57,57,57,57],"card_choices":[{"not_picked":["evolutionmod:ShiftingStrike","evolutionmod:DrainMana"],"picked":"evolutionmod:Symbiotes","floor":1},{"not_picked":["evolutionmod:StripArmor","evolutionmod:Shrink"],"picked":"evolutionmod:Treasure","floor":2},{"not_picked":["evolutionmod:PoisonFangs","evolutionmod:HeavyKick"],"picked":"evolutionmod:Pheromones","floor":7},{"not_picked":["evolutionmod:ClawSlash","evolutionmod:Eruption"],"picked":"evolutionmod:CalmTheWaters","floor":10},{"not_picked":["evolutionmod:CrystalStone","evolutionmod:Dive"],"picked":"evolutionmod:SpiderBite","floor":11},{"not_picked":["evolutionmod:DrainMana","evolutionmod:CurrentsDancer"],"picked":"evolutionmod:Hatch","floor":13},{"not_picked":["evolutionmod:Charm","evolutionmod:CrystalStone","evolutionmod:Aphrodisiac"],"picked":"SKIP","floor":14},{"not_picked":["evolutionmod:Grow","evolutionmod:Drown"],"picked":"evolutionmod:SpikeVolley","floor":16},{"not_picked":["evolutionmod:CrystalStone","evolutionmod:Aphrodisiac","evolutionmod:Treasure"],"picked":"SKIP","floor":18},{"not_picked":["evolutionmod:ChimeraStrike","evolutionmod:Mastery"],"picked":"evolutionmod:NightMare","floor":21},{"not_picked":["evolutionmod:CrystalShard","evolutionmod:Aphrodisiac+1"],"picked":"evolutionmod:CrystalDust","floor":22},{"not_picked":["evolutionmod:TalonStrike+1","evolutionmod:CrystalShard"],"picked":"evolutionmod:Hatch","floor":25}],"player_experience":1067665,"relics_obtained":[{"floor":3,"key":"aspiration:SeaSaltIceCream"},{"floor":9,"key":"jedi:heavyjacket"},{"floor":11,"key":"Bottled Tornado"},{"floor":26,"key":"Orichalcum"},{"floor":27,"key":"jedi:gremlinknob"}],"event_choices":[{"damage_healed":0,"gold_gain":0,"player_choice":"0 cards matched","damage_taken":0,"max_hp_gain":0,"max_hp_loss":0,"event_name":"Match and Keep!","floor":5,"gold_loss":0,"cards_obtained":[]},{"damage_healed":0,"gold_gain":0,"player_choice":"Anchor","damage_taken":0,"relics_obtained":["Anchor"],"max_hp_gain":0,"max_hp_loss":0,"event_name":"blackbeard:ShipwreckEvent","floor":20,"gold_loss":0},{"damage_healed":0,"gold_gain":0,"player_choice":"Bought 2 Potions","damage_taken":0,"max_hp_gain":0,"max_hp_loss":0,"event_name":"The Woman in Blue","floor":24,"gold_loss":0}],"is_beta":false,"boss_relics":[{"not_picked":["aspiration:PoetsPen_weak","aspiration:SilentSkillbook"],"picked":"jedi:hotpepper"}],"items_purged_floors":[4],"is_endless":false,"potions_floor_spawned":[7,13,18,22],"killed_by":"Replay:Snechameleon","ascension_level":0}}