{"host":"kjmsjq3kpb3v9rdj","time":1607969091,"event":{"mods":["Aspiration","BaseMod","CCEM","Colored Powertips","Conspire","GifTheSpireLib","Halation","Highlight Path","Hubris","Ironclad Rager","Minty Spire (QoL Compilation)","Quick Restart","Small Relic Pack","Spicy Shops","Spikes Relics","StSLib","Stuff the Spire","The Animator","The Blue Laboratory","The Runesmith","Trackpad","vexMod"],"gold_per_floor":[119,139,152,152,152,187,201,201,224,256,998405,998423,998455,998466,998466,998563,998663,998663,998663,998663,997911,997941,997941],"floor_reached":24,"playtime":2049,"items_purged":[],"score":1470,"play_id":"e653dc34-f192-4145-b675-67f3fcc9df46","local_time":"20201214100451","is_ascension_mode":true,"campfire_choices":[{"data":"Chaos","floor":8,"key":"SMITH"},{"floor":15,"key":"RECALL"},{"data":"1","floor":20,"key":"LIFT"}],"circlet_count":0,"master_deck":["conspire:GhostlyStrike","conspire:GhostlyStrike","conspire:GhostlyStrike","conspire:GhostlyStrike","conspire:GhostlyDefend","conspire:GhostlyDefend","conspire:GhostlyDefend","conspire:GhostlyDefend","Zap","Dualcast","Beam Cell","StuffTheSpire:Plugnplay","Glacier","Tempest","Chaos+1","StuffTheSpire:NuclearReactor","hubris:DoWhile","Hello World","Violence","Impatience","StuffTheSpire:Synthwave","Electrodynamics","Echo Form","Multi-Cast","Creative AI","Force Field+1"],"relics":["hubris:VirtuousBlindfold","hubris:Icosahedron","halation:PrussianBluePaint","Girya","hubris:RGBLights","vexMod:HeadHunter","Omamori","trackpad:ZombieHeart","vexMod:MemoryStick","aspiration:RunicSpoon","hubris:BlackHole","CCEMRelics:SpiritsEdge","vexMod:Dragonfruit","Membership Card","StuffTheSpire:ColdMirror","vexMod:BarristanHead","halation:AfternoonTea"],"acts_visited":["Exordium","TheCity","TheBeyond","TheEnding"],"potions_floor_usage":[13,23,23],"damage_taken":[{"damage":7,"enemies":"Small Slimes","floor":1,"turns":3},{"damage":0,"enemies":"2 Louse","floor":2,"turns":2},{"damage":4,"enemies":"Jaw Worm","floor":3,"turns":3},{"damage":29,"enemies":"Lagavulin","floor":6,"turns":6},{"damage":8,"enemies":"Blue Slaver","floor":7,"turns":3},{"damage":21,"enemies":"Gremlin Nob","floor":10,"turns":4},{"damage":4,"enemies":"Gremlin Gang","floor":12,"turns":1},{"damage":5,"enemies":"3 Sentries","floor":13,"turns":2},{"damage":2,"enemies":"Exordium Thugs","floor":14,"turns":1},{"damage":1,"enemies":"Slime Boss","floor":16,"turns":1},{"damage":1,"enemies":"conspire:MysteriousRune","floor":17,"turns":1},{"damage":2,"enemies":"Donu and Deca","floor":18,"turns":1},{"damage":2,"enemies":"Shield and Spear","floor":22,"turns":1},{"damage":1014,"enemies":"The Heart","floor":23,"turns":1}],"seed_played":"289644720834541844","potions_obtained":[{"floor":6,"key":"blueLaboratory:PlasmaFuel"},{"floor":7,"key":"FairyPotion"}],"is_trial":false,"path_per_floor":["M","M","M","?","?","E","M","R","T","E","$","M","E","M","R","B",null,null,null,"R","$","E","B",null],"character_chosen":"DEFECT","items_purchased":["hubris:RGBLights","vexMod:HeadHunter","Omamori","trackpad:ZombieHeart","blueLaboratory:RelayPotion","hubris:DoWhile","Hello World","Violence","Impatience","CCEMRelics:SpiritsEdge","vexMod:Dragonfruit","Membership Card","StuffTheSpire:ColdMirror","vexMod:BarristanHead"],"campfire_rested":0,"item_purchase_floors":[11,11,11,11,11,11,11,11,11,21,21,21,21,21],"current_hp_per_floor":[68,68,64,64,64,35,27,27,27,6,6,6,82,82,82,82,85,86,88,88,93,93,29],"gold":997941,"neow_bonus":"BOSS_RELIC","is_daily":false,"chose_seed":false,"campfire_upgraded":1,"win_rate":0.0,"timestamp":1607969091,"path_taken":["M","M","M","?","?","E","M","R","T","E","?","?","E","M","R","BOSS","BOSS","BOSS","R","$","E","BOSS","BOSS"],"items_purchased_type":["Relic","Relic","Relic","Relic","Potion","Card","Card","Card","Card","Relic","Relic","Relic","Relic","Relic"],"build_version":"2020-12-13","purchased_purges":0,"victory":true,"max_hp_per_floor":[75,75,75,75,75,75,75,75,75,75,75,79,82,84,84,85,86,88,88,88,93,95,96],"card_choices":[{"not_picked":["Compile Driver","Turbo"],"picked":"Beam Cell","floor":1},{"not_picked":["Gash","StuffTheSpire:NuclearReactor"],"picked":"StuffTheSpire:Plugnplay","floor":2},{"not_picked":["Auto Shields","Streamline"],"picked":"Glacier","floor":3},{"not_picked":["Coolheaded","Cold Snap"],"picked":"Tempest","floor":6},{"not_picked":["Streamline","Reprogram"],"picked":"Chaos","floor":7},{"not_picked":["Beam Cell","Cold Snap"],"picked":"StuffTheSpire:NuclearReactor","floor":10},{"not_picked":["Steam","StuffTheSpire:Plugnplay"],"picked":"StuffTheSpire:Synthwave","floor":12},{"not_picked":["StuffTheSpire:LaunchingStrike","StuffTheSpire:ForEach"],"picked":"Electrodynamics","floor":13},{"not_picked":["RefreshScreen","Cold Snap","All For One"],"picked":"SKIP","floor":13},{"not_picked":["StuffTheSpire:CleanHardDrive","Rebound","StuffTheSpire:Plugnplay"],"picked":"SKIP","floor":14},{"not_picked":["Hyperbeam","hubris:Prefetch"],"picked":"Echo Form","floor":16},{"not_picked":["hubris:SpecializedCircuitry","StuffTheSpire:EventHorizon"],"picked":"Multi-Cast","floor":17},{"not_picked":["StuffTheSpire:LaunchingStrike","StuffTheSpire:EventHorizon"],"picked":"Creative AI","floor":22},{"not_picked":["Turbo+1","Steam+1"],"picked":"Force Field+1","floor":22}],"player_experience":453182,"relics_obtained":[{"floor":6,"key":"halation:PrussianBluePaint"},{"floor":10,"key":"Girya"},{"floor":13,"key":"vexMod:MemoryStick"},{"floor":22,"key":"halation:AfternoonTea"}],"event_choices":[{"damage_healed":0,"gold_gain":0,"player_choice":"Agree","damage_taken":0,"max_hp_gain":0,"max_hp_loss":0,"event_name":"conspire:LoneGhost","floor":4,"gold_loss":0}],"is_beta":false,"boss_relics":[{"not_picked":["Snecko Eye","CCEMRelics:TransientCore"],"picked":"aspiration:RunicSpoon"},{"not_picked":["Coffee Dripper","Fusion Hammer"],"picked":"hubris:BlackHole"}],"items_purged_floors":[],"is_endless":false,"potions_floor_spawned":[6,7,12,14],"ascension_level":3}}