{"host":"7p9x7pjspzs3wva0","time":1607940685,"event":{"mods":["Aspiration","BaseMod","Better Skull","Better Third Choice","BetterRewards","Colored Map","Conspire","Dio Mod","Energized Spire","Infinite Spire","Minty Spire (QoL Compilation)","Replay The Spire","Small Relic Pack","StSLib","The Bug Knight","The Jungle"],"gold_per_floor":[115,115,10,10,10,10,40,50,73,92,122,24,24,41,41,120,120,158,172,192,218,237,237,237,237,237,97,97,107,124,140,140,214,214,228,242,259,272,94,94,94,121,168,194,194,206,220,142,142,142,142],"floor_reached":52,"playtime":3127,"items_purged":[],"score":1798,"play_id":"35a30141-29bd-4ee8-bbe8-961f5e412851","local_time":"20201214121125","is_ascension_mode":true,"campfire_choices":[{"data":"Bite","floor":6.0,"key":"SMITH"},{"floor":15.0,"key":"REST"},{"floor":23.0,"key":"REST"},{"floor":25.0,"key":"REST"},{"data":"dioMod:ZaWarudo","floor":28.0,"key":"SMITH"},{"floor":32.0,"key":"REST"},{"data":"Apotheosis","floor":40.0,"key":"SMITH"},{"floor":45.0,"key":"REST"},{"floor":49.0,"key":"REST"}],"circlet_count":0,"master_deck":["AscendersBane","dioMod:Strike","dioMod:Strike","dioMod:Strike","dioMod:Strike","Bite+1","dioMod:Defend","dioMod:Defend","dioMod:Defend","dioMod:Defend","dioMod:DaggerToss","dioMod:BloodShield","Reaper+1","dioMod:Muda","dioMod:BlendIn","dioMod:GoodbyeJojo","dioMod:TripleThreat","dioMod:FlyAway","dioMod:LaserVision+1","dioMod:Hiss","dioMod:ZaWarudo+1","dioMod:CautiousMuda","dioMod:BloodSplash","dioMod:TheWalk","dioMod:SadisticLaugh","dioMod:MudaMudaMuda","dioMod:DisarmingVoice","dioMod:BloodSuck","dioMod:StreetSign","dioMod:Pluck","dioMod:DominatingPresence+1","dioMod:ComposedMuda","Apotheosis+1","dioMod:DoubleTime+1","dioMod:MudaMudaMuda"],"relics":["dioMod:VampireBlood","relicPack:OneForAll","Replay:Wax Seal","aspiration:ChemicalBlood","ReplayFunnel","infinitespire:Satchel","Red Mask","Toy Ornithopter","conspire:RoyalGoblet","Fusion Hammer","aspiration:HiddenCompartment","ReplayTheSpireMod:Lightbulb","Darkstone Periapt"],"acts_visited":["Exordium","TheCity","TheBeyond"],"potions_floor_usage":[51,51,51,51,51,51,51,51],"damage_taken":[{"damage":6.0,"enemies":"Small Slimes","floor":1.0,"turns":3.0},{"damage":56.0,"enemies":"3 Sentries","floor":7.0,"turns":11.0},{"damage":9.0,"enemies":"Jaw Worm","floor":8.0,"turns":5.0},{"damage":7.0,"enemies":"Cultist","floor":10.0,"turns":4.0},{"damage":40.0,"enemies":"Gremlin Nob","floor":11.0,"turns":6.0},{"damage":4.0,"enemies":"Blue Slaver","floor":14.0,"turns":3.0},{"damage":74.0,"enemies":"Fading Forest","floor":16.0,"turns":13.0},{"damage":22.0,"enemies":"2 Thieves","floor":18.0,"turns":5.0},{"damage":16.0,"enemies":"Chosen","floor":19.0,"turns":6.0},{"damage":37.0,"enemies":"Snecko","floor":20.0,"turns":6.0},{"damage":26.0,"enemies":"Masked Bandits","floor":21.0,"turns":3.0},{"damage":24.0,"enemies":"Snake Plant","floor":22.0,"turns":7.0},{"damage":36.0,"enemies":"Centurion and Healer","floor":29.0,"turns":5.0},{"damage":49.0,"enemies":"Cultist and Chosen","floor":30.0,"turns":10.0},{"damage":39.0,"enemies":"conspire:HollyBat","floor":31.0,"turns":13.0},{"damage":112.0,"enemies":"Collector","floor":33.0,"turns":13.0},{"damage":22.0,"enemies":"3 Shapes","floor":35.0,"turns":5.0},{"damage":21.0,"enemies":"Orb Walker","floor":36.0,"turns":4.0},{"damage":1.0,"enemies":"4 Shapes","floor":37.0,"turns":6.0},{"damage":43.0,"enemies":"Jaw Worm Horde","floor":38.0,"turns":5.0},{"damage":32.0,"enemies":"Reptomancer","floor":42.0,"turns":7.0},{"damage":48.0,"enemies":"Nemesis","floor":44.0,"turns":8.0},{"damage":56.0,"enemies":"Writhing Mass","floor":46.0,"turns":6.0},{"damage":29.0,"enemies":"4 Shapes","floor":47.0,"turns":4.0},{"damage":92.0,"enemies":"Donu and Deca","floor":50.0,"turns":8.0},{"damage":153,"enemies":"Awakened One","floor":51,"turns":12}],"seed_played":"-1418957196730378701","potions_obtained":[{"floor":8.0,"key":"Swift Potion"},{"floor":10.0,"key":"dioMod:HumanBlood"},{"floor":11.0,"key":"Block Potion"},{"floor":13.0,"key":"EssenceOfSteel"},{"floor":18.0,"key":"Strength Potion"},{"floor":20.0,"key":"Toxic Potion"},{"floor":20.0,"key":"AttackPotion"},{"floor":30.0,"key":"Weak Potion"},{"floor":31.0,"key":"Milkshake"},{"floor":31.0,"key":"BlessingOfTheForge"},{"floor":38.0,"key":"Swift Potion"},{"floor":38.0,"key":"AttackPotion"},{"floor":42.0,"key":"FearPotion"},{"floor":42.0,"key":"Venom Potion"},{"floor":44.0,"key":"Dexterity Potion"},{"floor":46.0,"key":"Block Potion"},{"floor":46.0,"key":"AttackPotion"},{"floor":47.0,"key":"Milkshake"},{"floor":47.0,"key":"Fire Potion"}],"is_trial":false,"path_per_floor":["M","?","$","?","?","R","E","M","T","M","E","$","?","M","R","B",null,"M","M","M","?","M","R","?","R","T","$","R","M","M","M","R","B",null,"M","M","M","M","$","R","AVR","E","T","E","R","M","M","$","R","B","B",null],"character_chosen":"THE_DEFAULT","items_purchased":["dioMod:BloodShield","dioMod:HumanBlood","dioMod:FlyAway","dioMod:LaserVision+1","dioMod:MudaMudaMuda","dioMod:HumanBlood","Apotheosis","dioMod:MudaMudaMuda"],"campfire_rested":6,"item_purchase_floors":[3,3,12,12,27,27,39,48],"current_hp_per_floor":[74,74,74,74,60,60,43,48,48,55,29,29,29,28,51,25,64,51,41,18,18,9,32,32,55,55,55,55,42,27,31,54,27,65,65,59,82,64,64,64,64,82,82,76,82,43,34,34,58,19,20],"gold":142,"neow_bonus":"TEN_PERCENT_HP_BONUS","is_daily":false,"chose_seed":false,"campfire_upgraded":3,"win_rate":0.0,"timestamp":1607940685,"path_taken":["M","?","$","?","?","R","E","M","T","?","E","$","?","M","R","BOSS","M","?","M","?","M","R","?","R","T","$","R","M","?","?","R","BOSS","M","?","M","M","$","R","AVR","E","T","E","R","?","M","$","R","BOSS","BOSS"],"items_purchased_type":["Card","Potion","Card","Card","Card","Potion","Card","Card"],"build_version":"2020-12-13","purchased_purges":0,"victory":true,"max_hp_per_floor":[77,77,77,77,77,77,77,77,77,77,77,77,77,77,77,77,77,77,77,77,77,77,77,77,77,77,77,77,77,77,77,77,77,77,77,77,82,82,82,82,82,82,82,82,82,82,82,82,82,82,82],"card_choices":[{"not_picked":["dioMod:SlashThroughTime","dioMod:Roundabout"],"picked":"dioMod:DaggerToss","floor":1.0},{"not_picked":["dioMod:LaserVision","dioMod:CautiousMuda"],"picked":"dioMod:Muda","floor":7.0},{"not_picked":["dioMod:TripleThreat","dioMod:SecretPlan"],"picked":"dioMod:BlendIn","floor":8.0},{"not_picked":["dioMod:TripleThreat","dioMod:ComposedMuda"],"picked":"dioMod:GoodbyeJojo","floor":10.0},{"not_picked":["dioMod:WRYYY","dioMod:GoodbyeJojo"],"picked":"dioMod:TripleThreat","floor":11.0},{"not_picked":["dioMod:WRYYY","dioMod:LaserVision"],"picked":"dioMod:Hiss","floor":14.0},{"not_picked":["dioMod:UltimateSacrifice","dioMod:KonoDioDa"],"picked":"dioMod:ZaWarudo","floor":16.0},{"not_picked":["dioMod:HeavyLifting","dioMod:BloodShield"],"picked":"dioMod:CautiousMuda","floor":18.0},{"not_picked":["dioMod:BlendIn+1","dioMod:BloodSuck"],"picked":"dioMod:BloodSplash","floor":19.0},{"not_picked":["dioMod:SecretPlan","dioMod:Hiss","dioMod:TripleThreat"],"picked":"SKIP","floor":20.0},{"not_picked":["dioMod:HeavyLifting","dioMod:BloodShield"],"picked":"dioMod:TheWalk","floor":21.0},{"not_picked":["dioMod:Diversion","dioMod:Roundabout","dioMod:SlashThroughTime"],"picked":"SKIP","floor":22.0},{"not_picked":["dioMod:DarkRebirth","dioMod:CutDeep"],"picked":"dioMod:DisarmingVoice","floor":29.0},{"not_picked":["dioMod:Hiss","dioMod:VengefulMuda"],"picked":"dioMod:BloodSuck","floor":30.0},{"not_picked":["dioMod:Muda","dioMod:CautiousMuda"],"picked":"dioMod:StreetSign","floor":31.0},{"not_picked":["dioMod:SevenPageMuda","dioMod:TheWalk"],"picked":"dioMod:Pluck","floor":33.0},{"not_picked":["dioMod:StreetSign","dioMod:CoffinBath"],"picked":"dioMod:DominatingPresence+1","floor":35.0},{"not_picked":["dioMod:CautiousMuda+1","dioMod:FlyAway"],"picked":"dioMod:ComposedMuda","floor":36.0},{"not_picked":["dioMod:GoodbyeJojo+1","dioMod:BloodShield+1","dioMod:TripleThreat"],"picked":"SKIP","floor":37.0},{"not_picked":["dioMod:CautiousMuda","dioMod:Diversion+1","dioMod:Roundabout+1"],"picked":"SKIP","floor":38.0},{"not_picked":["dioMod:WRYYY","dioMod:Hiss"],"picked":"dioMod:DoubleTime+1","floor":42.0},{"not_picked":["dioMod:HeavyLifting+1","dioMod:Roundabout","dioMod:LaserVision"],"picked":"SKIP","floor":44.0},{"not_picked":["dioMod:DaggerSpree","dioMod:BloodShield","dioMod:SadisticLaugh"],"picked":"SKIP","floor":46.0},{"not_picked":["dioMod:UltimateSacrifice","dioMod:MudaMudaMuda","dioMod:StreetSign"],"picked":"SKIP","floor":47.0}],"player_experience":279284,"relics_obtained":[{"floor":7.0,"key":"aspiration:ChemicalBlood"},{"floor":9.0,"key":"ReplayFunnel"},{"floor":11.0,"key":"infinitespire:Satchel"},{"floor":21.0,"key":"Red Mask"},{"floor":26.0,"key":"Toy Ornithopter"},{"floor":42.0,"key":"aspiration:HiddenCompartment"},{"floor":43.0,"key":"ReplayTheSpireMod:Lightbulb"},{"floor":44.0,"key":"Darkstone Periapt"}],"event_choices":[{"damage_healed":0.0,"max_hp_gain":0.0,"max_hp_loss":0.0,"gold_gain":0.0,"event_name":"Lab","player_choice":"Got Potions","floor":13.0,"gold_loss":0.0,"damage_taken":0.0},{"damage_healed":0.0,"max_hp_gain":0.0,"max_hp_loss":0.0,"gold_gain":0.0,"event_name":"Masked Bandits","player_choice":"Fought Bandits","floor":21.0,"gold_loss":0.0,"damage_taken":0.0},{"damage_healed":0.0,"max_hp_gain":0.0,"max_hp_loss":0.0,"gold_gain":0.0,"event_name":"Match and Keep!","player_choice":"1 cards matched","floor":24.0,"gold_loss":0.0,"damage_taken":0.0,"cards_obtained":["dioMod:SadisticLaugh"]}],"is_beta":false,"boss_relics":[{"not_picked":["Ectoplasm","Pandora\u0027s Box","energizedSpire:EnergizedDie"]},{"not_picked":["Calling Bell","Empty Cage"],"picked":"conspire:RoyalGoblet"}],"items_purged_floors":[],"is_endless":false,"potions_floor_spawned":[8,10,16,20,29,30,31,38,42,46,47],"ascension_level":20}}