{"host":"1rcu5ixl4icqax5v","time":1607951196,"event":{"mods":["BaseMod","Bestiary","Block Reminder","Colored Map","DeckTracker","Highlight Path","Minty Spire (QoL Compilation)","Quick Restart","Relic Sorter","Relic Stats"],"gold_per_floor":[111,123,135,150,150,182,182,208,231,231,156,187,187,202,202,304,304,321,321,339,353,366,394,394,405,429,704,190,201,228,274,274,376,376,394,15,29,39,39,39,70,70,70,97,97,97,97,127,127,127],"floor_reached":51,"playtime":4605,"items_purged":["Strike_P","Regret","Eruption"],"score":842,"play_id":"fe498e6f-5107-4381-973f-617c549b7d10","local_time":"20201214160636","is_ascension_mode":true,"campfire_choices":[{"data":"PathToVictory","floor":7.0,"key":"SMITH"},{"data":"InnerPeace","floor":10.0,"key":"SMITH"},{"floor":13.0,"key":"REST"},{"data":"LikeWater","floor":15.0,"key":"SMITH"},{"data":"Judgement","floor":24.0,"key":"SMITH"},{"floor":32.0,"key":"REST"},{"data":"Establishment","floor":40,"key":"SMITH"},{"floor":42,"key":"REST"},{"data":"Purity","floor":45,"key":"SMITH"},{"floor":49,"key":"REST"}],"circlet_count":0,"master_deck":["Defend_P","Defend_P","Vigilance","Protect","PathToVictory+1","Halt","LikeWater+1","InnerPeace+1","Judgement+1","Weave+1","Weave+1","PathToVictory+1","Sanctity","DeceiveReality","PathToVictory+1","Protect+1","Establishment+1","CurseOfTheBell","Wireheading+1","Parasite","Purity+1","PanicButton","Finesse","PathToVictory+1"],"relics":["Empty Cage","Singing Bowl","Tiny Chest","Astrolabe","DollysMirror","Meat on the Bone","Calling Bell","Bag of Marbles","Vajra","Bronze Scales","Ancient Tea Set","Toy Ornithopter","Centennial Puzzle","Mummified Hand","Oddly Smooth Stone","Mercury Hourglass","Incense Burner","Letter Opener","Frozen Egg 2","Thread and Needle","The Courier","Ginger"],"acts_visited":["Exordium","TheCity","TheBeyond"],"potions_floor_usage":[41,50],"damage_taken":[{"damage":0.0,"enemies":"Cultist","floor":1.0,"turns":4.0},{"damage":5.0,"enemies":"Jaw Worm","floor":2.0,"turns":4.0},{"damage":0.0,"enemies":"2 Louse","floor":3.0,"turns":2.0},{"damage":1.0,"enemies":"2 Fungi Beasts","floor":4.0,"turns":4.0},{"damage":4.0,"enemies":"Lagavulin","floor":6.0,"turns":6.0},{"damage":8.0,"enemies":"3 Sentries","floor":8.0,"turns":14.0},{"damage":16.0,"enemies":"Gremlin Nob","floor":12.0,"turns":4.0},{"damage":0.0,"enemies":"Red Slaver","floor":14.0,"turns":3.0},{"damage":21.0,"enemies":"The Guardian","floor":16.0,"turns":11.0},{"damage":0.0,"enemies":"Spheric Guardian","floor":18.0,"turns":3.0},{"damage":1.0,"enemies":"Shell Parasite","floor":20.0,"turns":5.0},{"damage":9.0,"enemies":"Snake Plant","floor":21.0,"turns":3.0},{"damage":8.0,"enemies":"3 Cultists","floor":22.0,"turns":5.0},{"damage":10.0,"enemies":"Slavers","floor":23.0,"turns":8.0},{"damage":16.0,"enemies":"Centurion and Healer","floor":25.0,"turns":8.0},{"damage":5.0,"enemies":"Snecko","floor":29.0,"turns":4.0},{"damage":6.0,"enemies":"Book of Stabbing","floor":30.0,"turns":7.0},{"damage":2.0,"enemies":"Champ","floor":33.0,"turns":12.0},{"damage":13.0,"enemies":"Orb Walker","floor":35.0,"turns":3.0},{"damage":0.0,"enemies":"3 Darklings","floor":37.0,"turns":4.0},{"damage":0,"enemies":"Writhing Mass","floor":38,"turns":5},{"damage":10,"enemies":"Nemesis","floor":41,"turns":7},{"damage":36,"enemies":"Reptomancer","floor":44,"turns":6},{"damage":16,"enemies":"Nemesis","floor":48,"turns":6},{"damage":16,"enemies":"Time Eater","floor":50,"turns":10}],"seed_played":"7978507251100716305","potions_obtained":[{"floor":1.0,"key":"BlessingOfTheForge"},{"floor":4.0,"key":"SpeedPotion"},{"floor":5.0,"key":"CultistPotion"},{"floor":5.0,"key":"Strength Potion"},{"floor":14.0,"key":"Weak Potion"},{"floor":16.0,"key":"Dexterity Potion"},{"floor":18.0,"key":"FearPotion"},{"floor":21.0,"key":"Swift Potion"},{"floor":29.0,"key":"SteroidPotion"},{"floor":38,"key":"BlessingOfTheForge"},{"floor":48,"key":"LiquidMemories"}],"is_trial":false,"path_per_floor":["M","M","M","M","?","E","R","E","T","R","$","E","R","M","R","B",null,"M","?","M","M","M","E","R","M","T","?","$","M","E","T","R","B",null,"M","$","M","M","?","R","E","R","T","E","R","?","T","E","R","B",null],"character_chosen":"WATCHER","items_purchased":["DollysMirror","Mummified Hand","Singing Bowl"],"campfire_rested":4,"item_purchase_floors":[28,28,36],"current_hp_per_floor":[72,67,67,66,66,62,62,54,54,54,54,38,59,59,59,38,72,72,72,71,62,54,44,44,28,28,28,28,23,22,22,43,41,72,59,59,61,63,53,53,48,70,70,48,48,48,48,46,70,59],"gold":127,"neow_bonus":"BOSS_RELIC","is_daily":false,"chose_seed":false,"campfire_upgraded":6,"win_rate":0.0,"timestamp":1607951196,"path_taken":["M","M","M","M","?","E","R","E","T","R","$","E","R","M","R","BOSS","M","?","M","M","M","E","R","M","T","?","$","?","E","?","R","BOSS","M","$","M","?","?","R","E","R","T","E","R","?","?","E","R","BOSS"],"items_purchased_type":["Relic","Relic","Relic"],"build_version":"2020-12-13","purchased_purges":3,"victory":true,"max_hp_per_floor":[72,72,72,72,72,72,72,72,72,72,72,72,72,72,72,72,72,72,72,72,72,72,72,72,72,72,72,72,72,72,72,72,72,72,72,72,74,76,76,76,76,76,76,78,78,78,78,80,80,80],"relic_stats":{"Singing Bowl":8,"counters":[25,148],"Astrolabe":["Weave","Weave","PathToVictory"],"Letter Opener":[66],"Ginger":[3],"Mercury Hourglass":[138],"Centennial Puzzle":[24],"Mummified Hand":[27],"Bronze Scales":[374],"Tiny Chest":2,"obtain_stats":[{"Singing Bowl":36,"Astrolabe":17,"Vajra":6,"Oddly Smooth Stone":31,"Thread and Needle":46,"The Courier":47,"Incense Burner":34,"Letter Opener":41,"Ginger":48,"Frozen Egg 2":43,"Empty Cage":0,"Ancient Tea Set":12,"Mercury Hourglass":34,"Calling Bell":34,"Centennial Puzzle":26,"DollysMirror":28,"Mummified Hand":28,"Bronze Scales":9,"Tiny Chest":8,"Bag of Marbles":34,"PureWater":0,"Toy Ornithopter":23,"Meat on the Bone":30},{"Singing Bowl":19,"Astrolabe":9,"Vajra":5,"Oddly Smooth Stone":17,"Thread and Needle":23,"The Courier":23,"Incense Burner":18,"Letter Opener":22,"Ginger":24,"Frozen Egg 2":22,"Empty Cage":0,"Ancient Tea Set":7,"Mercury Hourglass":18,"Calling Bell":18,"Centennial Puzzle":15,"DollysMirror":15,"Mummified Hand":15,"Bronze Scales":6,"Tiny Chest":6,"Bag of Marbles":18,"PureWater":0,"Toy Ornithopter":14,"Meat on the Bone":17},{"Singing Bowl":110,"Astrolabe":52,"Vajra":20,"Oddly Smooth Stone":95,"Thread and Needle":132,"The Courier":132,"Incense Burner":107,"Letter Opener":126,"Ginger":138,"Frozen Egg 2":126,"Empty Cage":0,"Ancient Tea Set":38,"Mercury Hourglass":107,"Calling Bell":107,"Centennial Puzzle":84,"DollysMirror":84,"Mummified Hand":84,"Bronze Scales":34,"Tiny Chest":34,"Bag of Marbles":107,"PureWater":0,"Toy Ornithopter":76,"Meat on the Bone":95}],"Toy Ornithopter":15,"Meat on the Bone":24},"card_choices":[{"not_picked":["WaveOfTheHand","Consecrate"],"picked":"Protect","floor":1.0},{"not_picked":["EmptyFist","SashWhip"],"picked":"PathToVictory","floor":2.0},{"not_picked":["DeceiveReality","Consecrate"],"picked":"Halt","floor":3.0},{"not_picked":["Perseverance","EmptyFist"],"picked":"LikeWater","floor":4.0},{"not_picked":["DeceiveReality","ClearTheMind","FlyingSleeves"],"picked":"SKIP","floor":6.0},{"not_picked":["WindmillStrike","Fasting2"],"picked":"InnerPeace","floor":8.0},{"not_picked":["EmptyFist","Swivel","Omniscience"],"picked":"SKIP","floor":12.0},{"not_picked":["Crescendo","Consecrate","WreathOfFlame"],"picked":"SKIP","floor":14.0},{"not_picked":["Alpha","DevaForm"],"picked":"Judgement","floor":16.0},{"not_picked":["FlyingSleeves+1","FollowUp"],"picked":"Sanctity","floor":18.0},{"not_picked":["InnerPeace","Sanctity","SashWhip"],"picked":"SKIP","floor":20.0},{"not_picked":["EmptyFist","WindmillStrike","Crescendo+1"],"picked":"SKIP","floor":21.0},{"not_picked":["Worship","FearNoEvil"],"picked":"DeceiveReality","floor":22.0},{"not_picked":["Vengeance+1","FlurryOfBlows+1","CrushJoints"],"picked":"SKIP","floor":23.0},{"not_picked":["EmptyFist","CrushJoints","BowlingBash"],"picked":"SKIP","floor":25.0},{"not_picked":["JustLucky","EmptyBody"],"picked":"Protect+1","floor":29.0},{"not_picked":["JustLucky+1","Crescendo"],"picked":"Wish","floor":30.0},{"not_picked":["Alpha","LessonLearned"],"picked":"Establishment","floor":33.0},{"not_picked":["WreathOfFlame","MentalFortress"],"picked":"Wireheading+1","floor":35.0},{"not_picked":["EmptyBody","ClearTheMind+1","SashWhip+1"],"picked":"Singing Bowl","floor":37.0},{"not_picked":["Evaluate+1","Crescendo","Consecrate"],"picked":"Singing Bowl","floor":38},{"not_picked":["Finesse","Bandage Up"],"picked":"Purity","floor":39},{"not_picked":["Apotheosis","Mind Blast"],"picked":"PanicButton","floor":39},{"not_picked":["Jack Of All Trades","Impatience"],"picked":"Finesse","floor":39},{"not_picked":["Sanctity","SashWhip"],"picked":"PathToVictory+1","floor":41},{"not_picked":["Conclude+1","SpiritShield","Prostrate+1"],"picked":"Singing Bowl","floor":44},{"not_picked":["Indignation","Halt+1","Protect"],"picked":"Singing Bowl","floor":48}],"player_experience":622597,"relics_obtained":[{"floor":6.0,"key":"Vajra"},{"floor":8.0,"key":"Tiny Chest"},{"floor":9.0,"key":"Bronze Scales"},{"floor":12.0,"key":"Ancient Tea Set"},{"floor":23.0,"key":"Toy Ornithopter"},{"floor":26.0,"key":"Centennial Puzzle"},{"floor":30.0,"key":"Meat on the Bone"},{"floor":31.0,"key":"Oddly Smooth Stone"},{"floor":34.0,"key":"Bag of Marbles"},{"floor":34.0,"key":"Mercury Hourglass"},{"floor":34.0,"key":"Incense Burner"},{"floor":41,"key":"Letter Opener"},{"floor":43,"key":"Frozen Egg 2"},{"floor":47,"key":"The Courier"},{"floor":48,"key":"Ginger"}],"event_choices":[{"damage_healed":0.0,"max_hp_gain":0.0,"max_hp_loss":0.0,"gold_gain":0.0,"event_name":"Lab","player_choice":"Got Potions","floor":5.0,"gold_loss":0.0,"damage_taken":0.0},{"damage_healed":0.0,"max_hp_gain":0.0,"max_hp_loss":0.0,"gold_gain":0.0,"event_name":"Ghosts","player_choice":"Ignored","floor":19.0,"gold_loss":0.0,"damage_taken":0.0},{"damage_healed":0.0,"max_hp_gain":0.0,"max_hp_loss":0.0,"gold_gain":275.0,"event_name":"Golden Shrine","player_choice":"Desecrate","floor":27.0,"gold_loss":0.0,"damage_taken":0.0,"cards_obtained":["Regret"]},{"damage_healed":0,"gold_gain":0,"player_choice":"Memory 3","damage_taken":10,"max_hp_gain":0,"max_hp_loss":0,"event_name":"SensoryStone","floor":39,"gold_loss":0},{"cards_removed":["Wish"],"damage_healed":0,"gold_gain":0,"player_choice":"Gave Card","damage_taken":0,"relics_obtained":["Thread and Needle"],"max_hp_gain":0,"max_hp_loss":0,"event_name":"WeMeetAgain","floor":46,"gold_loss":0}],"is_beta":false,"boss_relics":[{"not_picked":["Cursed Key","Sozu"],"picked":"Astrolabe"},{"not_picked":["Runic Dome","Black Star"],"picked":"Calling Bell"}],"items_purged_floors":[11,28,36],"is_endless":false,"potions_floor_spawned":[1,4,14,16,18,21,29,38,48],"ascension_level":2}}