{"host":"k8gerrcpv9xe1nxe","time":1607924831,"event":{"mods":["2.2 Compatiblity","AchievementEnabler","BaseMod","Bestiary","Minty Spire (QoL Compilation)","Relic Stats","StSLib"],"gold_per_floor":[119,137,137,137,154,187,187,219,242,242,256,108,142,162,162,265,265,283,283,283,58,69,69,95,95,95,114,140,158,158,183,183,282,282,301,301,320,7,7,7,7,7],"floor_reached":43,"playtime":1522,"items_purged":["Steam"],"score":862,"play_id":"196ac97b-af2c-474b-8873-2d5bee3f9912","local_time":"20201214004711","is_ascension_mode":true,"campfire_choices":[{"data":"Ball Lightning","floor":7,"key":"SMITH"},{"data":"Doom and Gloom","floor":15,"key":"SMITH"},{"data":"Seek","floor":23,"key":"SMITH"},{"data":"Self Repair","floor":25,"key":"SMITH"},{"data":"Biased Cognition","floor":30,"key":"SMITH"},{"data":"Genetic Algorithm","floor":32,"key":"SMITH"},{"data":"Skim","floor":40,"key":"SMITH"}],"circlet_count":0,"master_deck":["Zap","Ball Lightning+1","Glacier","Cold Snap","Coolheaded","Self Repair+1","Doom and Gloom+1","Coolheaded","Double Energy","Sweeping Beam","Streamline","Barrage","Thunder Strike+1","Darkness","Necronomicurse","Tempest+1","Genetic Algorithm+1","Seek+1","Skim+1","Static Discharge+1","Biased Cognition+1","Hologram+1","All For One"],"relics":["Snecko Eye","Happy Flower","Juzu Bracelet","Anchor","MealTicket","Pandora\u0027s Box","Necronomicon","Orrery","Bottled Tornado","Cables","Bag of Preparation","HornCleat","Velvet Choker","Thread and Needle"],"acts_visited":["Exordium","TheCity","TheBeyond"],"potions_floor_usage":[6,31,42],"damage_taken":[{"damage":9,"enemies":"Jaw Worm","floor":1,"turns":3},{"damage":16,"enemies":"2 Louse","floor":2,"turns":3},{"damage":0,"enemies":"Small Slimes","floor":5,"turns":3},{"damage":4,"enemies":"Lagavulin","floor":6,"turns":7},{"damage":5,"enemies":"3 Sentries","floor":8,"turns":8},{"damage":0,"enemies":"Blue Slaver","floor":11,"turns":3},{"damage":9,"enemies":"Gremlin Nob","floor":13,"turns":4},{"damage":0,"enemies":"Looter","floor":14,"turns":2},{"damage":23,"enemies":"The Guardian","floor":16,"turns":10},{"damage":23,"enemies":"2 Thieves","floor":18,"turns":4},{"damage":0,"enemies":"Chosen","floor":22,"turns":3},{"damage":0,"enemies":"Gremlin Leader","floor":24,"turns":4},{"damage":0,"enemies":"Snake Plant","floor":27,"turns":1},{"damage":9,"enemies":"Book of Stabbing","floor":28,"turns":2},{"damage":0,"enemies":"Sentry and Sphere","floor":29,"turns":2},{"damage":0,"enemies":"Slavers","floor":31,"turns":3},{"damage":47,"enemies":"Champ","floor":33,"turns":9},{"damage":1,"enemies":"Orb Walker","floor":35,"turns":3},{"damage":16,"enemies":"3 Darklings","floor":37,"turns":2},{"damage":36,"enemies":"Time Eater","floor":42,"turns":6}],"seed_played":"-6067869744874316236","potions_obtained":[{"floor":5,"key":"BlessingOfTheForge"},{"floor":6,"key":"Swift Potion"},{"floor":11,"key":"EssenceOfSteel"},{"floor":13,"key":"FearPotion"},{"floor":18,"key":"Block Potion"},{"floor":29,"key":"LiquidMemories"},{"floor":31,"key":"SpeedPotion"},{"floor":37,"key":"DistilledChaos"}],"is_trial":false,"path_per_floor":["M","M","?","?","M","E","R","E","T","?","M","$","E","M","R","B",null,"M","?","?","$","M","R","E","R","T","M","E","M","R","E","R","B",null,"M","?","M","$","?","R","?","B",null],"character_chosen":"DEFECT","items_purchased":["Self Repair","Doom and Gloom","Orrery","Thread and Needle"],"campfire_rested":0,"item_purchase_floors":[12,12,21,38],"current_hp_per_floor":[66,50,35,35,35,31,31,26,26,31,31,31,29,36,36,20,80,64,48,48,63,63,63,63,63,63,73,64,64,64,74,74,37,80,80,80,64,79,79,79,79,43],"gold":7,"neow_bonus":"BOSS_RELIC","is_daily":false,"chose_seed":false,"campfire_upgraded":7,"win_rate":0.0,"timestamp":1607924831,"path_taken":["M","M","?","?","M","E","R","E","T","?","M","$","E","M","R","BOSS","M","?","?","$","M","R","E","R","T","M","E","M","R","E","R","BOSS","M","?","M","$","?","R","?","BOSS"],"items_purchased_type":["Card","Card","Relic","Relic"],"build_version":"2020-12-13","purchased_purges":1,"victory":true,"max_hp_per_floor":[75,75,75,75,75,75,75,75,75,80,80,80,80,80,80,80,80,80,80,80,80,80,80,80,80,80,80,80,80,80,80,80,80,80,80,80,80,80,80,80,80,80],"relic_stats":{"Happy Flower":[22],"counters":[20,82],"Snecko Eye":[138,144,136,148],"MealTicket":30,"Pandora\u0027s Box":["Coolheaded","Double Energy","Sweeping Beam","Streamline","Steam","Barrage","Thunder Strike","Darkness"],"Juzu Bracelet":2,"Necronomicon":[20],"Bag of Preparation":[12],"obtain_stats":[{"Happy Flower":6,"Velvet Choker":34,"Thread and Needle":38,"Juzu Bracelet":8,"Bag of Preparation":28,"Bottled Tornado":24,"Cables":26,"Anchor":9,"HornCleat":31,"Snecko Eye":0,"Orrery":21,"MealTicket":13,"Pandora\u0027s Box":17,"Necronomicon":19,"Cracked Core":0},{"Happy Flower":4,"Velvet Choker":17,"Thread and Needle":19,"Juzu Bracelet":5,"Bag of Preparation":14,"Bottled Tornado":12,"Cables":12,"Anchor":5,"HornCleat":16,"Snecko Eye":0,"Orrery":10,"MealTicket":7,"Pandora\u0027s Box":9,"Necronomicon":10,"Cracked Core":0},{"Happy Flower":16,"Velvet Choker":71,"Thread and Needle":76,"Juzu Bracelet":24,"Bag of Preparation":57,"Bottled Tornado":54,"Cables":54,"Anchor":24,"HornCleat":62,"Snecko Eye":0,"Orrery":47,"MealTicket":31,"Pandora\u0027s Box":43,"Necronomicon":47,"Cracked Core":0}],"Cables":[23,16,6,1,0]},"card_choices":[{"not_picked":["Glacier","BootSequence"],"picked":"Ball Lightning","floor":1},{"not_picked":["Chaos","Recycle"],"picked":"Glacier","floor":2},{"not_picked":["Melter","Stack"],"picked":"Cold Snap","floor":5},{"not_picked":["Steam Power","Beam Cell"],"picked":"Coolheaded","floor":6},{"not_picked":["Storm","Gash","Heatsinks"],"picked":"SKIP","floor":8},{"not_picked":["Go for the Eyes","Redo","Ball Lightning"],"picked":"SKIP","floor":11},{"not_picked":["Skim","Lockon","Stack"],"picked":"SKIP","floor":13},{"not_picked":["Go for the Eyes","Auto Shields","Barrage"],"picked":"SKIP","floor":14},{"not_picked":["Streamline","Stack+1","Redo"],"picked":"SKIP","floor":18},{"not_picked":["Turbo","Auto Shields+1"],"picked":"Tempest+1","floor":21},{"not_picked":["Leap","Go for the Eyes+1"],"picked":"Genetic Algorithm","floor":21},{"not_picked":["Ball Lightning","Stack+1"],"picked":"Seek","floor":21},{"not_picked":["Auto Shields+1","Genetic Algorithm","Gash+1"],"picked":"SKIP","floor":22},{"not_picked":["Turbo","Consume"],"picked":"Skim","floor":24},{"not_picked":["FTL","Steam"],"picked":"Static Discharge+1","floor":27},{"not_picked":["Conserve Battery","Force Field","Stack+1"],"picked":"SKIP","floor":28},{"not_picked":["Steam+1","Self Repair"],"picked":"Biased Cognition","floor":29},{"not_picked":["Turbo+1","Gash"],"picked":"Hologram+1","floor":31},{"not_picked":["Multi-Cast","Rainbow"],"picked":"All For One","floor":33},{"not_picked":["Compile Driver","Redo+1","Beam Cell+1"],"picked":"SKIP","floor":35},{"not_picked":["Cold Snap","Ball Lightning+1","Hologram"],"picked":"SKIP","floor":37}],"player_experience":49472,"relics_obtained":[{"floor":6,"key":"Happy Flower"},{"floor":8,"key":"Juzu Bracelet"},{"floor":9,"key":"Anchor"},{"floor":13,"key":"MealTicket"},{"floor":19,"key":"Necronomicon"},{"floor":24,"key":"Bottled Tornado"},{"floor":26,"key":"Cables"},{"floor":28,"key":"Bag of Preparation"},{"floor":31,"key":"HornCleat"}],"event_choices":[{"damage_healed":0,"gold_gain":0,"player_choice":"Entered Light","damage_taken":15,"max_hp_gain":0,"max_hp_loss":0,"event_name":"Shining Light","floor":3,"gold_loss":0,"cards_upgraded":["Strike_B","Strike_B"]},{"damage_healed":0,"gold_gain":0,"player_choice":"Ignored","damage_taken":0,"max_hp_gain":0,"max_hp_loss":0,"event_name":"Liars Game","floor":4,"gold_loss":0},{"damage_healed":0,"gold_gain":0,"player_choice":"Donut","damage_taken":0,"max_hp_gain":5,"max_hp_loss":0,"event_name":"Big Fish","floor":10,"gold_loss":0},{"damage_healed":0,"gold_gain":0,"player_choice":"Obtained Book","damage_taken":16,"max_hp_gain":0,"max_hp_loss":0,"event_name":"Cursed Tome","floor":19,"gold_loss":0},{"damage_healed":0,"gold_gain":0,"player_choice":"Upgraded","damage_taken":0,"max_hp_gain":0,"max_hp_loss":0,"event_name":"Upgrade Shrine","floor":20,"gold_loss":0,"cards_upgraded":["Thunder Strike"]},{"damage_healed":0,"gold_gain":0,"player_choice":"Memory 1","damage_taken":0,"max_hp_gain":0,"max_hp_loss":0,"event_name":"SensoryStone","floor":36,"gold_loss":0},{"cards_removed":["Dualcast"],"damage_healed":0,"gold_gain":0,"player_choice":"Offered Basic","damage_taken":0,"max_hp_gain":0,"max_hp_loss":0,"event_name":"Bonfire Elementals","floor":39,"gold_loss":0},{"damage_healed":0,"gold_gain":0,"player_choice":"Took Portal","damage_taken":0,"max_hp_gain":0,"max_hp_loss":0,"event_name":"SecretPortal","floor":41,"gold_loss":0}],"is_beta":false,"boss_relics":[{"not_picked":["Inserter","Tiny House"],"picked":"Pandora\u0027s Box"},{"not_picked":["Runic Pyramid","Black Star"],"picked":"Velvet Choker"}],"items_purged_floors":[21],"is_endless":false,"potions_floor_spawned":[5,6,11,13,18,27,29,31,37],"ascension_level":4}}