{"host":"v9ordiuf4xzdpttp","time":1607919058,"event":{"mods":["AchievementEnabler","Act Like it!","AlwaysNeverKeys","Aspiration","BaseMod","Better Third Choice","Better Vampires","BetterRewards","Colored Map","Conspire","Dio Mod","Downfall","Energized Spire","Gold Saver","GungeonMod","Hubris","Infinite Spire","Marked Mod","Melee Mod","Minty Spire (QoL Compilation)","Pale of the Ancients","Remove Card Discount Mod","Replay The Spire","SOS???????","Shop Mod","Small Relic Pack","Spicy Shops","StSLib","The Bladedancer","The Bug Knight","The Construct","The Hayseed","The Runesmith","The Servant 0.9.4","The Wild Card","???Mod??????Boss","??????REMEMod"],"gold_per_floor":[305,305,365,25,25,106,106,193,269,305,383,383,383],"floor_reached":12,"playtime":821,"items_purged":[],"score":99,"play_id":"5a19bf38-a2e5-45a4-9acb-15f3b3819dbe","local_time":"20201213231058","daily_mods":["DeadlyEvents","Elite Swarm","Midas"],"is_ascension_mode":true,"campfire_choices":[{"floor":7,"key":"REST"}],"circlet_count":0,"master_deck":["Strike_P","Strike_P","Strike_P","Strike_P","Defend_P","Defend_P","Defend_P","Eruption","Vigilance","Guardian:Preprogram","Protect","CarveReality","CarveReality","REME_AllRoundStrike","Transmutation","Flash of Steel","MarkedMod:ChiBlock","MarkedMod:NorthStar","Prostrate","Grand Finale"],"relics":["Ring of Chaos","REME_ComplimentaryCards","Replay:M_StaffOfTheSnake","ReplayTheSpireMod:ShopPack","MerchantsRug","hubris:Towel","Regal Pillow","ReplayTheSpireMod:TigerMarble","Frozen Egg 2","hubris:BottledRain"],"acts_visited":["Exordium"],"potions_floor_usage":[],"damage_taken":[{"damage":3,"enemies":"Jaw Worm","floor":3,"turns":5},{"damage":46,"enemies":"3 Sentries","floor":6,"turns":5},{"damage":17,"enemies":"Lagavulin","floor":8,"turns":5},{"damage":0,"enemies":"Cultist","floor":10,"turns":1},{"damage":29,"enemies":"3 Sentries","floor":11,"turns":5},{"damage":26,"enemies":"Lagavulin","floor":12,"turns":3}],"seed_played":"3518970624203861343","potions_obtained":[{"floor":8,"key":"Energy Potion"},{"floor":10,"key":"EssenceOfSteel"}],"is_trial":true,"path_per_floor":["?","?","M","$","?","E","R","E","T","M","E","E"],"character_chosen":"WATCHER","items_purchased":["CarveReality","ReplayTheSpireMod:ShopPack","MerchantsRug"],"campfire_rested":1,"item_purchase_floors":[4,4,4],"current_hp_per_floor":[72,72,69,69,69,23,59,42,42,42,13,0,0],"gold":383,"neow_bonus":"","is_daily":false,"chose_seed":false,"campfire_upgraded":0,"win_rate":0.0,"timestamp":1607919058,"path_taken":["?","?","?","$","?","E","R","E","T","M","E","?"],"items_purchased_type":["Card","Relic","Relic"],"build_version":"2020-12-13","purchased_purges":0,"victory":false,"max_hp_per_floor":[72,72,72,72,72,72,72,72,72,72,72,72,72],"card_choices":[{"not_picked":["Protect","Sanctity","BowlingBash"],"picked":"SKIP","floor":3},{"not_picked":["REME_BuildACard","The Bomb"],"picked":"REME_AllRoundStrike","floor":4},{"not_picked":["expansioncontent:Collect","expansioncontent:SuperHexaguard"],"picked":"Transmutation","floor":4},{"not_picked":["expansioncontent:Sear","Replay:Dark Deal"],"picked":"Flash of Steel","floor":4},{"not_picked":["Vault","SpiritShield"],"picked":"MarkedMod:ChiBlock","floor":6},{"not_picked":["Ragnarok","Scrawl"],"picked":"MarkedMod:NorthStar","floor":8},{"not_picked":["MentalFortress+1","MarkedMod:Acupuncture"],"picked":"Prostrate","floor":10},{"not_picked":["SpiritShield","Omniscience"],"picked":"Grand Finale","floor":11}],"player_experience":184798,"relics_obtained":[{"floor":6,"key":"Regal Pillow"},{"floor":8,"key":"ReplayTheSpireMod:TigerMarble"},{"floor":9,"key":"Frozen Egg 2"},{"floor":11,"key":"hubris:BottledRain"}],"event_choices":[{"damage_healed":0,"gold_gain":0,"cards_transformed":["Defend_P"],"player_choice":"Transformed","damage_taken":0,"max_hp_gain":0,"max_hp_loss":0,"event_name":"Transmorgrifier","floor":2,"gold_loss":0,"cards_obtained":["Protect"]}],"is_beta":false,"boss_relics":[],"items_purged_floors":[],"is_endless":false,"potions_floor_spawned":[8,10],"killed_by":"Lagavulin","ascension_level":1}}