{"host":"4ugtdcdg2eymglhf","time":1607909040,"event":{"mods":["Aspiration","BaseMod","BetterRewards","Hubris","Infinite Spire","Minty Spire (QoL Compilation)","Replay The Spire","StSLib","The Jungle","The Necromancer"],"gold_per_floor":[113,113,125,300,300,67,101,101,101,135,150,150,169,196,196,196,196],"floor_reached":16,"playtime":828,"items_purged":["Doubt"],"score":124,"play_id":"ef03d85b-c7b6-43a3-8744-30f2e3851985","local_time":"20201213172400","is_ascension_mode":true,"campfire_choices":[{"floor":15,"key":"RECALL"}],"circlet_count":0,"master_deck":["Strike_W","Strike_W","Strike_W","Defend_W","Defend_W","Defend_W","Defend_W","Negative_Energy_Arrows+1","Bone_Wall","Death_March_Dance","Bone_Spikes","Specialist","Summon_Undead_Army","Bone_Shift","Bone_Bullets","Corrupt","Summon_Undead_Army"],"relics":["infinitespire:DarkRift","aspiration:DSix","infinitespire:Cubic Diamond","Lizard Tail","ReplayTheSpireMod:Lightbulb","Ancient Tea Set"],"acts_visited":["Exordium"],"potions_floor_usage":[16,16],"damage_taken":[{"damage":3,"enemies":"Small Slimes","floor":1,"turns":4},{"damage":7,"enemies":"Jaw Worm","floor":3,"turns":7},{"damage":11,"enemies":"Replay:BlueRogue","floor":7,"turns":5},{"damage":30,"enemies":"Lagavulin","floor":10,"turns":6},{"damage":5,"enemies":"2 Louse","floor":11,"turns":5},{"damage":4,"enemies":"Gremlin Gang","floor":13,"turns":4},{"damage":30,"enemies":"Gremlin Nob","floor":14,"turns":4},{"damage":43,"enemies":"Slime Boss","floor":16,"turns":4}],"seed_played":"-103710497088970300","potions_obtained":[{"floor":1,"key":"Energy Potion"},{"floor":11,"key":"Languid Potion"},{"floor":14,"key":"FearPotion"}],"is_trial":false,"path_per_floor":["M","?","M","?","?","$","E","?","T","E","M","$","M","E","R","B"],"character_chosen":"NECROMANCER","items_purchased":["Specialist","Summon_Undead_Army"],"campfire_rested":0,"item_purchase_floors":[6,6],"current_hp_per_floor":[74,74,69,69,69,69,58,58,58,38,33,33,29,37,37,0,0],"gold":196,"neow_bonus":"DSIX","is_daily":false,"chose_seed":false,"campfire_upgraded":0,"win_rate":0.0,"timestamp":1607909040,"path_taken":["M","?","M","?","?","$","E","?","T","E","M","$","?","E","R","BOSS"],"items_purchased_type":["Card","Card"],"build_version":"2020-12-13","purchased_purges":1,"victory":false,"max_hp_per_floor":[75,75,75,75,75,75,75,75,75,75,75,75,75,75,75,75,75],"card_choices":[{"not_picked":["Negative_Energy_Mist","Deaths_Shadow"],"picked":"Death_March_Dance","floor":1},{"not_picked":["Chill_Blood","Shade_Step"],"picked":"Bone_Spikes","floor":3},{"not_picked":["Scare","Blood_Curse"],"picked":"Bone_Shift","floor":7},{"not_picked":["Bone_Shift","Death_Coil"],"picked":"Bone_Bullets","floor":10},{"not_picked":["Bones_to_Steel","Chill_Blood"],"picked":"Corrupt","floor":11},{"not_picked":["Blood_Curse","Vampiric_Strike","Whirlwind_of_Bones"],"picked":"SKIP","floor":13},{"not_picked":["Detonate_Bones","Vampiric_Strike"],"picked":"Summon_Undead_Army","floor":14}],"player_experience":326693,"relics_obtained":[{"floor":7,"key":"Lizard Tail"},{"floor":10,"key":"ReplayTheSpireMod:Lightbulb"},{"floor":14,"key":"Ancient Tea Set"}],"event_choices":[{"damage_healed":0,"gold_gain":175,"player_choice":"AGREE","damage_taken":0,"max_hp_gain":0,"max_hp_loss":0,"event_name":"Liars Game","floor":4,"gold_loss":0,"cards_obtained":["Doubt"]},{"cards_removed":["Strike_W"],"damage_healed":0,"gold_gain":0,"player_choice":"Purged","damage_taken":0,"max_hp_gain":0,"max_hp_loss":0,"event_name":"Purifier","floor":8,"gold_loss":0}],"is_beta":false,"boss_relics":[],"items_purged_floors":[6],"is_endless":false,"potions_floor_spawned":[1,11,14],"killed_by":"Slime Boss","ascension_level":1}}