{"host":"0vd2boh2oi7jm085","time":1607940802,"event":{"mods":["BaseMod","Colored Map","Colored Powertips","Highlight Path","Minty Spire (QoL Compilation)","Quick Restart","StSLib","The IronCluck"],"gold_per_floor":[119,119,41,41,55,55,130,150,176,188,198,23,23,33,33,33,33],"floor_reached":16,"playtime":277,"items_purged":[],"score":170,"play_id":"8058bb76-a0ec-4297-bcd4-be8fdcec5e6e","local_time":"20201214021322","is_ascension_mode":true,"campfire_choices":[{"data":"Cleave","floor":6,"key":"SMITH"},{"floor":15,"key":"REST"}],"circlet_count":0,"master_deck":["AscendersBane","Strike_R","Strike_R","Strike_R","Strike_R","Strike_R","Defend_R","Defend_R","Defend_R","Defend_R","Bash","Armaments","Double Tap+1","Cleave+1","Blood for Blood","Whirlwind","Pummel","Whirlwind"],"relics":["Burning Blood","NeowsBlessing","Omamori"],"acts_visited":["Exordium"],"potions_floor_usage":[16,16],"damage_taken":[{"damage":0,"enemies":"Jaw Worm","floor":1,"turns":1},{"damage":0,"enemies":"Small Slimes","floor":5,"turns":1},{"damage":0,"enemies":"2 Louse","floor":8,"turns":1},{"damage":41,"enemies":"Exordium Wildlife","floor":10,"turns":6},{"damage":7,"enemies":"Looter","floor":11,"turns":4},{"damage":23,"enemies":"Large Slime","floor":14,"turns":4},{"damage":68,"enemies":"Slime Boss","floor":16,"turns":10}],"seed_played":"-6089431162101120080","potions_obtained":[{"floor":1,"key":"Weak Potion"},{"floor":8,"key":"SteroidPotion"},{"floor":14,"key":"BloodPotion"}],"is_trial":false,"path_per_floor":["M","?","$","?","M","R","?","M","T","M","M","$","?","M","R","B"],"character_chosen":"IRONCLAD","items_purchased":["Double Tap","Whirlwind","Pummel"],"campfire_rested":1,"item_purchase_floors":[3,12,12],"current_hp_per_floor":[74,74,74,74,75,75,64,70,70,35,34,34,59,42,64,11,11],"gold":33,"neow_bonus":"THREE_ENEMY_KILL","is_daily":false,"chose_seed":false,"campfire_upgraded":1,"win_rate":0.0,"timestamp":1607940802,"path_taken":["M","?","$","?","M","R","?","M","T","M","?","$","?","M","R","BOSS"],"items_purchased_type":["Card","Card","Card"],"build_version":"2020-12-13","purchased_purges":0,"victory":false,"max_hp_per_floor":[75,75,75,75,75,75,75,75,75,75,75,75,75,75,75,75,75],"card_choices":[{"not_picked":["Fire Breathing","Combust"],"picked":"Armaments","floor":1},{"not_picked":["Warcry","Uppercut"],"picked":"Cleave","floor":5},{"not_picked":["Hemokinesis","Burning Pact","Perfected Strike"],"picked":"SKIP","floor":8},{"not_picked":["Sword Boomerang","Blood for Blood","Wild Strike"],"picked":"SKIP","floor":10},{"not_picked":["Sword Boomerang","Wild Strike"],"picked":"Blood for Blood","floor":10},{"not_picked":["Havoc","True Grit","Armaments"],"picked":"SKIP","floor":11},{"not_picked":["Power Through","Sever Soul"],"picked":"Whirlwind","floor":14}],"player_experience":83030,"relics_obtained":[{"floor":9,"key":"Omamori"}],"event_choices":[{"damage_healed":0,"gold_gain":0,"player_choice":"Leave","damage_taken":0,"max_hp_gain":0,"max_hp_loss":0,"event_name":"The Cleric","floor":2,"gold_loss":0},{"damage_healed":0,"gold_gain":0,"player_choice":"Grow","damage_taken":0,"max_hp_gain":0,"max_hp_loss":0,"event_name":"Living Wall","floor":4,"gold_loss":0,"cards_upgraded":["Double Tap"]},{"damage_healed":0,"gold_gain":75,"player_choice":"Gather Gold","damage_taken":11,"max_hp_gain":0,"max_hp_loss":0,"event_name":"World of Goop","floor":7,"gold_loss":0},{"damage_healed":25,"gold_gain":0,"player_choice":"Banana","damage_taken":0,"max_hp_gain":0,"max_hp_loss":0,"event_name":"Big Fish","floor":13,"gold_loss":0}],"is_beta":false,"boss_relics":[],"items_purged_floors":[],"is_endless":false,"potions_floor_spawned":[1,8,14],"killed_by":"Slime Boss","ascension_level":17}}