{"host":"pjgcdp3h1plnbocs","time":1607948090,"event":{"mods":["AchievementEnabler","BaseMod","Colored Map","Highlight Path","Minty Spire (QoL Compilation)"],"gold_per_floor":[12,24,44,44,44,73,73,107,107,140,140,160,180,180,180,309,309,330,330,105,118,118,162,162,198,198,213,238,148,173,194,194,194,194],"floor_reached":33,"playtime":1168,"items_purged":["Strike_R"],"score":368,"play_id":"5f04c2d6-ebe6-4845-9164-376d5c290a63","local_time":"20201214131450","is_ascension_mode":true,"campfire_choices":[{"data":"Apotheosis","floor":7.0,"key":"SMITH"},{"floor":11.0,"key":"RECALL"},{"floor":15.0,"key":"REST"},{"data":"Bash","floor":24,"key":"SMITH"},{"floor":32,"key":"REST"}],"circlet_count":0,"master_deck":["Strike_R","Strike_R","Strike_R","Defend_R","Defend_R","Defend_R","Defend_R","Bash+1","Apotheosis+1","Dual Wield+1","Shrug It Off","Cleave","Dropkick","Flex+1","Demon Form"],"relics":["Burning Blood","Ornamental Fan","Darkstone Periapt","Toxic Egg 2","MealTicket","Golden Idol","SlaversCollar","Nilry\u0027s Codex","Lantern","Happy Flower","Strawberry"],"acts_visited":["Exordium","TheCity"],"potions_floor_usage":[16,23,27,28,31],"damage_taken":[{"damage":2.0,"enemies":"Cultist","floor":1.0,"turns":4.0},{"damage":10.0,"enemies":"Small Slimes","floor":2.0,"turns":3.0},{"damage":4.0,"enemies":"Jaw Worm","floor":3.0,"turns":3.0},{"damage":44.0,"enemies":"Lagavulin","floor":6.0,"turns":8.0},{"damage":31.0,"enemies":"Gremlin Nob","floor":8.0,"turns":5.0},{"damage":5.0,"enemies":"Lagavulin","floor":10.0,"turns":8.0},{"damage":13.0,"enemies":"Exordium Thugs","floor":12.0,"turns":5.0},{"damage":7.0,"enemies":"Red Slaver","floor":13.0,"turns":4.0},{"damage":34,"enemies":"Slime Boss","floor":16,"turns":11},{"damage":34,"enemies":"Shell Parasite","floor":18,"turns":8},{"damage":21,"enemies":"Spheric Guardian","floor":21,"turns":6},{"damage":32,"enemies":"Book of Stabbing","floor":23,"turns":5},{"damage":21,"enemies":"Slavers","floor":25,"turns":6},{"damage":8,"enemies":"Cultist and Chosen","floor":27,"turns":4},{"damage":14,"enemies":"Snake Plant","floor":28,"turns":5},{"damage":14,"enemies":"3 Cultists","floor":30,"turns":4},{"damage":13,"enemies":"Centurion and Healer","floor":31,"turns":5},{"damage":43,"enemies":"Collector","floor":33,"turns":3}],"seed_played":"5283887042375192539","potions_obtained":[{"floor":1.0,"key":"ColorlessPotion"},{"floor":6.0,"key":"LiquidBronze"},{"floor":12.0,"key":"BlessingOfTheForge"},{"floor":16,"key":"BlessingOfTheForge"},{"floor":21,"key":"GamblersBrew"},{"floor":23,"key":"Energy Potion"},{"floor":27,"key":"Fruit Juice"},{"floor":31,"key":"FearPotion"}],"is_trial":false,"path_per_floor":["M","M","M","$","?","E","R","E","T","E","R","M","M","?","R","B",null,"M","?","$","M","?","E","R","E","T","M","M","?","M","M","R","B"],"character_chosen":"IRONCLAD","items_purchased":["Lantern"],"campfire_rested":2,"item_purchase_floors":[20],"current_hp_per_floor":[80,76,78,78,83,45,45,20,20,21,21,14,13,13,36,8,79,51,35,50,35,61,35,35,27,27,25,22,22,14,7,34,0,0],"gold":194,"neow_bonus":"RANDOM_COLORLESS_2","is_daily":false,"chose_seed":false,"campfire_upgraded":2,"win_rate":0.0,"timestamp":1607948090,"path_taken":["M","M","M","$","?","E","R","E","T","E","R","M","M","?","R","BOSS","M","?","?","?","?","E","R","E","T","M","M","?","M","M","R","BOSS"],"items_purchased_type":["Relic"],"build_version":"2020-12-13","purchased_purges":1,"victory":false,"max_hp_per_floor":[80,80,80,80,85,85,85,85,85,85,85,85,85,79,79,79,79,79,79,79,79,79,79,79,86,86,86,91,91,91,91,91,91,91],"card_choices":[{"not_picked":["Secret Weapon","Violence"],"picked":"Apotheosis","floor":0.0},{"not_picked":["Anger","Combust"],"picked":"Dual Wield","floor":1.0},{"not_picked":["True Grit","Body Slam","Flame Barrier"],"picked":"SKIP","floor":2.0},{"not_picked":["Evolve","Anger"],"picked":"Shrug It Off","floor":3.0},{"not_picked":["Blood for Blood","Headbutt"],"picked":"Cleave","floor":6.0},{"not_picked":["Entrench","Combust","Armaments"],"picked":"SKIP","floor":8.0},{"not_picked":["Anger","Sword Boomerang"],"picked":"Dropkick","floor":10.0},{"not_picked":["Sword Boomerang","Heavy Blade","Carnage"],"picked":"SKIP","floor":12.0},{"not_picked":["Whirlwind","Pommel Strike"],"picked":"Flex+1","floor":13.0},{"not_picked":["Infernal Blade+1","Pommel Strike","Clothesline"],"picked":"SKIP","floor":18},{"not_picked":["Sword Boomerang","Combust","Twin Strike"],"picked":"SKIP","floor":21},{"not_picked":["Warcry+1","Thunderclap","True Grit+1"],"picked":"SKIP","floor":23},{"not_picked":["Feel No Pain","Searing Blow+1","Burning Pact+1"],"picked":"SKIP","floor":25},{"not_picked":["Sentinel+1","Rampage+1","Searing Blow"],"picked":"SKIP","floor":27},{"not_picked":["Battle Trance+1","Sever Soul"],"picked":"Demon Form","floor":28},{"not_picked":["Warcry+1","Body Slam","Perfected Strike"],"picked":"SKIP","floor":30},{"not_picked":["Flex+1","Iron Wave","Bloodletting+1"],"picked":"SKIP","floor":31}],"player_experience":92168,"relics_obtained":[{"floor":6.0,"key":"Ornamental Fan"},{"floor":8.0,"key":"Darkstone Periapt"},{"floor":9.0,"key":"Toxic Egg 2"},{"floor":10.0,"key":"MealTicket"},{"floor":19,"key":"Nilry\u0027s Codex"},{"floor":23,"key":"Happy Flower"},{"floor":25,"key":"Strawberry"}],"event_choices":[{"damage_healed":0.0,"max_hp_gain":5.0,"max_hp_loss":0.0,"gold_gain":0.0,"event_name":"Big Fish","player_choice":"Donut","floor":5.0,"gold_loss":0.0,"damage_taken":0.0},{"damage_healed":0.0,"max_hp_gain":0.0,"max_hp_loss":6.0,"gold_gain":0.0,"event_name":"Golden Idol","player_choice":"Lose Max HP","floor":14.0,"gold_loss":0.0,"damage_taken":0.0,"relics_obtained":["Golden Idol"]},{"damage_healed":0,"gold_gain":0,"player_choice":"Obtained Book","damage_taken":16,"max_hp_gain":0,"max_hp_loss":0,"event_name":"Cursed Tome","floor":19,"gold_loss":0},{"damage_healed":26,"gold_gain":0,"player_choice":"Heal","damage_taken":0,"max_hp_gain":0,"max_hp_loss":0,"event_name":"The Library","floor":22,"gold_loss":0},{"cards_removed":["Strike_R"],"damage_healed":0,"gold_gain":0,"player_choice":"Upgrade and Remove","damage_taken":0,"max_hp_gain":0,"max_hp_loss":0,"event_name":"Designer","floor":29,"gold_loss":90,"cards_upgraded":["Dual Wield"]}],"is_beta":false,"boss_relics":[{"not_picked":["Busted Crown","Runic Dome"],"picked":"SlaversCollar"}],"items_purged_floors":[20],"is_endless":false,"potions_floor_spawned":[1,6,12,16,21,23,27,31],"killed_by":"Collector","ascension_level":4}}