{"host":"2fcuechlb8c23yrb","time":1607967730,"event":{"mods":["2.2 Compatiblity","AchievementEnabler","BaseMod","Bestiary","Better Match","Block Reminder","Colored Map","Colored Powertips","DeckTracker","Displayed Cursed Tome","GifTheSpireLib","Highlight Path","Minty Spire (QoL Compilation)","Quick Restart","Rare Cards Sparkle","Relic Sorter","Relic Stats","StSLib"],"gold_per_floor":[119,134,150,161,126,126,142,142,142,142,158,170,134,160,160,258,258,270,289,308,4,20,20,20,20,20,49,69,82,98,111,111,111,111],"floor_reached":33,"playtime":1672,"items_purged":[],"score":275,"play_id":"9cf0ab03-3e9f-49bc-91e0-6ad4988e4095","local_time":"20201214124210","is_ascension_mode":false,"campfire_choices":[{"data":"White Noise","floor":6,"key":"SMITH"},{"floor":8,"key":"REST"},{"floor":10,"key":"REST"},{"floor":15,"key":"REST"},{"floor":23,"key":"REST"},{"floor":25,"key":"REST"},{"floor":32,"key":"REST"}],"circlet_count":0,"master_deck":["Strike_B","Strike_B","Strike_B+1","Strike_B","Defend_B","Defend_B","Defend_B","Defend_B","Zap","Dualcast","Conserve Battery","White Noise+1","White Noise","Defragment","Capacitor","Beam Cell","Melter+1","Rainbow","Cold Snap+1","Electrodynamics","Double Energy","Storm","Conserve Battery+1"],"relics":["Cracked Core","Oddly Smooth Stone","Busted Crown","Kunai","Whetstone","Sundial"],"acts_visited":["Exordium","TheCity"],"potions_floor_usage":[3,11,19,20,22,30,30,30],"damage_taken":[{"damage":0,"enemies":"Cultist","floor":1,"turns":4},{"damage":0,"enemies":"Small Slimes","floor":2,"turns":2},{"damage":0,"enemies":"2 Louse","floor":3,"turns":1},{"damage":34,"enemies":"Lots of Slimes","floor":4,"turns":5},{"damage":54,"enemies":"Gremlin Gang","floor":7,"turns":6},{"damage":15,"enemies":"Exordium Thugs","floor":11,"turns":3},{"damage":2,"enemies":"3 Louse","floor":12,"turns":4},{"damage":5,"enemies":"Lagavulin","floor":14,"turns":7},{"damage":50,"enemies":"Hexaghost","floor":16,"turns":9},{"damage":8,"enemies":"Chosen","floor":18,"turns":6},{"damage":25,"enemies":"Shell Parasite","floor":19,"turns":5},{"damage":17,"enemies":"Snecko","floor":20,"turns":6},{"damage":4,"enemies":"Chosen and Byrds","floor":22,"turns":6},{"damage":37,"enemies":"Gremlin Leader","floor":27,"turns":8},{"damage":0,"enemies":"Sentry and Sphere","floor":28,"turns":3},{"damage":8,"enemies":"Snecko","floor":29,"turns":5},{"damage":17,"enemies":"Snake Plant","floor":30,"turns":3},{"damage":8,"enemies":"Cultist and Chosen","floor":31,"turns":4},{"damage":44,"enemies":"Automaton","floor":33,"turns":6}],"seed_played":"2264969724153755151","potions_obtained":[{"floor":2,"key":"Explosive Potion"},{"floor":7,"key":"AttackPotion"},{"floor":16,"key":"Dexterity Potion"},{"floor":18,"key":"CultistPotion"},{"floor":27,"key":"SpeedPotion"},{"floor":28,"key":"Energy Potion"},{"floor":29,"key":"PowerPotion"}],"is_trial":false,"path_per_floor":["M","M","M","M","?","R","M","R","T","R","M","M","?","E","R","B",null,"M","M","M","$","M","R","?","R","T","E","M","M","M","M","R","B"],"character_chosen":"DEFECT","items_purchased":["Kunai","BlessingOfTheForge"],"campfire_rested":6,"item_purchase_floors":[21,21],"current_hp_per_floor":[82,82,82,48,68,68,14,38,38,62,47,45,45,40,64,14,82,74,49,32,32,28,52,52,76,76,39,39,31,14,6,30,0,0],"gold":111,"neow_bonus":"TEN_PERCENT_HP_BONUS","is_daily":false,"chose_seed":false,"campfire_upgraded":1,"win_rate":0.0,"timestamp":1607967730,"path_taken":["M","M","M","M","?","R","M","R","T","R","M","M","?","E","R","BOSS","M","M","M","$","M","R","?","R","T","E","?","M","?","M","R","BOSS"],"items_purchased_type":["Relic","Potion"],"build_version":"2020-12-13","purchased_purges":0,"victory":false,"max_hp_per_floor":[82,82,82,82,82,82,82,82,82,82,82,82,82,82,82,82,82,82,82,82,82,82,82,82,82,82,82,82,82,82,82,82,82,82],"relic_stats":{"Busted Crown":18,"counters":[19,93],"Sundial":[0],"Kunai":[10],"Whetstone":["Strike_B","Melter"],"obtain_stats":[{"Busted Crown":17,"Sundial":27,"Oddly Smooth Stone":14,"Kunai":21,"Whetstone":26,"Cracked Core":0},{"Busted Crown":9,"Sundial":14,"Oddly Smooth Stone":8,"Kunai":12,"Whetstone":13,"Cracked Core":0},{"Busted Crown":41,"Sundial":72,"Oddly Smooth Stone":32,"Kunai":58,"Whetstone":64,"Cracked Core":0}]},"card_choices":[{"not_picked":["Go for the Eyes","Chill"],"picked":"Conserve Battery","floor":1},{"not_picked":["Coolheaded","Compile Driver"],"picked":"White Noise","floor":2},{"not_picked":["Storm","Amplify"],"picked":"White Noise","floor":3},{"not_picked":["Redo","Stack"],"picked":"Defragment","floor":4},{"not_picked":["Barrage","Gash"],"picked":"Capacitor","floor":7},{"not_picked":["Gash","Chill"],"picked":"Beam Cell","floor":11},{"not_picked":["Chill","Conserve Battery"],"picked":"Melter","floor":12},{"not_picked":["Hello World","Beam Cell","Scrape"],"picked":"SKIP","floor":14},{"not_picked":["Thunder Strike","Multi-Cast"],"picked":"Rainbow","floor":16},{"not_picked":["Rip and Tear"],"picked":"SKIP","floor":18},{"not_picked":["Coolheaded"],"picked":"SKIP","floor":19},{"not_picked":["Compile Driver"],"picked":"SKIP","floor":20},{"not_picked":[],"picked":"Cold Snap+1","floor":22},{"not_picked":[],"picked":"Electrodynamics","floor":27},{"not_picked":[],"picked":"Double Energy","floor":28},{"not_picked":[],"picked":"Storm","floor":29},{"not_picked":[],"picked":"Conserve Battery+1","floor":30},{"not_picked":["Steam Power"],"picked":"SKIP","floor":31}],"player_experience":57041,"relics_obtained":[{"floor":14,"key":"Oddly Smooth Stone"},{"floor":26,"key":"Whetstone"},{"floor":27,"key":"Sundial"}],"event_choices":[{"damage_healed":20,"gold_gain":0,"player_choice":"Healed","damage_taken":0,"max_hp_gain":0,"max_hp_loss":0,"event_name":"The Cleric","floor":5,"gold_loss":35},{"damage_healed":0,"gold_gain":0,"player_choice":"Left Gold","damage_taken":0,"max_hp_gain":0,"max_hp_loss":0,"event_name":"World of Goop","floor":13,"gold_loss":36},{"damage_healed":0,"gold_gain":0,"player_choice":"Ignored","damage_taken":0,"max_hp_gain":0,"max_hp_loss":0,"event_name":"WeMeetAgain","floor":24,"gold_loss":0}],"is_beta":false,"boss_relics":[{"not_picked":["Runic Dome","Snecko Eye"],"picked":"Busted Crown"}],"items_purged_floors":[],"is_endless":false,"potions_floor_spawned":[2,7,16,18,27,28,29],"killed_by":"Automaton","ascension_level":0}}