{"host":"h8bshyl4dp77d6d9","time":1607969303,"event":{"mods":["AchievementEnabler","Aspiration","BaseMod","Better Altar","Better Match","Better Note","Better Sensory Stone","Better Skull","Better Third Choice","BetterRewards","CCEM","Colored Map","Downfall","GifTheSpireLib","Halation","Highlight Path","Hubris","Minty Spire (QoL Compilation)","Permanent Neow","Replay The Spire","Spicy Shops","StSLib","Stuff the Spire","Unceasing Turn Reminder"],"gold_per_floor":[99,132,132,156,176,211,211,211,355,355,370,370,176,201,223,335,335,335,6,6,6,33,33,58,83,209,209,47,47,47,76,108,217,217,142,170,170,200,354,354,426,426,171,171,193,193,193,193,221,235],"floor_reached":51,"playtime":4960,"items_purged":["hexamod:Strike","hexamod:Defend","hexamod:Defend","hexamod:Defend","hexamod:Defend+1"],"score":861,"play_id":"0f661b93-2085-4f9d-b384-e2552eba290e","local_time":"20201214200823","is_ascension_mode":false,"campfire_choices":[{"floor":1,"key":"RECALL"},{"data":"hexamod:HeatShield","floor":8,"key":"SMITH"},{"floor":10,"key":"REST"},{"data":"hexamod:SpectralAdrenaline","floor":18,"key":"SMITH"},{"data":"hexamod:NecessarySacrifice","floor":21,"key":"SMITH"},{"data":"hexamod:SpectersWail","floor":23,"key":"SMITH"},{"data":"hexamod:TurnItUp","floor":35,"key":"SMITH"},{"data":"hexamod:Hexaguard","floor":37,"key":"SMITH"},{"data":"Pain","floor":42,"key":"SMITH"},{"data":"hexamod:Hexaguard","floor":44,"key":"SMITH"}],"circlet_count":0,"master_deck":["hexamod:Sear","hexamod:Float+1","hexamod:StepThrough+1","hexamod:GhostflameInferno+1","hexamod:RadiantFlame+1","hexamod:HeatShield+1","hexamod:Firestarter+1","hexamod:StepThrough","hexamod:NecessarySacrifice+1","hexamod:SpectersWail+1","hexamod:SpectralAdrenaline+1","hexamod:FirstSeal","hexamod:SixthSeal","hexamod:HeatShield+1","hexamod:InspiringFlames+1","hexamod:BurningTouch+1","hexamod:ThermalTransfer+1","hexamod:Firestarter","Bite+1","Bite+1","Bite+1","Bite+1","Bite+1","hexamod:FastForward","hexamod:GhostLash+1","hexamod:Hexaguard+1","hexamod:TurnItUp+1","hexamod:GhostflameInferno+1","hexamod:FastForward+1","hexamod:Hexaguard+1","hexamod:ExtraCrispy+1","hexamod:TimeWarp","hexamod:FastForward","hexamod:GhostOfSpirePresent","hexamod:Incineration"],"relics":["hexamod:SpiritBrand","Replay:Bandana","Shuriken","StuffTheSpire:TintedRock","halation:BlackBeret","StuffTheSpire:Experiment12","hubris:Towel","Membership Card","StuffTheSpire:RunicConfusion","Replay:Wax Seal","Toolbox","White Beast Statue","Regal Pillow","halation:PrussianBluePaint","ReplayTheSpireMod:Lightbulb","hubris:Zylophone","aspiration:HiddenCompartment","Bloody Idol","Blood Vial","halation:ForbiddenBikini","downfall:HeartBlessingRed","Pear","WarpedTongs","Gremlin Horn","CCEMRelics:GrapeVine","CCEMRelics:Pendulum","StuffTheSpire:BottledEssence","CCEMRelics:OrganicArmor","downfall:TeleportStone"],"acts_visited":["Exordium","TheCity","TheBeyond"],"potions_floor_usage":[6,6,6,6,9,16,25,26,33],"damage_taken":[{"damage":22,"enemies":"3 Sentries","floor":2,"turns":13},{"damage":4,"enemies":"Small Slimes","floor":4,"turns":4},{"damage":0,"enemies":"Jaw Worm","floor":5,"turns":4},{"damage":6,"enemies":"Gremlin Nob","floor":6,"turns":4},{"damage":22,"enemies":"Replay:BlueRogue","floor":9,"turns":7},{"damage":0,"enemies":"Cultist","floor":11,"turns":3},{"damage":0,"enemies":"downfall:FleeingMerchant","floor":13,"turns":4},{"damage":0,"enemies":"2 Fungi Beasts","floor":14,"turns":3},{"damage":0,"enemies":"Exordium Wildlife","floor":15,"turns":4},{"damage":23,"enemies":"downfall:Silent","floor":16,"turns":9},{"damage":7,"enemies":"downfall:FleeingMerchant","floor":19,"turns":4},{"damage":9,"enemies":"Spheric Guardian","floor":22,"turns":5},{"damage":23,"enemies":"Centurion and Healer","floor":25,"turns":5},{"damage":22,"enemies":"Gremlin Leader","floor":26,"turns":8},{"damage":7,"enemies":"downfall:FleeingMerchant","floor":28,"turns":4},{"damage":1,"enemies":"3 Cultists","floor":31,"turns":6},{"damage":0,"enemies":"Sentry and Sphere","floor":32,"turns":5},{"damage":8,"enemies":"downfall:Ironclad","floor":33,"turns":8},{"damage":0,"enemies":"3 Shapes","floor":36,"turns":5},{"damage":0,"enemies":"Orb Walker","floor":38,"turns":3},{"damage":62,"enemies":"Nemesis","floor":39,"turns":9},{"damage":0,"enemies":"downfall:FleeingMerchant","floor":43,"turns":4},{"damage":0,"enemies":"Maw","floor":45,"turns":6},{"damage":35,"enemies":"4 Shapes","floor":49,"turns":6},{"damage":0,"enemies":"downfall:Defect","floor":50,"turns":7}],"seed_played":"-7060688603673987491","potions_obtained":[{"floor":2,"key":"EntropicBrew"},{"floor":4,"key":"Energy Potion"},{"floor":6,"key":"Regen Potion"},{"floor":9,"key":"Elixir"},{"floor":22,"key":"Languid Potion"},{"floor":25,"key":"Fire Potion"},{"floor":26,"key":"Reflective Coating"},{"floor":28,"key":"Swift Potion"},{"floor":31,"key":"PowerPotion"},{"floor":32,"key":"Doom Potion"},{"floor":33,"key":"Dexterity Potion"},{"floor":36,"key":"Energy Potion"}],"is_trial":false,"path_per_floor":["R","E","?","M","M","E","T","R","E","R","M","?","$","M","M","B",null,"R","$","?","R","M","R","T","M","E","?","$","?","?","M","M","B",null,"R","M","R","M","E","?","T","R","$","R","M","?","?","?","M","B",null],"character_chosen":"THE_SPIRIT","items_purchased":["Membership Card","Replay:Wax Seal","hexamod:InspiringFlames","Toolbox","White Beast Statue","Regal Pillow","hexamod:GhostLash","hubris:Zylophone","aspiration:HiddenCompartment","CCEMRelics:GrapeVine","CCEMRelics:Pendulum","StuffTheSpire:BottledEssence","CCEMRelics:OrganicArmor","hexamod:FastForward"],"campfire_rested":1,"item_purchase_floors":[13,19,19,19,19,19,28,28,28,43,43,43,43,43],"current_hp_per_floor":[70,48,48,44,44,47,47,47,40,61,61,61,61,61,61,38,70,70,70,70,70,68,68,68,52,37,37,43,5,5,31,49,49,49,49,49,49,49,34,34,39,39,56,56,59,59,59,59,42,55],"gold":235,"neow_bonus":"RANDOM_COMMON_RELIC","is_daily":false,"chose_seed":false,"campfire_upgraded":8,"win_rate":0.0,"timestamp":1607969303,"path_taken":["R","E","?","M","M","E","T","R","E","R","M","?","$","?","M","BOSS","R","$","?","R","M","R","T","M","E","?","?","?","?","?","M","BOSS","R","M","R","M","E","?","T","R","?","R","M","?","?","?","M","BOSS"],"items_purchased_type":["Relic","Relic","Card","Relic","Relic","Relic","Card","Relic","Relic","Relic","Relic","Relic","Relic","Card"],"build_version":"2020-12-13","purchased_purges":5,"victory":true,"max_hp_per_floor":[70,70,70,70,70,70,70,70,70,70,70,70,70,70,70,70,70,70,70,70,70,70,70,70,70,70,49,49,49,49,49,49,49,49,49,49,49,49,59,59,59,59,59,59,59,59,59,59,59,59],"card_choices":[{"not_picked":["hexamod:HauntingEcho","hexamod:NightmareGuise"],"picked":"hexamod:StepThrough","floor":2},{"not_picked":["hexamod:FastForward","hexamod:BurningTouch"],"picked":"hexamod:RadiantFlame","floor":4},{"not_picked":["hexamod:GhostShield","hexamod:HeatMetal"],"picked":"hexamod:HeatShield","floor":5},{"not_picked":["hexamod:HexaLevel","hexamod:GhostShield"],"picked":"hexamod:Firestarter","floor":6},{"not_picked":["hexamod:ShieldOfDarkness","hexamod:SixthSeal"],"picked":"hexamod:StepThrough","floor":9},{"not_picked":["hexamod:SwordOfDarkness","hexamod:FourthSeal"],"picked":"hexamod:NecessarySacrifice","floor":11},{"not_picked":["hexamod:SwordOfDarkness","hexamod:NightmareGuise"],"picked":"hexamod:SpectersWail","floor":13},{"not_picked":["hexamod:FourthSeal","hexamod:Firestarter"],"picked":"hexamod:SpectralAdrenaline","floor":14},{"not_picked":["hexamod:SecondSeal","hexamod:GhostflameBarrier"],"picked":"hexamod:FirstSeal","floor":15},{"not_picked":["hexamod:TimeWarp","hexamod:CrushingStance"],"picked":"hexamod:SixthSeal","floor":16},{"not_picked":["hexamod:PhantomCloak","hexamod:GhostShield"],"picked":"hexamod:HeatShield","floor":19},{"not_picked":["hexamod:NightmareStrike+1","hexamod:ThermalTransfer"],"picked":"hexamod:BurningTouch+1","floor":22},{"not_picked":["hexamod:CatchUp","hexamod:AdvancingGuard"],"picked":"hexamod:ThermalTransfer+1","floor":25},{"not_picked":["hexamod:SwordOfDarkness+1","hexamod:NightmareStrike"],"picked":"hexamod:Firestarter","floor":26},{"not_picked":["hexamod:AdvancingGuard","hexamod:Again"],"picked":"hexamod:FastForward","floor":28},{"not_picked":["hexamod:GhostLash","hexamod:SpectralAdrenaline"],"picked":"hexamod:Hexaguard","floor":31},{"not_picked":["hexamod:BurningTouch","hexamod:HauntingEcho"],"picked":"hexamod:TurnItUp","floor":32},{"not_picked":["hexamod:SixthSeal","hexamod:TimeOfNeed"],"picked":"hexamod:GhostflameInferno","floor":33},{"not_picked":["hexamod:NecessarySacrifice+1","hexamod:NightmareGuise"],"picked":"hexamod:FastForward+1","floor":36},{"not_picked":["hexamod:Rewind+1","hexamod:NightmareGuise+1"],"picked":"hexamod:Hexaguard","floor":38},{"not_picked":["hexamod:GhostLash","hexamod:RainOfEmbers"],"picked":"hexamod:ExtraCrispy+1","floor":39},{"not_picked":["hexamod:RainOfEmbers+1","hexamod:Rewind"],"picked":"hexamod:TimeWarp","floor":43},{"not_picked":["hexamod:FastForward","hexamod:NightmareStrike+1"],"picked":"hexamod:GhostOfSpirePresent","floor":45},{"not_picked":["hexamod:PhantomCloak+1","hexamod:FastForward"],"picked":"hexamod:Incineration","floor":49}],"player_experience":10127,"relics_obtained":[{"floor":2,"key":"Shuriken"},{"floor":6,"key":"StuffTheSpire:TintedRock"},{"floor":7,"key":"halation:BlackBeret"},{"floor":9,"key":"StuffTheSpire:Experiment12"},{"floor":24,"key":"halation:PrussianBluePaint"},{"floor":26,"key":"ReplayTheSpireMod:Lightbulb"},{"floor":39,"key":"Pear"},{"floor":41,"key":"Gremlin Horn"}],"event_choices":[{"cards_removed":["hexamod:StepThrough"],"damage_healed":0,"gold_gain":0,"player_choice":"Give","damage_taken":0,"max_hp_gain":0,"max_hp_loss":0,"event_name":"betterNote:BetterNote","floor":20,"gold_loss":0,"cards_obtained":["Guardian:ArmoredProtocol"]},{"damage_healed":0,"gold_gain":0,"player_choice":"Became a vampire","damage_taken":0,"max_hp_gain":0,"max_hp_loss":21,"event_name":"Vampires","floor":27,"gold_loss":0,"cards_obtained":["Bite","Bite","Bite","Bite","Bite"]},{"damage_healed":0,"gold_gain":0,"player_choice":" Idol Vial ","damage_taken":38,"relics_obtained":["Bloody Idol","Blood Vial"],"max_hp_gain":43,"max_hp_loss":5,"event_name":"betterAltar:BetterAltar","floor":29,"potions_obtained":[],"relics_lost":[],"gold_loss":0},{"damage_healed":0,"gold_gain":0,"player_choice":"Rummage","damage_taken":0,"relics_obtained":["WarpedTongs"],"max_hp_gain":0,"max_hp_loss":0,"event_name":"Accursed Blacksmith","floor":40,"gold_loss":0,"cards_obtained":["Pain"]}],"is_beta":false,"boss_relics":[{"not_picked":["hubris:ScarierMask","aspiration:WatcherSkillbook"],"picked":"StuffTheSpire:RunicConfusion"},{"not_picked":["Replay:Drink Me","Sozu"],"picked":"halation:ForbiddenBikini"}],"items_purged_floors":[13,19,28,43,43],"is_endless":false,"potions_floor_spawned":[2,4,6,9,22,25,26,28,31,32,33,36,38,39,43,45,49],"ascension_level":0}}