{"host":"zsm7bdfo51n66z45","time":1607972952,"event":{"mods":["AchievementEnabler","BaseMod","Better Skull","Better Third Choice","Colored Powertips","Minty Spire (QoL Compilation)","MostiFishMod","Relic Stats","Spicy Shops","StSLib","Waifu the Spire"],"gold_per_floor":[116,131,206,206,206,232,244,244,244,244,279,292,310,324,324,422,422,438,450,467,95,109,109,109,109,109,109,109,109,109,109,109,214,214,224,224,224,239,252,286,286,305,305,305,317,317,352,372,372,372,372,372,16,41,41],"floor_reached":56,"playtime":1741,"items_purged":["Defend_B"],"score":1292,"play_id":"3d4a6b25-0d72-4ab0-b66c-d87e9ff1192b","local_time":"20201214130912","is_ascension_mode":false,"campfire_choices":[{"floor":8,"key":"REST"},{"floor":15,"key":"REST"},{"data":"MostiFishMod:PerfectForm","floor":23,"key":"SMITH"},{"floor":25,"key":"REST"},{"data":"Chaos","floor":30,"key":"SMITH"},{"data":"Limit Break","floor":32,"key":"SMITH"},{"floor":41,"key":"RECALL"},{"floor":46,"key":"REST"},{"data":"Defragment","floor":49,"key":"SMITH"},{"data":"Fasting2","floor":52,"key":"SMITH"}],"circlet_count":0,"master_deck":["Strike_B+1","Strike_B","Strike_B","Strike_B","Defend_B+1","Defend_B","Zap","Dualcast","Ball Lightning","Fasting2+1","Limit Break+1","Sweeping Beam","Defragment+1","Pommel Strike","Blade Dance","Chaos+1","MostiFishMod:PerfectForm+1","Ball Lightning+1","CrushJoints+1","Heavy Blade","Storm","Fasting2+1","A Thousand Cuts+1","MostiFishMod:FrostNova","MostiFishMod:WinterMarkForm+1","Twin Strike","BowlingBash+1","Capacitor+1","Core Surge+1","Ball Lightning","FlyingSleeves+1"],"relics":["Cracked Core","DaveBox","DianDianMeat","Question Card","PrismaticShard","Tiny Chest","Singing Bowl","Strawberry","ImportantClient","Inserter","Nunchaku","BrkXgEgg","Nilry\u0027s Codex","Bag of Marbles","Bottled Flame","MutagenicStrength","FrostBlade","Pear","Frozen Egg 2","Smiling Mask","Runic Capacitor","Kunai"],"acts_visited":["Exordium","TheCity","TheBeyond","TheEnding"],"potions_floor_usage":[6,33,33,40,45,54,55,55],"damage_taken":[{"damage":0,"enemies":"Small Slimes","floor":1,"turns":3},{"damage":0,"enemies":"2 Louse","floor":2,"turns":2},{"damage":36,"enemies":"3 Sentries","floor":6,"turns":5},{"damage":9,"enemies":"Jaw Worm","floor":7,"turns":3},{"damage":22,"enemies":"Gremlin Nob","floor":11,"turns":4},{"damage":9,"enemies":"3 Louse","floor":12,"turns":3},{"damage":1,"enemies":"2 Fungi Beasts","floor":13,"turns":2},{"damage":7,"enemies":"Looter","floor":14,"turns":3},{"damage":38,"enemies":"The Guardian","floor":16,"turns":9},{"damage":3,"enemies":"2 Thieves","floor":18,"turns":3},{"damage":16,"enemies":"Shell Parasite","floor":19,"turns":5},{"damage":42,"enemies":"Centurion and Healer","floor":20,"turns":8},{"damage":31,"enemies":"Chosen and Byrds","floor":22,"turns":5},{"damage":34,"enemies":"Automaton","floor":33,"turns":6},{"damage":0,"enemies":"Orb Walker","floor":35,"turns":1},{"damage":8,"enemies":"3 Darklings","floor":38,"turns":3},{"damage":20,"enemies":"Sphere and 2 Shapes","floor":39,"turns":3},{"damage":0,"enemies":"Nemesis","floor":40,"turns":4},{"damage":0,"enemies":"Jaw Worm Horde","floor":42,"turns":1},{"damage":43,"enemies":"3 Darklings","floor":45,"turns":4},{"damage":13,"enemies":"Giant Head","floor":47,"turns":5},{"damage":35,"enemies":"Maw","floor":48,"turns":6},{"damage":17,"enemies":"Time Eater","floor":50,"turns":5},{"damage":11,"enemies":"Shield and Spear","floor":54,"turns":5},{"damage":49,"enemies":"The Heart","floor":55,"turns":6}],"seed_played":"3484439714492744827","potions_obtained":[{"floor":2,"key":"Explosive Potion"},{"floor":6,"key":"PowerPotion"},{"floor":13,"key":"ColorlessPotion"},{"floor":14,"key":"LiquidMemories"},{"floor":19,"key":"Ancient Potion"},{"floor":33,"key":"EssenceOfDarkness"},{"floor":39,"key":"Ancient Potion"},{"floor":40,"key":"DistilledChaos"},{"floor":45,"key":"Energy Potion"},{"floor":54,"key":"AttackPotion"}],"is_trial":false,"path_per_floor":["M","M","?","?","?","E","M","R","T","?","E","M","M","M","R","B",null,"M","M","M","$","M","R","?","R","T","?","T","?","R","?","R","B",null,"M","?","T","M","M","E","R","M","T","?","M","R","E","M","R","B",null,"R","$","E","B",null],"character_chosen":"DEFECT","items_purchased":["Storm","Nunchaku","BrkXgEgg","Capacitor+1","Core Surge+1","Ball Lightning","Runic Capacitor"],"campfire_rested":4,"item_purchase_floors":[21,21,21,53,53,53,53],"current_hp_per_floor":[83,85,74,74,74,41,36,63,63,45,35,32,38,39,76,47,134,141,136,106,119,102,102,86,144,144,144,144,144,144,144,144,125,242,244,246,256,250,232,250,250,252,252,252,211,282,288,255,255,238,303,303,366,378,329],"gold":41,"neow_bonus":"TEN_PERCENT_HP_BONUS","is_daily":false,"chose_seed":false,"campfire_upgraded":5,"win_rate":0.0,"timestamp":1607972952,"path_taken":["M","M","?","?","?","E","M","R","T","?","E","M","M","M","R","BOSS","M","M","M","$","M","R","?","R","T","?","?","?","R","?","R","BOSS","M","?","?","M","?","E","R","M","T","?","M","R","E","M","R","BOSS","R","$","E","BOSS"],"items_purchased_type":["Card","Relic","Relic","Card","Card","Card","Relic"],"build_version":"2020-12-13","purchased_purges":1,"victory":true,"max_hp_per_floor":[83,85,85,85,85,88,92,92,92,92,104,110,117,125,125,134,134,144,155,167,180,194,194,194,194,194,194,194,194,194,194,194,209,242,244,246,256,258,260,278,278,280,280,280,282,282,301,303,303,303,303,303,366,389,389],"relic_stats":{"Nunchaku":[12],"Inserter":[34],"Singing Bowl":14,"counters":[25,104],"Tiny Chest":2,"Kunai":[6],"Question Card":23,"Smiling Mask":25,"obtain_stats":[{"DianDianMeat":0,"Inserter":17,"Pear":37,"DaveBox":0,"Singing Bowl":9,"Nilry\u0027s Codex":24,"BrkXgEgg":21,"Runic Capacitor":53,"Frozen Egg 2":40,"Question Card":1,"PrismaticShard":1,"Smiling Mask":47,"FrostBlade":34,"Nunchaku":21,"Bottled Flame":28,"Strawberry":11,"MutagenicStrength":29,"Tiny Chest":6,"Bag of Marbles":26,"Kunai":54,"Cracked Core":0,"ImportantClient":16},{"DianDianMeat":0,"Inserter":9,"Pear":15,"DaveBox":0,"Singing Bowl":4,"Nilry\u0027s Codex":13,"BrkXgEgg":12,"Runic Capacitor":23,"Frozen Egg 2":18,"Question Card":1,"PrismaticShard":1,"Smiling Mask":21,"FrostBlade":14,"Nunchaku":12,"Bottled Flame":13,"Strawberry":5,"MutagenicStrength":13,"Tiny Chest":3,"Bag of Marbles":13,"Kunai":24,"Cracked Core":0,"ImportantClient":9},{"DianDianMeat":0,"Inserter":34,"Pear":62,"DaveBox":0,"Singing Bowl":13,"Nilry\u0027s Codex":55,"BrkXgEgg":50,"Runic Capacitor":93,"Frozen Egg 2":72,"Question Card":3,"PrismaticShard":3,"Smiling Mask":82,"FrostBlade":61,"Nunchaku":50,"Bottled Flame":55,"Strawberry":17,"MutagenicStrength":55,"Tiny Chest":10,"Bag of Marbles":55,"Kunai":98,"Cracked Core":0,"ImportantClient":34}]},"card_choices":[{"not_picked":["Stack","Leap"],"picked":"Ball Lightning","floor":1},{"not_picked":["Quick Slash","BowlingBash","Outmaneuver"],"picked":"Fasting2","floor":2},{"not_picked":["Sword Boomerang","MostiFishMod:FrostNova","Clash"],"picked":"Limit Break","floor":6},{"not_picked":["Perfected Strike","Blood for Blood","Collect"],"picked":"Sweeping Beam","floor":7},{"not_picked":["MentalFortress","Prepared","Perfected Strike"],"picked":"Defragment","floor":11},{"not_picked":["Entrench","Hologram","Consecrate"],"picked":"Pommel Strike","floor":12},{"not_picked":["Secret Technique","Protect","Headbutt"],"picked":"Blade Dance","floor":13},{"not_picked":["Quick Slash","Infinite Blades","Seeing Red"],"picked":"Chaos","floor":14},{"not_picked":["MostiFishMod:FlyOverUtopia","Buffer","MostiFishMod:ActiveDefenseSystem"],"picked":"MostiFishMod:PerfectForm","floor":16},{"not_picked":["EmptyFist+1","Vengeance","Backstab"],"picked":"Ball Lightning+1","floor":18},{"not_picked":["Perfected Strike","Dodge and Roll","Hologram"],"picked":"CrushJoints+1","floor":19},{"not_picked":["Streamline","Concentrate","Mayhem"],"picked":"Heavy Blade","floor":20},{"not_picked":["Sweeping Beam","Clash","FollowUp+1"],"picked":"Fasting2","floor":22},{"not_picked":["Storm of Steel+1","MostiFishMod:ShivMaster+1","Double Tap+1"],"picked":"A Thousand Cuts+1","floor":33},{"not_picked":["Flash of Steel","Prostrate+1","Finisher","FlurryOfBlows+1"],"picked":"Singing Bowl","floor":35},{"not_picked":["Blind","Purity","Mind Blast","Good Instincts"],"picked":"Singing Bowl","floor":36},{"not_picked":["All Out Attack+1","Choke","Armaments","ClearTheMind+1"],"picked":"Singing Bowl","floor":38},{"not_picked":["True Grit","BattleHymn","MostiFishMod:TalkingToTheRain+1","Bloodletting+1"],"picked":"Singing Bowl","floor":39},{"not_picked":["CrushJoints","Iron Wave+1","Leap"],"picked":"Twin Strike","floor":40},{"not_picked":["Acrobatics","Clothesline","Quick Slash","Infinite Blades+1"],"picked":"Singing Bowl","floor":42},{"not_picked":["White Noise+1","Go for the Eyes+1","Dodge and Roll+1","Prepared"],"picked":"Singing Bowl","floor":45},{"not_picked":["Alpha+1","Biased Cognition+1","Compile Driver"],"picked":"BowlingBash+1","floor":47},{"not_picked":["Second Wind","Sever Soul+1","Calculated Gamble+1","Cleave"],"picked":"Singing Bowl","floor":48},{"not_picked":["SandsOfTime+1","Redo+1","Tempest+1"],"picked":"FlyingSleeves+1","floor":54}],"player_experience":141547,"relics_obtained":[{"floor":1,"key":"Question Card"},{"floor":1,"key":"PrismaticShard"},{"floor":6,"key":"Tiny Chest"},{"floor":9,"key":"Singing Bowl"},{"floor":11,"key":"Strawberry"},{"floor":16,"key":"ImportantClient"},{"floor":24,"key":"Nilry\u0027s Codex"},{"floor":26,"key":"Bag of Marbles"},{"floor":28,"key":"Bottled Flame"},{"floor":37,"key":"Pear"},{"floor":40,"key":"Frozen Egg 2"},{"floor":47,"key":"Smiling Mask"},{"floor":54,"key":"Kunai"}],"event_choices":[{"damage_healed":0,"gold_gain":75,"player_choice":"Gold","damage_taken":11,"max_hp_gain":0,"max_hp_loss":0,"event_name":"betterThird:BetterGoop","floor":3,"gold_loss":0},{"damage_healed":0,"gold_gain":0,"player_choice":"Ignored","damage_taken":0,"max_hp_gain":0,"max_hp_loss":0,"event_name":"Golden Wing","floor":4,"gold_loss":0},{"damage_healed":0,"gold_gain":0,"player_choice":"Grow","damage_taken":0,"max_hp_gain":0,"max_hp_loss":0,"event_name":"Living Wall","floor":5,"gold_loss":0,"cards_upgraded":["Fasting2"]},{"damage_healed":63,"gold_gain":0,"player_choice":"Upgrade","damage_taken":18,"max_hp_gain":0,"max_hp_loss":92,"event_name":"betterThird:BetterShining","floor":10,"gold_loss":0,"cards_upgraded":["Defend_B","Strike_B"]},{"damage_healed":0,"gold_gain":0,"player_choice":"Obtained Book","damage_taken":16,"max_hp_gain":0,"max_hp_loss":0,"event_name":"Cursed Tome","floor":24,"gold_loss":0},{"damage_healed":0,"gold_gain":0,"player_choice":"Ignored","damage_taken":0,"max_hp_gain":0,"max_hp_loss":0,"event_name":"Vampires","floor":27,"gold_loss":0},{"damage_healed":0,"gold_gain":0,"player_choice":"Inject Mutagens","damage_taken":0,"relics_obtained":["MutagenicStrength"],"max_hp_gain":0,"max_hp_loss":0,"event_name":"Drug Dealer","floor":29,"gold_loss":0},{"damage_healed":0,"gold_gain":0,"player_choice":"Ignored","damage_taken":0,"max_hp_gain":0,"max_hp_loss":0,"event_name":"Beggar","floor":31,"gold_loss":0},{"damage_healed":0,"gold_gain":0,"player_choice":"Memory 1","damage_taken":0,"max_hp_gain":0,"max_hp_loss":0,"event_name":"SensoryStone","floor":36,"gold_loss":0},{"cards_removed":["Defend_B"],"damage_healed":0,"gold_gain":0,"player_choice":"Removed Skill","damage_taken":0,"max_hp_gain":0,"max_hp_loss":0,"event_name":"Falling","floor":44,"gold_loss":0}],"is_beta":false,"boss_relics":[{"not_picked":["RhineFirstAidKit","SacredBark"],"picked":"Inserter"},{"not_picked":["MoonlightInvasionPlan","TakeMeEscape"],"picked":"FrostBlade"}],"items_purged_floors":[53],"is_endless":false,"potions_floor_spawned":[2,6,13,14,16,19,33,39,40,45,48,54],"ascension_level":0}}