{"host":"dcj2yvrgcvh5dl2s","time":1607940946,"event":{"mods":["BaseMod","Better Note","Block Reminder","Colored Powertips","DeckTracker","Minty Spire (QoL Compilation)","Quick Restart","Rare Cards Sparkle","Relic Stats","StSLib"],"gold_per_floor":[118,128,143,156,6,41,41,41,92,126,140,153,153,181,181,181,181],"floor_reached":16,"playtime":675,"items_purged":[],"score":171,"play_id":"b4049a98-ecf3-4b06-b30d-52139ccfa9ac","local_time":"20201214201546","is_ascension_mode":true,"campfire_choices":[{"floor":8,"key":"REST"},{"data":"Immolate","floor":13,"key":"SMITH"},{"floor":15,"key":"REST"}],"circlet_count":0,"master_deck":["Strike_R","Strike_R","Strike_R","Defend_R","Defend_R+1","Defend_R","Defend_R","Bash","Thunderclap","Disarm","True Grit+1","Shrug It Off","Shrug It Off","Immolate+1","Flex","Exhume"],"relics":["Burning Blood","Orichalcum","Gremlin Horn","MealTicket","Regal Pillow","Unceasing Top"],"acts_visited":["Exordium"],"potions_floor_usage":[10,10,16,16],"damage_taken":[{"damage":11,"enemies":"Cultist","floor":1,"turns":4},{"damage":0,"enemies":"Small Slimes","floor":2,"turns":3},{"damage":7,"enemies":"Jaw Worm","floor":3,"turns":4},{"damage":11,"enemies":"2 Fungi Beasts","floor":4,"turns":4},{"damage":23,"enemies":"Gremlin Nob","floor":6,"turns":5},{"damage":25,"enemies":"3 Sentries","floor":10,"turns":11},{"damage":0,"enemies":"Lots of Slimes","floor":11,"turns":1},{"damage":6,"enemies":"Exordium Wildlife","floor":12,"turns":2},{"damage":32,"enemies":"Gremlin Nob","floor":14,"turns":6},{"damage":54,"enemies":"Slime Boss","floor":16,"turns":10}],"seed_played":"-2184680176720083060","potions_obtained":[{"floor":1,"key":"DistilledChaos"},{"floor":4,"key":"DistilledChaos"},{"floor":10,"key":"CultistPotion"},{"floor":12,"key":"PowerPotion"}],"is_trial":false,"path_per_floor":["M","M","M","M","$","E","?","R","T","E","M","M","R","E","R","B"],"character_chosen":"IRONCLAD","items_purchased":["Orichalcum"],"campfire_rested":2,"item_purchase_floors":[5],"current_hp_per_floor":[67,72,71,66,66,49,35,56,56,37,43,43,43,17,53,0,0],"gold":181,"neow_bonus":"REMOVE_TWO","is_daily":false,"chose_seed":false,"campfire_upgraded":1,"win_rate":0.0,"timestamp":1607940946,"path_taken":["M","M","M","?","?","E","?","R","T","E","M","M","R","E","R","BOSS"],"items_purchased_type":["Relic"],"build_version":"2020-12-13","purchased_purges":0,"victory":false,"max_hp_per_floor":[72,72,72,72,72,72,72,72,72,72,72,72,72,72,72,72,72],"relic_stats":{"Regal Pillow":15,"Gremlin Horn":[4,4],"counters":[10,50],"MealTicket":0,"Orichalcum":[84],"obtain_stats":[{"Regal Pillow":10,"Gremlin Horn":6,"MealTicket":9,"Orichalcum":5,"Burning Blood":0,"Unceasing Top":14},{"Regal Pillow":6,"Gremlin Horn":5,"MealTicket":5,"Orichalcum":4,"Burning Blood":0,"Unceasing Top":9},{"Regal Pillow":31,"Gremlin Horn":20,"MealTicket":20,"Orichalcum":15,"Burning Blood":0,"Unceasing Top":40}],"Burning Blood":53,"Unceasing Top":[0]},"card_choices":[{"not_picked":["Dropkick","Headbutt"],"picked":"Thunderclap","floor":1},{"not_picked":["Seeing Red","Thunderclap"],"picked":"Disarm","floor":2},{"not_picked":["Burning Pact","Sever Soul"],"picked":"True Grit","floor":3},{"not_picked":["Dropkick","Thunderclap"],"picked":"Shrug It Off","floor":4},{"not_picked":["Pommel Strike","Sever Soul"],"picked":"Shrug It Off","floor":6},{"not_picked":["Clothesline","Fire Breathing"],"picked":"Immolate","floor":10},{"not_picked":["Fire Breathing","Dark Embrace"],"picked":"Flex","floor":11},{"not_picked":["Ghostly Armor","Twin Strike","Wild Strike"],"picked":"SKIP","floor":12},{"not_picked":["Blood for Blood","Perfected Strike"],"picked":"Exhume","floor":14}],"player_experience":1956182,"relics_obtained":[{"floor":6,"key":"Gremlin Horn"},{"floor":9,"key":"MealTicket"},{"floor":10,"key":"Regal Pillow"},{"floor":14,"key":"Unceasing Top"}],"event_choices":[{"damage_healed":0,"gold_gain":0,"player_choice":"Entered Light","damage_taken":14,"max_hp_gain":0,"max_hp_loss":0,"event_name":"Shining Light","floor":7,"gold_loss":0,"cards_upgraded":["True Grit","Defend_R"]}],"is_beta":false,"boss_relics":[],"items_purged_floors":[],"is_endless":false,"potions_floor_spawned":[1,4,10,12],"killed_by":"Slime Boss","ascension_level":8}}