{"host":"fflyk188z5ncxlup","time":1607932447,"event":{"mods":["AchievementEnabler","BaseMod","Bestiary","Better Third Choice","Block Reminder","Colored Map","Colored Powertips","DeckTracker","Googly Eyes","Minty Spire (QoL Compilation)","StSLib","SuperFastMode"],"gold_per_floor":[114,114,139,162,176,176,101,145,196,209,209,209,209,225,225,356,356,371,321,340,354,374,374,417,38,110,135,160,178,199,199,199,296,296,310,84,139,152,168,201,201,215,215,215,215,243,193,243,243,243,243,243,140,165,165],"floor_reached":56,"playtime":2781,"items_purged":["Injury","Clumsy","Survivor"],"score":1743,"play_id":"cff60b61-76fc-4187-8d8c-7a2a251240cb","local_time":"20201214165407","is_ascension_mode":true,"campfire_choices":[{"floor":6.0,"key":"REST"},{"floor":11.0,"key":"REST"},{"data":"Blade Dance","floor":15.0,"key":"SMITH"},{"floor":23.0,"key":"REST"},{"floor":32.0,"key":"REST"},{"data":"Wraith Form v2","floor":41.0,"key":"SMITH"},{"floor":44.0,"key":"RECALL"},{"data":"Adrenaline","floor":49.0,"key":"SMITH"},{"data":"Blade Dance","floor":52.0,"key":"SMITH"}],"circlet_count":0,"master_deck":["Neutralize","Backflip","Blade Dance+1","Blade Dance+1","Terror","Corpse Explosion","Footwork","Wraith Form v2+1","Footwork+1","Blade Dance+1","Accuracy+1","Infinite Blades+1","Adrenaline+1","Accuracy+1","Adrenaline+1","Blade Dance+1","Accuracy+1","Backflip"],"relics":["Ring of the Snake","Bird Faced Urn","Bloody Idol","Matryoshka","Nunchaku","Smiling Mask","Anchor","Pandora\u0027s Box","Dream Catcher","Frozen Egg 2","Centennial Puzzle","Ninja Scroll","Cursed Key","OrangePellets","Turnip","War Paint","Juzu Bracelet","Torii","Du-Vu Doll"],"acts_visited":["Exordium","TheCity","TheBeyond","TheEnding"],"potions_floor_usage":[55,55,55],"damage_taken":[{"damage":0.0,"enemies":"Small Slimes","floor":1.0,"turns":3.0},{"damage":1.0,"enemies":"2 Louse","floor":3.0,"turns":4.0},{"damage":6.0,"enemies":"Cultist","floor":4.0,"turns":4.0},{"damage":4.0,"enemies":"Exordium Wildlife","floor":5.0,"turns":4.0},{"damage":22.0,"enemies":"Gremlin Nob","floor":8.0,"turns":4.0},{"damage":4.0,"enemies":"Looter","floor":10.0,"turns":3.0},{"damage":0.0,"enemies":"2 Fungi Beasts","floor":14.0,"turns":3.0},{"damage":21.0,"enemies":"Slime Boss","floor":16.0,"turns":8.0},{"damage":0.0,"enemies":"Shell Parasite","floor":18.0,"turns":3.0},{"damage":0.0,"enemies":"Chosen","floor":20.0,"turns":3.0},{"damage":12.0,"enemies":"Centurion and Healer","floor":21.0,"turns":4.0},{"damage":22.0,"enemies":"Sentry and Sphere","floor":22.0,"turns":5.0},{"damage":47.0,"enemies":"Book of Stabbing","floor":24.0,"turns":7.0},{"damage":0.0,"enemies":"Snecko","floor":27.0,"turns":3.0},{"damage":7.0,"enemies":"Centurion and Healer","floor":28.0,"turns":4.0},{"damage":5.0,"enemies":"Snake Plant","floor":29.0,"turns":3.0},{"damage":7.0,"enemies":"Snecko","floor":30.0,"turns":5.0},{"damage":3.0,"enemies":"Collector","floor":33.0,"turns":6.0},{"damage":0.0,"enemies":"3 Shapes","floor":35.0,"turns":3.0},{"damage":0.0,"enemies":"2 Orb Walkers","floor":37.0,"turns":3.0},{"damage":0.0,"enemies":"Orb Walker","floor":38.0,"turns":1.0},{"damage":1.0,"enemies":"Transient","floor":39.0,"turns":5.0},{"damage":0.0,"enemies":"Nemesis","floor":40.0,"turns":3.0},{"damage":0.0,"enemies":"Jaw Worm Horde","floor":42.0,"turns":1.0},{"damage":0.0,"enemies":"Giant Head","floor":46.0,"turns":2.0},{"damage":0.0,"enemies":"Mind Bloom Boss Battle","floor":48.0,"turns":2.0},{"damage":3.0,"enemies":"Donu and Deca","floor":50.0,"turns":4.0},{"damage":0.0,"enemies":"Shield and Spear","floor":54.0,"turns":3.0},{"damage":45,"enemies":"The Heart","floor":55,"turns":4}],"seed_played":"-2507736488236463547","potions_obtained":[{"floor":5.0,"key":"FearPotion"},{"floor":8.0,"key":"GamblersBrew"},{"floor":14.0,"key":"Strength Potion"},{"floor":22.0,"key":"Regen Potion"},{"floor":24.0,"key":"Block Potion"},{"floor":28.0,"key":"EntropicBrew"},{"floor":38.0,"key":"PowerPotion"}],"is_trial":false,"path_per_floor":["M","?","M","M","M","R","$","E","T","M","R","?","$","M","R","B",null,"M","$","M","M","M","R","E","$","T","M","M","M","M","?","R","B",null,"M","$","?","M","M","E","R","M","T","R","?","E","$","?","R","B",null,"R","$","E","B",null],"character_chosen":"THE_SILENT","items_purchased":["Terror","Frozen Egg 2","Footwork+1","Blade Dance","Accuracy+1","OrangePellets","Backflip"],"campfire_rested":4,"item_purchase_floors":[7,25,25,25,36,36,53],"current_hp_per_floor":[45,45,44,38,34,55,55,33,33,29,50,38,38,38,38,19,57,59,59,61,51,33,54,11,11,11,24,21,22,23,23,44,54,66,70,70,70,70,70,70,70,70,70,70,70,70,70,70,70,68,70,70,70,70,29],"gold":165,"neow_bonus":"ONE_RARE_RELIC","is_daily":false,"chose_seed":false,"campfire_upgraded":4,"win_rate":0.0,"timestamp":1607932447,"path_taken":["M","?","M","M","M","R","$","E","T","M","R","?","$","M","R","BOSS","M","$","M","M","M","R","E","$","T","M","M","M","M","?","R","BOSS","M","$","?","M","M","E","R","M","T","R","?","E","$","?","R","BOSS","R","$","E","BOSS"],"items_purchased_type":["Card","Relic","Card","Card","Card","Relic","Card"],"build_version":"2020-12-13","purchased_purges":3,"victory":true,"max_hp_per_floor":[70,70,70,70,70,70,70,70,70,70,70,70,70,70,70,70,70,70,70,70,70,70,70,70,70,70,70,70,70,70,70,70,70,70,70,70,70,70,70,70,70,70,70,70,70,70,70,70,70,70,70,70,70,70,70],"card_choices":[{"not_picked":["Flying Knee","Skewer"],"picked":"Backflip","floor":1.0},{"not_picked":["Escape Plan","Endless Agony"],"picked":"Blade Dance","floor":3.0},{"not_picked":["Outmaneuver","Blur"],"picked":"Blade Dance","floor":4.0},{"not_picked":["Eviscerate","Tactician","Sucker Punch"],"picked":"SKIP","floor":5.0},{"not_picked":["Slice","Dash"],"picked":"Corpse Explosion","floor":8.0},{"not_picked":["Sucker Punch","Prepared","Blur"],"picked":"SKIP","floor":10.0},{"not_picked":["Infinite Blades","Blur"],"picked":"Footwork","floor":14.0},{"not_picked":["Grand Finale","A Thousand Cuts"],"picked":"Wraith Form v2","floor":16.0},{"not_picked":["Deflect+1","Dodge and Roll+1","Quick Slash+1"],"picked":"SKIP","floor":18.0},{"not_picked":["Flechettes","Dagger Throw","Distraction"],"picked":"SKIP","floor":20.0},{"not_picked":["Slice","Quick Slash+1","Distraction+1"],"picked":"SKIP","floor":21.0},{"not_picked":["Deadly Poison+1","Prepared","Deflect"],"picked":"SKIP","floor":22.0},{"not_picked":["Masterful Stab","Deadly Poison+1","Poisoned Stab"],"picked":"SKIP","floor":24.0},{"not_picked":["Prepared","Sucker Punch","Quick Slash+1"],"picked":"SKIP","floor":27.0},{"not_picked":["Backstab+1","Choke"],"picked":"Accuracy+1","floor":28.0},{"not_picked":["Storm of Steel","Acrobatics","Outmaneuver"],"picked":"SKIP","floor":29.0},{"not_picked":["Acrobatics","Riddle With Holes","Dagger Throw"],"picked":"SKIP","floor":30.0},{"not_picked":["Poisoned Stab","Deadly Poison+1"],"picked":"Infinite Blades+1","floor":32.0},{"not_picked":["Tools of the Trade+1","Bullet Time"],"picked":"Adrenaline","floor":33.0},{"not_picked":["Heel Hook","Bane","Backflip+1"],"picked":"SKIP","floor":35.0},{"not_picked":["Bane","Deadly Poison","Poisoned Stab+1"],"picked":"SKIP","floor":38.0},{"not_picked":["Endless Agony+1","Bane"],"picked":"Adrenaline","floor":39.0},{"not_picked":["Dodge and Roll+1","Expertise+1","Bane+1"],"picked":"SKIP","floor":40.0},{"not_picked":["Quick Slash","Poisoned Stab"],"picked":"Blade Dance+1","floor":42.0},{"not_picked":["Blur+1","Deflect"],"picked":"Accuracy+1","floor":46.0},{"not_picked":["Calculated Gamble+1","Unload","Reflex+1"],"picked":"SKIP","floor":54.0}],"player_experience":364994,"relics_obtained":[{"floor":8.0,"key":"Matryoshka"},{"floor":9.0,"key":"Nunchaku"},{"floor":9.0,"key":"Smiling Mask"},{"floor":24.0,"key":"Dream Catcher"},{"floor":26.0,"key":"Centennial Puzzle"},{"floor":26.0,"key":"Ninja Scroll"},{"floor":37.0,"key":"Turnip"},{"floor":40.0,"key":"War Paint"},{"floor":46.0,"key":"Juzu Bracelet"},{"floor":48.0,"key":"Torii"},{"floor":54.0,"key":"Du-Vu Doll"}],"event_choices":[{"damage_healed":0.0,"max_hp_gain":0.0,"max_hp_loss":0.0,"gold_gain":0.0,"event_name":"Golden Idol","player_choice":"Take Wound","floor":2.0,"gold_loss":0.0,"damage_taken":0.0,"relics_obtained":["Golden Idol"],"cards_obtained":["Injury"]},{"damage_healed":0.0,"max_hp_gain":0.0,"max_hp_loss":0.0,"gold_gain":0.0,"event_name":"betterThird:BetterScrap","player_choice":"Relic ","floor":12.0,"gold_loss":0.0,"damage_taken":12.0,"cards_obtained":["Combust"]},{"damage_healed":0.0,"max_hp_gain":0.0,"max_hp_loss":0.0,"gold_gain":0.0,"event_name":"Forgotten Altar","player_choice":"Gave Idol","floor":31.0,"relics_lost":["Golden Idol"],"gold_loss":0.0,"damage_taken":0.0,"relics_obtained":["Bloody Idol"]},{"damage_healed":0.0,"max_hp_gain":0.0,"max_hp_loss":0.0,"gold_gain":0.0,"event_name":"Mysterious Sphere","player_choice":"Fight","floor":37.0,"gold_loss":0.0,"damage_taken":0.0},{"damage_healed":0.0,"max_hp_gain":0.0,"max_hp_loss":0.0,"gold_gain":0.0,"event_name":"Lab","player_choice":"Got Potions","floor":45.0,"gold_loss":0.0,"damage_taken":0.0},{"damage_healed":0.0,"max_hp_gain":0.0,"max_hp_loss":0.0,"gold_gain":0.0,"event_name":"MindBloom","player_choice":"Fight","floor":48.0,"gold_loss":0.0,"damage_taken":0.0}],"is_beta":false,"boss_relics":[{"not_picked":["Calling Bell","Tiny House"],"picked":"Pandora\u0027s Box"},{"not_picked":["HoveringKite","Empty Cage"],"picked":"Cursed Key"}],"items_purged_floors":[19,47,53],"is_endless":false,"potions_floor_spawned":[5,8,14,22,24,28,29,37,38,39,42],"ascension_level":8}}