{"host":"j4g6ia6asvpyu2b0","time":1607949675,"event":{"mods":["BaseMod","Colored Map","Minty Spire (QoL Compilation)","Permanent Neow","Quick Restart","Relic Stats","StSLib","Unceasing Turn Reminder"],"gold_per_floor":[114,27,42,57,6,6,36,48,85,127,154,166,178,205,217,329,341,368,380,392,434,321,321,351,101,101,131,146,65,95,95,95,195,195,210,28,28,28,28,28],"floor_reached":39,"playtime":956,"items_purged":["Strike_B","Strike_B"],"score":686,"play_id":"88b27612-387f-4f6c-81d3-d1d6fa1dbb58","local_time":"20201214054115","daily_mods":["Cursed Run","Diverse","DeadlyEvents"],"is_ascension_mode":false,"campfire_choices":[{"data":"BattleHymn","floor":6,"key":"SMITH"},{"data":"BattleHymn","floor":8,"key":"SMITH"},{"data":"Pommel Strike","floor":12,"key":"SMITH"},{"data":"Die Die Die","floor":15,"key":"SMITH"},{"data":"Dagger Spray","floor":23,"key":"SMITH"},{"floor":32,"key":"REST"}],"circlet_count":0,"master_deck":["Strike_B","Strike_B+1","Defend_B","Defend_B+1","Defend_B","Defend_B","Zap","Dualcast","Pommel Strike+1","Quick Slash","Doom and Gloom","BattleHymn+1","Evaluate+1","Quick Slash","BattleHymn+1","Clumsy","Backflip+1","Compile Driver","Die Die Die+1","Clumsy","Die Die Die","CurseOfTheBell","Decay","Calculated Gamble","Dagger Spray+1","Calculated Gamble+1","Doubt","Cleave+1","Evolve+1","Rage","Shockwave+1","Parasite","LessonLearned","Dark Embrace+1","Apotheosis","Master of Strategy","Metamorphosis","Jack Of All Trades"],"relics":["Cursed Key","Darkstone Periapt","Du-Vu Doll","MawBank","Regal Pillow","Boot","Calling Bell","Nunchaku","InkBottle","Mango","Nilry\u0027s Codex","War Paint","Vajra","HandDrill","Orichalcum","Cables","Symbiotic Virus","Coffee Dripper","CeramicFish"],"acts_visited":["Exordium","TheCity","TheBeyond"],"potions_floor_usage":[24,27,27,30],"damage_taken":[{"damage":1,"enemies":"Cultist","floor":1,"turns":4},{"damage":5,"enemies":"Small Slimes","floor":3,"turns":2},{"damage":0,"enemies":"2 Louse","floor":4,"turns":3},{"damage":20,"enemies":"Gremlin Nob","floor":7,"turns":4},{"damage":12,"enemies":"Lagavulin","floor":10,"turns":5},{"damage":7,"enemies":"Gremlin Gang","floor":11,"turns":4},{"damage":2,"enemies":"2 Fungi Beasts","floor":14,"turns":3},{"damage":0,"enemies":"Slime Boss","floor":16,"turns":5},{"damage":10,"enemies":"3 Byrds","floor":18,"turns":3},{"damage":24,"enemies":"Gremlin Leader","floor":21,"turns":5},{"damage":14,"enemies":"Slavers","floor":24,"turns":2},{"damage":29,"enemies":"Book of Stabbing","floor":27,"turns":4},{"damage":4,"enemies":"Shell Parasite","floor":28,"turns":3},{"damage":26,"enemies":"Slavers","floor":30,"turns":2},{"damage":36,"enemies":"Collector","floor":33,"turns":7},{"damage":0,"enemies":"3 Darklings","floor":35,"turns":2},{"damage":13,"enemies":"Nemesis","floor":39,"turns":3}],"seed_played":"1880613833527945180","potions_obtained":[{"floor":11,"key":"DistilledChaos"},{"floor":14,"key":"GamblersBrew"},{"floor":16,"key":"LiquidMemories"},{"floor":18,"key":"Regen Potion"},{"floor":24,"key":"LiquidMemories"},{"floor":28,"key":"Explosive Potion"}],"is_trial":false,"path_per_floor":["M","$","M","M","$","R","E","R","T","E","M","R","?","M","R","B",null,"M","?","?","E","$","R","E","$","T","E","M","$","E","?","R","B",null,"M","$","?","?","E"],"character_chosen":"DEFECT","items_purchased":["Quick Slash","Doom and Gloom","Quick Slash","Dagger Spray","HandDrill","Rage","Apotheosis"],"campfire_rested":1,"item_purchase_floors":[2,2,5,22,25,29,36],"current_hp_per_floor":[74,74,69,69,69,69,49,49,55,43,36,36,20,18,18,24,107,97,81,87,63,63,63,49,49,55,38,34,34,8,8,58,28,125,125,125,115,115,102,102],"gold":28,"neow_bonus":"","is_daily":true,"chose_seed":false,"campfire_upgraded":5,"win_rate":0.0,"timestamp":1607949675,"path_taken":["M","?","M","M","$","R","E","R","T","E","M","R","?","M","R","BOSS","M","?","?","?","$","R","E","$","T","E","M","$","E","?","R","BOSS","M","$","?","?","?"],"items_purchased_type":["Card","Card","Card","Card","Relic","Card","Card"],"build_version":"2020-12-13","purchased_purges":2,"victory":false,"max_hp_per_floor":[75,75,75,75,75,75,75,75,81,81,81,81,81,81,81,87,107,107,107,113,113,113,113,113,113,119,119,119,119,119,119,119,125,125,125,125,125,125,125,125],"relic_stats":{"Darkstone Periapt":36,"Regal Pillow":15,"counters":[17,61],"CeramicFish":0,"War Paint":["Evaluate","Defend_B"],"Orichalcum":[30],"Cursed Key":2,"MawBank":180,"Boot":[12],"Cables":[13,1,0,12,0],"Nunchaku":[6],"HandDrill":[10],"obtain_stats":[{"Darkstone Periapt":0,"Regal Pillow":9,"Nilry\u0027s Codex":19,"CeramicFish":38,"Vajra":24,"Mango":17,"War Paint":21,"Orichalcum":26,"Cursed Key":0,"MawBank":7,"Boot":10,"Cables":27,"Du-Vu Doll":0,"Calling Bell":17,"Nunchaku":17,"HandDrill":25,"Coffee Dripper":34,"Symbiotic Virus":30,"InkBottle":17},{"Darkstone Periapt":0,"Regal Pillow":4,"Nilry\u0027s Codex":9,"CeramicFish":16,"Vajra":11,"Mango":8,"War Paint":10,"Orichalcum":11,"Cursed Key":0,"MawBank":4,"Boot":5,"Cables":12,"Du-Vu Doll":0,"Calling Bell":8,"Nunchaku":8,"HandDrill":11,"Coffee Dripper":15,"Symbiotic Virus":14,"InkBottle":8},{"Darkstone Periapt":0,"Regal Pillow":13,"Nilry\u0027s Codex":33,"CeramicFish":58,"Vajra":40,"Mango":30,"War Paint":38,"Orichalcum":40,"Cursed Key":0,"MawBank":13,"Boot":18,"Cables":44,"Du-Vu Doll":0,"Calling Bell":30,"Nunchaku":30,"HandDrill":40,"Coffee Dripper":56,"Symbiotic Virus":49,"InkBottle":30}],"InkBottle":[11]},"card_choices":[{"not_picked":["Thunderclap","Heavy Blade"],"picked":"Pommel Strike","floor":1},{"not_picked":["Prostrate","Meditate"],"picked":"BattleHymn","floor":3},{"not_picked":["Hologram","Adaptation"],"picked":"Evaluate","floor":4},{"not_picked":["Rebound","Streamline"],"picked":"BattleHymn","floor":7},{"not_picked":["ForeignInfluence","FlyingSleeves"],"picked":"Backflip","floor":10},{"not_picked":["Entrench","Perseverance"],"picked":"Compile Driver","floor":11},{"not_picked":["Pommel Strike","JustLucky"],"picked":"Die Die Die","floor":14},{"not_picked":["A Thousand Cuts","Barricade"],"picked":"Die Die Die","floor":16},{"not_picked":["Perfected Strike+1","Redo+1","True Grit"],"picked":"SKIP","floor":18},{"not_picked":["Scrape","Poisoned Stab"],"picked":"Calculated Gamble","floor":21},{"not_picked":["Weave","Adaptation"],"picked":"Calculated Gamble+1","floor":24},{"not_picked":["Rebound","Loop"],"picked":"Cleave+1","floor":27},{"not_picked":["Consecrate","MentalFortress"],"picked":"Evolve+1","floor":28},{"not_picked":["Iron Wave","Ghostly Armor"],"picked":"Shockwave+1","floor":30},{"not_picked":["Establishment","Die Die Die"],"picked":"LessonLearned","floor":33},{"not_picked":["Force Field+1","Vengeance"],"picked":"Dark Embrace+1","floor":35},{"not_picked":["Flash of Steel","Blind"],"picked":"Master of Strategy","floor":37},{"not_picked":["Madness","Secret Weapon"],"picked":"Metamorphosis","floor":37},{"not_picked":["Dramatic Entrance","Enlightenment"],"picked":"Jack Of All Trades","floor":37}],"player_experience":637193,"relics_obtained":[{"floor":7,"key":"MawBank"},{"floor":9,"key":"Regal Pillow"},{"floor":10,"key":"Boot"},{"floor":17,"key":"Nunchaku"},{"floor":17,"key":"InkBottle"},{"floor":17,"key":"Mango"},{"floor":19,"key":"Nilry\u0027s Codex"},{"floor":21,"key":"War Paint"},{"floor":24,"key":"Vajra"},{"floor":26,"key":"Orichalcum"},{"floor":27,"key":"Cables"},{"floor":30,"key":"Symbiotic Virus"}],"event_choices":[{"damage_healed":0,"gold_gain":0,"player_choice":"Entered Light","damage_taken":16,"max_hp_gain":0,"max_hp_loss":0,"event_name":"Shining Light","floor":13,"gold_loss":0,"cards_upgraded":["Backflip","Strike_B"]},{"damage_healed":0,"gold_gain":0,"player_choice":"Obtained Book","damage_taken":16,"max_hp_gain":0,"max_hp_loss":0,"event_name":"Cursed Tome","floor":19,"gold_loss":0},{"damage_healed":0,"gold_gain":0,"player_choice":"Cursed","damage_taken":0,"max_hp_gain":0,"max_hp_loss":0,"event_name":"Wheel of Change","floor":20,"gold_loss":0,"cards_obtained":["Decay"]},{"damage_healed":0,"gold_gain":0,"player_choice":"Ignored","damage_taken":0,"max_hp_gain":0,"max_hp_loss":0,"event_name":"Vampires","floor":31,"gold_loss":0},{"damage_healed":0,"gold_gain":0,"player_choice":"Memory 3","damage_taken":10,"max_hp_gain":0,"max_hp_loss":0,"event_name":"SensoryStone","floor":37,"gold_loss":0},{"damage_healed":0,"gold_gain":0,"player_choice":"Gave Potion","damage_taken":0,"relics_obtained":["CeramicFish"],"max_hp_gain":0,"max_hp_loss":0,"event_name":"WeMeetAgain","floor":38,"gold_loss":0}],"is_beta":false,"boss_relics":[{"not_picked":["Fusion Hammer","Inserter"],"picked":"Calling Bell"},{"not_picked":["Runic Dome","Pandora\u0027s Box"],"picked":"Coffee Dripper"}],"items_purged_floors":[22,25],"is_endless":false,"potions_floor_spawned":[11,14,16,18,21,24,28],"killed_by":"Nemesis","ascension_level":0}}