{"host":"zsm7nv3crm3m4x5c","time":1607975937,"event":{"mods":["AchievementEnabler","BaseMod","Colored Map","Colored Powertips","Minty Spire (QoL Compilation)","Shop Mod"],"gold_per_floor":[118,23,34,34,54,65,65,94,119,119,44,56,90,106,106,181,181,191,48,98,114,114,114,126,126,152,172,222,222,147,147,147,147,147],"floor_reached":33,"playtime":1190,"items_purged":["Strike_R"],"score":450,"play_id":"0fc6f007-2657-4516-986c-2bfecdbb6203","local_time":"20201214145857","is_ascension_mode":true,"campfire_choices":[{"floor":7.0,"key":"REST"},{"floor":10.0,"key":"REST"},{"floor":15.0,"key":"REST"},{"floor":23.0,"key":"REST"},{"floor":25.0,"key":"REST"},{"floor":29.0,"key":"REST"},{"floor":32.0,"key":"REST"}],"circlet_count":0,"master_deck":["AscendersBane","Strike_R","Strike_R","Strike_R","Strike_R","Defend_R","Defend_R","Defend_R","Bash","Body Slam","Flame Barrier","Armaments","Metallicize","Demon Form","Limit Break","Armaments"],"relics":["Fusion Hammer","Akabeko","Red Skull","Juzu Bracelet","Black Star","Bag of Preparation","Happy Flower"],"acts_visited":["Exordium","TheCity"],"potions_floor_usage":[33],"damage_taken":[{"damage":0.0,"enemies":"Cultist","floor":1.0,"turns":3.0},{"damage":5.0,"enemies":"2 Louse","floor":3.0,"turns":3.0},{"damage":7.0,"enemies":"Jaw Worm","floor":5.0,"turns":2.0},{"damage":2.0,"enemies":"2 Fungi Beasts","floor":6.0,"turns":4.0},{"damage":9.0,"enemies":"Lagavulin","floor":8.0,"turns":10.0},{"damage":6.0,"enemies":"Looter","floor":12.0,"turns":3.0},{"damage":46.0,"enemies":"Gremlin Nob","floor":13.0,"turns":6.0},{"damage":0.0,"enemies":"3 Louse","floor":14.0,"turns":2.0},{"damage":37.0,"enemies":"Slime Boss","floor":16.0,"turns":11.0},{"damage":23.0,"enemies":"Chosen","floor":18.0,"turns":7.0},{"damage":7.0,"enemies":"Spheric Guardian","floor":21.0,"turns":5.0},{"damage":8.0,"enemies":"Snecko","floor":24.0,"turns":5.0},{"damage":23.0,"enemies":"Centurion and Healer","floor":27.0,"turns":6.0},{"damage":0.0,"enemies":"3 Cultists","floor":31.0,"turns":1.0},{"damage":82,"enemies":"Automaton","floor":33,"turns":6}],"seed_played":"-173763403978155060","potions_obtained":[{"floor":1.0,"key":"EssenceOfSteel"},{"floor":6.0,"key":"Energy Potion"},{"floor":14.0,"key":"LiquidBronze"},{"floor":16.0,"key":"CultistPotion"},{"floor":24.0,"key":"SmokeBomb"}],"is_trial":false,"path_per_floor":["M","$","M","?","M","M","R","E","T","R","$","M","E","M","R","B",null,"M","$","?","M","?","R","M","R","T","M","?","R","?","M","R","B"],"character_chosen":"IRONCLAD","items_purchased":["Flame Barrier","Armaments","Bag of Preparation"],"campfire_rested":7,"item_purchase_floors":[2,2,19],"current_hp_per_floor":[68,68,63,63,56,54,75,66,66,75,75,69,23,23,45,8,58,35,35,35,28,7,31,23,47,47,24,24,48,48,48,72,0,0],"gold":147,"neow_bonus":"BOSS_RELIC","is_daily":false,"chose_seed":false,"campfire_upgraded":0,"win_rate":0.0,"timestamp":1607975937,"path_taken":["M","$","?","?","M","M","R","E","T","R","$","M","E","M","R","BOSS","M","$","?","M","?","R","M","R","T","M","?","R","?","M","R","BOSS"],"items_purchased_type":["Card","Card","Relic"],"build_version":"2020-12-13","purchased_purges":1,"victory":false,"max_hp_per_floor":[75,75,75,75,75,75,75,75,75,75,75,75,75,75,75,75,75,75,75,75,75,80,80,80,80,80,80,80,80,80,80,80,80,80],"card_choices":[{"not_picked":["Evolve","Anger"],"picked":"Body Slam","floor":1.0},{"not_picked":["Flex","True Grit","Armaments"],"picked":"SKIP","floor":3.0},{"not_picked":["Blood for Blood","Sword Boomerang"],"picked":"Metallicize","floor":5.0},{"not_picked":["Havoc","Heavy Blade","Warcry"],"picked":"SKIP","floor":6.0},{"not_picked":["Sword Boomerang","Feed","Clash"],"picked":"SKIP","floor":8.0},{"not_picked":["True Grit","Sword Boomerang","Clash"],"picked":"SKIP","floor":12.0},{"not_picked":["Pommel Strike","Clothesline"],"picked":"Demon Form","floor":13.0},{"not_picked":["Infernal Blade","True Grit","Bloodletting"],"picked":"SKIP","floor":14.0},{"not_picked":["Juggernaut","Brutality"],"picked":"Limit Break","floor":16.0},{"not_picked":["Clothesline","Evolve","Anger+1"],"picked":"SKIP","floor":18.0},{"not_picked":["Burning Pact","Hemokinesis","Sword Boomerang"],"picked":"SKIP","floor":21.0},{"not_picked":["Twin Strike","Rampage","Pommel Strike"],"picked":"SKIP","floor":24.0},{"not_picked":["Cleave","Sentinel"],"picked":"Armaments","floor":27.0}],"player_experience":501008,"relics_obtained":[{"floor":8.0,"key":"Akabeko"},{"floor":9.0,"key":"Red Skull"},{"floor":13.0,"key":"Juzu Bracelet"},{"floor":26.0,"key":"Happy Flower"}],"event_choices":[{"damage_healed":0.0,"max_hp_gain":0.0,"max_hp_loss":0.0,"gold_gain":0.0,"event_name":"Liars Game","player_choice":"Ignored","floor":4.0,"gold_loss":0.0,"damage_taken":0.0},{"damage_healed":0.0,"max_hp_gain":0.0,"max_hp_loss":0.0,"gold_gain":50.0,"event_name":"Golden Shrine","player_choice":"Pray","floor":20.0,"gold_loss":0.0,"damage_taken":0.0},{"damage_healed":0.0,"max_hp_gain":5.0,"max_hp_loss":0.0,"gold_gain":0.0,"event_name":"Forgotten Altar","player_choice":"Shed Blood","floor":22.0,"gold_loss":0.0,"damage_taken":26.0},{"damage_healed":0.0,"max_hp_gain":0.0,"max_hp_loss":0.0,"gold_gain":50.0,"event_name":"Nest","player_choice":"Stole From Cult","floor":28.0,"gold_loss":0.0,"damage_taken":0.0},{"cards_removed":["Defend_R"],"damage_healed":0.0,"max_hp_gain":0.0,"max_hp_loss":0.0,"gold_gain":0.0,"event_name":"Beggar","player_choice":"Gave Gold","floor":30.0,"gold_loss":75.0,"damage_taken":0.0}],"is_beta":false,"boss_relics":[{"not_picked":["Philosopher\u0027s Stone","Mark of Pain"],"picked":"Black Star"}],"items_purged_floors":[11],"is_endless":false,"potions_floor_spawned":[1,6,14,16,24],"killed_by":"Automaton","ascension_level":15}}