{"host":"if46sxignvy4ka0k","time":1607910898,"event":{"mods":["BaseMod","Minty Spire (QoL Compilation)","StSLib","The Cursed"],"gold_per_floor":[111,58,58,76,351,351,381,396,396,407,418,54,83,142,142,246,246,260,183,282,300,300,329,329,342,367,378,378,378,410,410,410],"floor_reached":31,"playtime":1415,"items_purged":["TheCursedMod:Defend_TheCursed"],"score":358,"play_id":"a1c62643-83be-4b84-9899-c9a0f410d833","local_time":"20201213195458","is_ascension_mode":false,"campfire_choices":[{"data":"TheCursedMod:FleshFromBone","floor":6,"key":"SMITH"},{"data":"1","floor":15,"key":"LIFT"},{"data":"2","floor":24,"key":"LIFT"},{"floor":29,"key":"REST"}],"circlet_count":0,"master_deck":["TheCursedMod:Strike_TheCursed","TheCursedMod:Strike_TheCursed","TheCursedMod:Strike_TheCursed","TheCursedMod:Defend_TheCursed","TheCursedMod:Defend_TheCursed","TheCursedMod:Defend_TheCursed","TheCursedMod:CursedWand","TheCursedMod:CleanUpWorkshop","TheCursedMod:Dregs","TheCursedMod:CursedBlade","TheCursedMod:Wield","TheCursedMod:FleshFromBone+1","Regret","TheCursedMod:HellfireBreathing","TheCursedMod:CursedBlade+1","TheCursedMod:FleshFromBone+1","TheCursedMod:FleshFromBone+1","TheCursedMod:SoulReap+1","TheCursedMod:Hemoplague","TheCursedMod:Hemoplague","TheCursedMod:Mangle+1","TheCursedMod:CursedBoomerang+1","TheCursedMod:CircleOfBlood+1","TheCursedMod:Stretching+1","TheCursedMod:CursedBlade+1"],"relics":["TheCursedMod:BlackMagic101","NeowsBlessing","Molten Egg 2","Toxic Egg 2","TheCursedMod:CrystalBall","Girya","TheCursedMod:OminousMark","Gambling Chip","Nilry\u0027s Codex","Bottled Lightning"],"acts_visited":["Exordium","TheCity"],"potions_floor_usage":[13,13,23,30,31,31,31],"damage_taken":[{"damage":0,"enemies":"Cultist","floor":1,"turns":1},{"damage":0,"enemies":"Small Slimes","floor":4,"turns":1},{"damage":0,"enemies":"3 Sentries","floor":7,"turns":1},{"damage":0,"enemies":"2 Louse","floor":8,"turns":2},{"damage":9,"enemies":"Red Slaver","floor":10,"turns":4},{"damage":6,"enemies":"Looter","floor":11,"turns":3},{"damage":15,"enemies":"Lagavulin","floor":13,"turns":8},{"damage":0,"enemies":"Slime Boss","floor":16,"turns":11},{"damage":11,"enemies":"3 Byrds","floor":18,"turns":3},{"damage":19,"enemies":"Shell Parasite","floor":21,"turns":4},{"damage":23,"enemies":"Gremlin Leader","floor":23,"turns":6},{"damage":12,"enemies":"Centurion and Healer","floor":25,"turns":5},{"damage":14,"enemies":"3 Cultists","floor":27,"turns":4},{"damage":51,"enemies":"Slavers","floor":30,"turns":5},{"damage":9,"enemies":"Snake Plant","floor":31,"turns":1}],"seed_played":"1830894432667305030","potions_obtained":[{"floor":7,"key":"Weak Potion"},{"floor":8,"key":"Swift Potion"},{"floor":13,"key":"EssenceOfSteel"},{"floor":16,"key":"SmokeBomb"},{"floor":18,"key":"Dexterity Potion"},{"floor":21,"key":"DistilledChaos"},{"floor":25,"key":"GamblersBrew"},{"floor":30,"key":"SteroidPotion"}],"is_trial":false,"path_per_floor":["M","$","?","M","?","R","E","M","T","M","M","$","E","?","R","B",null,"M","$","?","M","?","E","R","M","T","M","?","R","E","M"],"character_chosen":"THE_CURSED","items_purchased":["TheCursedMod:Wield","TheCursedMod:CrystalBall","TheCursedMod:Hemoplague"],"campfire_rested":1,"item_purchase_floors":[2,12,19],"current_hp_per_floor":[75,75,75,75,75,75,75,75,75,66,60,60,45,45,45,53,75,66,66,66,55,55,40,40,37,37,36,20,42,8,0,0],"gold":410,"neow_bonus":"THREE_ENEMY_KILL","is_daily":false,"chose_seed":false,"campfire_upgraded":1,"win_rate":0.0,"timestamp":1607910898,"path_taken":["M","?","?","?","?","R","E","?","T","M","M","?","E","?","R","BOSS","M","$","?","M","?","E","R","M","T","M","?","R","E","?"],"items_purchased_type":["Card","Relic","Card"],"build_version":"2020-12-13","purchased_purges":1,"victory":false,"max_hp_per_floor":[75,75,75,75,75,75,75,75,75,75,75,75,75,75,75,75,75,75,75,75,75,75,75,75,75,75,75,75,75,75,75,75],"card_choices":[{"not_picked":["TheCursedMod:CursedShiv","TheCursedMod:FuryStrike"],"picked":"TheCursedMod:CursedBlade","floor":1},{"not_picked":["TheCursedMod:SpitefulStrike","TheCursedMod:CircleOfFocus"],"picked":"TheCursedMod:FleshFromBone","floor":4},{"not_picked":["TheCursedMod:SpitefulPlan","TheCursedMod:Torture"],"picked":"TheCursedMod:HellfireBreathing","floor":7},{"not_picked":["TheCursedMod:Evocation","TheCursedMod:TacticalStrike+1"],"picked":"TheCursedMod:CursedBlade+1","floor":8},{"not_picked":["TheCursedMod:Torture+1","TheCursedMod:Wield+1"],"picked":"TheCursedMod:FleshFromBone+1","floor":10},{"not_picked":["TheCursedMod:SpreadPlague+1","TheCursedMod:StingEye+1"],"picked":"TheCursedMod:FleshFromBone+1","floor":11},{"not_picked":["TheCursedMod:Stigma+1","TheCursedMod:VitalStrike+1"],"picked":"TheCursedMod:SoulReap+1","floor":13},{"not_picked":["TheCursedMod:Torture+1","TheCursedMod:VitalStrike+1"],"picked":"TheCursedMod:Hemoplague","floor":18},{"not_picked":["TheCursedMod:Obscuration+1","TheCursedMod:CursedMace+1"],"picked":"TheCursedMod:Mangle+1","floor":21},{"not_picked":["TheCursedMod:ShockAndAwe+1","TheCursedMod:CircleOfWindfury+1","TheCursedMod:SpitefulStrike+1"],"picked":"SKIP","floor":23},{"not_picked":["TheCursedMod:SoulCrush+1","TheCursedMod:PrepareRite+1"],"picked":"TheCursedMod:CircleOfBlood+1","floor":25},{"not_picked":["TheCursedMod:FleshFromBone+1","TheCursedMod:CircleOfWindfury+1"],"picked":"TheCursedMod:Stretching+1","floor":27},{"not_picked":["TheCursedMod:FleshFromBone+1","TheCursedMod:FuryStrike+1"],"picked":"TheCursedMod:CursedBlade+1","floor":30}],"player_experience":2088542,"relics_obtained":[{"floor":7,"key":"Molten Egg 2"},{"floor":9,"key":"Toxic Egg 2"},{"floor":13,"key":"Girya"},{"floor":23,"key":"Gambling Chip"},{"floor":28,"key":"Nilry\u0027s Codex"},{"floor":30,"key":"Bottled Lightning"}],"event_choices":[{"cards_removed":["TheCursedMod:Strike_TheCursed"],"damage_healed":0,"gold_gain":0,"player_choice":"Offered Basic","damage_taken":0,"max_hp_gain":0,"max_hp_loss":0,"event_name":"Bonfire Elementals","floor":3,"gold_loss":0},{"damage_healed":0,"gold_gain":275,"player_choice":"Desecrate","damage_taken":0,"max_hp_gain":0,"max_hp_loss":0,"event_name":"Golden Shrine","floor":5,"gold_loss":0,"cards_obtained":["Regret"]},{"damage_healed":0,"gold_gain":59,"player_choice":"Gained Gold","damage_taken":0,"max_hp_gain":0,"max_hp_loss":0,"event_name":"Golden Wing","floor":14,"gold_loss":0},{"damage_healed":0,"gold_gain":99,"player_choice":"Stole From Cult","damage_taken":0,"max_hp_gain":0,"max_hp_loss":0,"event_name":"Nest","floor":20,"gold_loss":0},{"damage_healed":0,"gold_gain":0,"player_choice":"Read","damage_taken":0,"max_hp_gain":0,"max_hp_loss":0,"event_name":"The Library","floor":22,"gold_loss":0,"cards_obtained":["TheCursedMod:CursedBoomerang"]},{"damage_healed":0,"gold_gain":0,"player_choice":"Obtained Book","damage_taken":16,"max_hp_gain":0,"max_hp_loss":0,"event_name":"Cursed Tome","floor":28,"gold_loss":0}],"is_beta":false,"boss_relics":[{"not_picked":["Astrolabe","SlaversCollar"],"picked":"TheCursedMod:OminousMark"}],"items_purged_floors":[12],"is_endless":false,"potions_floor_spawned":[7,8,13,16,18,21,25,30],"killed_by":"Snake Plant","ascension_level":0}}