{"host":"njruw0b0uprlitpx","time":1607930644,"event":{"mods":["2.2 Compatiblity","AchievementEnabler","Aspiration","BaseMod","Block Reminder","Colored Map","Colored Powertips","Jedi Mod","Keyboard Shortcuts","Minty Spire (QoL Compilation)","Replay The Spire","Spicy Shops","StSLib","SuperFastMode","The Blackbeard","The Cursed","The Evolution"],"gold_per_floor":[111,122,122,6,6,6,81,97,122,122,156,169,184,70,70,173,173,183,2,12,27,45,45,63,82,82,82,82,82,82,82,82,96,96,198,198,209,227,227,227,227,227,259,41,41,53,73,0,0,12,12,12],"floor_reached":53,"playtime":3191,"items_purged":["Voices"],"score":939,"play_id":"e9231d72-0b0b-4923-90a3-f25acbb662eb","local_time":"20201214012404","is_ascension_mode":false,"campfire_choices":[{"data":"TheCursedMod:Torture","floor":6,"key":"SMITH"},{"floor":10,"key":"REST"},{"floor":15,"key":"REST"},{"data":"TheCursedMod:OutForBlood","floor":23,"key":"SMITH"},{"floor":29,"key":"REST"},{"data":"TheCursedMod:VitalStrike","floor":34,"key":"SMITH"},{"data":"TheCursedMod:NeowsMight","floor":42,"key":"SMITH"},{"floor":51,"key":"REST"}],"circlet_count":0,"master_deck":["TheCursedMod:Strike_TheCursed","TheCursedMod:Strike_TheCursed+1","TheCursedMod:Defend_TheCursed+1","TheCursedMod:CursedWand","TheCursedMod:CleanUpWorkshop","TheCursedMod:Dregs","TheCursedMod:AntiAging","TheCursedMod:CursedMace","TheCursedMod:OutForBlood+1","Injury","TheCursedMod:Torture+1","TheCursedMod:CollectTribute+1","TheCursedMod:SaltUponWound","TheCursedMod:VitalStrike+1","TheCursedMod:SpitefulPlan+1","TheCursedMod:DemonSword","TheCursedMod:SoulCrush","TheCursedMod:Hemoplague+1","TheCursedMod:RavingStaff+1","TheCursedMod:HellfireBreathing+1","TheCursedMod:CursedArmor","TheCursedMod:NeowsMight+1","TheCursedMod:SpitefulStrike+1","Replay:BasicMightCard+1","Skewer","Blade Dance","Toxin Wave","Regret","Hallucinations","Replay:Hysterical Blindness","TheCursedMod:BloodBarrier+1","TheCursedMod:SurpriseAttack","TheCursedMod:ReleasedStrength"],"relics":["TheCursedMod:BlackMagic101","Frozen Egg 2","Bag of Marbles","Blood Vial","Membership Card","Cursed Key","aspiration:FrozenJewel","aspiration:RitualStick","Cursed Key","Du-Vu Doll","Potion Belt","Cauldron","Anchor","Gremlin Horn","Red Mask"],"acts_visited":["Exordium","TheCity","TheBeyond"],"potions_floor_usage":[11,16,20,21,25,43,43,43,43,43,52,52,52,52,52,52,52,52,52,52,52],"damage_taken":[{"damage":12,"enemies":"Jaw Worm","floor":1,"turns":5},{"damage":0,"enemies":"2 Louse","floor":2,"turns":3},{"damage":5,"enemies":"Small Slimes","floor":8,"turns":3},{"damage":38,"enemies":"3 Sentries","floor":11,"turns":10},{"damage":7,"enemies":"Looter","floor":12,"turns":3},{"damage":10,"enemies":"Large Slime","floor":13,"turns":6},{"damage":14,"enemies":"The Guardian","floor":16,"turns":6},{"damage":13,"enemies":"Shell Parasite","floor":18,"turns":4},{"damage":25,"enemies":"3 Byrds","floor":20,"turns":5},{"damage":24,"enemies":"Shelled Parasite and Fungi","floor":21,"turns":4},{"damage":24,"enemies":"Centurion and Healer","floor":22,"turns":4},{"damage":16,"enemies":"Snake Plant","floor":24,"turns":3},{"damage":8,"enemies":"Snecko","floor":25,"turns":3},{"damage":6,"enemies":"Sentry and Sphere","floor":33,"turns":3},{"damage":26,"enemies":"Champ","floor":35,"turns":7},{"damage":0,"enemies":"3 Shapes","floor":37,"turns":3},{"damage":8,"enemies":"Orb Walker","floor":38,"turns":3},{"damage":9,"enemies":"Reptomancer","floor":43,"turns":3},{"damage":2,"enemies":"Sphere and 2 Shapes","floor":46,"turns":3},{"damage":23,"enemies":"3 Darklings","floor":47,"turns":4},{"damage":13,"enemies":"Transient","floor":50,"turns":5},{"damage":0,"enemies":"Time Eater","floor":52,"turns":3}],"seed_played":"-2244475293103770638","potions_obtained":[{"floor":2,"key":"FearPotion"},{"floor":18,"key":"BlessingOfTheForge"},{"floor":24,"key":"ColorlessPotion"},{"floor":33,"key":"Swift Potion"},{"floor":35,"key":"EntropicBrew"},{"floor":38,"key":"SpeedPotion"},{"floor":44,"key":"EntropicBrew"},{"floor":44,"key":"Venom Potion"},{"floor":44,"key":"Reflective Coating"},{"floor":44,"key":"Milkshake"},{"floor":44,"key":"EntropicBrew"},{"floor":46,"key":"BlessingOfTheForge"},{"floor":47,"key":"LifebloodPotion"},{"floor":50,"key":"FearPotion"}],"is_trial":false,"path_per_floor":["M","M","?","$","?","R","?","M","T","R","E","M","M","$","R","B",null,"M","$","M","M","M","R","M","M","T","?","?","R","PTL","PTL","?","M","R","B",null,"M","M","?","?","?","R","E","$","T","M","M","?","?","M","R","B",null],"character_chosen":"THE_CURSED","items_purchased":["TheCursedMod:Torture","Energy Potion","TheCursedMod:SpitefulPlan+1","Membership Card","PowerPotion","Potion Belt","Cauldron","Anchor"],"campfire_rested":4,"item_purchase_floors":[4,4,14,19,19,44,44,44],"current_hp_per_floor":[58,58,58,58,44,44,33,30,30,51,15,12,6,6,29,19,80,69,69,48,26,6,6,54,48,48,77,59,85,85,85,85,83,83,61,92,94,88,88,88,88,88,86,86,86,88,69,69,69,58,88,90],"gold":12,"neow_bonus":"THREE_RARE_CARDS","is_daily":false,"chose_seed":false,"campfire_upgraded":4,"win_rate":0.0,"timestamp":1607930644,"path_taken":["M","M","?","$","?","R","?","M","T","R","E","M","?","$","R","BOSS","M","$","M","M","M","R","M","M","T","?","?","R","PTL","PTL","?","M","R","BOSS","M","M","?","?","?","R","E","$","T","?","M","?","?","M","R","BOSS"],"items_purchased_type":["Card","Potion","Card","Relic","Potion","Relic","Relic","Relic"],"build_version":"2020-12-13","purchased_purges":1,"victory":true,"max_hp_per_floor":[70,70,70,70,70,70,70,72,72,72,74,76,78,78,78,80,80,82,82,84,84,86,86,88,88,88,88,88,88,88,88,88,90,90,92,92,94,96,96,96,96,96,96,96,96,98,100,100,100,100,100,100],"card_choices":[{"not_picked":["TheCursedMod:DarkBarrier","TheCursedMod:ParallelWorld"],"picked":"TheCursedMod:AntiAging","floor":0},{"not_picked":["TheCursedMod:RapidMovement","TheCursedMod:BloodBarrier"],"picked":"TheCursedMod:CursedMace","floor":1},{"not_picked":["TheCursedMod:Obscuration","TheCursedMod:CircleOfCorruption"],"picked":"TheCursedMod:OutForBlood","floor":2},{"not_picked":["TheCursedMod:Obscuration","TheCursedMod:FuryStrike","TheCursedMod:PrepareRite"],"picked":"SKIP","floor":8},{"not_picked":["TheCursedMod:SpitefulStrike","TheCursedMod:Wield"],"picked":"TheCursedMod:CollectTribute+1","floor":11},{"not_picked":["TheCursedMod:AshesToAshes","TheCursedMod:TacticalStrike"],"picked":"TheCursedMod:SaltUponWound","floor":12},{"not_picked":["TheCursedMod:CursedBoomerang","TheCursedMod:Wield"],"picked":"TheCursedMod:VitalStrike","floor":13},{"not_picked":["TheCursedMod:OutForBlood+1","TheCursedMod:Neurasthenia"],"picked":"TheCursedMod:DemonSword","floor":16},{"not_picked":["TheCursedMod:CursedBlade","TheCursedMod:Stigma"],"picked":"TheCursedMod:SoulCrush","floor":18},{"not_picked":["TheCursedMod:ReleasedKnowledge","TheCursedMod:PrepareRite+1","TheCursedMod:FleshFromBone+1"],"picked":"SKIP","floor":20},{"not_picked":["TheCursedMod:FleshFromBone","TheCursedMod:Evocation"],"picked":"TheCursedMod:Hemoplague+1","floor":21},{"not_picked":["TheCursedMod:CircleOfCorruption+1","TheCursedMod:CollectTribute+1"],"picked":"TheCursedMod:RavingStaff+1","floor":22},{"not_picked":["TheCursedMod:TacticalStrike","TheCursedMod:CircleOfCorruption","TheCursedMod:FleshFromBone"],"picked":"SKIP","floor":24},{"not_picked":["TheCursedMod:FuryStrike","TheCursedMod:CircleOfCorruption"],"picked":"TheCursedMod:HellfireBreathing+1","floor":25},{"not_picked":["TheCursedMod:EmpowerCircles+1","TheCursedMod:WearCloak"],"picked":"TheCursedMod:CursedArmor","floor":33},{"not_picked":["TheCursedMod:AntiAging","TheCursedMod:ParallelWorld"],"picked":"TheCursedMod:NeowsMight","floor":35},{"not_picked":["TheCursedMod:CursedMace+1","TheCursedMod:CircleOfCorruption"],"picked":"TheCursedMod:SpitefulStrike+1","floor":37},{"not_picked":["TheCursedMod:WearCloak+1","TheCursedMod:FleshFromBone+1","TheCursedMod:Torture"],"picked":"SKIP","floor":38},{"not_picked":["Midas Touch","Replay:Sssssssssstrike"],"picked":"Replay:BasicMightCard+1","floor":39},{"not_picked":["TheCursedMod:Obscuration+1","TheCursedMod:SpitefulStrike","TheCursedMod:HellsGateOpen+1"],"picked":"SKIP","floor":43},{"not_picked":["TheCursedMod:WearCloak+1","TheCursedMod:CircleOfWindfury+1"],"picked":"TheCursedMod:BloodBarrier+1","floor":46},{"not_picked":["TheCursedMod:RapidMovement+1","TheCursedMod:CircleOfWindfury"],"picked":"TheCursedMod:SurpriseAttack","floor":47},{"not_picked":["TheCursedMod:BlessingInDisguise+1","TheCursedMod:SurpriseAttack+1"],"picked":"TheCursedMod:ReleasedStrength","floor":50}],"player_experience":1068972,"relics_obtained":[{"floor":9,"key":"Bag of Marbles"},{"floor":11,"key":"Blood Vial"},{"floor":26,"key":"aspiration:FrozenJewel"},{"floor":43,"key":"Du-Vu Doll"},{"floor":45,"key":"Gremlin Horn"}],"event_choices":[{"damage_healed":0,"gold_gain":0,"player_choice":"Entered Light","damage_taken":14,"max_hp_gain":0,"max_hp_loss":0,"event_name":"Shining Light","floor":5,"gold_loss":0,"cards_upgraded":["TheCursedMod:Strike_TheCursed","TheCursedMod:Defend_TheCursed"]},{"damage_healed":0,"gold_gain":75,"player_choice":"Gather Gold","damage_taken":11,"max_hp_gain":0,"max_hp_loss":0,"event_name":"World of Goop","floor":7,"gold_loss":0},{"damage_healed":29,"gold_gain":0,"player_choice":"Heal","damage_taken":0,"max_hp_gain":0,"max_hp_loss":0,"event_name":"The Library","floor":27,"gold_loss":0},{"cards_removed":["TheCursedMod:Strike_TheCursed"],"damage_healed":0,"gold_gain":0,"player_choice":"Elegance","damage_taken":0,"max_hp_gain":0,"max_hp_loss":0,"event_name":"Back to Basics","floor":32,"gold_loss":0},{"damage_healed":0,"gold_gain":0,"player_choice":"Memory 1","damage_taken":0,"max_hp_gain":0,"max_hp_loss":0,"event_name":"SensoryStone","floor":39,"gold_loss":0},{"cards_removed":["TheCursedMod:Defend_TheCursed"],"damage_healed":0,"gold_gain":0,"player_choice":"Removed Skill","damage_taken":0,"max_hp_gain":0,"max_hp_loss":0,"event_name":"Falling","floor":41,"gold_loss":0},{"damage_healed":0,"gold_gain":0,"player_choice":"Paid","damage_taken":0,"relics_obtained":["Red Mask"],"max_hp_gain":0,"max_hp_loss":0,"event_name":"Tomb of Lord Red Mask","floor":48,"gold_loss":73},{"damage_healed":0,"gold_gain":0,"player_choice":"Ignored","damage_taken":0,"max_hp_gain":0,"max_hp_loss":0,"event_name":"Mysterious Sphere","floor":49,"gold_loss":0}],"is_beta":false,"boss_relics":[{"not_picked":["Replay:Bronze Core","aspiration:RunicSpoon"],"picked":"Snecko Eye"},{"not_picked":["ReplayTheSpireMod:DimensionalGlitch","Coffee Dripper"],"picked":"Cursed Key"}],"items_purged_floors":[44],"is_endless":false,"potions_floor_spawned":[2,18,24,33,35,38,46,47,50],"ascension_level":0}}