{"host":"hfxp6ue4pvwo3fit","time":1607918016,"event":{"mods":["AchievementEnabler","BaseMod","Colored Map","Colored Powertips","Highlight Path","Minty Spire (QoL Compilation)","StSLib","SuperFastMode"],"gold_per_floor":[115,126,141,141,141,168,178,191,191,211,3,3,13,13,13,111,111,111,111],"floor_reached":18,"playtime":594,"items_purged":["Injury"],"score":230,"play_id":"4531d032-36bf-49fc-b3c2-1212a34eb6da","local_time":"20201213215336","is_ascension_mode":true,"campfire_choices":[{"floor":12,"key":"REST"},{"data":"Blasphemy","floor":15,"key":"SMITH"}],"circlet_count":0,"master_deck":["Strike_P","Strike_P","Strike_P","Strike_P","Defend_P","Defend_P","Defend_P","Defend_P","Eruption","Vigilance","Blasphemy+1","SandsOfTime","Tantrum","CarveReality","EmptyFist","FollowUp","WheelKick","Consecrate","Omniscience"],"relics":["PureWater","Happy Flower","Singing Bowl","Mercury Hourglass","Velvet Choker"],"acts_visited":["Exordium","TheCity"],"potions_floor_usage":[8,13,16,16,16,16],"damage_taken":[{"damage":15,"enemies":"Cultist","floor":1,"turns":6},{"damage":11,"enemies":"Small Slimes","floor":2,"turns":2},{"damage":0,"enemies":"Jaw Worm","floor":3,"turns":3},{"damage":12,"enemies":"3 Sentries","floor":6,"turns":6},{"damage":6,"enemies":"2 Fungi Beasts","floor":7,"turns":2},{"damage":16,"enemies":"Lots of Slimes","floor":8,"turns":3},{"damage":0,"enemies":"Large Slime","floor":10,"turns":3},{"damage":15,"enemies":"Gremlin Gang","floor":13,"turns":2},{"damage":10,"enemies":"Hexaghost","floor":16,"turns":5},{"damage":100011,"enemies":"3 Byrds","floor":18,"turns":3}],"seed_played":"-5496094027235248392","potions_obtained":[{"floor":3,"key":"FearPotion"},{"floor":6,"key":"LiquidBronze"},{"floor":7,"key":"ColorlessPotion"},{"floor":13,"key":"DuplicationPotion"}],"is_trial":false,"path_per_floor":["M","M","M","?","?","E","M","M","T","M","$","R","M","T","R","B",null,"M"],"character_chosen":"WATCHER","items_purchased":["WheelKick","EntropicBrew"],"campfire_rested":1,"item_purchase_floors":[11,11],"current_hp_per_floor":[50,39,39,39,39,27,21,5,5,7,7,29,14,14,14,4,57,0,0],"gold":111,"neow_bonus":"THREE_RARE_CARDS","is_daily":false,"chose_seed":false,"campfire_upgraded":1,"win_rate":0.0,"timestamp":1607918016,"path_taken":["M","M","?","?","?","E","?","M","T","M","$","R","M","?","R","BOSS","M"],"items_purchased_type":["Card","Potion"],"build_version":"2020-12-13","purchased_purges":1,"victory":false,"max_hp_per_floor":[72,72,72,72,72,72,72,72,72,74,74,74,74,74,74,74,74,74,74],"card_choices":[{"not_picked":["Scrawl","Ragnarok"],"picked":"Blasphemy","floor":0},{"not_picked":["JustLucky","Prostrate"],"picked":"SandsOfTime","floor":1},{"not_picked":["Meditate","TalkToTheHand","FlurryOfBlows"],"picked":"SKIP","floor":2},{"not_picked":["FollowUp","FlyingSleeves"],"picked":"Tantrum","floor":3},{"not_picked":["TalkToTheHand","BowlingBash"],"picked":"CarveReality","floor":6},{"not_picked":["SignatureMove","SandsOfTime"],"picked":"EmptyFist","floor":7},{"not_picked":["Vengeance","Protect"],"picked":"FollowUp","floor":8},{"not_picked":["JustLucky","Wallop","Sanctity"],"picked":"Singing Bowl","floor":10},{"not_picked":["WheelKick","CrushJoints"],"picked":"Consecrate","floor":13},{"not_picked":["Judgement","SpiritShield"],"picked":"Omniscience","floor":16}],"player_experience":374077,"relics_obtained":[{"floor":6,"key":"Happy Flower"},{"floor":9,"key":"Singing Bowl"},{"floor":14,"key":"Mercury Hourglass"}],"event_choices":[{"damage_healed":0,"gold_gain":0,"player_choice":"Ignored","damage_taken":0,"max_hp_gain":0,"max_hp_loss":0,"event_name":"Liars Game","floor":4,"gold_loss":0},{"damage_healed":0,"gold_gain":0,"player_choice":"Leave","damage_taken":0,"max_hp_gain":0,"max_hp_loss":0,"event_name":"FaceTrader","floor":5,"gold_loss":0}],"is_beta":false,"boss_relics":[{"not_picked":["Calling Bell","Pandora\u0027s Box"],"picked":"Velvet Choker"}],"items_purged_floors":[11],"is_endless":false,"potions_floor_spawned":[3,6,7,13],"killed_by":"3 Byrds","ascension_level":8}}