{"host":"buuozll9zukolitn","time":1607932090,"event":{"mods":["BaseMod","Googly Eyes","Minty Spire (QoL Compilation)","StSLib","everything is the same but u backflip on backflip","slay the spire mod where everything is the same but ironclad has a cowboy hat"],"gold_per_floor":[113,113,17,33,46,81,6,49,124,137,156,180,180,214,214,337,337,312,333,333,333,333],"floor_reached":21,"playtime":1079,"items_purged":["Strike_R"],"score":291,"play_id":"0af50c99-bc55-463e-af16-740fc12add18","local_time":"20201214084810","is_ascension_mode":true,"campfire_choices":[{"floor":15,"key":"REST"}],"circlet_count":0,"master_deck":["Strike_R","Strike_R","Strike_R","Defend_R","Defend_R","Defend_R","Defend_R","Bash","Immolate","Fire Breathing","Armaments","Inflame","Body Slam","Feel No Pain","Armaments","Fire Breathing","Shockwave","Battle Trance","Double Tap","Demon Form","Sword Boomerang+1","Thunderclap"],"relics":["Burning Blood","Golden Idol","Lizard Tail","Vajra","Matryoshka","Toy Ornithopter","SacredBark"],"acts_visited":["Exordium","TheCity"],"potions_floor_usage":[6,11,14,16,18,19],"damage_taken":[{"damage":0,"enemies":"Cultist","floor":1,"turns":2},{"damage":0,"enemies":"2 Louse","floor":4,"turns":1},{"damage":9,"enemies":"Small Slimes","floor":5,"turns":3},{"damage":5,"enemies":"3 Sentries","floor":6,"turns":4},{"damage":35,"enemies":"Lagavulin","floor":8,"turns":5},{"damage":16,"enemies":"Looter","floor":10,"turns":4},{"damage":3,"enemies":"Blue Slaver","floor":11,"turns":2},{"damage":0,"enemies":"Gremlin Gang","floor":12,"turns":1},{"damage":27,"enemies":"Gremlin Nob","floor":14,"turns":4},{"damage":63,"enemies":"The Guardian","floor":16,"turns":12},{"damage":21,"enemies":"2 Thieves","floor":18,"turns":5},{"damage":57,"enemies":"3 Byrds","floor":19,"turns":6},{"damage":23,"enemies":"Cultist and Chosen","floor":21,"turns":3}],"seed_played":"4421553701480424375","potions_obtained":[{"floor":4,"key":"SkillPotion"},{"floor":6,"key":"ElixirPotion"},{"floor":10,"key":"SpeedPotion"},{"floor":11,"key":"Energy Potion"},{"floor":16,"key":"ColorlessPotion"},{"floor":18,"key":"Swift Potion"}],"is_trial":false,"path_per_floor":["M","?","$","M","M","E","$","E","T","M","M","M","?","E","R","B",null,"M","M","?","M"],"character_chosen":"IRONCLAD","items_purchased":["Armaments","Inflame"],"campfire_rested":1,"item_purchase_floors":[3,3],"current_hp_per_floor":[78,78,78,80,77,78,78,49,49,39,42,48,41,20,44,38,70,60,14,14,0,0],"gold":333,"neow_bonus":"ONE_RANDOM_RARE_CARD","is_daily":false,"chose_seed":false,"campfire_upgraded":0,"win_rate":0.0,"timestamp":1607932090,"path_taken":["M","?","$","M","M","E","$","E","T","M","M","M","?","E","R","BOSS","M","M","?","?"],"items_purchased_type":["Card","Card"],"build_version":"2020-12-13","purchased_purges":1,"victory":false,"max_hp_per_floor":[80,80,80,80,80,80,80,80,80,80,80,80,80,80,80,80,80,80,80,80,80,80],"card_choices":[{"not_picked":["Havoc","Flex"],"picked":"Fire Breathing","floor":1},{"not_picked":["Warcry","Anger"],"picked":"Body Slam","floor":4},{"not_picked":["Rupture","Pommel Strike"],"picked":"Feel No Pain","floor":5},{"not_picked":["Clash","Corruption"],"picked":"Armaments","floor":6},{"not_picked":["Uppercut","Iron Wave"],"picked":"Fire Breathing","floor":8},{"not_picked":["Seeing Red","Clash"],"picked":"Shockwave","floor":10},{"not_picked":["Twin Strike","Warcry"],"picked":"Battle Trance","floor":11},{"not_picked":["Perfected Strike","Armaments","Clothesline"],"picked":"SKIP","floor":12},{"not_picked":["Flex","Warcry"],"picked":"Double Tap","floor":14},{"not_picked":["Limit Break","Impervious"],"picked":"Demon Form","floor":16},{"not_picked":["Body Slam","Clothesline"],"picked":"Sword Boomerang+1","floor":18},{"not_picked":["Seeing Red","Evolve"],"picked":"Thunderclap","floor":19}],"player_experience":275701,"relics_obtained":[{"floor":6,"key":"Lizard Tail"},{"floor":8,"key":"Vajra"},{"floor":9,"key":"Matryoshka"},{"floor":14,"key":"Toy Ornithopter"}],"event_choices":[{"damage_healed":0,"gold_gain":0,"player_choice":"Take Wound","damage_taken":0,"relics_obtained":["Golden Idol"],"max_hp_gain":0,"max_hp_loss":0,"event_name":"Golden Idol","floor":2,"gold_loss":0,"cards_obtained":["Injury"]},{"cards_removed":["Strike_R"],"damage_healed":0,"gold_gain":0,"player_choice":"Card Removal","damage_taken":7,"max_hp_gain":0,"max_hp_loss":0,"event_name":"Golden Wing","floor":13,"gold_loss":0},{"cards_removed":["Injury"],"damage_healed":0,"gold_gain":0,"player_choice":"Removed Curses","damage_taken":0,"max_hp_gain":0,"max_hp_loss":0,"event_name":"Fountain of Cleansing","floor":20,"gold_loss":0}],"is_beta":false,"boss_relics":[{"not_picked":["Coffee Dripper","Astrolabe"],"picked":"SacredBark"}],"items_purged_floors":[7],"is_endless":false,"potions_floor_spawned":[4,6,10,11,16,18],"killed_by":"Cultist and Chosen","ascension_level":9}}