{"host":"5kadl7uu83y136u3","time":1607904741,"event":{"mods":["2.2 Compatiblity","BaseMod","Better Match","Better Note","Better Sensory Stone","Better Third Choice","BetterRewards","Colored Map","Colored Powertips","DeckTracker","Defuse TimeMaze Blight","Gold Saver","Googly Eyes","Highlight Path","Hubris","Infinite Spire","Luminous","Minty Spire (QoL Compilation)","Replay The Spire","Shop Mod","Spicy Shops","Spikes Relics","StSLib","The Necromancer","Uncapped"],"gold_per_floor":[699,699,56,71,71,71,98,98,98,108,108,120,133,143,143,242,242,259,259,184,184,202,236,236,236,287,287,287,352,386,436,436,568,568,625,625,680,690,753,753,822,440,493,543,593,648,705,765,765,765],"floor_reached":51,"playtime":2254,"items_purged":["Strike_B","Defend_B","Parasite"],"score":889,"play_id":"d64ca4fe-331d-441d-bda3-90dc500a113c","local_time":"20201213191221","is_ascension_mode":false,"campfire_choices":[{"data":"Consume","floor":6,"key":"SMITH"},{"data":"Dualcast","floor":8,"key":"SMITH"},{"data":"Zap","floor":11,"key":"SMITH"},{"floor":15,"key":"DIG"},{"data":"White Noise","floor":24,"key":"SMITH"},{"data":"All For One","floor":27,"key":"SMITH"},{"data":"DiskWipe","floor":32,"key":"SMITH"},{"data":"BootSequence","floor":40,"key":"SMITH"},{"data":"BasicCrystalCard","floor":49,"key":"SMITH"}],"circlet_count":0,"master_deck":["Strike_B+1","Strike_B+1","Defend_B","Zap+1","Dualcast+1","Consume+1","Electrodynamics+1","BootSequence+1","White Noise+1","All For One+1","Redo+1","Gash+1","Conserve Battery+1","Conserve Battery+1","DiskWipe+1","White Noise+1","FIFO Queue","FIFO Queue","BasicCrystalCard+1","Double Energy+1","Turbo+1","FTL+1"],"relics":["FrozenCore","hubris:BallOfYels","ClockworkSouvenir","infinitespire:Freezer","Replay:Rubber Ducky","RoseTintedShades","Unceasing Top","Ancient Tea Set","SsserpentHead","hubris:MedicalManual","hubris:BottledHeart","infinitespire:EvilPickle","Philosopher\u0027s Stone","infinitespire:Lucky Rock","MerchantsRug","Centennial Puzzle"],"acts_visited":["Exordium","TheCity","TheBeyond"],"potions_floor_usage":[7,7,16,16,16],"damage_taken":[{"damage":1,"enemies":"Cultist","floor":1,"turns":3},{"damage":4,"enemies":"Jaw Worm","floor":4,"turns":2},{"damage":0,"enemies":"Gremlin Nob","floor":7,"turns":2},{"damage":0,"enemies":"Small Slimes","floor":10,"turns":2},{"damage":3,"enemies":"Looter","floor":12,"turns":2},{"damage":0,"enemies":"Blue Slaver","floor":13,"turns":2},{"damage":0,"enemies":"2 Fungi Beasts","floor":14,"turns":2},{"damage":5,"enemies":"The Guardian","floor":16,"turns":8},{"damage":0,"enemies":"3 Byrds","floor":18,"turns":2},{"damage":0,"enemies":"2 Thieves","floor":22,"turns":3},{"damage":17,"enemies":"Gremlin Leader","floor":23,"turns":6},{"damage":0,"enemies":"Chosen and Byrds","floor":29,"turns":3},{"damage":0,"enemies":"Replay:Snechameleon","floor":30,"turns":4},{"damage":0,"enemies":"Pondfish","floor":33,"turns":6},{"damage":0,"enemies":"3 Darklings","floor":35,"turns":2},{"damage":0,"enemies":"Orb Walker","floor":37,"turns":3},{"damage":0,"enemies":"Writhing Mass","floor":39,"turns":4},{"damage":0,"enemies":"Maw","floor":41,"turns":7},{"damage":0,"enemies":"3 Darklings","floor":44,"turns":4},{"damage":0,"enemies":"Writhing Mass","floor":46,"turns":4},{"damage":0,"enemies":"Jaw Worm Horde","floor":47,"turns":2},{"damage":0,"enemies":"Maw","floor":48,"turns":2},{"damage":0,"enemies":"Replay:Hell Engine","floor":50,"turns":8}],"seed_played":"-6619373382403639276","potions_obtained":[{"floor":2,"key":"Energy Potion"},{"floor":2,"key":"Adrenaline Potion"},{"floor":2,"key":"Languid Potion"},{"floor":10,"key":"FocusPotion"},{"floor":12,"key":"SkillPotion"},{"floor":18,"key":"SteroidPotion"},{"floor":29,"key":"ColorlessPotion"},{"floor":30,"key":"Elixir"},{"floor":38,"key":"EssenceOfDarkness"},{"floor":38,"key":"LifebloodPotion"},{"floor":44,"key":"Fire Potion"}],"is_trial":false,"path_per_floor":["M","?","$","M","$","R","E","R","T","M","R","M","M","M","R_BF","B",null,"M","AVR","?","?","M","E","R","?","T","R","?","M","E","?","R","B",null,"M","AVR","M","?","M","R","M","$","T","M","$","M","M","M","R","B",null],"character_chosen":"DEFECT","items_purchased":["Electrodynamics","hubris:BallOfYels","ClockworkSouvenir","infinitespire:Freezer","FIFO Queue","infinitespire:Lucky Rock","BasicCrystalCard","MerchantsRug"],"campfire_rested":0,"item_purchase_floors":[3,3,3,3,42,42,42,42],"current_hp_per_floor":[67,67,67,63,63,63,63,63,63,63,63,60,60,60,60,55,68,68,68,68,68,68,51,51,51,51,51,51,51,51,1,1,1,1,1,1,1,1,1,1,1,1,1,1,1,1,1,1,1,1],"gold":765,"neow_bonus":"REMOVE_TWO","is_daily":false,"chose_seed":false,"campfire_upgraded":8,"win_rate":0.0,"timestamp":1607904741,"path_taken":["M","?","$","M","?","R","E","R","T","M","R","M","?","M","R_BF","BOSS","M","AVR","?","?","M","E","R","?","T","R","?","?","E","?","R","BOSS","M","AVR","M","?","M","R","M","$","T","M","?","M","M","M","R","BOSS"],"items_purchased_type":["Card","Relic","Relic","Relic","Card","Relic","Card","Relic"],"build_version":"2020-12-13","purchased_purges":3,"victory":true,"max_hp_per_floor":[68,68,68,68,68,68,68,68,68,68,68,68,68,68,68,68,68,68,68,68,68,68,68,68,68,68,68,68,68,68,1,1,1,1,1,1,1,1,1,1,1,1,1,1,1,1,1,1,1,1],"card_choices":[{"not_picked":["Reinforced Body","ReplayTheSpireMod:Reroute Power"],"picked":"Consume","floor":1},{"not_picked":["Rebound","Cold Snap","Streamline"],"picked":"SKIP","floor":4},{"not_picked":["Rip and Tear","Compile Driver","Stack"],"picked":"SKIP","floor":7},{"not_picked":["Turbo","hubris:PowerSurge","Lockon"],"picked":"SKIP","floor":10},{"not_picked":["Blizzard","Cold Snap"],"picked":"BootSequence","floor":12},{"not_picked":["Leap","Turbo","Barrage"],"picked":"SKIP","floor":13},{"not_picked":["Ball Lightning","Sweeping Beam"],"picked":"White Noise","floor":14},{"not_picked":["Multi-Cast","Biased Cognition"],"picked":"All For One","floor":16},{"not_picked":["Cold Snap+1","Glacier"],"picked":"Redo+1","floor":18},{"not_picked":["Cold Snap+1","Barrage+1"],"picked":"Gash+1","floor":20},{"not_picked":["Reinforced Body","Ball Lightning"],"picked":"Conserve Battery+1","floor":22},{"not_picked":["Streamline","Chill"],"picked":"Conserve Battery+1","floor":23},{"not_picked":["Cold Snap","Gash"],"picked":"DiskWipe","floor":29},{"not_picked":["Reprogram","Compile Driver","hubris:PowerSurge"],"picked":"SKIP","floor":30},{"not_picked":["Go for the Eyes","Barrage+1","Ball Lightning+1"],"picked":"SKIP","floor":35},{"not_picked":["Barrage","Aggregate","Ball Lightning"],"picked":"SKIP","floor":37},{"not_picked":["Skim+1","Consume","Stack"],"picked":"SKIP","floor":39},{"not_picked":["Redo+1","Coolheaded","Ball Lightning+1"],"picked":"SKIP","floor":41},{"not_picked":["Lockon+1","Reinforced Body","Gash"],"picked":"SKIP","floor":44},{"not_picked":["Stack+1","Melter+1"],"picked":"Double Energy+1","floor":46},{"not_picked":["Stack+1","Conserve Battery+1"],"picked":"Turbo+1","floor":47},{"not_picked":["Turbo","Machine Learning"],"picked":"FTL+1","floor":48}],"player_experience":1594617,"relics_obtained":[{"floor":7,"key":"Replay:Rubber Ducky"},{"floor":9,"key":"RoseTintedShades"},{"floor":23,"key":"Ancient Tea Set"},{"floor":26,"key":"Whetstone"},{"floor":30,"key":"hubris:MedicalManual"},{"floor":43,"key":"Centennial Puzzle"}],"event_choices":[{"damage_healed":0,"gold_gain":0,"player_choice":"Got Potions","damage_taken":0,"max_hp_gain":0,"max_hp_loss":0,"event_name":"Lab","floor":2,"gold_loss":0},{"damage_healed":0,"gold_gain":0,"player_choice":"2","damage_taken":0,"max_hp_gain":0,"max_hp_loss":0,"event_name":"betterMatch:BetterMatch","floor":20,"gold_loss":0,"cards_obtained":["betterMatch:CommonCard"]},{"damage_healed":0,"gold_gain":0,"player_choice":"Upgraded","damage_taken":0,"max_hp_gain":0,"max_hp_loss":0,"event_name":"Upgrade Shrine","floor":21,"gold_loss":0,"cards_upgraded":["Electrodynamics"]},{"cards_removed":["Defend_B"],"damage_healed":0,"gold_gain":0,"player_choice":"Offered Basic","damage_taken":0,"max_hp_gain":0,"max_hp_loss":0,"event_name":"Bonfire Elementals","floor":25,"gold_loss":0},{"damage_healed":0,"gold_gain":0,"player_choice":"Trade","damage_taken":0,"relics_obtained":["SsserpentHead"],"max_hp_gain":0,"max_hp_loss":0,"event_name":"FaceTrader","floor":28,"gold_loss":0},{"damage_healed":0,"gold_gain":0,"player_choice":"Bought 3 Potions","damage_taken":0,"max_hp_gain":0,"max_hp_loss":0,"event_name":"The Woman in Blue","floor":38,"gold_loss":0}],"is_beta":false,"boss_relics":[{"not_picked":["hubris:VirtuousBlindfold","ChewingGum"],"picked":"FrozenCore"},{"not_picked":["Pandora\u0027s Box","hubris:BlackHole"],"picked":"Philosopher\u0027s Stone"}],"items_purged_floors":[19,36,42],"is_endless":false,"potions_floor_spawned":[4,10,12,18,29,30,33,41,44,47,48],"ascension_level":0}}