{"host":"zekcc3vicrep0och","time":1607971654,"event":{"mods":["AchievementEnabler","BaseMod","Colored Map","Colored Powertips","Displayed Cursed Tome","Minty Spire (QoL Compilation)","Relic Stats","StSLib"],"gold_per_floor":[113,132,149,114,114,150,150,193,193,193,224,224,33,54,54,179,179,198,198,221,244,260,260,304,304,330,330,21,55,55,55,55,179,179,197,218,241,241,241,285,285,329,353,353,191,204,204,227,227,227],"floor_reached":51,"playtime":2715,"items_purged":["Strike_B","Strike_B"],"score":1510,"play_id":"1c28bc11-7d82-4561-8871-e7856b4ca781","local_time":"20201214214734","is_ascension_mode":true,"campfire_choices":[{"data":"Zap","floor":7.0,"key":"SMITH"},{"data":"Hologram","floor":10.0,"key":"SMITH"},{"data":"Consume","floor":15.0,"key":"SMITH"},{"data":"Chaos","floor":23.0,"key":"SMITH"},{"data":"Thunder Strike","floor":25.0,"key":"SMITH"},{"data":"Dualcast","floor":27.0,"key":"SMITH"},{"data":"Double Energy","floor":32.0,"key":"SMITH"},{"data":"Genetic Algorithm","floor":41,"key":"SMITH"},{"data":"FTL","floor":47,"key":"SMITH"},{"data":"Glacier","floor":49,"key":"SMITH"}],"circlet_count":0,"master_deck":["Defend_B","Defend_B","Defend_B","Defend_B","Zap+1","Dualcast+1","Thunder Strike+1","Genetic Algorithm+1","Consume+1","Ball Lightning","Glacier","Hologram+1","Capacitor+1","Defragment+1","Heatsinks+1","Self Repair+1","Melter","Glacier+1","Chaos+1","Loop+1","Double Energy+1","Echo Form+1","Defragment+1","Force Field+1","FTL+1","Genetic Algorithm+1","Defragment+1","Storm+1"],"relics":["Cracked Core","Golden Idol","Darkstone Periapt","Mummified Hand","Frozen Egg 2","Omamori","Runic Capacitor","Nuclear Battery","Strawberry","MealTicket","Lantern","Bronze Scales","Centennial Puzzle","Enchiridion","Empty Cage","HornCleat","Smiling Mask","Boot","Blood Vial"],"acts_visited":["Exordium","TheCity","TheBeyond"],"potions_floor_usage":[48],"damage_taken":[{"damage":0.0,"enemies":"Small Slimes","floor":1.0,"turns":2.0},{"damage":5.0,"enemies":"Cultist","floor":2.0,"turns":4.0},{"damage":6.0,"enemies":"Jaw Worm","floor":3.0,"turns":4.0},{"damage":8.0,"enemies":"Gremlin Nob","floor":6.0,"turns":3.0},{"damage":28.0,"enemies":"Lagavulin","floor":8.0,"turns":7.0},{"damage":12.0,"enemies":"Gremlin Nob","floor":11.0,"turns":4.0},{"damage":6.0,"enemies":"3 Louse","floor":14.0,"turns":4.0},{"damage":0.0,"enemies":"Hexaghost","floor":16.0,"turns":9.0},{"damage":2.0,"enemies":"Shell Parasite","floor":18.0,"turns":4.0},{"damage":9.0,"enemies":"Chosen","floor":20.0,"turns":5.0},{"damage":0.0,"enemies":"Centurion and Healer","floor":21.0,"turns":5.0},{"damage":0.0,"enemies":"Snake Plant","floor":22.0,"turns":4.0},{"damage":21.0,"enemies":"Slavers","floor":24.0,"turns":6.0},{"damage":18.0,"enemies":"Gremlin Leader","floor":29.0,"turns":6.0},{"damage":0.0,"enemies":"Collector","floor":33.0,"turns":7.0},{"damage":18,"enemies":"Orb Walker","floor":35,"turns":5},{"damage":6,"enemies":"3 Darklings","floor":36,"turns":5},{"damage":0,"enemies":"Sphere and 2 Shapes","floor":37,"turns":4},{"damage":0,"enemies":"Giant Head","floor":40,"turns":5},{"damage":21,"enemies":"Nemesis","floor":42,"turns":5},{"damage":0,"enemies":"Spire Growth","floor":46,"turns":4},{"damage":0,"enemies":"Transient","floor":48,"turns":5},{"damage":13,"enemies":"Awakened One","floor":50,"turns":6}],"seed_played":"2113259057830625493","potions_obtained":[{"floor":1.0,"key":"Fire Potion"},{"floor":11.0,"key":"Block Potion"},{"floor":14.0,"key":"Weak Potion"},{"floor":18.0,"key":"FearPotion"},{"floor":20.0,"key":"Block Potion"},{"floor":21.0,"key":"FocusPotion"},{"floor":29.0,"key":"GamblersBrew"},{"floor":40,"key":"SpeedPotion"}],"is_trial":false,"path_per_floor":["M","M","M","?","?","E","R","E","T","R","E","?","$","M","R","B",null,"M","?","M","M","M","R","E","R","T","R","$","E","?","?","R","B",null,"M","M","M","?","T","E","R","E","T","?","$","M","R","M","R","B",null],"character_chosen":"DEFECT","items_purchased":["Defragment+1","Runic Capacitor","Loop+1","Lantern","ColorlessPotion","Defragment+1","DuplicationPotion"],"campfire_rested":0,"item_purchase_floors":[13,13,28,28,28,45,45],"current_hp_per_floor":[68,63,57,75,75,67,67,39,39,39,27,27,27,21,21,21,62,60,60,61,71,75,75,71,71,71,71,82,74,74,58,58,58,76,78,82,82,78,78,78,78,67,67,67,78,78,78,78,78,75],"gold":227,"neow_bonus":"ONE_RANDOM_RARE_CARD","is_daily":false,"chose_seed":false,"campfire_upgraded":10,"win_rate":0.0,"timestamp":1607971654,"path_taken":["M","M","M","?","?","E","R","E","T","R","E","?","$","?","R","BOSS","M","?","M","M","M","R","E","R","T","R","$","E","?","?","R","BOSS","M","M","M","?","?","E","R","E","T","?","$","?","R","M","R","BOSS"],"items_purchased_type":["Card","Relic","Card","Relic","Potion","Card","Potion"],"build_version":"2020-12-13","purchased_purges":2,"victory":true,"max_hp_per_floor":[75,75,75,75,75,75,75,75,75,75,75,75,75,75,75,75,75,75,75,75,75,75,75,82,82,82,82,82,82,82,82,82,82,82,82,82,82,78,78,78,78,78,78,78,78,78,78,78,78,78],"relic_stats":{"Darkstone Periapt":0,"Blood Vial":0,"Centennial Puzzle":[12],"counters":[23,113],"Golden Idol":173,"Mummified Hand":[138],"Bronze Scales":[122],"MealTicket":22,"Smiling Mask":50,"Boot":[0],"obtain_stats":[{"Darkstone Periapt":6,"Lantern":28,"Golden Idol":5,"Enchiridion":31,"Omamori":11,"Runic Capacitor":13,"Frozen Egg 2":9,"Empty Cage":34,"Smiling Mask":40,"Boot":42,"Nuclear Battery":17,"Blood Vial":43,"Centennial Puzzle":30,"HornCleat":39,"Mummified Hand":8,"Strawberry":24,"Bronze Scales":29,"MealTicket":26,"Cracked Core":0},{"Darkstone Periapt":4,"Lantern":13,"Golden Idol":3,"Enchiridion":14,"Omamori":6,"Runic Capacitor":6,"Frozen Egg 2":5,"Empty Cage":15,"Smiling Mask":19,"Boot":20,"Nuclear Battery":8,"Blood Vial":20,"Centennial Puzzle":14,"HornCleat":18,"Mummified Hand":5,"Strawberry":13,"Bronze Scales":14,"MealTicket":13,"Cracked Core":0},{"Darkstone Periapt":13,"Lantern":61,"Golden Idol":10,"Enchiridion":67,"Omamori":24,"Runic Capacitor":24,"Frozen Egg 2":20,"Empty Cage":74,"Smiling Mask":93,"Boot":98,"Nuclear Battery":37,"Blood Vial":98,"Centennial Puzzle":67,"HornCleat":88,"Mummified Hand":20,"Strawberry":61,"Bronze Scales":67,"MealTicket":61,"Cracked Core":0}]},"card_choices":[{"not_picked":["Redo","Gash"],"picked":"Genetic Algorithm","floor":1.0},{"not_picked":["Rip and Tear","Redo"],"picked":"Consume","floor":2.0},{"not_picked":["Gash","Turbo"],"picked":"Ball Lightning","floor":3.0},{"not_picked":["Barrage","Self Repair"],"picked":"Glacier","floor":6.0},{"not_picked":["Defragment","Compile Driver"],"picked":"Hologram","floor":8.0},{"not_picked":["Coolheaded","FTL"],"picked":"Capacitor+1","floor":11.0},{"not_picked":["Cold Snap","Sweeping Beam"],"picked":"Heatsinks+1","floor":14.0},{"not_picked":["Sweeping Beam","Fusion","Turbo"],"picked":"SKIP","floor":18.0},{"not_picked":["Lockon","Steam"],"picked":"Melter","floor":20.0},{"not_picked":["Stack+1","Barrage"],"picked":"Glacier","floor":21.0},{"not_picked":["Go for the Eyes","Sweeping Beam+1"],"picked":"Chaos","floor":22.0},{"not_picked":["Streamline","Genetic Algorithm","Leap"],"picked":"SKIP","floor":24.0},{"not_picked":["Rebound","Recycle"],"picked":"Double Energy","floor":29.0},{"not_picked":["Multi-Cast","Thunder Strike"],"picked":"Echo Form+1","floor":33.0},{"not_picked":["Streamline","Redo+1"],"picked":"Defragment+1","floor":35},{"not_picked":["Chill+1","Rebound+1"],"picked":"Force Field+1","floor":36},{"not_picked":["Cold Snap","Blizzard","Rebound+1"],"picked":"SKIP","floor":37},{"not_picked":["Sweeping Beam","BootSequence+1","Leap+1"],"picked":"SKIP","floor":40},{"not_picked":["Leap","Gash"],"picked":"FTL","floor":42},{"not_picked":["Amplify","Turbo","Ball Lightning"],"picked":"SKIP","floor":46},{"not_picked":["Tempest+1","Ball Lightning"],"picked":"Storm+1","floor":48}],"player_experience":409505,"relics_obtained":[{"floor":6.0,"key":"Darkstone Periapt"},{"floor":8.0,"key":"Mummified Hand"},{"floor":9.0,"key":"Frozen Egg 2"},{"floor":11.0,"key":"Omamori"},{"floor":24.0,"key":"Strawberry"},{"floor":26.0,"key":"MealTicket"},{"floor":29.0,"key":"Bronze Scales"},{"floor":39,"key":"HornCleat"},{"floor":40,"key":"Smiling Mask"},{"floor":42,"key":"Boot"},{"floor":43,"key":"Blood Vial"}],"event_choices":[{"damage_healed":18.0,"max_hp_gain":0.0,"max_hp_loss":0.0,"gold_gain":0.0,"event_name":"The Cleric","player_choice":"Healed","floor":4.0,"gold_loss":35.0,"damage_taken":0.0},{"damage_healed":0.0,"max_hp_gain":0.0,"max_hp_loss":0.0,"gold_gain":0.0,"event_name":"Golden Idol","player_choice":"Take Wound","floor":5.0,"gold_loss":0.0,"damage_taken":0.0,"relics_obtained":["Golden Idol"],"cards_obtained":["Injury"]},{"cards_removed":["Injury"],"damage_healed":0.0,"max_hp_gain":0.0,"max_hp_loss":0.0,"gold_gain":0.0,"event_name":"Fountain of Cleansing","player_choice":"Removed Curses","floor":12.0,"gold_loss":0.0,"damage_taken":0.0},{"damage_healed":0.0,"max_hp_gain":0.0,"max_hp_loss":0.0,"gold_gain":0.0,"event_name":"The Library","player_choice":"Read","floor":19.0,"gold_loss":0.0,"damage_taken":0.0,"cards_obtained":["Self Repair"]},{"damage_healed":0.0,"max_hp_gain":0.0,"max_hp_loss":0.0,"gold_gain":0.0,"event_name":"Addict","player_choice":"Stole Relic","floor":30.0,"gold_loss":0.0,"damage_taken":0.0,"relics_obtained":["Centennial Puzzle"],"cards_obtained":["Shame"]},{"damage_healed":0.0,"max_hp_gain":0.0,"max_hp_loss":0.0,"gold_gain":0.0,"event_name":"Cursed Tome","player_choice":"Obtained Book","floor":31.0,"gold_loss":0.0,"damage_taken":16.0},{"damage_healed":0,"gold_gain":0,"player_choice":"Max HP","damage_taken":0,"max_hp_gain":0,"max_hp_loss":4,"event_name":"Winding Halls","floor":38,"gold_loss":0},{"damage_healed":0,"gold_gain":0,"player_choice":"Copied","damage_taken":0,"max_hp_gain":0,"max_hp_loss":0,"event_name":"Duplicator","floor":44,"gold_loss":0,"cards_obtained":["Genetic Algorithm"]}],"is_beta":false,"boss_relics":[{"not_picked":["Ectoplasm","Inserter"],"picked":"Nuclear Battery"},{"not_picked":["Coffee Dripper","Velvet Choker"],"picked":"Empty Cage"}],"items_purged_floors":[28,45],"is_endless":false,"potions_floor_spawned":[1,11,14,18,20,21,29,40],"ascension_level":8}}