{"host":"63rwe7p34ct1i0qu","time":1607921381,"event":{"mods":["BaseMod","DeckTracker","Minty Spire (QoL Compilation)","Permanent Neow","Quick Restart","StSLib"],"gold_per_floor":[114,189,189,189,199,199,212,212,291,326,326,326,341,341,341,444,444,454,469,429,446,251,251,267,299,325,335,335,355,99,124,124,220,220,240,254,264,119,137,137,155,155,230,230,262,262,272,286,286,286],"floor_reached":51,"playtime":4917,"items_purged":["Strike_B","Strike_B"],"score":977,"play_id":"43e9b5e0-7cf4-4267-ae33-f0f81cd01c7a","local_time":"20201214134940","is_ascension_mode":true,"campfire_choices":[{"data":"Zap","floor":6,"key":"SMITH"},{"data":"Dualcast","floor":8,"key":"SMITH"},{"data":"White Noise","floor":11,"key":"SMITH"},{"floor":15,"key":"REST"},{"floor":23,"key":"REST"},{"floor":28,"key":"REST"},{"floor":32,"key":"REST"},{"floor":40,"key":"REST"},{"data":"Capacitor","floor":42,"key":"SMITH"},{"floor":46,"key":"DIG"},{"floor":49,"key":"DIG"}],"circlet_count":0,"master_deck":["Strike_B+1","Defend_B+1","Defend_B+1","Defend_B","Defend_B","Zap+1","Dualcast+1","Multi-Cast+1","Streamline","White Noise+1","Ball Lightning","Electrodynamics","CurseOfTheBell","Coolheaded+1","Tempest+1","Rebound+1","Capacitor+1","Coolheaded+1","Conserve Battery+1","Machine Learning","Consume+1","Go for the Eyes","Multi-Cast+1","Blur+1","Vault+1","Entrench+1","Crippling Poison+1","Deep Breath+1","Bullet Time+1","Bloodletting+1"],"relics":["Cracked Core","Gremlin Horn","Ancient Tea Set","Toxic Egg 2","Calling Bell","CaptainsWheel","Darkstone Periapt","Dream Catcher","PreservedInsect","Bronze Scales","PrismaticShard","DataDisk","Nuclear Battery","Bag of Preparation","Meat on the Bone","Shovel","Symbiotic Virus","Sundial"],"acts_visited":["Exordium","TheCity","TheBeyond"],"potions_floor_usage":[16,21,27,33,35,39,45,45,50,50,50],"damage_taken":[{"damage":11,"enemies":"Small Slimes","floor":1,"turns":3},{"damage":1,"enemies":"2 Louse","floor":5,"turns":2},{"damage":1,"enemies":"Cultist","floor":7,"turns":3},{"damage":25,"enemies":"Lagavulin","floor":10,"turns":6},{"damage":0,"enemies":"3 Louse","floor":13,"turns":2},{"damage":0,"enemies":"Slime Boss","floor":16,"turns":5},{"damage":6,"enemies":"Shell Parasite","floor":18,"turns":4},{"damage":4,"enemies":"Chosen","floor":19,"turns":4},{"damage":8,"enemies":"3 Cultists","floor":21,"turns":3},{"damage":8,"enemies":"Snecko","floor":24,"turns":4},{"damage":31,"enemies":"Book of Stabbing","floor":25,"turns":5},{"damage":11,"enemies":"Sentry and Sphere","floor":27,"turns":5},{"damage":16,"enemies":"Shelled Parasite and Fungi","floor":29,"turns":4},{"damage":8,"enemies":"Collector","floor":33,"turns":8},{"damage":2,"enemies":"3 Darklings","floor":35,"turns":4},{"damage":0,"enemies":"Orb Walker","floor":36,"turns":3},{"damage":15,"enemies":"3 Darklings","floor":37,"turns":4},{"damage":0,"enemies":"Spire Growth","floor":39,"turns":5},{"damage":0,"enemies":"Sphere and 2 Shapes","floor":41,"turns":2},{"damage":0,"enemies":"Reptomancer","floor":45,"turns":5},{"damage":0,"enemies":"Transient","floor":47,"turns":6},{"damage":6,"enemies":"Maw","floor":48,"turns":7},{"damage":54,"enemies":"Donu and Deca","floor":50,"turns":9}],"seed_played":"-1189675349983490148","potions_obtained":[{"floor":7,"key":"GamblersBrew"},{"floor":13,"key":"SneckoOil"},{"floor":16,"key":"Strength Potion"},{"floor":18,"key":"Explosive Potion"},{"floor":25,"key":"EssenceOfSteel"},{"floor":29,"key":"Energy Potion"},{"floor":33,"key":"PowerPotion"},{"floor":37,"key":"LiquidMemories"},{"floor":44,"key":"ColorlessPotion"},{"floor":45,"key":"Dexterity Potion"},{"floor":47,"key":"Strength Potion"}],"is_trial":false,"path_per_floor":["M","?","?","?","M","R","M","R","T","E","R","T","M","?","R","B",null,"M","M","?","M","$","R","M","E","T","M","R","M","$","T","R","B",null,"M","M","M","$","M","R","M","R","T","?","E","R","M","M","R","B",null],"character_chosen":"DEFECT","items_purchased":["Capacitor","Coolheaded+1","PrismaticShard","Bag of Preparation"],"campfire_rested":5,"item_purchase_floors":[22,22,30,38],"current_hp_per_floor":[57,46,71,56,55,55,54,54,54,29,29,29,29,29,51,51,69,63,59,59,51,51,73,65,34,34,23,45,29,29,29,51,43,67,65,65,50,50,50,72,72,72,72,72,72,72,72,66,66,24],"gold":286,"neow_bonus":"ONE_RANDOM_RARE_CARD","is_daily":false,"chose_seed":false,"campfire_upgraded":4,"win_rate":0.0,"timestamp":1607921380,"path_taken":["M","?","?","?","M","R","M","R","T","E","R","?","?","?","R","BOSS","M","?","?","M","?","R","M","E","T","M","R","M","$","?","R","BOSS","M","M","?","$","M","R","?","R","T","?","E","R","?","M","R","BOSS"],"items_purchased_type":["Card","Card","Relic","Relic"],"build_version":"2020-12-13","purchased_purges":2,"victory":true,"max_hp_per_floor":[75,75,75,75,75,75,75,75,75,75,75,75,75,75,75,75,75,75,75,75,75,75,75,75,75,75,75,75,75,75,75,75,75,75,75,75,75,75,75,75,75,75,75,75,75,75,75,75,75,75],"card_choices":[{"not_picked":["Compile Driver","Aggregate","Steam"],"picked":"SKIP","floor":1},{"not_picked":["Turbo","Cold Snap"],"picked":"Streamline","floor":5},{"not_picked":["Hello World","Steam Power","Biased Cognition"],"picked":"SKIP","floor":7},{"not_picked":["Redo","Rainbow"],"picked":"White Noise","floor":10},{"not_picked":["Heatsinks","Ball Lightning","Sweeping Beam"],"picked":"SKIP","floor":13},{"not_picked":["Heatsinks","Sweeping Beam"],"picked":"Ball Lightning","floor":13},{"not_picked":["Fission+1","All For One"],"picked":"Electrodynamics","floor":16},{"not_picked":["Scrape","Cold Snap"],"picked":"Coolheaded+1","floor":18},{"not_picked":["Melter","Gash"],"picked":"Tempest+1","floor":19},{"not_picked":["Compile Driver","Gash+1"],"picked":"Rebound+1","floor":21},{"not_picked":["Leap+1","Stack+1"],"picked":"Conserve Battery+1","floor":23},{"not_picked":["Redo+1","Compile Driver+1"],"picked":"Machine Learning","floor":24},{"not_picked":["Steam+1","Conserve Battery+1"],"picked":"Consume+1","floor":25},{"not_picked":["Capacitor","Redo+1"],"picked":"Go for the Eyes","floor":27},{"not_picked":["Rip and Tear","Stack+1"],"picked":"Multi-Cast+1","floor":29},{"not_picked":["Crescendo+1","Havoc+1"],"picked":"Blur+1","floor":32},{"not_picked":["Apotheosis+1","Double Tap+1"],"picked":"Vault+1","floor":33},{"not_picked":["Cold Snap+1","DeceiveReality+1"],"picked":"Entrench+1","floor":35},{"not_picked":["All Out Attack+1","Body Slam","FollowUp"],"picked":"SKIP","floor":36},{"not_picked":["Evaluate+1","Backflip+1"],"picked":"Crippling Poison+1","floor":37},{"not_picked":["Swivel+1","Power Through+1","Armaments+1"],"picked":"SKIP","floor":39},{"not_picked":["EmptyFist+1","FlyingSleeves"],"picked":"Deep Breath+1","floor":41},{"not_picked":["Prepared+1","Leap+1"],"picked":"Bullet Time+1","floor":45},{"not_picked":["Feel No Pain","Terror+1"],"picked":"Bloodletting+1","floor":47},{"not_picked":["Pommel Strike+1","Acrobatics+1","Beam Cell+1"],"picked":"SKIP","floor":48}],"player_experience":754167,"relics_obtained":[{"floor":9,"key":"Gremlin Horn"},{"floor":10,"key":"Ancient Tea Set"},{"floor":12,"key":"Toxic Egg 2"},{"floor":17,"key":"CaptainsWheel"},{"floor":17,"key":"Darkstone Periapt"},{"floor":17,"key":"Dream Catcher"},{"floor":25,"key":"PreservedInsect"},{"floor":26,"key":"Bronze Scales"},{"floor":31,"key":"DataDisk"},{"floor":43,"key":"Meat on the Bone"},{"floor":45,"key":"Shovel"},{"floor":46,"key":"Symbiotic Virus"},{"floor":49,"key":"Sundial"}],"event_choices":[{"damage_healed":0,"gold_gain":75,"player_choice":"Gather Gold","damage_taken":11,"max_hp_gain":0,"max_hp_loss":0,"event_name":"World of Goop","floor":2,"gold_loss":0},{"damage_healed":25,"gold_gain":0,"player_choice":"Banana","damage_taken":0,"max_hp_gain":0,"max_hp_loss":0,"event_name":"Big Fish","floor":3,"gold_loss":0},{"damage_healed":0,"gold_gain":0,"player_choice":"Entered Light","damage_taken":15,"max_hp_gain":0,"max_hp_loss":0,"event_name":"Shining Light","floor":4,"gold_loss":0,"cards_upgraded":["Defend_B","Strike_B"]},{"cards_removed":["Strike_B"],"damage_healed":0,"gold_gain":0,"player_choice":"Offered Basic","damage_taken":0,"max_hp_gain":0,"max_hp_loss":0,"event_name":"Bonfire Elementals","floor":14,"gold_loss":0},{"damage_healed":0,"gold_gain":0,"player_choice":"Upgraded Two","damage_taken":0,"max_hp_gain":0,"max_hp_loss":0,"event_name":"Designer","floor":20,"gold_loss":40,"cards_upgraded":["Defend_B","Multi-Cast"]},{"damage_healed":0,"gold_gain":0,"player_choice":"Got Potions","damage_taken":0,"max_hp_gain":0,"max_hp_loss":0,"event_name":"Lab","floor":44,"gold_loss":0}],"is_beta":false,"boss_relics":[{"not_picked":["Philosopher\u0027s Stone","Busted Crown"],"picked":"Calling Bell"},{"not_picked":["Pandora\u0027s Box","Black Star"],"picked":"Nuclear Battery"}],"items_purged_floors":[22,30],"is_endless":false,"potions_floor_spawned":[7,13,16,18,19,25,29,33,37,45,47],"ascension_level":7}}