{"host":"b6iqmq74l2bwzb3l","time":1607967413,"event":{"mods":["BaseMod","Colored Map","Colored Powertips","Googly Eyes","MarisaÅiñ∂âJÅ@ñÇóùçπÅj","Minty Spire (QoL Compilation)","Quick Restart","StSLib","The Cursed"],"gold_per_floor":[116,41,41,41,55,55,94,94,168,191,229,404,404,419,419,544,544,563,581,202,202,127,160,160,160,160,175,53,68,68,94,94,199,199,216,91,108,158,170,170,170,182,182,182,198,212,212,224,224,224],"floor_reached":51,"playtime":6431,"items_purged":["TheCursedMod:Strike_TheCursed","TheCursedMod:Defend_TheCursed","TheCursedMod:Defend_TheCursed"],"score":700,"play_id":"a474ba56-58f9-4fbf-a963-e6e9324a7a4a","local_time":"20201215023653","is_ascension_mode":false,"campfire_choices":[{"data":"TheCursedMod:CursedWand","floor":6,"key":"SMITH"},{"data":"TheCursedMod:VoidForm","floor":8,"key":"SMITH"},{"data":"TheCursedMod:SpitefulPlan","floor":15,"key":"SMITH"},{"data":"TheCursedMod:DemonicPact","floor":24,"key":"SMITH"},{"data":"TheCursedMod:LuckyCharm","floor":30,"key":"SMITH"},{"floor":32,"key":"REST"},{"data":"TheCursedMod:FleshFromBone","floor":40,"key":"SMITH"},{"data":"TheCursedMod:CleanUpWorkshop","floor":44,"key":"SMITH"},{"floor":49,"key":"REST"}],"circlet_count":0,"master_deck":["TheCursedMod:Strike_TheCursed","TheCursedMod:Strike_TheCursed","TheCursedMod:Strike_TheCursed","TheCursedMod:CursedWand+1","TheCursedMod:CleanUpWorkshop+1","TheCursedMod:Dregs","TheCursedMod:CursedShiv","Injury","TheCursedMod:FleshFromBone+1","TheCursedMod:VoidForm+1","TheCursedMod:SpitefulPlan+1","Doubt","TheCursedMod:DemonicPact+1","TheCursedMod:Obscuration+1","TheCursedMod:LuckyCharm+1","TheCursedMod:Obscuration","TheCursedMod:Obscuration","TheCursedMod:FleshFromBone+1"],"relics":["TheCursedMod:BlackMagicAdvanced","NeowsBlessing","Bloody Idol","Oddly Smooth Stone","Singing Bowl","Happy Flower","Bronze Scales","Akabeko","Blue Candle","Eternal Feather","Red Mask","Sozu","Du-Vu Doll","HornCleat"],"acts_visited":["Exordium","TheCity","TheBeyond"],"potions_floor_usage":[16,16,16,16,33,33],"damage_taken":[{"damage":0,"enemies":"2 Louse","floor":1,"turns":1},{"damage":0,"enemies":"Jaw Worm","floor":5,"turns":1},{"damage":0,"enemies":"3 Sentries","floor":7,"turns":2},{"damage":1,"enemies":"Small Slimes","floor":10,"turns":4},{"damage":18,"enemies":"Gremlin Nob","floor":11,"turns":4},{"damage":3,"enemies":"Blue Slaver","floor":14,"turns":4},{"damage":18,"enemies":"Hexaghost","floor":16,"turns":4},{"damage":14,"enemies":"Shell Parasite","floor":18,"turns":4},{"damage":10,"enemies":"Spheric Guardian","floor":19,"turns":6},{"damage":0,"enemies":"Book of Stabbing","floor":23,"turns":7},{"damage":7,"enemies":"Cultist and Chosen","floor":27,"turns":5},{"damage":0,"enemies":"Sentry and Sphere","floor":29,"turns":8},{"damage":48,"enemies":"Masked Bandits","floor":31,"turns":5},{"damage":28,"enemies":"Automaton","floor":33,"turns":7},{"damage":0,"enemies":"3 Darklings","floor":35,"turns":5},{"damage":3,"enemies":"Orb Walker","floor":37,"turns":4},{"damage":3,"enemies":"Mind Bloom Boss Battle","floor":38,"turns":5},{"damage":0,"enemies":"Transient","floor":39,"turns":5},{"damage":16,"enemies":"3 Darklings","floor":42,"turns":4},{"damage":3,"enemies":"Jaw Worm Horde","floor":45,"turns":4},{"damage":35,"enemies":"4 Shapes","floor":46,"turns":4},{"damage":5,"enemies":"Writhing Mass","floor":48,"turns":4},{"damage":12,"enemies":"Donu and Deca","floor":50,"turns":8}],"seed_played":"-3334314178331077295","potions_obtained":[{"floor":7,"key":"EntropicBrew"},{"floor":10,"key":"Weak Potion"},{"floor":14,"key":"Dexterity Potion"},{"floor":16,"key":"Strength Potion"},{"floor":33,"key":"PowerPotion"}],"is_trial":false,"path_per_floor":["M","$","?","?","M","R","E","R","T","M","E","?","?","M","R","B",null,"M","M","$","?","?","E","R","?","T","M","$","M","R","?","R","B",null,"M","$","M","?","M","R","?","M","T","R","M","M","?","M","R","B",null],"character_chosen":"THE_CURSED","items_purchased":["TheCursedMod:LuckyCharm","Bronze Scales","Akabeko","TheCursedMod:Obscuration"],"campfire_rested":2,"item_purchase_floors":[20,20,20,28],"current_hp_per_floor":[75,75,75,75,75,75,75,75,75,74,58,58,58,57,57,39,79,65,57,57,57,57,62,62,81,81,81,81,85,85,44,79,58,89,91,91,93,93,95,95,90,81,81,90,94,66,66,68,98,86],"gold":224,"neow_bonus":"THREE_ENEMY_KILL","is_daily":false,"chose_seed":false,"campfire_upgraded":7,"win_rate":0.0,"timestamp":1607967413,"path_taken":["M","$","?","?","M","R","E","R","T","?","E","?","?","M","R","BOSS","M","M","$","?","?","E","R","?","T","M","$","M","R","?","R","BOSS","M","$","M","?","M","R","?","M","T","R","M","M","?","M","R","BOSS"],"items_purchased_type":["Card","Relic","Relic","Card"],"build_version":"2020-12-13","purchased_purges":3,"victory":true,"max_hp_per_floor":[75,75,75,75,75,75,75,75,75,75,77,77,77,79,79,79,79,79,81,81,81,81,81,81,81,81,83,83,85,85,87,87,89,89,91,91,93,93,95,95,90,92,92,92,94,96,96,98,98,98],"card_choices":[{"not_picked":["TheCursedMod:ManaBullet","TheCursedMod:SoulCrush"],"picked":"TheCursedMod:CursedShiv","floor":1},{"not_picked":["TheCursedMod:SmokeScreen","TheCursedMod:CursedShiv"],"picked":"TheCursedMod:FleshFromBone","floor":5},{"not_picked":["TheCursedMod:CursedArmor","TheCursedMod:BlessingInDisguise"],"picked":"TheCursedMod:VoidForm","floor":7},{"not_picked":["TheCursedMod:AbyssShockwave","TheCursedMod:StingEye"],"picked":"TheCursedMod:SpitefulPlan","floor":10},{"not_picked":["TheCursedMod:SmokeScreen","TheCursedMod:FuryStrike","TheCursedMod:Wield"],"picked":"Singing Bowl","floor":11},{"not_picked":["TheCursedMod:VitalStrike","TheCursedMod:TacticalStrike","TheCursedMod:CircleOfCorruption"],"picked":"Singing Bowl","floor":14},{"not_picked":["TheCursedMod:CursedRelics","TheCursedMod:VoidForm"],"picked":"TheCursedMod:DemonicPact","floor":16},{"not_picked":["TheCursedMod:CircleOfCorruption","TheCursedMod:CursedAmulet"],"picked":"TheCursedMod:Obscuration+1","floor":18},{"not_picked":["TheCursedMod:TacticalStrike+1","TheCursedMod:AbyssShockwave","TheCursedMod:CircleOfCorruption"],"picked":"Singing Bowl","floor":19},{"not_picked":["TheCursedMod:TacticalStrike+1","TheCursedMod:CircleOfFlame"],"picked":"TheCursedMod:Obscuration","floor":23},{"not_picked":["TheCursedMod:CircleOfFocus","TheCursedMod:CursedSpellbook","TheCursedMod:SoulReap"],"picked":"Singing Bowl","floor":27},{"not_picked":["TheCursedMod:CursedBlade","TheCursedMod:CircleOfCorruption","TheCursedMod:ShockAndAwe"],"picked":"Singing Bowl","floor":29},{"not_picked":["TheCursedMod:SurpriseAttack","TheCursedMod:CursedBlade+1","TheCursedMod:TacticalStrike"],"picked":"Singing Bowl","floor":31},{"not_picked":["TheCursedMod:DemonicPact","TheCursedMod:CircleOfAbyss","TheCursedMod:AntiAging"],"picked":"Singing Bowl","floor":33},{"not_picked":["TheCursedMod:ReleasedKnowledge+1","TheCursedMod:SpitefulStrike","TheCursedMod:CursedArmor"],"picked":"Singing Bowl","floor":35},{"not_picked":["TheCursedMod:Mangle","TheCursedMod:TroublousMinions+1","TheCursedMod:CursedBoomerang"],"picked":"Singing Bowl","floor":37},{"not_picked":["TheCursedMod:CursedArmor+1","TheCursedMod:SaltUponWound+1"],"picked":"TheCursedMod:FleshFromBone+1","floor":38},{"not_picked":["TheCursedMod:Torture","TheCursedMod:FleshFromBone+1","TheCursedMod:Grudge+1"],"picked":"Singing Bowl","floor":39},{"not_picked":["TheCursedMod:CircleOfFlame","TheCursedMod:SurpriseAttack+1","TheCursedMod:Stretching+1"],"picked":"Singing Bowl","floor":42},{"not_picked":["TheCursedMod:ManaBullet","TheCursedMod:CircleOfCorruption+1","TheCursedMod:SaltUponWound+1"],"picked":"Singing Bowl","floor":45},{"not_picked":["TheCursedMod:DemonicPact","TheCursedMod:ReleasedStrength","TheCursedMod:RavingStaff"],"picked":"Singing Bowl","floor":46},{"not_picked":["TheCursedMod:Torture","TheCursedMod:CursedBlade","TheCursedMod:WearCloak+1"],"picked":"Singing Bowl","floor":48}],"player_experience":299246,"relics_obtained":[{"floor":7,"key":"Oddly Smooth Stone"},{"floor":9,"key":"Singing Bowl"},{"floor":11,"key":"Happy Flower"},{"floor":23,"key":"Blue Candle"},{"floor":26,"key":"Eternal Feather"},{"floor":31,"key":"Red Mask"},{"floor":38,"key":"Du-Vu Doll"},{"floor":43,"key":"HornCleat"}],"event_choices":[{"damage_healed":0,"gold_gain":0,"player_choice":"Take Wound","damage_taken":0,"relics_obtained":["Golden Idol"],"max_hp_gain":0,"max_hp_loss":0,"event_name":"Golden Idol","floor":3,"gold_loss":0,"cards_obtained":["Injury"]},{"damage_healed":0,"gold_gain":0,"player_choice":"Leave","damage_taken":0,"max_hp_gain":0,"max_hp_loss":0,"event_name":"The Cleric","floor":4,"gold_loss":0},{"damage_healed":0,"gold_gain":175,"player_choice":"AGREE","damage_taken":0,"max_hp_gain":0,"max_hp_loss":0,"event_name":"Liars Game","floor":12,"gold_loss":0,"cards_obtained":["Doubt"]},{"cards_removed":["TheCursedMod:Defend_TheCursed"],"damage_healed":0,"gold_gain":0,"player_choice":"Forget","damage_taken":0,"max_hp_gain":0,"max_hp_loss":0,"event_name":"Living Wall","floor":13,"gold_loss":0},{"damage_healed":0,"gold_gain":0,"player_choice":"Gave Idol","damage_taken":0,"relics_obtained":["Bloody Idol"],"max_hp_gain":0,"max_hp_loss":0,"event_name":"Forgotten Altar","floor":21,"relics_lost":["Golden Idol"],"gold_loss":0},{"cards_removed":["TheCursedMod:Defend_TheCursed"],"damage_healed":0,"gold_gain":0,"player_choice":"Gave Gold","damage_taken":0,"max_hp_gain":0,"max_hp_loss":0,"event_name":"Beggar","floor":22,"gold_loss":75},{"damage_healed":27,"gold_gain":0,"player_choice":"Heal","damage_taken":0,"max_hp_gain":0,"max_hp_loss":0,"event_name":"The Library","floor":25,"gold_loss":0},{"damage_healed":0,"gold_gain":0,"player_choice":"Fought Bandits","damage_taken":0,"max_hp_gain":0,"max_hp_loss":0,"event_name":"Masked Bandits","floor":31,"gold_loss":0},{"damage_healed":0,"gold_gain":0,"player_choice":"Fight","damage_taken":0,"max_hp_gain":0,"max_hp_loss":0,"event_name":"MindBloom","floor":38,"gold_loss":0},{"damage_healed":0,"gold_gain":0,"player_choice":"Max HP","damage_taken":0,"max_hp_gain":0,"max_hp_loss":5,"event_name":"Winding Halls","floor":41,"gold_loss":0},{"damage_healed":0,"gold_gain":0,"player_choice":"Ignored","damage_taken":0,"max_hp_gain":0,"max_hp_loss":0,"event_name":"Mysterious Sphere","floor":47,"gold_loss":0}],"is_beta":false,"boss_relics":[{"not_picked":["Black Star","Empty Cage"],"picked":"TheCursedMod:BlackMagicAdvanced"},{"not_picked":["Snecko Eye","Fusion Hammer"],"picked":"Sozu"}],"items_purged_floors":[2,28,36],"is_endless":false,"potions_floor_spawned":[7,10,14,16,29,33,38,39,42,46],"ascension_level":0}}