{"host":"ymw71f7rc9ndansy","time":1607952488,"event":{"mods":["Aspiration","BaseMod","DeckTracker","Hubris","Library of Ruina","Library of Ruina Extra","Lobotomy","LobotomyExtend","Minty Spire (QoL Compilation)","MostiFishMod","Remove Card Discount Mod","Replay The Spire","StSLib","TestMod","¡¾ÒÅÎï¿¨ÅÆ¡¿REMEMod"],"gold_per_floor":[113,128,145,157,172,205,205,40,111,130,157,168,20,51,51,125,125,145,160,154,172,187,203,237,237,264,264,264,264],"floor_reached":28,"playtime":1227,"items_purged":["HappyTeddy","LightAttack","LightAttack","Dodge","LightDefense","LightDefense","LightAttack","LightDefense","LightDefense","Mercenary","FrontalAssault"],"score":559,"play_id":"31c70a3c-59b1-4474-933c-9070795497a2","local_time":"20201214212808","is_ascension_mode":true,"campfire_choices":[{"data":"SomberProcuration","floor":7,"key":"SMITH"},{"data":"Transpierce","floor":15,"key":"SMITH"},{"data":"Eliminate","floor":25,"key":"SMITH"}],"circlet_count":0,"master_deck":["AscendersBane","ChargeAndCover","FocusedStrikes","Observe","Diversion","SomberProcuration+1","Quickness","Unlock1","Transpierce+1","PunishingBird","LongBird","HighSpeedStabbing","EmotionalTurbulence","IronWall","Eliminate+1","BoundaryOfDeath"],"relics":["PageOfLibrarian","testmod-TestBox","DaveBox","REME_ComplimentaryCards","GuanYuAspect","testmod-ArcanaOfDestiny","CogitoBucket","RabbitCall","Question Card","testmod-TurbochargingSystem","PageOfPorccubus","Mummified Hand","TreeSap","PageOfWrath","PageOfSnowWhitesApple","PageOfTheQueenOfHatred","ImportantClient","DiscerningMonocle","AdjustmentMirror","PageOfBloodbath","Blood Vial","BargainBundle","PageOfTheKnightOfDespair","PageOfGreed"],"acts_visited":["Exordium","TheCity"],"potions_floor_usage":[28],"damage_taken":[{"damage":0,"enemies":"Cultist","floor":1,"turns":3},{"damage":0,"enemies":"2 Louse","floor":2,"turns":3},{"damage":0,"enemies":"Jaw Worm","floor":3,"turns":2},{"damage":0,"enemies":"Looter","floor":4,"turns":2},{"damage":4,"enemies":"Exordium Wildlife","floor":5,"turns":2},{"damage":2,"enemies":"Replay:BlueRogue","floor":6,"turns":2},{"damage":0,"enemies":"Exordium Thugs","floor":10,"turns":2},{"damage":0,"enemies":"Gremlin Nob","floor":11,"turns":1},{"damage":0,"enemies":"Looter","floor":12,"turns":1},{"damage":8,"enemies":"3 Sentries","floor":14,"turns":2},{"damage":21,"enemies":"Fading Forest","floor":16,"turns":5},{"damage":7,"enemies":"Spheric Guardian","floor":18,"turns":4},{"damage":16,"enemies":"Chosen","floor":19,"turns":2},{"damage":5,"enemies":"Shelled Parasite and Fungi","floor":21,"turns":2},{"damage":5,"enemies":"Sentry and Sphere","floor":22,"turns":2},{"damage":6,"enemies":"Centurion and Healer","floor":23,"turns":3},{"damage":0,"enemies":"REME_1_Revenger","floor":24,"turns":2},{"damage":57,"enemies":"Gremlin Leader","floor":28,"turns":2}],"seed_played":"5322746319559267214","potions_obtained":[{"floor":2,"key":"Strength Potion"},{"floor":5,"key":"SteroidPotion"},{"floor":19,"key":"PowerPotion"}],"is_trial":false,"path_per_floor":["M","M","M","M","M","E","R","$","T","M","E","M","$","E","R","B",null,"M","M","$","M","M","M","E","R","T","?","E"],"character_chosen":"Librarian","items_purchased":["PageOfPorccubus","PageOfSnowWhitesApple","PageOfBloodbath","Blood Vial","BargainBundle","IronWall"],"campfire_rested":0,"item_purchase_floors":[8,13,20,20,20,20],"current_hp_per_floor":[30,31,31,31,33,37,37,37,37,46,48,48,48,38,33,37,44,55,48,48,55,64,68,46,46,46,46,0,0],"gold":264,"neow_bonus":"","is_daily":false,"chose_seed":false,"campfire_upgraded":3,"win_rate":0.0,"timestamp":1607952488,"path_taken":["M","M","M","M","M","E","R","?","T","M","E","?","$","E","R","BOSS","M","M","$","M","M","M","E","R","T","?","E"],"items_purchased_type":["Relic","Relic","Relic","Relic","Relic","Card"],"build_version":"2020-12-13","purchased_purges":11,"victory":false,"max_hp_per_floor":[31,31,31,40,48,48,48,48,48,48,48,48,48,38,38,55,55,55,55,55,214,214,214,46,46,46,46,46,46],"card_choices":[{"not_picked":["ShockingBlow","UpbeatPerformance","MultiBlock","Parry","Gamble","FlashOfSunup","PreemptiveStrike","BackAttack"],"picked":"Diversion","floor":1},{"not_picked":["OSAHOGD","BeautyBeast","CherryBlossoms"],"picked":"Singing Bowl","floor":2},{"not_picked":["ShyLook","LaLuna"],"picked":"DespairKnight","floor":2},{"not_picked":["Leap_lor","StrongStrike","InhaleSmoke","MultiHit","WillProduceFineSilk","NightInTheBackstreets","Creak","ShockRound","ForTheFamily"],"picked":"SomberProcuration","floor":2},{"not_picked":["BlackSwan","WallGazer","MeatLantern"],"picked":"Singing Bowl","floor":3},{"not_picked":["CherryBlossoms","NothingThere"],"picked":"HappyTeddy","floor":3},{"not_picked":["UnavoidableGaze","Juggling","FocusFire","SetFire","AlloutWar","BackAttack","DefenseOrder","AsThePrescriptOrders","GuardingStance"],"picked":"FrontalAssault","floor":3},{"not_picked":["Scarecrow","PunishingBird","MeatLantern"],"picked":"Singing Bowl","floor":4},{"not_picked":["BizarreAttack","Brawl","StrongStrike","Gigigig","FleetFootsteps","UnavoidableGaze","GuidanceOfTheGears","DesperateStruggle","DefenseOrder","Diversion"],"picked":"SKIP","floor":4},{"not_picked":["VoidDream","SpiderBud","Wellcheers"],"picked":"Singing Bowl","floor":5},{"not_picked":["StructuralAnalysis","Mutilate","WillProduceFineSilk","UpbeatPerformance","Retaliate","LoosenUp","FrontalAssault","FierceCharge","HiddenBlade"],"picked":"Quickness","floor":5},{"not_picked":["Decapitation","NightInTheBackstreets","SenseQuarry","TendonChords","HighKick","CutIn","Leap_lor","DaringDecision","CircusKnives"],"picked":"Unlock1","floor":6},{"not_picked":["VoidDream","RedShoes","ShyLook"],"picked":"Singing Bowl","floor":6},{"not_picked":["Scarecrow","Laetitia","Wellcheers"],"picked":"Singing Bowl","floor":10},{"not_picked":["Tttonst","Standoff","HighKick","SharpSwipe","IngredientHunt","GuidanceOfTheGears","NightInTheBackstreets","SunsetBlade","Wallop_lor","HiddenBlade"],"picked":"SKIP","floor":10},{"not_picked":["BeautyBeast","Murderer","Scarecrow"],"picked":"Singing Bowl","floor":11},{"not_picked":["SkitterAway","AsThePrescriptOrders","Outburst","Eradication","Parry","Preparation","Gamble","SunsetBlade","MultiBlock"],"picked":"Transpierce","floor":11},{"not_picked":["BeautyBeast","CrumblingArmor","LittleHelper"],"picked":"Singing Bowl","floor":12},{"not_picked":["OldLady","BeautyBeast"],"picked":"PunishingBird","floor":12},{"not_picked":["ExtremeEdge","Deflect_lor","BindingArms","Quickness","Gamble","Unlock1","NonstopAssault","SunsetBlade","FeatherShield","ClassAndRespect"],"picked":"SKIP","floor":12},{"not_picked":["FairyFestival","Murderer"],"picked":"LongBird","floor":14},{"not_picked":["SenseQuarry","FleetFootsteps","EndlessBattle","Collision","Reload","YoureAHindrance","ExtremeEdge","Preparation","DaringDecision"],"picked":"HighSpeedStabbing","floor":14},{"not_picked":["DreamingCurrent","WallGazer","FairyFestival"],"picked":"Singing Bowl","floor":16},{"not_picked":["Commandeering","TrashDisposal","SilentNight"],"picked":"EmotionalTurbulence","floor":16},{"not_picked":["Woodsman","ShyLook","QueenBee"],"picked":"Singing Bowl","floor":18},{"not_picked":["HappyTeddy","Porccubus"],"picked":"Mercenary","floor":18},{"not_picked":["MultiHit","SpearedSweep","SmokingPipe","DesperateStruggle","Multislash","TimeForALittleTest+1","Zzzzzap+1","Thrust","HighKick","Rewind"],"picked":"SKIP","floor":18},{"not_picked":["Alriune","Scorched","OSAHOGD"],"picked":"Singing Bowl","floor":19},{"not_picked":["CircusKnives","Outburst","GuidanceOfTheGears","FierceCharge","SmokingPipe","AssaultOrder","SharpSwipe","BiteOff","PuppetBlockade","EndlessBattle"],"picked":"SKIP","floor":19},{"not_picked":["Scarecrow","WallGazer","GalaxyChild"],"picked":"Singing Bowl","floor":21},{"not_picked":["PreemptiveStrike","DefenseOrder+1","DarkCloud","Outburst","TheArtOfRapidSteps+1","Suppress","Overcharge","KeepItFresh+1","HandleRequest","StructuralAnalysis+1"],"picked":"SKIP","floor":21},{"not_picked":["CherryBlossoms","WallGazer"],"picked":"Yin","floor":22},{"not_picked":["Transpierce","Parry+1","FlyingSword","HiddenBlade","SharpenedBlade","DevastatingThrash","StructuralAnalysis","Leap_lor+1","GuardingStance","Multislash"],"picked":"SKIP","floor":22},{"not_picked":["FrontalAssault","GuidanceOfTheGears","Standoff","UnavoidableGaze","HiddenBlade","SomberProcuration","Zzzzzap","StructuralAnalysis","Pound"],"picked":"Eliminate","floor":23},{"not_picked":["WallGazer","Funeral","Mercenary"],"picked":"Singing Bowl","floor":24},{"not_picked":["ClassAndRespect","PreemptiveStrike","BackAttack+1","Leap_lor","MindPrepared","Preparation","ChopItOff","ExtremeEdge+1","TendonChords"],"picked":"BoundaryOfDeath","floor":24}],"player_experience":1003437,"relics_obtained":[{"floor":1,"key":"Question Card"},{"floor":6,"key":"testmod-TurbochargingSystem"},{"floor":9,"key":"Mummified Hand"},{"floor":11,"key":"PageOfWrath"},{"floor":14,"key":"PageOfTheQueenOfHatred"},{"floor":16,"key":"ImportantClient"},{"floor":24,"key":"PageOfTheKnightOfDespair"},{"floor":26,"key":"PageOfGreed"}],"event_choices":[],"is_beta":false,"boss_relics":[{"not_picked":["testmod-IncinerationGenerator","Kintsugi"],"picked":"DiscerningMonocle"}],"items_purged_floors":[8,8,8,8,8,8,8,20,20,20,20],"is_endless":false,"potions_floor_spawned":[2,5,12,19,23],"killed_by":"Gremlin Leader","ascension_level":13}}