{"host":"4jkxfxw6g7t9vgog","time":1607945131,"event":{"mods":["BaseMod","Colored Map","Minty Spire (QoL Compilation)"],"gold_per_floor":[20,37,53,53,53,53,53,81,81,81,81,100,100,112,112,217,217,237,336,336,349,349,384,17,35,35,55,66,100,28,44,44,44,44],"floor_reached":33,"playtime":1819,"items_purged":[],"score":328,"play_id":"4a73e521-f803-4d25-af78-5326e4b58202","local_time":"20201214142531","is_ascension_mode":true,"campfire_choices":[{"data":"1","floor":6,"key":"LIFT"},{"floor":10,"key":"REST"},{"data":"2","floor":11,"key":"LIFT"},{"data":"3","floor":13,"key":"LIFT"},{"data":"Tempest","floor":15,"key":"SMITH"},{"data":"Sunder","floor":32,"key":"SMITH"}],"circlet_count":0,"master_deck":["Strike_B","Strike_B","Strike_B","Defend_B","Defend_B","Defend_B","Defend_B","Zap","Dualcast","Tempest+1","Rebound","Melter","Hyperbeam","Seek+1","Cold Snap","Beam Cell","Electrodynamics","Beam Cell","Necronomicurse","Undo+1","Capacitor","Sweeping Beam","Stack+1","Blizzard","Sunder+1","Redo"],"relics":["Cracked Core","Girya","WingedGreaves","Bottled Flame","HornCleat","Busted Crown","Necronomicon","Juzu Bracelet","Strange Spoon","Nunchaku","Sundial"],"acts_visited":["Exordium","TheCity"],"potions_floor_usage":[16,16,29,33,33],"damage_taken":[{"damage":4,"enemies":"Small Slimes","floor":1,"turns":3},{"damage":1,"enemies":"Cultist","floor":2,"turns":3},{"damage":1,"enemies":"Jaw Worm","floor":3,"turns":3},{"damage":39,"enemies":"3 Sentries","floor":8,"turns":6},{"damage":0,"enemies":"2 Fungi Beasts","floor":12,"turns":1},{"damage":3,"enemies":"Lots of Slimes","floor":14,"turns":3},{"damage":24,"enemies":"The Guardian","floor":16,"turns":7},{"damage":0,"enemies":"Spheric Guardian","floor":18,"turns":1},{"damage":5,"enemies":"3 Byrds","floor":21,"turns":2},{"damage":0,"enemies":"Slavers","floor":23,"turns":1},{"damage":0,"enemies":"Cultist and Chosen","floor":25,"turns":3},{"damage":10,"enemies":"Chosen and Byrds","floor":27,"turns":4},{"damage":0,"enemies":"Sentry and Sphere","floor":28,"turns":3},{"damage":2,"enemies":"Gremlin Leader","floor":29,"turns":5},{"damage":6,"enemies":"Shelled Parasite and Fungi","floor":31,"turns":2},{"damage":49,"enemies":"Automaton","floor":33,"turns":6}],"seed_played":"-6144409951034246960","potions_obtained":[{"floor":1,"key":"EssenceOfDarkness"},{"floor":3,"key":"Strength Potion"},{"floor":16,"key":"Explosive Potion"},{"floor":18,"key":"ColorlessPotion"},{"floor":23,"key":"LiquidMemories"}],"is_trial":false,"path_per_floor":["M","M","M","?","?","R","?","E","T","R","R","M","R","M","R","B",null,"M","?","?","M","?","E","$","M","T","M","M","E","$","M","R","B"],"character_chosen":"DEFECT","items_purchased":["Strange Spoon","Nunchaku","Capacitor","Sunder"],"campfire_rested":1,"item_purchase_floors":[24,24,24,30],"current_hp_per_floor":[71,70,69,62,50,50,50,11,11,33,33,33,33,30,30,6,75,75,75,75,70,54,54,54,54,54,44,44,42,42,36,36,0,0],"gold":44,"neow_bonus":"ONE_RARE_RELIC","is_daily":false,"chose_seed":false,"campfire_upgraded":2,"win_rate":0.0,"timestamp":1607945131,"path_taken":["M","M","M","?","?","R","?","E","T","R","R","?","R","M","R","BOSS","M","?","?","?","?","E","$","M","T","M","M","E","?","M","R","BOSS"],"items_purchased_type":["Relic","Relic","Card","Card"],"build_version":"2020-12-13","purchased_purges":0,"victory":false,"max_hp_per_floor":[75,75,75,75,75,75,75,75,75,75,75,75,75,75,75,75,75,75,75,75,75,75,75,75,75,75,75,75,75,75,75,75,75,75],"card_choices":[{"not_picked":["Steam Power","Auto Shields"],"picked":"Tempest","floor":1},{"not_picked":["Skim","Stack"],"picked":"Rebound","floor":2},{"not_picked":["Steam","Conserve Battery"],"picked":"Melter","floor":3},{"not_picked":["Chill","Genetic Algorithm"],"picked":"Seek","floor":8},{"not_picked":["Aggregate","Gash"],"picked":"Cold Snap","floor":12},{"not_picked":["Leap","Barrage"],"picked":"Beam Cell","floor":14},{"not_picked":["Core Surge","Reboot"],"picked":"Electrodynamics","floor":16},{"not_picked":[],"picked":"Beam Cell","floor":18},{"not_picked":["Steam Power+1"],"picked":"SKIP","floor":21},{"not_picked":[],"picked":"Undo+1","floor":23},{"not_picked":[],"picked":"Sweeping Beam","floor":25},{"not_picked":[],"picked":"Stack+1","floor":27},{"not_picked":["Stack"],"picked":"SKIP","floor":28},{"not_picked":[],"picked":"Blizzard","floor":29},{"not_picked":[],"picked":"Redo","floor":31}],"player_experience":280868,"relics_obtained":[{"floor":8,"key":"Bottled Flame"},{"floor":9,"key":"HornCleat"},{"floor":22,"key":"Necronomicon"},{"floor":23,"key":"Juzu Bracelet"},{"floor":29,"key":"Sundial"}],"event_choices":[{"cards_removed":["Strike_B"],"damage_healed":0,"gold_gain":0,"player_choice":"Card Removal","damage_taken":7,"max_hp_gain":0,"max_hp_loss":0,"event_name":"Golden Wing","floor":4,"gold_loss":0},{"damage_healed":0,"gold_gain":0,"player_choice":"Success","damage_taken":12,"relics_obtained":["WingedGreaves"],"max_hp_gain":0,"max_hp_loss":0,"event_name":"Scrap Ooze","floor":5,"gold_loss":0},{"damage_healed":0,"gold_gain":0,"player_choice":"1 cards matched","damage_taken":0,"max_hp_gain":0,"max_hp_loss":0,"event_name":"Match and Keep!","floor":7,"gold_loss":0,"cards_obtained":["Hyperbeam"]},{"damage_healed":0,"gold_gain":99,"player_choice":"Stole From Cult","damage_taken":0,"max_hp_gain":0,"max_hp_loss":0,"event_name":"Nest","floor":19,"gold_loss":0},{"damage_healed":0,"gold_gain":0,"player_choice":"Upgraded","damage_taken":0,"max_hp_gain":0,"max_hp_loss":0,"event_name":"Upgrade Shrine","floor":20,"gold_loss":0,"cards_upgraded":["Seek"]},{"damage_healed":0,"gold_gain":0,"player_choice":"Obtained Book","damage_taken":16,"max_hp_gain":0,"max_hp_loss":0,"event_name":"Cursed Tome","floor":22,"gold_loss":0}],"is_beta":false,"boss_relics":[{"not_picked":["Sozu","Coffee Dripper"],"picked":"Busted Crown"}],"items_purged_floors":[],"is_endless":false,"potions_floor_spawned":[1,3,16,18,23,27],"killed_by":"Automaton","ascension_level":1}}