{"host":"jm9833yuloeli2yd","time":1607980315,"event":{"mods":["AchievementEnabler","BaseMod","Better Altar","Better Match","Better Note","Better Sensory Stone","Better Skull","Better Vampires","Colored Map","Colored Powertips","DeckTracker","Minty Spire (QoL Compilation)","Permanent Neow","Quick Restart","Replay The Spire","StSLib","SuperFastMode"],"gold_per_floor":[114,129,149,224,224,253,253,31,54,54,80,94,111,111,111],"floor_reached":14,"playtime":254,"items_purged":[],"score":200,"play_id":"3aef1075-dd82-4111-ac72-0811eccb3e7d","local_time":"20201214161155","is_ascension_mode":true,"campfire_choices":[{"floor":7.0,"key":"REST"},{"data":"Core Surge","floor":10.0,"key":"SMITH"}],"circlet_count":0,"master_deck":["AscendersBane","Strike_B","Strike_B","Strike_B","Strike_B","Defend_B","Defend_B","Defend_B","Defend_B","Zap+1","Dualcast","FTL","Ball Lightning","Core Surge+1","Gash","Coolheaded","BootSequence","Turbo","Defragment"],"relics":["Cracked Core","Dream Catcher","Strange Spoon","Boot","Blood Vial"],"acts_visited":["Exordium"],"potions_floor_usage":[14],"damage_taken":[{"damage":4.0,"enemies":"2 Louse","floor":1.0,"turns":3.0},{"damage":2.0,"enemies":"Cultist","floor":2.0,"turns":4.0},{"damage":7.0,"enemies":"Jaw Worm","floor":3.0,"turns":3.0},{"damage":26.0,"enemies":"Gremlin Nob","floor":6.0,"turns":4.0},{"damage":18.0,"enemies":"Lagavulin","floor":11.0,"turns":5.0},{"damage":7.0,"enemies":"Red Slaver","floor":12.0,"turns":4.0},{"damage":0.0,"enemies":"Exordium Thugs","floor":13.0,"turns":3.0},{"damage":19,"enemies":"3 Sentries","floor":14,"turns":4}],"seed_played":"3578066571346621106","potions_obtained":[{"floor":1.0,"key":"Weak Potion"},{"floor":3.0,"key":"Swift Potion"},{"floor":12.0,"key":"Explosive Potion"}],"is_trial":false,"path_per_floor":["M","M","M","?","?","E","R","$","T","R","E","M","M","E"],"character_chosen":"DEFECT","items_purchased":["Strange Spoon","Coolheaded"],"campfire_rested":1,"item_purchase_floors":[8,8],"current_hp_per_floor":[60,58,51,40,42,16,37,37,37,37,19,14,16,0,0],"gold":111,"neow_bonus":"UPGRADE_CARD","is_daily":false,"chose_seed":false,"campfire_upgraded":1,"win_rate":0.0,"timestamp":1607980315,"path_taken":["M","M","M","?","?","E","R","$","T","R","E","M","?","E"],"items_purchased_type":["Relic","Card"],"build_version":"2020-12-13","purchased_purges":0,"victory":false,"max_hp_per_floor":[71,71,71,71,71,71,71,71,71,71,71,71,71,71,71],"card_choices":[{"not_picked":["Heatsinks","Blizzard","Reprogram"],"picked":"SKIP","floor":1.0},{"not_picked":["Rebound","Cold Snap"],"picked":"FTL","floor":2.0},{"not_picked":["FTL","Panic Button"],"picked":"Ball Lightning","floor":3.0},{"not_picked":["Lockon","Reprogram"],"picked":"Core Surge","floor":6.0},{"not_picked":["Sweeping Beam","ReplayTheSpireMod:Reroute Power"],"picked":"Gash","floor":7.0},{"not_picked":["Steam","Chaos"],"picked":"BootSequence","floor":11.0},{"not_picked":["Skim","Meteor Strike"],"picked":"Turbo","floor":12.0},{"not_picked":["Coolheaded","Rebound"],"picked":"Defragment","floor":13.0}],"player_experience":1057534,"relics_obtained":[{"floor":6.0,"key":"Dream Catcher"},{"floor":9.0,"key":"Boot"},{"floor":11.0,"key":"Blood Vial"}],"event_choices":[{"damage_healed":0.0,"max_hp_gain":0.0,"max_hp_loss":0.0,"gold_gain":75.0,"event_name":"World of Goop","player_choice":"Gather Gold","floor":4.0,"gold_loss":0.0,"damage_taken":11.0},{"damage_healed":2.0,"max_hp_gain":0.0,"max_hp_loss":0.0,"gold_gain":0.0,"event_name":"betterSkull:BetterSkull","player_choice":"LEAVE ","floor":5.0,"gold_loss":0.0,"damage_taken":0.0,"cards_upgraded":[],"relics_obtained":[]}],"is_beta":false,"boss_relics":[],"items_purged_floors":[],"is_endless":false,"potions_floor_spawned":[1,3,12],"killed_by":"3 Sentries","ascension_level":20}}