{"host":"wprg2kxo540uzszc","time":1607969856,"event":{"mods":["BaseMod","Bestiary","Better Third Choice","BetterRewards","CapriCore","Conspire","Custom Start","Emptier Cage","Energized Spire","Minty Spire (QoL Compilation)","Permanent Neow","Relic Stats","Shop Mod","Spicy Shops","StSLib","The Necromancer","Transform Curses","Uncapped"],"gold_per_floor":[115,115,135,153,153,153,168,179,232,232,20,53,53,68,68,165,165,176,203,203,188,45,45,76,76,76,90,113,113,140,156,156,259,259,272,155,169,186,186,186,196,233,256,0,0,45,61,61,61,61],"floor_reached":51,"playtime":3424,"items_purged":["Defend_W","Doubt"],"score":660,"play_id":"4f1ba951-401e-41a6-b1a1-2b0384ab966f","local_time":"20201214131736","is_ascension_mode":false,"campfire_choices":[{"data":"Bone_Armor","floor":6.0,"key":"SMITH"},{"data":"Bones_to_Steel","floor":10.0,"key":"SMITH"},{"data":"Bone_Wall","floor":15,"key":"SMITH"},{"data":"Summon_Death_Knight","floor":23,"key":"SMITH"},{"data":"Negative_Energy_Sphere","floor":25,"key":"SMITH"},{"data":"Bone_Armory","floor":29,"key":"SMITH"},{"data":"Summon_Vampire_Lady","floor":32,"key":"SMITH"},{"data":"Summon_Death_Knight","floor":40,"key":"SMITH"},{"data":"Summon_Undead","floor":45,"key":"SMITH"},{"data":"Writhe","floor":49,"key":"PURGE"}],"circlet_count":0,"master_deck":["Strike_W+1","Defend_W+1","Defend_W+1","Defend_W+1","Negative_Energy_Arrows+1","Bone_Wall+1","Bone_Armor+1","Bones_to_Steel+1","Bone_Armory+1","Negative_Energy_Sphere+1","Grasp_Heart","Summon_Death_Knight+1","Negative_Energy_Sphere+1","Epidemic+1","Negative_Energy_Shield","Summon_Vampire_Lady+1","Summon_Death_Knight+1","Summon_Undead+1","Bone_Armory","Summon_Undead_Army+1","Spectral_Armor+1","Negative_Energy_Mist+1"],"relics":["Vampire_Amulet","Centennial Puzzle","conspire:Flyswatter","MealTicket","energizedSpire:OgreHead","Bronze Scales","conspire:TopHat","War Paint","conspire:DeflatedDodgeball","Cursed Key","Anchor","Art of War","Happy Flower","Peace Pipe","conspire:InfiniteJournal"],"acts_visited":["Exordium","TheCity","TheBeyond"],"potions_floor_usage":[16,50],"damage_taken":[{"damage":6.0,"enemies":"Jaw Worm","floor":1.0,"turns":4.0},{"damage":0.0,"enemies":"Cultist","floor":3.0,"turns":4.0},{"damage":2.0,"enemies":"Small Slimes","floor":4.0,"turns":3.0},{"damage":0.0,"enemies":"Gremlin Gang","floor":7.0,"turns":2.0},{"damage":3.0,"enemies":"Blue Slaver","floor":8.0,"turns":5.0},{"damage":7.0,"enemies":"3 Sentries","floor":12.0,"turns":8.0},{"damage":6,"enemies":"Red Slaver","floor":14,"turns":6},{"damage":31,"enemies":"Slime Boss","floor":16,"turns":28},{"damage":0,"enemies":"Spheric Guardian","floor":18,"turns":6},{"damage":10,"enemies":"2 Thieves","floor":21,"turns":4},{"damage":18,"enemies":"Slavers","floor":24,"turns":7},{"damage":1,"enemies":"Cultist and Chosen","floor":27,"turns":5},{"damage":3,"enemies":"Book of Stabbing","floor":30,"turns":5},{"damage":3,"enemies":"Shelled Parasite and Fungi","floor":31,"turns":5},{"damage":30,"enemies":"Automaton","floor":33,"turns":11},{"damage":14,"enemies":"3 Darklings","floor":35,"turns":5},{"damage":12,"enemies":"Orb Walker","floor":37,"turns":5},{"damage":42,"enemies":"Jaw Worm Horde","floor":38,"turns":5},{"damage":24,"enemies":"Sphere and 2 Shapes","floor":41,"turns":6},{"damage":18,"enemies":"conspire:MimicChest","floor":42,"turns":8},{"damage":50,"enemies":"2 Orb Walkers","floor":46,"turns":5},{"damage":9,"enemies":"Writhing Mass","floor":47,"turns":5},{"damage":51,"enemies":"Awakened One","floor":50,"turns":15}],"seed_played":"6511109635544339691","potions_obtained":[{"floor":1.0,"key":"Fire Potion"},{"floor":3.0,"key":"Explosive Potion"},{"floor":7.0,"key":"Explosive Potion"},{"floor":12.0,"key":"ColorlessPotion"},{"floor":24,"key":"Energy Potion"},{"floor":27,"key":"BlessingOfTheForge"},{"floor":37,"key":"DuplicationPotion"}],"is_trial":false,"path_per_floor":["M","?","M","M","?","R","M","M","T","R","$","E","?","M","R","B",null,"M","T","?","M","$","R","E","R","T","M","T","R","E","M","R","B",null,"M","$","M","M","?","R","M","?","T","$","R","?","M","T","R","B",null],"character_chosen":"NECROMANCER","items_purchased":["Bone_Armory","Negative_Energy_Sphere","Bronze Scales","Summon_Undead","Bone_Armory","Happy Flower"],"campfire_rested":0,"item_purchase_floors":[11,11,22,36,36,44],"current_hp_per_floor":[71,71,73,75,75,75,75,74,74,74,74,73,73,69,69,46,75,75,75,75,67,75,75,63,63,63,66,66,66,65,66,66,67,75,69,75,69,42,42,42,42,68,68,75,75,47,55,55,55,75],"gold":61,"neow_bonus":"UPGRADE_CARD","is_daily":false,"chose_seed":false,"campfire_upgraded":9,"win_rate":0.0,"timestamp":1607969856,"path_taken":["M","?","M","?","?","R","?","?","T","R","$","E","?","M","R","BOSS","M","?","?","M","$","R","E","R","T","M","?","R","E","?","R","BOSS","M","$","M","M","?","R","M","?","T","$","R","?","M","?","R","BOSS"],"items_purchased_type":["Card","Card","Relic","Card","Card","Relic"],"build_version":"2020-12-13","purchased_purges":2,"victory":true,"max_hp_per_floor":[75,75,75,75,75,75,75,75,75,75,75,75,75,75,75,75,75,75,75,75,75,75,75,75,75,75,75,75,75,75,75,75,75,75,75,75,75,75,75,75,75,75,75,75,75,75,75,75,75,75],"relic_stats":{"Peace Pipe":1,"Centennial Puzzle":[51],"Happy Flower":[8],"counters":[23,157],"Bronze Scales":[402],"MealTicket":21,"Art of War":[5],"War Paint":["Epidemic"],"Cursed Key":2,"obtain_stats":[{"Happy Flower":44,"energizedSpire:OgreHead":17,"War Paint":28,"Cursed Key":34,"conspire:TopHat":24,"conspire:InfiniteJournal":48,"Peace Pipe":46,"Centennial Puzzle":9,"Anchor":42,"Bronze Scales":22,"MealTicket":13,"Vampire_Amulet":0,"Art of War":43,"conspire:DeflatedDodgeball":30,"conspire:Flyswatter":12},{"Happy Flower":20,"energizedSpire:OgreHead":8,"War Paint":12,"Cursed Key":15,"conspire:TopHat":11,"conspire:InfiniteJournal":22,"Peace Pipe":21,"Centennial Puzzle":5,"Anchor":20,"Bronze Scales":10,"MealTicket":6,"Vampire_Amulet":0,"Art of War":20,"conspire:DeflatedDodgeball":13,"conspire:Flyswatter":6},{"Happy Flower":132,"energizedSpire:OgreHead":60,"War Paint":82,"Cursed Key":103,"conspire:TopHat":77,"conspire:InfiniteJournal":142,"Peace Pipe":137,"Centennial Puzzle":18,"Anchor":132,"Bronze Scales":70,"MealTicket":26,"Vampire_Amulet":0,"Art of War":132,"conspire:DeflatedDodgeball":87,"conspire:Flyswatter":26}]},"card_choices":[{"not_picked":["Finger_Of_Death","Toxic_Smoke_Screen","Blood_Is_Power"],"picked":"SKIP","floor":1.0},{"not_picked":["Necrotic_Claws","Exploit","Blood_Curse"],"picked":"SKIP","floor":3.0},{"not_picked":["Bone_Prison","Strike_from_Beyond"],"picked":"Bone_Armor","floor":4.0},{"not_picked":["Chill_Blood","Siphon_Strength","Bone_Spikes"],"picked":"SKIP","floor":7.0},{"not_picked":["Negative_Energy_Sphere","Necrotic_Claws"],"picked":"Bones_to_Steel","floor":8.0},{"not_picked":["Life_Drain","Slay_Living","Bone_Bullets"],"picked":"SKIP","floor":12.0},{"not_picked":["Strike_from_Beyond","Negative_Energy_Javelin"],"picked":"Grasp_Heart","floor":14},{"not_picked":["Blood_Magic","Detonate_Bones"],"picked":"Summon_Death_Knight","floor":16},{"not_picked":["Scare","Plague_Bolt","Blood_Whip"],"picked":"SKIP","floor":18},{"not_picked":["Negative_Energy_Javelin","Slay_Living","Death_March_Dance+1"],"picked":"SKIP","floor":21},{"not_picked":["Whirlwind_of_Bones","Necrotic_Claws"],"picked":"Negative_Energy_Sphere+1","floor":24},{"not_picked":["Death_Coil","Consume_Illness"],"picked":"Epidemic","floor":27},{"not_picked":["Life_Tap+1","Acid_Javelin+1"],"picked":"Negative_Energy_Shield","floor":30},{"not_picked":["Bone_Spikes","Exploit"],"picked":"Summon_Vampire_Lady","floor":31},{"not_picked":["Blood_Magic","Reap_The_Weak"],"picked":"Summon_Death_Knight","floor":33},{"not_picked":["Shackles_Of_Pain+1","Violent_Necrosis","Siphon_Strength+1"],"picked":"SKIP","floor":35},{"not_picked":["Death_March_Dance","Strike_from_Beyond"],"picked":"Summon_Undead_Army+1","floor":37},{"not_picked":["Flesh_Made_Foul+1","Death_Knell","Consume_Illness"],"picked":"SKIP","floor":38},{"not_picked":["Chill_Blood","Blood_for_Blood","Blood_Curse"],"picked":"SKIP","floor":41},{"not_picked":["Blood_Shield","Negative_Energy_Sphere"],"picked":"Spectral_Armor+1","floor":46},{"not_picked":["Death_March_Dance","Negative_Energy_Javelin"],"picked":"Negative_Energy_Mist+1","floor":47}],"player_experience":152782,"relics_obtained":[{"floor":9.0,"key":"Centennial Puzzle"},{"floor":12.0,"key":"conspire:Flyswatter"},{"floor":24,"key":"conspire:TopHat"},{"floor":28,"key":"War Paint"},{"floor":30,"key":"conspire:DeflatedDodgeball"},{"floor":42,"key":"Anchor"},{"floor":43,"key":"Art of War"},{"floor":46,"key":"Peace Pipe"},{"floor":48,"key":"conspire:InfiniteJournal"}],"event_choices":[{"cards_removed":["Strike_W"],"damage_healed":0.0,"max_hp_gain":0.0,"max_hp_loss":0.0,"gold_gain":0.0,"event_name":"Purifier","player_choice":"Purged","floor":2.0,"gold_loss":0.0,"damage_taken":0.0},{"cards_removed":["Strike_W"],"damage_healed":0.0,"max_hp_gain":0.0,"max_hp_loss":0.0,"gold_gain":0.0,"event_name":"Wheel of Change","player_choice":"Card Removal","floor":5.0,"gold_loss":0.0,"damage_taken":0.0},{"damage_healed":0,"gold_gain":0,"player_choice":"Gave Potion","damage_taken":0,"relics_obtained":["MealTicket"],"max_hp_gain":0,"max_hp_loss":0,"event_name":"WeMeetAgain","floor":13,"gold_loss":0},{"damage_healed":0,"gold_gain":0,"player_choice":"Simplicity","damage_taken":0,"max_hp_gain":0,"max_hp_loss":5,"event_name":"betterThird:BetterWriting","floor":20,"gold_loss":0},{"cards_removed":["Strike_W"],"damage_healed":0,"gold_gain":0,"player_choice":"Removed Attack","damage_taken":0,"max_hp_gain":0,"max_hp_loss":0,"event_name":"Falling","floor":39,"gold_loss":0},{"damage_healed":0,"gold_gain":0,"player_choice":"Fight","damage_taken":0,"max_hp_gain":0,"max_hp_loss":0,"event_name":"Mysterious Sphere","floor":46,"gold_loss":0}],"is_beta":false,"boss_relics":[{"not_picked":["Busted Crown","Fusion Hammer"],"picked":"energizedSpire:OgreHead"},{"not_picked":["conspire:SpecialSausage","energizedSpire:StickyHand"],"picked":"Cursed Key"}],"items_purged_floors":[11,44],"is_endless":false,"potions_floor_spawned":[1,3,7,12,24,27,37,42,47],"ascension_level":0}}