{"host":"ocll6kdfqxraqtza","time":1607972211,"event":{"mods":["2.2 Compatiblity","Act Like it!","Aspiration","BaseMod","Better Third Choice","Gensokyo","Hallownest","Hermit","Hubris","Jorbs\u0027s Wanderer Trilogy","Luminous","Marisa（霧雨　魔理沙）","Minty Spire (QoL Compilation)","Reimu（博??梦）","Replay The Spire","Shade Mod","StSLib","The Alterego","The Bug Knight","The Cursed","The Hierophant","The Runesmith","TheBandit","Wandering Minibosses","vexMod"],"gold_per_floor":[119,136,148,148,148,161,127,156,156,185,185,185,202,229,254,254,254,359,359,379,84,99,113,13,38,38,54,78,78,106,106,140,160,160,259,259,269,269,285,298,298,327,327,360,360,360,42,53,98,98,98,98,98,98,30,30,30],"floor_reached":56,"playtime":2232,"items_purged":["stsjorbsmod:Strike_Wanderer","stsjorbsmod:Defend_Wanderer","stsjorbsmod:Defend_Wanderer"],"score":926,"play_id":"9061259a-edcd-4abf-9087-6f6e5a4ab506","local_time":"20201215025651","is_ascension_mode":true,"campfire_choices":[{"data":"stsjorbsmod:DisguiseSelf","floor":9.0,"key":"SMITH"},{"data":"stsjorbsmod:HedgeWizard","floor":12.0,"key":"SMITH"},{"floor":17.0,"key":"DIG"},{"data":"stsjorbsmod:IvoryTower","floor":26.0,"key":"SMITH"},{"data":"stsjorbsmod:GatherPower","floor":34.0,"key":"SMITH"},{"data":"stsjorbsmod:UnseenServant","floor":43.0,"key":"SMITH"},{"floor":51.0,"key":"RECALL"},{"floor":54,"key":"REST"}],"circlet_count":0,"master_deck":["stsjorbsmod:TrueStrike+1","stsjorbsmod:ForbiddenGrimoire+1","stsjorbsmod:Defend_Wanderer+1","stsjorbsmod:FreshAdventure+1","stsjorbsmod:EyeOfTheStorm+1","stsjorbsmod:Materialize+1","stsjorbsmod:DisguiseSelf+1","stsjorbsmod:HedgeWizard+1","stsjorbsmod:TinyHut+1","stsjorbsmod:TrueStrike+1","stsjorbsmod:ColorSpray+1","stsjorbsmod:GatherPower+1","stsjorbsmod:Pyromancy+1","stsjorbsmod:Mending+1","stsjorbsmod:Firebolt+1","stsjorbsmod:Hurt+1","stsjorbsmod:IvoryTower+1","stsjorbsmod:FracturedMind+1","stsjorbsmod:Mania+1","stsjorbsmod:BlackTentacles+1","stsjorbsmod:ParryingBlow+1","stsjorbsmod:SmithingStrike+1","stsjorbsmod:MageArmor+1","stsjorbsmod:Trauma+1","stsjorbsmod:ScorchingRay+1","stsjorbsmod:ArcaneForm+1","stsjorbsmod:FracturedMind+1","stsjorbsmod:Withdraw+1","stsjorbsmod:UnseenServant+1","Jack Of All Trades+1","stsjorbsmod:Channel+1","stsjorbsmod:SmithingStrike+1","Endless Agony+1","hubris:Counter+1","hubris:TrickCloak+1","stsjorbsmod:Prestidigitation+1","stsjorbsmod:ParryingBlow+1","stsjorbsmod:CorrodingBarrier+1","stsjorbsmod:FindFamiliar+1","stsjorbsmod:DoubleCheck+1","stsjorbsmod:WanderingMind+1","hubris:DuctTapeCard","stsjorbsmod:MageArmor"],"relics":["stsjorbsmod:GrimoireRelic","aspiration:Nostalgia","Burning Blood","betterThird:SlimedRelic","aspiration:FetidBarrel","Molten Egg 2","hubris:SphereOfDissonance","hubris:DuctTape","hubris:AstralHammer","hubris:Icosahedron","Runesmith:Nanobots","hubris:TerracottaHorce","Toy Ornithopter","vexMod:PlasmaPancake","Bag of Preparation","Sozu","Centennial Puzzle","aspiration:AnachronicSnailShell","Happy Flower","CatCart","Mark of the Bloom"],"acts_visited":["Exordium","TheCity","TheBeyond","TheEnding"],"potions_floor_usage":[],"damage_taken":[{"damage":0.0,"enemies":"Cultist","floor":1.0,"turns":3.0},{"damage":1.0,"enemies":"2 Louse","floor":2.0,"turns":3.0},{"damage":0.0,"enemies":"Small Slimes","floor":3.0,"turns":2.0},{"damage":2.0,"enemies":"3 Louse","floor":6.0,"turns":4.0},{"damage":9.0,"enemies":"3 Sentries","floor":8.0,"turns":6.0},{"damage":14.0,"enemies":"Lagavulin","floor":10.0,"turns":6.0},{"damage":0.0,"enemies":"2 Fungi Beasts","floor":13.0,"turns":3.0},{"damage":0.0,"enemies":"Gremlin Nob","floor":14.0,"turns":2.0},{"damage":42.0,"enemies":"Fading Forest","floor":18.0,"turns":10.0},{"damage":0.0,"enemies":"Spheric Guardian","floor":20.0,"turns":1.0},{"damage":2.0,"enemies":"Chosen","floor":22.0,"turns":2.0},{"damage":0.0,"enemies":"3 Cultists","floor":23.0,"turns":2.0},{"damage":0.0,"enemies":"Slavers","floor":25.0,"turns":2.0},{"damage":0.0,"enemies":"Centurion and Healer","floor":27.0,"turns":3.0},{"damage":4.0,"enemies":"Book of Stabbing","floor":30.0,"turns":2.0},{"damage":10.0,"enemies":"Gremlin Leader","floor":32.0,"turns":4.0},{"damage":0.0,"enemies":"Snecko","floor":33.0,"turns":3.0},{"damage":18.0,"enemies":"Collector","floor":35.0,"turns":5.0},{"damage":1.0,"enemies":"3 Shapes","floor":37.0,"turns":2.0},{"damage":4.0,"enemies":"3 Darklings","floor":39.0,"turns":1.0},{"damage":16.0,"enemies":"Jaw Worm Horde","floor":40.0,"turns":4.0},{"damage":0.0,"enemies":"Reptomancer","floor":42.0,"turns":3.0},{"damage":42.0,"enemies":"Nemesis","floor":44.0,"turns":5.0},{"damage":8.0,"enemies":"Spire Growth","floor":48.0,"turns":3.0},{"damage":0.0,"enemies":"Orin","floor":49.0,"turns":3.0},{"damage":61,"enemies":"hubris:GrandSnecko","floor":52,"turns":8}],"seed_played":"-8663252268871520594","potions_obtained":[{"floor":1.0,"key":"ColorlessPotion"},{"floor":10.0,"key":"LifebloodPotion"},{"floor":14.0,"key":"Energy Potion"},{"floor":18.0,"key":"SkillPotion"},{"floor":23.0,"key":"stsjorbsmod:DimensionDoorPotion"},{"floor":27.0,"key":"LiquidMemories"},{"floor":32.0,"key":"Weak Potion"}],"is_trial":false,"path_per_floor":["M","M","M","PTL","PTL","M","?","E","R","E","T","R","M","E","?","?","R","B",null,"M","$","M","M","$","E","R","M","T","?","E","?","E","M","R","B",null,"M","?","M","M","?","E","R","E","T","?","$","M","?","?","R","B",null,"R","$","E"],"character_chosen":"WANDERER","items_purchased":["stsjorbsmod:Firebolt+1","stsjorbsmod:Hurt+1","stsjorbsmod:IvoryTower","stsjorbsmod:CorrodingBarrier","stsjorbsmod:FindFamiliar","stsjorbsmod:MageArmor"],"campfire_rested":1,"item_purchase_floors":[21,21,21,47,47,55],"current_hp_per_floor":[68,68,68,68,68,68,57,55,55,48,48,48,55,61,61,61,61,35,60,66,66,68,68,68,68,68,68,68,56,70,70,70,76,76,65,76,79,79,79,73,73,79,79,55,55,55,55,65,75,75,75,14,14,14,14,0,0],"gold":30,"neow_bonus":"NOSTALGIA","is_daily":false,"chose_seed":false,"campfire_upgraded":5,"win_rate":0.0,"timestamp":1607972211,"path_taken":["M","M","?","PTL","PTL","M","?","E","R","E","T","R","M","E","?","?","R","BOSS","M","$","M","M","$","E","R","M","T","?","E","?","E","M","R","BOSS","M","?","M","?","?","E","R","E","T","?","$","?","?","?","R","BOSS","R","$","E"],"items_purchased_type":["Card","Card","Card","Card","Card","Card"],"build_version":"2020-12-13","purchased_purges":3,"victory":false,"max_hp_per_floor":[68,68,68,68,68,68,68,68,68,68,68,68,68,68,68,68,68,68,68,68,68,68,68,68,68,68,68,68,73,79,79,79,79,79,79,79,79,79,79,79,79,79,79,79,79,79,79,79,79,79,79,79,79,79,79,79,79],"card_choices":[{"not_picked":["stsjorbsmod:Mending","stsjorbsmod:RefuseToForget"],"picked":"stsjorbsmod:BlackTentacles","floor":1.0},{"not_picked":["stsjorbsmod:TrueStrike","stsjorbsmod:Patron"],"picked":"stsjorbsmod:Materialize","floor":2.0},{"not_picked":["stsjorbsmod:Message","stsjorbsmod:MagicMirror"],"picked":"stsjorbsmod:DisguiseSelf","floor":3.0},{"not_picked":["stsjorbsmod:WeightOfMemory","stsjorbsmod:Channel"],"picked":"stsjorbsmod:HedgeWizard","floor":6.0},{"not_picked":["stsjorbsmod:FracturedMind","stsjorbsmod:FaerieFire"],"picked":"stsjorbsmod:Hurt","floor":8.0},{"not_picked":["stsjorbsmod:FranticSearch","stsjorbsmod:BookOfTongues"],"picked":"stsjorbsmod:TinyHut","floor":10.0},{"not_picked":["stsjorbsmod:ArcaneWeapon","stsjorbsmod:Materialize"],"picked":"stsjorbsmod:TrueStrike+1","floor":13.0},{"not_picked":["stsjorbsmod:Prestidigitation","stsjorbsmod:ArcaneWeapon"],"picked":"stsjorbsmod:ColorSpray+1","floor":14.0},{"not_picked":["stsjorbsmod:WanderingMind","stsjorbsmod:FaerieFire"],"picked":"stsjorbsmod:GatherPower","floor":15.0},{"not_picked":["stsjorbsmod:Feast","stsjorbsmod:IvoryTower"],"picked":"stsjorbsmod:Pyromancy","floor":18.0},{"not_picked":["stsjorbsmod:LoseGrip","stsjorbsmod:Inferno"],"picked":"stsjorbsmod:Mending+1","floor":20.0},{"not_picked":["stsjorbsmod:Stalwart+1","stsjorbsmod:RayOfFrost+1"],"picked":"stsjorbsmod:FracturedMind+1","floor":22.0},{"not_picked":["stsjorbsmod:ParryingBlow+1","stsjorbsmod:Prestidigitation"],"picked":"stsjorbsmod:Mania+1","floor":23.0},{"not_picked":["stsjorbsmod:Patron+1","stsjorbsmod:FranticSearch"],"picked":"stsjorbsmod:BlackTentacles+1","floor":25.0},{"not_picked":["stsjorbsmod:Rest","stsjorbsmod:Mindworm+1"],"picked":"stsjorbsmod:ParryingBlow+1","floor":27.0},{"not_picked":["stsjorbsmod:OldPocket","stsjorbsmod:SchoolsOfMagic"],"picked":"stsjorbsmod:SmithingStrike+1","floor":30.0},{"not_picked":["stsjorbsmod:ArcaneWeapon+1","stsjorbsmod:FaerieFire+1"],"picked":"stsjorbsmod:Trauma+1","floor":32.0},{"not_picked":["stsjorbsmod:Counterspell","stsjorbsmod:UnseenServant"],"picked":"stsjorbsmod:ScorchingRay","floor":33.0},{"not_picked":["stsjorbsmod:DeathThroes+1","stsjorbsmod:CorrodingBarrier"],"picked":"stsjorbsmod:ArcaneForm","floor":35.0},{"not_picked":["stsjorbsmod:DisguiseSelf","stsjorbsmod:UnseenServant"],"picked":"stsjorbsmod:FracturedMind+1","floor":37.0},{"not_picked":["stsjorbsmod:UnseenServant","stsjorbsmod:Message"],"picked":"stsjorbsmod:Channel+1","floor":39.0},{"not_picked":["stsjorbsmod:FaerieFire","stsjorbsmod:Message"],"picked":"stsjorbsmod:SmithingStrike+1","floor":40.0},{"not_picked":["stsjorbsmod:FranticSearch","stsjorbsmod:WanderingMind"],"picked":"stsjorbsmod:Prestidigitation+1","floor":42.0},{"not_picked":["stsjorbsmod:Hibernate","stsjorbsmod:Aid"],"picked":"stsjorbsmod:ParryingBlow+1","floor":44.0},{"not_picked":["stsjorbsmod:Prepare","stsjorbsmod:Channel"],"picked":"stsjorbsmod:DoubleCheck+1","floor":48.0},{"not_picked":["stsjorbsmod:SchoolsOfMagic","stsjorbsmod:FracturedMind+1"],"picked":"stsjorbsmod:WanderingMind+1","floor":49.0}],"player_experience":458489,"relics_obtained":[{"floor":8.0,"key":"aspiration:FetidBarrel"},{"floor":10.0,"key":"Molten Egg 2"},{"floor":11.0,"key":"hubris:SphereOfDissonance"},{"floor":14.0,"key":"hubris:DuctTape"},{"floor":15.0,"key":"hubris:AstralHammer"},{"floor":17.0,"key":"Runesmith:Nanobots"},{"floor":25.0,"key":"Toy Ornithopter"},{"floor":30.0,"key":"vexMod:PlasmaPancake"},{"floor":32.0,"key":"Bag of Preparation"},{"floor":42.0,"key":"Centennial Puzzle"},{"floor":44.0,"key":"aspiration:AnachronicSnailShell"},{"floor":45.0,"key":"Happy Flower"},{"floor":49.0,"key":"CatCart"}],"event_choices":[{"damage_healed":0.0,"max_hp_gain":0.0,"max_hp_loss":0.0,"gold_gain":0.0,"event_name":"betterThird:BetterGoop","player_choice":"Slimed","floor":7.0,"gold_loss":34.0,"damage_taken":11.0},{"damage_healed":0.0,"max_hp_gain":5.0,"max_hp_loss":0.0,"gold_gain":0.0,"event_name":"Forgotten Altar","player_choice":"Shed Blood","floor":29.0,"gold_loss":0.0,"damage_taken":17.0},{"damage_healed":0.0,"max_hp_gain":0.0,"max_hp_loss":0.0,"gold_gain":0.0,"cards_transformed":["stsjorbsmod:Strike_Wanderer"],"event_name":"Transmorgrifier","player_choice":"Transformed","floor":31.0,"gold_loss":0.0,"damage_taken":0.0,"cards_obtained":["stsjorbsmod:MageArmor"]},{"damage_healed":0.0,"max_hp_gain":0.0,"max_hp_loss":0.0,"gold_gain":0.0,"event_name":"Match and Keep!","player_choice":"3 cards matched","floor":38.0,"gold_loss":0.0,"damage_taken":0.0,"cards_obtained":["stsjorbsmod:Withdraw","stsjorbsmod:UnseenServant","Jack Of All Trades"]},{"damage_healed":0.0,"max_hp_gain":0.0,"max_hp_loss":0.0,"gold_gain":0.0,"event_name":"Lab","player_choice":"Got Potions","floor":46.0,"gold_loss":0.0,"damage_taken":0.0},{"damage_healed":0.0,"max_hp_gain":0.0,"max_hp_loss":0.0,"gold_gain":0.0,"event_name":"OrinTheCat","player_choice":"Fight","floor":49.0,"gold_loss":0.0,"damage_taken":0.0},{"damage_healed":0.0,"max_hp_gain":0.0,"max_hp_loss":0.0,"gold_gain":0.0,"event_name":"MindBloom","player_choice":"Upgrade","floor":50.0,"gold_loss":0.0,"damage_taken":0.0,"cards_upgraded":["stsjorbsmod:Defend_Wanderer","stsjorbsmod:FreshAdventure","stsjorbsmod:EyeOfTheStorm","stsjorbsmod:Materialize","stsjorbsmod:TinyHut","stsjorbsmod:Pyromancy","stsjorbsmod:MageArmor","stsjorbsmod:ScorchingRay","stsjorbsmod:ArcaneForm","stsjorbsmod:Withdraw","Jack Of All Trades","hubris:TrickCloak","stsjorbsmod:CorrodingBarrier","stsjorbsmod:FindFamiliar"],"relics_obtained":["Mark of the Bloom"]}],"is_beta":false,"boss_relics":[{"not_picked":["Runic Pyramid","SlaversCollar"],"picked":"hubris:TerracottaHorce"},{"not_picked":["Calling Bell","Kintsugi"],"picked":"Sozu"}],"items_purged_floors":[21,24,47],"is_endless":false,"potions_floor_spawned":[1,10,14,18,23,27,32,33,37,42,44,49],"killed_by":"Shield and Spear","ascension_level":1}}