{"host":"2s5c6uii15wgtvvf","time":1607905086,"event":{"mods":["Bard","BaseMod","Bestiary","CapriCore","Downfall","Friendly Minions","Hermit","HololiveMod","Jorbs\u0027s Wanderer Trilogy","Koishi","KomeijiMod","Lobotomy","LobotomyExtend","Marisa????????","Minty Spire (QoL Compilation)","Remilia??????","Robot Space Explorer","Shade Mod","StSLib","Td1madao Mod","The Animator","The Cursed","The Gatherer","The Hayseed","The Hierophant","The Immortal","The Mystic","The Necromancer","The Runesmith","The Servant 0.9.4","TheHeartMod","WarShipGirlsR/????R mod","Yohane!"],"gold_per_floor":[119,137,148,162,39,65,83,83,106,122,122,132,132,132,132,227,227,237,237,237],"floor_reached":19,"playtime":1215,"items_purged":[],"score":171,"play_id":"58a77a54-0316-4b88-a284-5436d0e35356","local_time":"20201214001806","is_ascension_mode":false,"campfire_choices":[],"circlet_count":0,"master_deck":["SpecialBullet","SpecialBullet","SpecialBullet","SpecialBullet","SpecialBullet","SpecialBullet","SpecialBullet","SpecialBullet","InformationCode","SecurityCode","CentralCode","CENSORED_ego","Laetitia_ego","Wellcheers","Horn","OSAHOGD","Ecstasy","VoidDream","SwordSharpenedByTears","WallGazer","Diffraction","CherryBlossoms","Beak","Woodsman","Tough","ShyLook","Tough","Adoration"],"relics":["CogitoBucket","LetterFromLob","GoodDreamPillow","HornCleat","ChangeAnything","Anchor","Busted Crown"],"acts_visited":["Exordium","TheCity"],"potions_floor_usage":[7,16,16,16],"damage_taken":[{"damage":8,"enemies":"2 Louse","floor":1,"turns":3},{"damage":3,"enemies":"Small Slimes","floor":2,"turns":3},{"damage":7,"enemies":"Jaw Worm","floor":3,"turns":3},{"damage":4,"enemies":"3 Louse","floor":4,"turns":3},{"damage":54,"enemies":"Lagavulin","floor":6,"turns":6},{"damage":15,"enemies":"Exordium Thugs","floor":7,"turns":5},{"damage":3,"enemies":"Red Slaver","floor":10,"turns":3},{"damage":23,"enemies":"Gremlin Gang","floor":12,"turns":7},{"damage":52,"enemies":"The Guardian","floor":16,"turns":10},{"damage":32,"enemies":"Spheric Guardian","floor":18,"turns":5},{"damage":74,"enemies":"3 Byrds","floor":19,"turns":5}],"seed_played":"6460937294663279356","potions_obtained":[{"floor":1,"key":"DuplicationPotion"},{"floor":3,"key":"champ:CounterPotion"},{"floor":10,"key":"EssenceOfSteel"},{"floor":12,"key":"JyouchiReiPotion"}],"is_trial":false,"path_per_floor":["M","M","M","M","?","E","M","R","T","M","$","M","R","M","R","B",null,"M","M"],"character_chosen":"Angela","items_purchased":[],"campfire_rested":0,"item_purchase_floors":[],"current_hp_per_floor":[70,70,70,70,70,30,29,29,29,45,45,60,60,60,60,32,70,65,0,0],"gold":237,"neow_bonus":"ONE_RANDOM_RARE_CARD","is_daily":false,"chose_seed":false,"campfire_upgraded":0,"win_rate":0.0,"timestamp":1607905086,"path_taken":["M","M","M","M","?","E","M","R","T","M","$","M","R","M","R","BOSS","M","M"],"items_purchased_type":[],"build_version":"2020-12-13","purchased_purges":0,"victory":false,"max_hp_per_floor":[70,70,70,70,70,70,70,70,70,70,70,70,70,70,70,70,70,70,70,70],"card_choices":[{"not_picked":["TodaysExpression"],"picked":"Laetitia_ego","floor":1},{"not_picked":["FairyFestival","Bloodbath"],"picked":"Wellcheers","floor":2},{"not_picked":["WristCuter"],"picked":"Horn","floor":2},{"not_picked":["WallGazer","DespairKnight"],"picked":"OSAHOGD","floor":3},{"not_picked":["Noise"],"picked":"Ecstasy","floor":3},{"not_picked":["MHz","DreamingCurrent"],"picked":"VoidDream","floor":4},{"not_picked":["Wingbeat"],"picked":"SwordSharpenedByTears","floor":4},{"not_picked":["CherryBlossoms","GreedKing"],"picked":"WallGazer","floor":6},{"not_picked":["Beak"],"picked":"Diffraction","floor":6},{"not_picked":["Laetitia","FairyFestival"],"picked":"CherryBlossoms","floor":7},{"not_picked":["Horn"],"picked":"Beak","floor":7},{"not_picked":["LittlePrince","Freischutz"],"picked":"Woodsman","floor":10},{"not_picked":["CUTE"],"picked":"Tough","floor":10},{"not_picked":["Bloodbath","LongBird"],"picked":"ShyLook","floor":12},{"not_picked":["FrostShard"],"picked":"Tough","floor":12},{"not_picked":["Twilight"],"picked":"Adoration","floor":16}],"player_experience":108551,"relics_obtained":[{"floor":1,"key":"LetterFromLob"},{"floor":6,"key":"HornCleat"},{"floor":9,"key":"Anchor"}],"event_choices":[],"is_beta":false,"boss_relics":[{"not_picked":["Hololive_TopUpMoneyS","Runic Pyramid"],"picked":"Busted Crown"}],"items_purged_floors":[],"is_endless":false,"potions_floor_spawned":[1,3,10,12],"killed_by":"3 Byrds","ascension_level":0}}