{"host":"qw1m3zcvi888b4j7","time":1607965063,"event":{"mods":["AchievementEnabler","BaseMod","Block Reminder","Colored Map","Colored Powertips","DeckTracker","Highlight Path","Minty Spire (QoL Compilation)","Quick Restart","Rare Cards Sparkle","Relic Sorter","Relic Stats"],"gold_per_floor":[116,116,92,109,109,109,109,109],"floor_reached":7,"playtime":781,"items_purged":[],"score":41,"play_id":"dad4a9a1-07e8-4605-90fd-9ecc6539c315","local_time":"20201214175743","is_ascension_mode":true,"campfire_choices":[{"floor":6,"key":"RECALL"}],"circlet_count":0,"master_deck":["Strike_G","Strike_G","Strike_G","Strike_G","Strike_G","Defend_G","Defend_G","Defend_G","Defend_G","Defend_G","Survivor","Neutralize","Cloak And Dagger","Deflect","Tactician"],"relics":["HoveringKite"],"acts_visited":["Exordium"],"potions_floor_usage":[7,7],"damage_taken":[{"damage":5,"enemies":"Small Slimes","floor":1,"turns":4},{"damage":0,"enemies":"Cultist","floor":4,"turns":4},{"damage":66,"enemies":"Lagavulin","floor":7,"turns":15}],"seed_played":"-5072444002606211260","potions_obtained":[{"floor":1,"key":"Weak Potion"},{"floor":4,"key":"DuplicationPotion"}],"is_trial":false,"path_per_floor":["M","?","$","M","?","R","E"],"character_chosen":"THE_SILENT","items_purchased":["Deflect"],"campfire_rested":0,"item_purchase_floors":[3],"current_hp_per_floor":[65,65,65,65,65,65,0,0],"gold":109,"neow_bonus":"BOSS_RELIC","is_daily":false,"chose_seed":false,"campfire_upgraded":0,"win_rate":0.0,"timestamp":1607965063,"path_taken":["M","?","$","M","?","R","E"],"items_purchased_type":["Card"],"build_version":"2020-12-13","purchased_purges":0,"victory":false,"max_hp_per_floor":[70,70,70,70,70,70,70,70],"relic_stats":{"counters":[3,23],"HoveringKite":[5],"obtain_stats":[{"HoveringKite":0,"Ring of the Snake":0},{"HoveringKite":0,"Ring of the Snake":0},{"HoveringKite":0,"Ring of the Snake":0}]},"card_choices":[{"not_picked":["Bane","Sucker Punch"],"picked":"Cloak And Dagger","floor":1},{"not_picked":["Bane","Predator"],"picked":"Tactician","floor":4}],"player_experience":64821,"relics_obtained":[],"event_choices":[{"damage_healed":0,"gold_gain":0,"player_choice":"Leave","damage_taken":0,"max_hp_gain":0,"max_hp_loss":0,"event_name":"The Cleric","floor":2,"gold_loss":0},{"damage_healed":0,"gold_gain":0,"player_choice":"Ignored","damage_taken":0,"max_hp_gain":0,"max_hp_loss":0,"event_name":"Purifier","floor":5,"gold_loss":0}],"is_beta":false,"boss_relics":[],"items_purged_floors":[],"is_endless":false,"potions_floor_spawned":[1,4],"killed_by":"Lagavulin","ascension_level":1}}