{"host":"0fm1w3v00gid44jl","time":1607987506,"event":{"mods":["AchievementEnabler","BaseMod","Colored Map","Colored Powertips","Displayed Cursed Tome","Downfall","Googly Eyes","Highlight Path","Minty Spire (QoL Compilation)","Permanent Neow","Relic Stats","StSLib","SuperFastMode","slay the spire mod where everything is the same but ironclad has a cowboy hat"],"gold_per_floor":[349,368,393,413,13,0,79,95,195,195,210,220,234,245,265,360,360,360,460,475,475,488,520,556,568,568],"floor_reached":25,"playtime":1358,"items_purged":[],"score":225,"play_id":"26b1bf09-2541-428a-bcba-7463c9291906","local_time":"20201214171146","is_ascension_mode":false,"campfire_choices":[{"data":"champ:Execute","floor":1,"key":"SMITH"},{"data":"champ:ArenaPreparation","floor":10,"key":"SMITH"},{"data":"champ:CrownThrow","floor":18,"key":"SMITH"},{"data":"champ:IronFortress","floor":21,"key":"SMITH"}],"circlet_count":0,"master_deck":["champ:Execute+1","champ:Taunt","champ:FlashCut","champ:ArenaPreparation+1","champ:BringItOn","champ:BladeFlurry","champ:Backstep","champ:EndlessRage","champ:DefensiveStyle","champ:FlashCut","champ:StanceDance","champ:TornadoPunch","champ:FanOfKnives","champ:IronFortress+1","champ:Circumvent","champ:GladiatorsShout","champ:BerserkersShout","champ:FlashCut","champ:BladeFlurry","champ:RapidStrikes","champ:CrownThrow+1","champ:FocusedBerserking","champ:EnragedBash","champ:ShieldWall","champ:BringItOn"],"relics":["champ:ChampionCrown","MealTicket","ClockworkSouvenir","Happy Flower","Pantograph","Pandora\u0027s Box","MawBank","Oddly Smooth Stone"],"acts_visited":["Exordium","TheCity"],"potions_floor_usage":[16],"damage_taken":[{"damage":10,"enemies":"Small Slimes","floor":2,"turns":3},{"damage":43,"enemies":"Lagavulin","floor":3,"turns":7},{"damage":10,"enemies":"Cultist","floor":4,"turns":2},{"damage":25,"enemies":"downfall:FleeingMerchant","floor":5,"turns":4},{"damage":22,"enemies":"downfall:FleeingMerchant","floor":6,"turns":4},{"damage":9,"enemies":"2 Louse","floor":8,"turns":2},{"damage":23,"enemies":"Blue Slaver","floor":11,"turns":2},{"damage":14,"enemies":"Exordium Wildlife","floor":12,"turns":2},{"damage":18,"enemies":"Red Slaver","floor":13,"turns":3},{"damage":10,"enemies":"Blue Slaver","floor":14,"turns":4},{"damage":5,"enemies":"3 Louse","floor":15,"turns":3},{"damage":25,"enemies":"downfall:Ironclad","floor":16,"turns":8},{"damage":26,"enemies":"Shell Parasite","floor":20,"turns":4},{"damage":22,"enemies":"3 Byrds","floor":22,"turns":5},{"damage":35,"enemies":"Book of Stabbing","floor":23,"turns":5},{"damage":35,"enemies":"Snake Plant","floor":25,"turns":2}],"seed_played":"-4015112192852869602","potions_obtained":[{"floor":3,"key":"SmokeBomb"},{"floor":4,"key":"champ:OpenerPotion"},{"floor":8,"key":"Swift Potion"}],"is_trial":false,"path_per_floor":["R","M","E","M","$","$","T","M","?","R","M","M","M","M","M","B",null,"R","?","M","R","M","E","T","M"],"character_chosen":"THE_CHAMP","items_purchased":["champ:Backstep","ClockworkSouvenir","Happy Flower","champ:EndlessRage"],"campfire_rested":0,"item_purchase_floors":[5,5,5,5],"current_hp_per_floor":[63,58,30,30,45,61,61,62,62,62,50,41,28,28,28,50,90,90,90,77,77,65,35,35,0,0],"gold":568,"neow_bonus":"TWO_FIFTY_GOLD","is_daily":false,"chose_seed":false,"campfire_upgraded":4,"win_rate":0.0,"timestamp":1607987506,"path_taken":["R","M","E","M","$","$","T","M","?","R","M","M","M","M","M","BOSS","R","?","?","R","M","E","T","?"],"items_purchased_type":["Card","Relic","Relic","Card"],"build_version":"2020-12-13","purchased_purges":0,"victory":false,"max_hp_per_floor":[90,90,90,90,90,90,90,90,90,90,90,90,90,90,90,90,90,90,90,90,90,90,90,90,90,90],"relic_stats":{"Happy Flower":[14],"counters":[16,60],"Pantograph":25,"MealTicket":30,"Pandora\u0027s Box":["champ:GladiatorsShout","champ:BerserkersShout","champ:FlashCut","champ:BladeFlurry","champ:RapidStrikes","champ:CrownThrow","champ:FocusedBerserking","champ:EnragedBash"],"MawBank":24,"obtain_stats":[{"Happy Flower":5,"Pantograph":7,"Oddly Smooth Stone":24,"champ:ChampionCrown":0,"MealTicket":3,"Pandora\u0027s Box":17,"MawBank":23,"ClockworkSouvenir":5},{"Happy Flower":4,"Pantograph":5,"Oddly Smooth Stone":15,"champ:ChampionCrown":0,"MealTicket":2,"Pandora\u0027s Box":12,"MawBank":15,"ClockworkSouvenir":4},{"Happy Flower":16,"Pantograph":20,"Oddly Smooth Stone":58,"champ:ChampionCrown":0,"MealTicket":10,"Pandora\u0027s Box":44,"MawBank":58,"ClockworkSouvenir":16}]},"card_choices":[{"not_picked":["champ:PreciseThrust","champ:Riposte"],"picked":"champ:FlashCut","floor":2},{"not_picked":["champ:ShieldWall","champ:ShieldSlam"],"picked":"champ:ArenaPreparation","floor":3},{"not_picked":["champ:RisingSlash","champ:FalseCounter"],"picked":"champ:BringItOn","floor":4},{"not_picked":["champ:EnGarde","champ:RisingSlash"],"picked":"champ:BladeFlurry","floor":5},{"not_picked":["champ:AdrenalArmor","champ:Encircle"],"picked":"champ:DefensiveStyle","floor":6},{"not_picked":["champ:EnGarde","champ:BringItOn"],"picked":"champ:FlashCut","floor":8},{"not_picked":["champ:TornadoPunch","champ:BladeFlurry"],"picked":"champ:StanceDance","floor":11},{"not_picked":["champ:CrookedStrike","champ:BerserkersShout"],"picked":"champ:TornadoPunch","floor":12},{"not_picked":["champ:BerserkersShout","champ:Riposte"],"picked":"champ:FanOfKnives","floor":13},{"not_picked":["champ:MurderStrike","champ:CalledShot"],"picked":"champ:IronFortress","floor":14},{"not_picked":["champ:BringItOn","champ:Lariat"],"picked":"champ:Circumvent","floor":15},{"not_picked":["champ:BringItOn","champ:GladiatorsShout+1"],"picked":"champ:ShieldWall","floor":20},{"not_picked":["champ:FlashCut","champ:ShieldWall","champ:BerserkersShout"],"picked":"SKIP","floor":22},{"not_picked":["champ:ArenaPreparation","champ:FlashCut"],"picked":"champ:BringItOn","floor":23}],"player_experience":1232176,"relics_obtained":[{"floor":3,"key":"MealTicket"},{"floor":7,"key":"Pantograph"},{"floor":23,"key":"MawBank"},{"floor":24,"key":"Oddly Smooth Stone"}],"event_choices":[],"is_beta":false,"boss_relics":[{"not_picked":["Tiny House","Philosopher\u0027s Stone"],"picked":"Pandora\u0027s Box"}],"items_purged_floors":[],"is_endless":false,"potions_floor_spawned":[3,4,8,12,13,14],"killed_by":"Snake Plant","ascension_level":0}}