{"host":"jx3f6ezc0g3s9edc","time":1607910525,"event":{"mods":["AchievementEnabler","BaseMod","Bestiary","Colored Map","Highlight Path","Minty Spire (QoL Compilation)","StSLib"],"gold_per_floor":[217,217,61,79,99,99,139,139,165,183,183,183,183,203,203,328,328,346,346,90,103,33,33,47,47,47,47,70,70,94,94,94,94,94],"floor_reached":33,"playtime":1961,"items_purged":["Strike_R","Strike_R"],"score":380,"play_id":"f6e49ac7-1390-4165-9d07-afabbd3e719f","local_time":"20201213204845","is_ascension_mode":true,"campfire_choices":[{"data":"True Grit","floor":6.0,"key":"SMITH"},{"data":"Bash","floor":11.0,"key":"SMITH"},{"floor":13.0,"key":"REST"},{"floor":15.0,"key":"REST"},{"data":"Demon Form","floor":23.0,"key":"SMITH"},{"floor":25.0,"key":"REST"},{"data":"Dark Embrace","floor":27.0,"key":"SMITH"},{"floor":32,"key":"REST"}],"circlet_count":0,"master_deck":["AscendersBane","Strike_R+1","Strike_R","Strike_R","Defend_R","Defend_R","Defend_R","Defend_R","Bash+1","Cleave","Dark Embrace+1","Thunderclap+1","True Grit+1","Rampage","Disarm","Demon Form+1","Heavy Blade","Shrug It Off","Sentinel","Feed"],"relics":["Burning Blood","Golden Idol","Vajra","Oddly Smooth Stone","Velvet Choker","MealTicket","Bronze Scales","MutagenicStrength"],"acts_visited":["Exordium","TheCity"],"potions_floor_usage":[],"damage_taken":[{"damage":5.0,"enemies":"Cultist","floor":1.0,"turns":5.0},{"damage":0.0,"enemies":"Small Slimes","floor":4.0,"turns":2.0},{"damage":3.0,"enemies":"Jaw Worm","floor":5.0,"turns":7.0},{"damage":43.0,"enemies":"3 Sentries","floor":7.0,"turns":11.0},{"damage":18.0,"enemies":"Large Slime","floor":10.0,"turns":7.0},{"damage":5.0,"enemies":"Looter","floor":14.0,"turns":3.0},{"damage":40.0,"enemies":"Hexaghost","floor":16.0,"turns":12.0},{"damage":20.0,"enemies":"2 Thieves","floor":18.0,"turns":4.0},{"damage":38.0,"enemies":"Chosen","floor":21.0,"turns":5.0},{"damage":22.0,"enemies":"3 Cultists","floor":24.0,"turns":4.0},{"damage":0.0,"enemies":"Centurion and Healer","floor":28.0,"turns":4.0},{"damage":37,"enemies":"Cultist and Chosen","floor":30,"turns":5},{"damage":49,"enemies":"Champ","floor":33,"turns":9}],"seed_played":"-1694982073783503987","potions_obtained":[{"floor":1.0,"key":"SpeedPotion"},{"floor":7.0,"key":"Weak Potion"},{"floor":16.0,"key":"SteroidPotion"},{"floor":21.0,"key":"DuplicationPotion"},{"floor":24.0,"key":"DistilledChaos"}],"is_trial":false,"path_per_floor":["M","?","$","M","M","R","E","$","T","M","R","?","R","M","R","B",null,"M","?","$","M","$","R","M","R","T","R","M","?","M","?","R","B"],"character_chosen":"IRONCLAD","items_purchased":["Dark Embrace","Thunderclap","MealTicket","Sentinel"],"campfire_rested":4,"item_purchase_floors":[3,3,20,22],"current_hp_per_floor":[73,73,73,74,74,74,37,37,37,25,25,10,32,33,55,21,61,47,41,41,9,24,24,8,30,30,30,39,39,11,11,35,0,0],"gold":94,"neow_bonus":"HUNDRED_GOLD","is_daily":false,"chose_seed":false,"campfire_upgraded":4,"win_rate":0.0,"timestamp":1607910525,"path_taken":["M","?","$","M","M","R","E","$","T","M","R","?","R","M","R","BOSS","M","?","$","?","?","R","M","R","T","R","M","?","M","?","R","BOSS"],"items_purchased_type":["Card","Card","Relic","Card"],"build_version":"2020-12-13","purchased_purges":2,"victory":false,"max_hp_per_floor":[80,74,74,74,74,74,74,74,74,74,74,74,74,74,74,74,74,74,74,74,74,74,74,74,74,74,74,77,77,80,80,80,80,80],"card_choices":[{"not_picked":["Disarm","Thunderclap"],"picked":"Cleave","floor":1.0},{"not_picked":["Warcry","Rampage"],"picked":"True Grit","floor":4.0},{"not_picked":["Flex","Clash","Thunderclap"],"picked":"SKIP","floor":5.0},{"not_picked":["Headbutt","Hemokinesis"],"picked":"Rampage","floor":7.0},{"not_picked":["Sword Boomerang","Double Tap","Perfected Strike"],"picked":"SKIP","floor":10.0},{"not_picked":["Headbutt","Clothesline"],"picked":"Disarm","floor":14.0},{"not_picked":["Juggernaut","Double Tap"],"picked":"Demon Form","floor":16.0},{"not_picked":["Twin Strike+1","Warcry"],"picked":"Heavy Blade","floor":18.0},{"not_picked":["Sentinel","Heavy Blade"],"picked":"Shrug It Off","floor":21.0},{"not_picked":["Twin Strike","Pommel Strike+1"],"picked":"Feed","floor":24.0},{"not_picked":["Heavy Blade","Twin Strike","Anger"],"picked":"SKIP","floor":28.0},{"not_picked":["Flex","Searing Blow+1","Havoc+1"],"picked":"SKIP","floor":30}],"player_experience":667109,"relics_obtained":[{"floor":7.0,"key":"Vajra"},{"floor":9.0,"key":"Oddly Smooth Stone"},{"floor":26.0,"key":"Bronze Scales"}],"event_choices":[{"damage_healed":0.0,"max_hp_gain":0.0,"max_hp_loss":6.0,"gold_gain":0.0,"event_name":"Golden Idol","player_choice":"Lose Max HP","floor":2.0,"gold_loss":0.0,"damage_taken":0.0,"relics_obtained":["Golden Idol"]},{"damage_healed":0.0,"max_hp_gain":0.0,"max_hp_loss":0.0,"gold_gain":0.0,"event_name":"Shining Light","player_choice":"Entered Light","floor":12.0,"gold_loss":0.0,"damage_taken":15.0,"cards_upgraded":["Thunderclap","Strike_R"]},{"damage_healed":0.0,"max_hp_gain":0.0,"max_hp_loss":0.0,"gold_gain":0.0,"event_name":"Knowing Skull","player_choice":"","floor":19.0,"potions_obtained":[],"gold_loss":0.0,"damage_taken":6.0,"cards_obtained":[]},{"damage_healed":0.0,"max_hp_gain":0.0,"max_hp_loss":0.0,"gold_gain":0.0,"event_name":"Drug Dealer","player_choice":"Inject Mutagens","floor":29.0,"gold_loss":0.0,"damage_taken":0.0,"relics_obtained":["MutagenicStrength"]},{"damage_healed":0,"gold_gain":0,"player_choice":"Ignored","damage_taken":0,"max_hp_gain":0,"max_hp_loss":0,"event_name":"Vampires","floor":31,"gold_loss":0}],"is_beta":false,"boss_relics":[{"not_picked":["Calling Bell","Snecko Eye"],"picked":"Velvet Choker"}],"items_purged_floors":[3,20],"is_endless":false,"potions_floor_spawned":[1,7,16,21,24],"killed_by":"Champ","ascension_level":11}}