{"host":"h0xw20cia6ppa69g","time":1607922124,"event":{"mods":["AchievementEnabler","BaseMod","Colored Map","Googly Eyes","Minty Spire (QoL Compilation)","Relic Stats","StSLib","The Awakened One except there are too many feathers","everything is the same but u backflip on backflip"],"gold_per_floor":[111,186,286,296,296,296,324,324,324,368,391,435,435,459,459,459,459],"floor_reached":16,"playtime":446,"items_purged":[],"score":148,"play_id":"4f0692fd-ce57-46ba-80a6-4685f580f47b","local_time":"20201213230204","is_ascension_mode":true,"campfire_choices":[{"data":"Whirlwind","floor":6,"key":"SMITH"},{"data":"Bash","floor":13,"key":"SMITH"},{"data":"Barricade","floor":15,"key":"SMITH"}],"circlet_count":0,"master_deck":["Strike_R","Strike_R","Strike_R","Strike_R+1","Strike_R+1","Defend_R","Defend_R","Defend_R","Defend_R","Bash+1","Cleave","Whirlwind+1","Barricade+1","Anger","Second Wind","Burning Pact"],"relics":["Runic Pyramid","Paper Frog","Golden Idol","Eternal Feather","PreservedInsect","CeramicFish"],"acts_visited":["Exordium"],"potions_floor_usage":[10,16],"damage_taken":[{"damage":13.0,"enemies":"Cultist","floor":1.0,"turns":6.0},{"damage":3,"enemies":"Jaw Worm","floor":4,"turns":5},{"damage":18,"enemies":"3 Sentries","floor":7,"turns":4},{"damage":0,"enemies":"Gremlin Nob","floor":10,"turns":2},{"damage":16,"enemies":"Lagavulin","floor":12,"turns":4},{"damage":0,"enemies":"2 Louse","floor":14,"turns":3},{"damage":24,"enemies":"Hexaghost","floor":16,"turns":9}],"seed_played":"-8892436075941852388","potions_obtained":[{"floor":4,"key":"LiquidBronze"},{"floor":7,"key":"AttackPotion"}],"is_trial":false,"path_per_floor":["M","?","?","M","?","R","E","?","T","E","T","E","R","M","R","B"],"character_chosen":"IRONCLAD","items_purchased":[],"campfire_rested":0,"item_purchase_floors":[],"current_hp_per_floor":[67,56,56,53,37,37,19,19,19,19,19,3,12,12,21,0,0],"gold":459,"neow_bonus":"BOSS_RELIC","is_daily":false,"chose_seed":false,"campfire_upgraded":3,"win_rate":0.0,"timestamp":1607922124,"path_taken":["M","?","?","?","?","R","E","?","T","E","?","E","R","M","R","BOSS"],"items_purchased_type":[],"build_version":"2020-12-13","purchased_purges":0,"victory":false,"max_hp_per_floor":[80,80,80,80,80,80,80,74,74,74,74,74,74,74,74,74,74],"relic_stats":{"counters":[7,33],"Golden Idol":19,"CeramicFish":18,"Eternal Feather":18,"PreservedInsect":28,"obtain_stats":[{"Golden Idol":8,"CeramicFish":12,"Eternal Feather":9,"PreservedInsect":10,"Burning Blood":0,"Runic Pyramid":0,"Paper Frog":7},{"Golden Idol":3,"CeramicFish":5,"Eternal Feather":3,"PreservedInsect":4,"Burning Blood":0,"Runic Pyramid":0,"Paper Frog":3},{"Golden Idol":15,"CeramicFish":21,"Eternal Feather":15,"PreservedInsect":17,"Burning Blood":0,"Runic Pyramid":0,"Paper Frog":15}]},"card_choices":[{"not_picked":["Flex","Shrug It Off"],"picked":"Cleave","floor":1},{"not_picked":["Shrug It Off","Havoc"],"picked":"Whirlwind","floor":4},{"not_picked":["Armaments","Havoc"],"picked":"Barricade","floor":7},{"not_picked":["Blood for Blood","Warcry"],"picked":"Anger","floor":10},{"not_picked":["Headbutt","Metallicize"],"picked":"Second Wind","floor":12},{"not_picked":["Combust","Hemokinesis"],"picked":"Burning Pact","floor":14}],"player_experience":3491642,"relics_obtained":[{"floor":7,"key":"Paper Frog"},{"floor":9,"key":"Eternal Feather"},{"floor":10,"key":"PreservedInsect"},{"floor":12,"key":"CeramicFish"}],"event_choices":[{"damage_healed":0,"gold_gain":75,"player_choice":"Gather Gold","damage_taken":11,"max_hp_gain":0,"max_hp_loss":0,"event_name":"World of Goop","floor":2,"gold_loss":0},{"damage_healed":0,"gold_gain":100,"player_choice":"Pray","damage_taken":0,"max_hp_gain":0,"max_hp_loss":0,"event_name":"Golden Shrine","floor":3,"gold_loss":0},{"damage_healed":0,"gold_gain":0,"player_choice":"Entered Light","damage_taken":16,"max_hp_gain":0,"max_hp_loss":0,"event_name":"Shining Light","floor":5,"gold_loss":0,"cards_upgraded":["Strike_R","Strike_R"]},{"damage_healed":0,"gold_gain":0,"player_choice":"Lose Max HP","damage_taken":0,"relics_obtained":["Golden Idol"],"max_hp_gain":0,"max_hp_loss":6,"event_name":"Golden Idol","floor":8,"gold_loss":0}],"is_beta":false,"boss_relics":[],"items_purged_floors":[],"is_endless":false,"potions_floor_spawned":[4,7],"killed_by":"Hexaghost","ascension_level":1}}