{"host":"yhemb00fn7g5zwp1","time":1607939291,"event":{"mods":["AchievementEnabler","Act Like it!","BaseMod","CapriCore","Gensokyo","Hallownest","Highlight Path","KinomotoSakuraMod(Ä¾Ö®±¾Ó£)","Koishi","KomeijiMod","Marisa£¨ìFÓê¡¡Ä§ÀíÉ³£©","Minty Spire (QoL Compilation)","MostiFishMod","Pale of the Ancients","Prisma Mod","Reimu£¨²©ÀöÁéÃÎ£©","Remilia£¨ÀÙÃ×ÀòÑÇ£©","StSLib","Td1madao Mod","The Factory","The Hayseed","The Servant 0.9.4","Youmu£¨»êÆÇÑýÃÎ£©","Yuyuko","¡¾¶«·½¶þ´Î´´×÷¡¿°ËÔÆ×Ïmod","¡¾ÒÅÎï¿¨ÅÆ¡¿REMEMod"],"gold_per_floor":[116,129,129,145,145,170,170,190,190,261,274,71,83,101,101,201,201,220,220,220],"floor_reached":19,"playtime":735,"items_purged":[],"score":196,"play_id":"50e1493e-2448-4e38-b137-f27a708af6d0","local_time":"20201214174811","is_ascension_mode":false,"campfire_choices":[{"data":"TheSimpletonMod:Sunseed","floor":7,"key":"SMITH"},{"data":"TheSimpletonMod:VineRipen","floor":15,"key":"SMITH"}],"circlet_count":0,"master_deck":["TheSimpletonMod:Strike_TheSimpleton","TheSimpletonMod:Strike_TheSimpleton","TheSimpletonMod:Strike_TheSimpleton","TheSimpletonMod:Strike_TheSimpleton","TheSimpletonMod:Defend_TheSimpleton","TheSimpletonMod:Defend_TheSimpleton","TheSimpletonMod:Defend_TheSimpleton","TheSimpletonMod:Defend_TheSimpleton","TheSimpletonMod:Haymaker","TheSimpletonMod:ReapAndSow","PrismaMod:ChloeCaladbolg","TheSimpletonMod:SoilSample","TheSimpletonMod:CloseScrape","TheSimpletonMod:Sunseed+1","TheSimpletonMod:VineRipen+1","TheSimpletonMod:Aerate","TheSimpletonMod:CloseScrape","TheSimpletonMod:Squash+1","TheSimpletonMod:Squash+1","TheSimpletonMod:VineRipen+1","TheSimpletonMod:ToughenUp","TheSimpletonMod:FlashPasteurize+1","TheSimpletonMod:Aerate"],"relics":["TheSimpletonMod:NightSoil","TheSimpletonMod:TheHarvester","REME_ComplimentaryCards","DaveBox","ArrowTower","TimeKeys","Question Card","Gensokyo:NagashiBinaDoll","Frozen Egg 2","Calipers","Molten Egg 2","Omamori","ImportantClient","Sozu"],"acts_visited":["Exordium","Gensokyo:Gensokyo"],"potions_floor_usage":[19],"damage_taken":[{"damage":7,"enemies":"Gensokyo:2_Kodama","floor":1,"turns":3},{"damage":0,"enemies":"Gensokyo:3_Fairies","floor":2,"turns":2},{"damage":6,"enemies":"Gensokyo:Python","floor":4,"turns":3},{"damage":0,"enemies":"Gensokyo:Aya","floor":6,"turns":3},{"damage":5,"enemies":"Gensokyo:CorruptedTreant","floor":8,"turns":2},{"damage":4,"enemies":"Gensokyo:3_Kodama","floor":11,"turns":2},{"damage":0,"enemies":"Gensokyo:Python_and_Kodama","floor":13,"turns":2},{"damage":0,"enemies":"Gensokyo:Kitsune","floor":14,"turns":4},{"damage":18,"enemies":"Gensokyo:Kokoro","floor":16,"turns":6},{"damage":25,"enemies":"Gensokyo:3_Dogs","floor":18,"turns":3},{"damage":0,"enemies":"Gensokyo:CosmicMonolith","floor":19,"turns":1}],"seed_played":"-1434355497141922680","potions_obtained":[{"floor":1,"key":"TheSimpletonMod:MoonshinePotion"},{"floor":4,"key":"UndeadPotion"},{"floor":8,"key":"FearPotion"},{"floor":13,"key":"SkillPotion"}],"is_trial":false,"path_per_floor":["M","M","?","M","?","E","R","M","T","T","M","$","M","M","R","B",null,"M","M"],"character_chosen":"THE_SIMPLETON","items_purchased":["Omamori","TheSimpletonMod:Squash+1"],"campfire_rested":0,"item_purchase_floors":[12,12],"current_hp_per_floor":[68,68,68,62,62,62,62,57,57,57,57,57,57,61,61,47,75,50,50,50],"gold":220,"neow_bonus":"BOSS_RELIC","is_daily":false,"chose_seed":false,"campfire_upgraded":2,"win_rate":0.0,"timestamp":1607939291,"path_taken":["M","M","?","?","?","E","R","M","T","?","?","$","M","M","R","BOSS","M","M"],"items_purchased_type":["Relic","Card"],"build_version":"2020-12-13","purchased_purges":0,"victory":false,"max_hp_per_floor":[75,75,75,75,75,75,75,75,75,75,75,75,75,75,75,75,75,75,75,75],"card_choices":[{"not_picked":["TheSimpletonMod:Rake","TheSimpletonMod:BumperCrop"],"picked":"TheSimpletonMod:SoilSample","floor":1},{"not_picked":["TheSimpletonMod:SoilSample","TheSimpletonMod:SaladShooter","TheSimpletonMod:DigIn"],"picked":"TheSimpletonMod:CloseScrape","floor":2},{"not_picked":["TheSimpletonMod:DoubleBarrel","TheSimpletonMod:CullingStrike","TheSimpletonMod:RootDown"],"picked":"TheSimpletonMod:Sunseed","floor":4},{"not_picked":["TheSimpletonMod:BumperCrop","TheSimpletonMod:Rototilling","TheSimpletonMod:BirdFeeder+1"],"picked":"TheSimpletonMod:Aerate","floor":6},{"not_picked":["TheSimpletonMod:Innovate","TheSimpletonMod:Mulch","TheSimpletonMod:Rototilling"],"picked":"TheSimpletonMod:CloseScrape","floor":8},{"not_picked":["TheSimpletonMod:Fertilaser+1","TheSimpletonMod:Rototilling","TheSimpletonMod:CloseScrape+1"],"picked":"TheSimpletonMod:Squash+1","floor":11},{"not_picked":["TheSimpletonMod:Rototilling","TheSimpletonMod:Sunseed+1","TheSimpletonMod:Aerate"],"picked":"TheSimpletonMod:VineRipen","floor":13},{"not_picked":["TheSimpletonMod:CropRotation","TheSimpletonMod:OnionBloom","TheSimpletonMod:SlashAndBurn+1"],"picked":"TheSimpletonMod:ToughenUp","floor":14},{"not_picked":["TheSimpletonMod:DesperatePlunge","TheSimpletonMod:CrackOfDawn+1","TheSimpletonMod:BirdFeeder+1"],"picked":"TheSimpletonMod:FlashPasteurize+1","floor":16},{"not_picked":["TheSimpletonMod:SoilSample+1","TheSimpletonMod:ControlledBurn","TheSimpletonMod:SaladShooter+1"],"picked":"TheSimpletonMod:Aerate","floor":18}],"player_experience":405908,"relics_obtained":[{"floor":1,"key":"Question Card"},{"floor":6,"key":"Frozen Egg 2"},{"floor":9,"key":"Calipers"},{"floor":10,"key":"Molten Egg 2"},{"floor":16,"key":"ImportantClient"}],"event_choices":[],"is_beta":false,"boss_relics":[{"not_picked":["HereWithMe","Runic Pyramid"],"picked":"Sozu"}],"items_purged_floors":[],"is_endless":false,"potions_floor_spawned":[1,4,8,13,14],"killed_by":"Gensokyo:CosmicMonolith","ascension_level":0}}