{"host":"pjgcdp3h1plnbocs","time":1607940284,"event":{"mods":["AchievementEnabler","BaseMod","Colored Map","Highlight Path","Minty Spire (QoL Compilation)"],"gold_per_floor":[118,130,143,162,162,196,214,214,214,214,240,257,257,274,274,378,378,389,304,304,322,6,39,39,370,370,400,412,424,424],"floor_reached":29,"playtime":890,"items_purged":["Strike_G"],"score":412,"play_id":"6b45afb0-f8de-436c-96c6-5d24b171f005","local_time":"20201214110444","is_ascension_mode":true,"campfire_choices":[{"data":"Venomology","floor":10.0,"key":"SMITH"},{"data":"Neutralize","floor":13.0,"key":"SMITH"},{"floor":15.0,"key":"REST"},{"data":"Poisoned Stab","floor":24.0,"key":"SMITH"}],"circlet_count":0,"master_deck":["Strike_G","Strike_G","Strike_G","Strike_G","Defend_G","Defend_G","Defend_G+1","Defend_G","Defend_G","Survivor+1","Neutralize+1","Poisoned Stab+1","Dagger Spray+1","Venomology+1","Poisoned Stab","A Thousand Cuts+1","Tools of the Trade+1","Footwork+1","Escape Plan+1","Blade Dance+1"],"relics":["Ring of the Snake","NeowsBlessing","Frozen Egg 2","Toxic Egg 2","Lantern","Black Star","Shuriken","Kunai","Ornamental Fan","The Specimen","Old Coin","Anchor","Sundial","Regal Pillow","MawBank"],"acts_visited":["Exordium","TheCity"],"potions_floor_usage":[29],"damage_taken":[{"damage":0.0,"enemies":"Jaw Worm","floor":1.0,"turns":1.0},{"damage":0.0,"enemies":"Small Slimes","floor":2.0,"turns":1.0},{"damage":0.0,"enemies":"2 Louse","floor":3.0,"turns":1.0},{"damage":8.0,"enemies":"Red Slaver","floor":4.0,"turns":5.0},{"damage":13.0,"enemies":"Gremlin Nob","floor":6.0,"turns":5.0},{"damage":7.0,"enemies":"Gremlin Gang","floor":7.0,"turns":3.0},{"damage":9.0,"enemies":"3 Sentries","floor":11.0,"turns":4.0},{"damage":0.0,"enemies":"3 Louse","floor":12.0,"turns":2.0},{"damage":0.0,"enemies":"Blue Slaver","floor":14.0,"turns":2.0},{"damage":0.0,"enemies":"Slime Boss","floor":16.0,"turns":5.0},{"damage":13.0,"enemies":"Spheric Guardian","floor":18.0,"turns":4.0},{"damage":14.0,"enemies":"Shell Parasite","floor":21.0,"turns":6.0},{"damage":28.0,"enemies":"Book of Stabbing","floor":23.0,"turns":8.0},{"damage":24.0,"enemies":"Slavers","floor":25.0,"turns":4.0},{"damage":14.0,"enemies":"Book of Stabbing","floor":27.0,"turns":7.0},{"damage":1,"enemies":"Snecko","floor":29,"turns":2}],"seed_played":"2259696954949953337","potions_obtained":[{"floor":4.0,"key":"EssenceOfSteel"},{"floor":7.0,"key":"BlessingOfTheForge"},{"floor":11.0,"key":"Strength Potion"},{"floor":23.0,"key":"Weak Potion"}],"is_trial":false,"path_per_floor":["M","M","M","M","?","E","M","?","T","R","E","M","R","M","R","B",null,"M","?","?","M","$","E","R","E","T","E","?","M"],"character_chosen":"THE_SILENT","items_purchased":["Kunai"],"campfire_rested":1,"item_purchase_floors":[22],"current_hp_per_floor":[70,70,70,62,48,35,28,28,28,28,19,19,19,19,40,40,70,57,57,57,58,58,39,39,15,15,1,1,0,0],"gold":424,"neow_bonus":"THREE_ENEMY_KILL","is_daily":false,"chose_seed":false,"campfire_upgraded":3,"win_rate":0.0,"timestamp":1607940284,"path_taken":["M","M","M","M","?","E","M","?","T","R","E","M","R","M","R","BOSS","M","?","?","M","$","E","R","E","T","E","?","M"],"items_purchased_type":["Relic"],"build_version":"2020-12-13","purchased_purges":1,"victory":false,"max_hp_per_floor":[70,70,70,70,70,70,70,70,70,70,70,70,70,70,70,70,70,70,70,70,70,70,70,70,70,70,70,70,70,70],"card_choices":[{"not_picked":["Slice","Setup"],"picked":"Poisoned Stab","floor":1.0},{"not_picked":["Infinite Blades","Accuracy"],"picked":"Dagger Spray","floor":2.0},{"not_picked":["Bane","Poisoned Stab"],"picked":"Venomology","floor":3.0},{"not_picked":["Outmaneuver","Deflect","Setup"],"picked":"SKIP","floor":4.0},{"not_picked":["Crippling Poison","Dagger Spray"],"picked":"Poisoned Stab","floor":6.0},{"not_picked":["Blade Dance","Riddle With Holes","Dagger Throw"],"picked":"SKIP","floor":7.0},{"not_picked":["Outmaneuver+1","Slice","Underhanded Strike"],"picked":"SKIP","floor":11.0},{"not_picked":["Flying Knee","Deflect+1","Outmaneuver+1"],"picked":"SKIP","floor":12.0},{"not_picked":["Catalyst+1","Sucker Punch"],"picked":"A Thousand Cuts+1","floor":14.0},{"not_picked":["Night Terror+1","Malaise+1"],"picked":"Tools of the Trade+1","floor":16.0},{"not_picked":["Outmaneuver+1","Backflip+1"],"picked":"Footwork+1","floor":18.0},{"not_picked":["Dagger Throw+1","Crippling Poison+1","PiercingWail+1"],"picked":"SKIP","floor":21.0},{"not_picked":["Sucker Punch+1","Backflip+1","A Thousand Cuts+1"],"picked":"SKIP","floor":23.0},{"not_picked":["Backflip+1","Deadly Poison+1","Deflect+1"],"picked":"SKIP","floor":25.0},{"not_picked":["Heel Hook+1","Dodge and Roll+1"],"picked":"Blade Dance+1","floor":27.0}],"player_experience":87167,"relics_obtained":[{"floor":6.0,"key":"Frozen Egg 2"},{"floor":9.0,"key":"Toxic Egg 2"},{"floor":11.0,"key":"Lantern"},{"floor":23.0,"key":"Ornamental Fan"},{"floor":23.0,"key":"The Specimen"},{"floor":25.0,"key":"Old Coin"},{"floor":25.0,"key":"Anchor"},{"floor":26.0,"key":"Sundial"},{"floor":27.0,"key":"Regal Pillow"},{"floor":27.0,"key":"MawBank"}],"event_choices":[{"damage_healed":0.0,"max_hp_gain":0.0,"max_hp_loss":0.0,"gold_gain":0.0,"event_name":"Shining Light","player_choice":"Entered Light","floor":5.0,"gold_loss":0.0,"damage_taken":14.0,"cards_upgraded":["Defend_G","Dagger Spray"]},{"damage_healed":0.0,"max_hp_gain":0.0,"max_hp_loss":0.0,"gold_gain":0.0,"event_name":"Liars Game","player_choice":"Ignored","floor":8.0,"gold_loss":0.0,"damage_taken":0.0},{"damage_healed":0.0,"max_hp_gain":0.0,"max_hp_loss":0.0,"gold_gain":0.0,"event_name":"Addict","player_choice":"Obtained Relic","floor":19.0,"gold_loss":85.0,"damage_taken":0.0,"relics_obtained":["Shuriken"]},{"damage_healed":0.0,"max_hp_gain":0.0,"max_hp_loss":0.0,"gold_gain":0.0,"event_name":"The Library","player_choice":"Read","floor":20.0,"gold_loss":0.0,"damage_taken":0.0,"cards_obtained":["Escape Plan"]},{"damage_healed":0.0,"max_hp_gain":0.0,"max_hp_loss":0.0,"gold_gain":0.0,"event_name":"Upgrade Shrine","player_choice":"Upgraded","floor":28.0,"gold_loss":0.0,"damage_taken":0.0,"cards_upgraded":["Survivor"]}],"is_beta":false,"boss_relics":[{"not_picked":["Busted Crown","Pandora\u0027s Box"],"picked":"Black Star"}],"items_purged_floors":[22],"is_endless":false,"potions_floor_spawned":[4,7,11,12,23],"killed_by":"Snecko","ascension_level":4}}