{"host":"woah5shdh5xsovm3","time":1607907959,"event":{"mods":["BaseMod","BetterRewards","Downfall","Hermit","Hubris","Infinite Spire","Jorbs\u0027s Wanderer Trilogy","Koishi","Marisa????????","Minty Spire (QoL Compilation)","Remilia??????","Replay The Spire","Shop Mod","StSLib","SuperFastMode","The Animator","The Bug Knight","The Construct","The Cursed","The Disciple","The Hierophant","The Necromancer","The Poker Player","The Runesmith","The Servant 0.9.4"],"gold_per_floor":[117,133,133,149,168,196,196,215,263,292,304,304,404,416,416,516,516,530,630,648,663,663,663,676,676,702,719,719,729,729,758,758,758,758],"floor_reached":33,"playtime":1708,"items_purged":[],"score":281,"play_id":"f949ef04-eabd-4c17-bbf7-d55e9d86edd4","local_time":"20201213190559","is_ascension_mode":false,"campfire_choices":[{"floor":7,"key":"REST"},{"data":"stsjorbsmod:FindFamiliar","floor":15,"key":"SMITH"},{"floor":23,"key":"REST"},{"floor":25,"key":"REST"},{"floor":30,"key":"REST"},{"floor":32,"key":"REST"}],"circlet_count":0,"master_deck":["stsjorbsmod:ForbiddenGrimoire+1","stsjorbsmod:Strike_Wanderer","stsjorbsmod:Strike_Wanderer","stsjorbsmod:Strike_Wanderer","stsjorbsmod:Strike_Wanderer","stsjorbsmod:Defend_Wanderer+1","stsjorbsmod:Defend_Wanderer","stsjorbsmod:Defend_Wanderer","stsjorbsmod:Defend_Wanderer","stsjorbsmod:FreshAdventure","stsjorbsmod:EyeOfTheStorm","stsjorbsmod:Materialize","stsjorbsmod:ParryingBlow+1","stsjorbsmod:MagicMissiles+1","stsjorbsmod:FindFamiliar+1","stsjorbsmod:Introspection","stsjorbsmod:WanderingMind","stsjorbsmod:IvoryTower","stsjorbsmod:Aid","stsjorbsmod:UnseenServant+1","stsjorbsmod:HedgeWizard"],"relics":["stsjorbsmod:GrimoireRelic","NeowsBlessing","Question Card","Happy Flower","Replay:Multitool","infinitespire:Cupcake","hubris:Towel","stsjorbsmod:BottledMemoryRelic","Replay:Bottled Steam"],"acts_visited":["Exordium","TheCity"],"potions_floor_usage":[10,18,27,31,31],"damage_taken":[{"damage":0,"enemies":"Small Slimes","floor":1,"turns":1},{"damage":0,"enemies":"Cultist","floor":2,"turns":1},{"damage":0,"enemies":"Jaw Worm","floor":4,"turns":1},{"damage":1,"enemies":"Lots of Slimes","floor":5,"turns":4},{"damage":23,"enemies":"3 Sentries","floor":6,"turns":10},{"damage":11,"enemies":"Exordium Wildlife","floor":8,"turns":4},{"damage":3,"enemies":"HollowMod:MossKnight","floor":10,"turns":6},{"damage":1,"enemies":"Red Slaver","floor":11,"turns":3},{"damage":3,"enemies":"Looter","floor":14,"turns":3},{"damage":39,"enemies":"The Guardian","floor":16,"turns":6},{"damage":11,"enemies":"3 Byrds","floor":18,"turns":3},{"damage":19,"enemies":"Chosen","floor":20,"turns":5},{"damage":46,"enemies":"Snecko","floor":21,"turns":7},{"damage":18,"enemies":"3 Cultists","floor":24,"turns":5},{"damage":3,"enemies":"Centurion and Healer","floor":27,"turns":5},{"damage":19,"enemies":"Shelled Parasite and Fungi","floor":29,"turns":5},{"damage":30,"enemies":"Slavers","floor":31,"turns":5},{"damage":39,"enemies":"Champ","floor":33,"turns":7}],"seed_played":"2131418100044874732","potions_obtained":[{"floor":4,"key":"GamblersBrew"},{"floor":8,"key":"Weak Potion"},{"floor":11,"key":"ColorlessPotion"},{"floor":16,"key":"Explosive Potion"},{"floor":21,"key":"Milkshake"},{"floor":27,"key":"champ:CounterPotion"},{"floor":29,"key":"AttackPotion"}],"is_trial":false,"path_per_floor":["M","M","?","M","M","E","R","M","T","E","M","R","?","M","R","B",null,"M","?","M","M","?","R","M","R","T","M","?","M","R","E","R","B"],"character_chosen":"WANDERER","items_purchased":[],"campfire_rested":5,"item_purchase_floors":[],"current_hp_per_floor":[68,68,68,70,70,47,68,58,58,59,59,70,70,69,69,37,70,61,61,48,6,6,27,13,34,34,36,36,22,43,17,38,0,0],"gold":758,"neow_bonus":"THREE_ENEMY_KILL","is_daily":false,"chose_seed":false,"campfire_upgraded":1,"win_rate":0.0,"timestamp":1607907959,"path_taken":["M","M","?","M","M","E","R","?","T","E","M","R","?","?","R","BOSS","M","?","M","?","?","R","M","R","T","M","?","?","R","E","R","BOSS"],"items_purchased_type":[],"build_version":"2020-12-13","purchased_purges":0,"victory":false,"max_hp_per_floor":[68,68,68,70,70,70,70,70,70,70,70,70,70,70,70,70,70,70,70,72,72,72,72,72,72,72,72,72,72,72,72,72,72,72],"card_choices":[{"not_picked":["stsjorbsmod:Prepare","stsjorbsmod:TrueStrike"],"picked":"stsjorbsmod:Materialize","floor":1},{"not_picked":["stsjorbsmod:Message","stsjorbsmod:OldPocket"],"picked":"stsjorbsmod:ParryingBlow","floor":2},{"not_picked":["stsjorbsmod:SmithingStrike","stsjorbsmod:Channel","stsjorbsmod:Rest"],"picked":"SKIP","floor":4},{"not_picked":["stsjorbsmod:Firebolt","stsjorbsmod:Patron"],"picked":"stsjorbsmod:MagicMissiles","floor":5},{"not_picked":["stsjorbsmod:DoubleCheck","stsjorbsmod:Hurt","stsjorbsmod:AnimateObjects"],"picked":"SKIP","floor":6},{"not_picked":["stsjorbsmod:Inferno","stsjorbsmod:AnimateObjects","stsjorbsmod:MistyStep"],"picked":"stsjorbsmod:FindFamiliar","floor":8},{"not_picked":["stsjorbsmod:Stalwart","stsjorbsmod:FaerieFire","stsjorbsmod:UnseenServant","stsjorbsmod:Pyromancy"],"picked":"SKIP","floor":10},{"not_picked":["stsjorbsmod:Channel","stsjorbsmod:MagicMirror","stsjorbsmod:SmithingStrike"],"picked":"stsjorbsmod:Introspection","floor":11},{"not_picked":["stsjorbsmod:HedgeWizard","stsjorbsmod:FindFamiliar","stsjorbsmod:Channel"],"picked":"stsjorbsmod:WanderingMind","floor":14},{"not_picked":["stsjorbsmod:PurgeMind","stsjorbsmod:Pyromancy","stsjorbsmod:Determination"],"picked":"stsjorbsmod:IvoryTower","floor":16},{"not_picked":["stsjorbsmod:Prestidigitation+1","stsjorbsmod:LoseGrip","stsjorbsmod:ChatteringStrike"],"picked":"stsjorbsmod:Aid","floor":18},{"not_picked":["stsjorbsmod:ArcaneWeapon","stsjorbsmod:WeightOfMemory","stsjorbsmod:WanderingMind","stsjorbsmod:ChatteringStrike"],"picked":"SKIP","floor":20},{"not_picked":["stsjorbsmod:ParryingBlow","stsjorbsmod:WanderingMind+1","stsjorbsmod:Hurt+1"],"picked":"stsjorbsmod:UnseenServant+1","floor":21},{"not_picked":["stsjorbsmod:BurningFlask","stsjorbsmod:RayOfFrost","stsjorbsmod:Will"],"picked":"stsjorbsmod:HedgeWizard","floor":24},{"not_picked":["stsjorbsmod:Rest","stsjorbsmod:Hurt","stsjorbsmod:FlameWard","stsjorbsmod:FaerieFire"],"picked":"SKIP","floor":27},{"not_picked":["stsjorbsmod:RayOfFrost+1","stsjorbsmod:Aid","stsjorbsmod:BlackTentacles","stsjorbsmod:Prestidigitation"],"picked":"SKIP","floor":29},{"not_picked":["stsjorbsmod:RayOfFrost","stsjorbsmod:Firebolt","stsjorbsmod:Patron","stsjorbsmod:FindFamiliar"],"picked":"SKIP","floor":31}],"player_experience":390776,"relics_obtained":[{"floor":6,"key":"Question Card"},{"floor":9,"key":"Happy Flower"},{"floor":10,"key":"Replay:Multitool"},{"floor":26,"key":"stsjorbsmod:BottledMemoryRelic"},{"floor":31,"key":"Replay:Bottled Steam"}],"event_choices":[{"damage_healed":0,"gold_gain":0,"player_choice":"Upgraded","damage_taken":0,"max_hp_gain":0,"max_hp_loss":0,"event_name":"Upgrade Shrine","floor":3,"gold_loss":0,"cards_upgraded":["stsjorbsmod:ParryingBlow"]},{"damage_healed":0,"gold_gain":100,"player_choice":"Pray","damage_taken":0,"max_hp_gain":0,"max_hp_loss":0,"event_name":"Golden Shrine","floor":13,"gold_loss":0},{"damage_healed":0,"gold_gain":100,"player_choice":"Pray","damage_taken":0,"max_hp_gain":0,"max_hp_loss":0,"event_name":"Golden Shrine","floor":19,"gold_loss":0},{"damage_healed":0,"gold_gain":0,"player_choice":"Ignored","damage_taken":0,"max_hp_gain":0,"max_hp_loss":0,"event_name":"Cursed Tome","floor":28,"gold_loss":0}],"is_beta":false,"boss_relics":[{"not_picked":["hubris:TerracottaHorce","Runic Pyramid"],"picked":"infinitespire:Cupcake"}],"items_purged_floors":[],"is_endless":false,"potions_floor_spawned":[4,8,11,16,21,27,29],"killed_by":"Champ","ascension_level":0}}