{"host":"684z1xpuwaoqmmh1","time":1607943549,"event":{"mods":["Bard","BaseMod","Downfall","Hermit","Jorbs\u0027s Wanderer Trilogy","Marisa????????","Minty Spire (QoL Compilation)","StSLib","The Hierophant","The Mystic","The Runesmith"],"gold_per_floor":[99,99,131,131,149,149,149,177,102,130,148,159,84,95,112,213,213,138,156,167,195,215,230,230,230,257,257,274,139,3,17,36,133,133,133,133,158,169,192,204,204,129,143,168,178,5,5,19,35,35,35,61,3,3,3],"floor_reached":56,"playtime":5219,"items_purged":["champ:Strike","champ:Strike"],"score":1528,"play_id":"ad0997c0-857b-4848-b524-83a2feaa6cf9","local_time":"20201214125909","is_ascension_mode":true,"campfire_choices":[{"floor":1.0,"key":"RECALL"},{"data":"champ:EnchantShield","floor":9.0,"key":"SMITH"},{"data":"champ:CalledShot","floor":18.0,"key":"SMITH"},{"data":"champ:VampiricStrike","floor":25.0,"key":"SMITH"},{"data":"champ:EnchantCrown","floor":27.0,"key":"SMITH"},{"data":"champ:CheapShot","floor":35.0,"key":"SMITH"},{"data":"champ:EnchantShield","floor":42,"key":"SMITH"},{"data":"champ:PreciseThrust","floor":54,"key":"SMITH"}],"circlet_count":0,"master_deck":["champ:Strike","champ:Strike","champ:Defend","champ:Defend","champ:Defend","champ:Defend","champ:Execute","champ:Taunt","champ:FanOfKnives","champ:GladiatorStyle","champ:BringItOn+1","champ:EnchantShield+1","champ:SwordSigil","champ:VampiricStrike+1","champ:CalledShot+1","champ:GutPunch","champ:EnchantCrown+1","champ:DefensiveShout","champ:BringItOn","champ:Riposte+1","champ:CheapShot+1","champ:EndlessRage","champ:EnchantShield+1","expansioncontent:Flail","champ:PreciseThrust+1","champ:Backstep+1","champ:DefensiveStyle","champ:ViciousMockery+1"],"relics":["champ:ChampionCrown","downfall:HeartsMalice","Pantograph","HornCleat","Singing Bowl","Calipers","downfall:HeartBlessingRed","The Courier","Busted Crown","downfall:HeartBlessingGreen","StrikeDummy","Turnip","Ice Cream","Guardian:PocketSentry","hexamod:BolsterEngine","Runic Pyramid","Mercury Hourglass","champ:SpectersHand","downfall:HeartBlessingBlue","PreservedInsect","ClockworkSouvenir","Membership Card","Blue Candle","War Paint"],"acts_visited":["Exordium","TheCity","TheBeyond","TheEnding"],"potions_floor_usage":[55,55,55],"damage_taken":[{"damage":0.0,"enemies":"Cultist","floor":2.0,"turns":1.0},{"damage":0.0,"enemies":"3 Sentries","floor":3.0,"turns":1.0},{"damage":0.0,"enemies":"Jaw Worm","floor":4.0,"turns":1.0},{"damage":0.0,"enemies":"2 Louse","floor":5.0,"turns":2.0},{"damage":43.0,"enemies":"Lagavulin","floor":8.0,"turns":6.0},{"damage":24.0,"enemies":"3 Sentries","floor":10.0,"turns":6.0},{"damage":8.0,"enemies":"Exordium Wildlife","floor":11.0,"turns":2.0},{"damage":8.0,"enemies":"Large Slime","floor":12.0,"turns":2.0},{"damage":10.0,"enemies":"downfall:FleeingMerchant","floor":13.0,"turns":4.0},{"damage":5.0,"enemies":"Gremlin Gang","floor":14.0,"turns":2.0},{"damage":5.0,"enemies":"2 Fungi Beasts","floor":15.0,"turns":3.0},{"damage":42.0,"enemies":"downfall:Watcher","floor":16.0,"turns":8.0},{"damage":1.0,"enemies":"Chosen","floor":19.0,"turns":3.0},{"damage":29.0,"enemies":"Shell Parasite","floor":20.0,"turns":6.0},{"damage":20.0,"enemies":"Book of Stabbing","floor":21.0,"turns":5.0},{"damage":37.0,"enemies":"Centurion and Healer","floor":22.0,"turns":5.0},{"damage":25.0,"enemies":"Snake Plant","floor":23.0,"turns":4.0},{"damage":34.0,"enemies":"Slavers","floor":26.0,"turns":6.0},{"damage":16.0,"enemies":"Snecko","floor":28.0,"turns":4.0},{"damage":13.0,"enemies":"downfall:FleeingMerchant","floor":29.0,"turns":4.0},{"damage":10.0,"enemies":"downfall:FleeingMerchant","floor":30.0,"turns":4.0},{"damage":13.0,"enemies":"3 Cultists","floor":31.0,"turns":4.0},{"damage":13.0,"enemies":"Centurion and Healer","floor":32.0,"turns":5.0},{"damage":26.0,"enemies":"downfall:Defect","floor":33.0,"turns":8.0},{"damage":71.0,"enemies":"Giant Head","floor":37.0,"turns":12.0},{"damage":11.0,"enemies":"3 Shapes","floor":38.0,"turns":3.0},{"damage":5,"enemies":"downfall:FleeingMerchant","floor":39,"turns":2},{"damage":7,"enemies":"3 Darklings","floor":40,"turns":4},{"damage":2,"enemies":"Spire Growth","floor":43,"turns":4},{"damage":7,"enemies":"Nemesis","floor":44,"turns":5},{"damage":20,"enemies":"Jaw Worm Horde","floor":45,"turns":4},{"damage":23,"enemies":"4 Shapes","floor":48,"turns":4},{"damage":10,"enemies":"3 Darklings","floor":49,"turns":3},{"damage":18,"enemies":"downfall:Ironclad","floor":50,"turns":13},{"damage":37,"enemies":"downfall:CharBossMerchant","floor":52,"turns":10},{"damage":105,"enemies":"downfall:NeowBoss","floor":55,"turns":57}],"seed_played":"-4552874097973010698","potions_obtained":[{"floor":5.0,"key":"LiquidMemories"},{"floor":10.0,"key":"SteroidPotion"},{"floor":14.0,"key":"AttackPotion"},{"floor":15.0,"key":"FairyPotion"},{"floor":16.0,"key":"champ:OpenerPotion"},{"floor":23.0,"key":"champ:CounterPotion"},{"floor":28.0,"key":"Fire Potion"},{"floor":32.0,"key":"Strength Potion"},{"floor":49,"key":"LiquidMemories"}],"is_trial":false,"path_per_floor":["R","M","E","M","M","T","T","E","R","E","M","M","$","M","M","B",null,"R","M","M","E","M","M","T","R","E","R","M","$","$","M","M","B",null,"R","?","E","M","$","M","T","R","M","E","M","$","?","M","M","B",null,"E","$","R","B",null],"character_chosen":"THE_CHAMP","items_purchased":["Guardian:PocketSentry","hexamod:BolsterEngine","champ:SpectersHand","champ:PreciseThrust","ClockworkSouvenir","champ:DefensiveStyle","War Paint"],"campfire_rested":0,"item_purchase_floors":[29,30,39,39,46,46,53],"current_hp_per_floor":[90,90,90,90,90,90,90,63,63,44,44,52,68,66,79,71,94,94,94,96,98,100,96,96,96,102,102,100,104,104,104,106,106,106,106,106,108,99,112,109,109,119,124,126,128,128,128,122,130,130,130,132,132,132,132],"gold":3,"neow_bonus":"THREE_ENEMY_KILL","is_daily":false,"chose_seed":false,"campfire_upgraded":7,"win_rate":0.0,"timestamp":1607943549,"path_taken":["R","M","E","M","M","?","T","E","R","E","M","M","$","?","M","BOSS","R","M","M","E","M","?","T","R","E","R","M","$","$","M","M","BOSS","R","?","E","M","$","M","T","R","M","E","M","$","?","M","M","BOSS","E","$","R","BOSS"],"items_purchased_type":["Relic","Relic","Relic","Card","Relic","Card","Relic"],"build_version":"2020-12-13","purchased_purges":2,"victory":true,"max_hp_per_floor":[90,90,90,90,90,90,90,90,90,90,90,90,92,92,94,94,94,94,94,96,98,100,102,102,102,102,102,104,104,104,104,106,106,106,106,106,108,110,112,114,114,124,124,126,128,128,128,128,130,130,130,132,132,132,132],"card_choices":[{"not_picked":["champ:SwordSigil","champ:DefensiveShout"],"picked":"champ:FanOfKnives","floor":2.0},{"not_picked":["champ:Haymaker","champ:BerserkersShout"],"picked":"champ:GladiatorStyle","floor":3.0},{"not_picked":["champ:GladiatorsShout","champ:CalledShot"],"picked":"champ:BringItOn","floor":4.0},{"not_picked":["champ:GladiatorStyle","champ:RecklessLeap"],"picked":"champ:Haymaker","floor":5.0},{"not_picked":["champ:DefensiveStyle","champ:BladeFlurry"],"picked":"champ:EnchantShield","floor":8.0},{"not_picked":["champ:BerserkersShout","champ:PerfectedStrike"],"picked":"champ:SwordSigil","floor":10.0},{"not_picked":["champ:DefensiveShout","champ:SkillfulDodge"],"picked":"champ:VampiricStrike","floor":11.0},{"not_picked":["champ:ShieldSigil","champ:BladeFlurry"],"picked":"champ:CalledShot","floor":12.0},{"not_picked":["champ:FalseCounter","champ:Duel","champ:BringItOn"],"picked":"Singing Bowl","floor":13.0},{"not_picked":["champ:ShieldWall","champ:RageSigil"],"picked":"champ:GutPunch","floor":14.0},{"not_picked":["champ:BringItOn","champ:Encircle","champ:Haymaker"],"picked":"Singing Bowl","floor":15.0},{"not_picked":["champ:ShieldSlam","champ:CrownThrow"],"picked":"champ:EnchantCrown","floor":16.0},{"not_picked":[],"picked":"champ:DefensiveShout","floor":19.0},{"not_picked":["champ:PerfectedStrike"],"picked":"Singing Bowl","floor":20.0},{"not_picked":["champ:Haymaker"],"picked":"Singing Bowl","floor":21.0},{"not_picked":["champ:GladiatorsShout"],"picked":"Singing Bowl","floor":22.0},{"not_picked":["champ:BladeFlurry"],"picked":"Singing Bowl","floor":23.0},{"not_picked":[],"picked":"champ:BringItOn","floor":26.0},{"not_picked":["champ:GladiatorsShout"],"picked":"Singing Bowl","floor":28.0},{"not_picked":[],"picked":"champ:Riposte+1","floor":29.0},{"not_picked":[],"picked":"champ:CheapShot","floor":30.0},{"not_picked":[],"picked":"champ:EndlessRage","floor":31.0},{"not_picked":["champ:TornadoPunch"],"picked":"Singing Bowl","floor":32.0},{"not_picked":[],"picked":"champ:EnchantShield","floor":33.0},{"not_picked":[],"picked":"expansioncontent:Flail","floor":36.0},{"not_picked":["champ:ShieldSigil"],"picked":"Singing Bowl","floor":37.0},{"not_picked":["champ:TornadoPunch+1"],"picked":"Singing Bowl","floor":38.0},{"not_picked":["champ:Haymaker+1"],"picked":"Singing Bowl","floor":39},{"not_picked":["champ:HeartStrike"],"picked":"Singing Bowl","floor":40},{"not_picked":[],"picked":"champ:Backstep","floor":43},{"not_picked":["champ:FlashCut+1"],"picked":"Singing Bowl","floor":44},{"not_picked":["champ:FlashCut"],"picked":"Singing Bowl","floor":45},{"not_picked":[],"picked":"champ:ViciousMockery+1","floor":48},{"not_picked":["champ:BladeFlurry+1"],"picked":"Singing Bowl","floor":49},{"not_picked":["champ:ShieldThrow"],"picked":"Singing Bowl","floor":52}],"player_experience":2295660,"relics_obtained":[{"floor":3.0,"key":"Pantograph"},{"floor":6.0,"key":"HornCleat"},{"floor":7.0,"key":"Singing Bowl"},{"floor":8.0,"key":"Calipers"},{"floor":10.0,"key":"The Courier"},{"floor":21.0,"key":"StrikeDummy"},{"floor":24.0,"key":"Turnip"},{"floor":26.0,"key":"Ice Cream"},{"floor":37.0,"key":"Mercury Hourglass"},{"floor":44,"key":"PreservedInsect"},{"floor":52,"key":"Membership Card"},{"floor":52,"key":"Blue Candle"}],"event_choices":[{"cards_removed":["champ:Haymaker"],"damage_healed":0,"gold_gain":0,"player_choice":"Removed Attack","damage_taken":0,"max_hp_gain":0,"max_hp_loss":0,"event_name":"Falling","floor":47,"gold_loss":0}],"is_beta":false,"boss_relics":[{"not_picked":["Runesmith:UraniumAnvil","Tiny House"],"picked":"Busted Crown"},{"not_picked":["Pandora\u0027s Box","Runic Dome"],"picked":"Runic Pyramid"}],"items_purged_floors":[13,39],"is_endless":false,"potions_floor_spawned":[5,10,12,14,15,16,19,23,28,32,33,38,45,48,49],"ascension_level":3}}