{"host":"dl5mjdlimopbuch5","time":1607987817,"event":{"mods":["AchievementEnabler","BaseMod","Colored Powertips","Googly Eyes","Minty Spire (QoL Compilation)","Quick Restart"],"gold_per_floor":[116,126,126,126,126,156,156,169,169,179,179,179,196,43,43,43,43],"floor_reached":16,"playtime":180,"items_purged":[],"score":150,"play_id":"53b07bbf-314a-410b-814e-bf3e92f32350","local_time":"20201214231657","is_ascension_mode":true,"campfire_choices":[{"data":"Sunder","floor":7,"key":"SMITH"},{"floor":15,"key":"REST"}],"circlet_count":0,"master_deck":["Strike_B","Strike_B","Strike_B","Strike_B","Defend_B","Defend_B","Defend_B","Defend_B","Zap+1","Dualcast","Tempest","Ball Lightning","Regret","Sunder+1","Ball Lightning"],"relics":["Cracked Core","NeowsBlessing","Blue Candle","Art of War","Omamori","GremlinMask","Anchor"],"acts_visited":["Exordium"],"potions_floor_usage":[],"damage_taken":[{"damage":0,"enemies":"Small Slimes","floor":1,"turns":1},{"damage":0,"enemies":"Jaw Worm","floor":2,"turns":1},{"damage":0,"enemies":"3 Sentries","floor":6,"turns":1},{"damage":0,"enemies":"2 Louse","floor":8,"turns":2},{"damage":22,"enemies":"Large Slime","floor":10,"turns":4},{"damage":33,"enemies":"Lots of Slimes","floor":13,"turns":3},{"damage":0,"enemies":"The Guardian","floor":16,"turns":1}],"seed_played":"-6157929420398782900","potions_obtained":[{"floor":2,"key":"Energy Potion"},{"floor":10,"key":"EssenceOfSteel"}],"is_trial":false,"path_per_floor":["M","M","?","$","?","E","R","M","T","M","?","?","M","$","R","B"],"character_chosen":"DEFECT","items_purchased":["Anchor"],"campfire_rested":1,"item_purchase_floors":[14],"current_hp_per_floor":[75,75,75,75,75,75,75,75,75,53,53,53,20,20,42,42,42],"gold":43,"neow_bonus":"THREE_ENEMY_KILL","is_daily":false,"chose_seed":false,"campfire_upgraded":1,"win_rate":0.0,"timestamp":1607987817,"path_taken":["M","M","?","$","?","E","R","M","T","M","?","?","?","$","R","BOSS"],"items_purchased_type":["Relic"],"build_version":"2020-12-13","purchased_purges":0,"victory":false,"max_hp_per_floor":[75,75,75,75,75,75,75,75,75,75,75,75,75,75,75,75,75],"card_choices":[{"not_picked":["Gash","Cold Snap"],"picked":"Tempest","floor":1},{"not_picked":["Go for the Eyes","Hello World"],"picked":"Ball Lightning","floor":2},{"not_picked":["Cold Snap","Barrage"],"picked":"Sunder","floor":6},{"not_picked":["Redo","Leap","Conserve Battery"],"picked":"SKIP","floor":8},{"not_picked":["Aggregate","FTL","Rip and Tear"],"picked":"SKIP","floor":10},{"not_picked":["Steam","Compile Driver"],"picked":"Ball Lightning","floor":13}],"player_experience":223806,"relics_obtained":[{"floor":6,"key":"Art of War"},{"floor":9,"key":"Omamori"}],"event_choices":[{"damage_healed":0,"gold_gain":0,"player_choice":"Box","damage_taken":0,"relics_obtained":["Blue Candle"],"max_hp_gain":0,"max_hp_loss":0,"event_name":"Big Fish","floor":3,"gold_loss":0,"cards_obtained":["Regret"]},{"damage_healed":0,"gold_gain":0,"player_choice":"Leave","damage_taken":0,"max_hp_gain":0,"max_hp_loss":0,"event_name":"The Cleric","floor":5,"gold_loss":0},{"damage_healed":0,"gold_gain":0,"player_choice":"Grow","damage_taken":0,"max_hp_gain":0,"max_hp_loss":0,"event_name":"Living Wall","floor":11,"gold_loss":0,"cards_upgraded":["Zap"]},{"damage_healed":0,"gold_gain":0,"player_choice":"Trade","damage_taken":0,"relics_obtained":["GremlinMask"],"max_hp_gain":0,"max_hp_loss":0,"event_name":"FaceTrader","floor":12,"gold_loss":0}],"is_beta":false,"boss_relics":[],"items_purged_floors":[],"is_endless":false,"potions_floor_spawned":[2,10],"killed_by":"The Guardian","ascension_level":4}}