{"host":"a3oe3gstxz77c7qu","time":1607938781,"event":{"mods":["2.2 Compatiblity","Act Like it!","BaseMod","Bestiary","Better Altar","Better Match","Better Note","Better Sensory Stone","Better Skull","Better Third Choice","Block Reminder","Conspire","Curses Come First","Custom Start","Friendly Minions","GifTheSpireLib","Humility","Infinite Spire","Lobotomy","LobotomyExtend","Marisa????????","Minty Spire (QoL Compilation)","Permanent Neow","Quick Restart","Relic Stats","Replay The Spire","Robot Space Explorer","StSLib","The Blue Laboratory","Uncapped","Wandering Minibosses"],"gold_per_floor":[113,131,131,146,162,162,162,162],"floor_reached":7,"playtime":518,"items_purged":[],"score":84,"play_id":"cfc7a3c5-f8c3-421f-8101-6424fe6ef001","local_time":"20201214093941","is_ascension_mode":true,"campfire_choices":[{"data":"Neutralize","floor":6,"key":"SMITH"}],"circlet_count":0,"master_deck":["AscendersBane","Strike_G","Strike_G","Strike_G","Strike_G","Strike_G","Defend_G","Defend_G","Defend_G","Defend_G","Defend_G","Survivor","Neutralize+1","ReplayTheSpireMod:Exploit Weakness","UniverseFragment","Footwork","GreedKing"],"relics":["Ring of the Snake","CogitoBucket","RabbitCall","LetterFromLob","Golden Idol"],"acts_visited":["Exordium"],"potions_floor_usage":[5,7],"damage_taken":[{"damage":6,"enemies":"Jaw Worm","floor":1,"turns":9},{"damage":9,"enemies":"Small Slimes","floor":2,"turns":8},{"damage":2,"enemies":"2 Louse","floor":4,"turns":5},{"damage":5,"enemies":"conspire:2 RoseBushes","floor":5,"turns":10},{"damage":37,"enemies":"3 Sentries","floor":7,"turns":7}],"seed_played":"104610456303901598","potions_obtained":[{"floor":1,"key":"Weak Potion"},{"floor":2,"key":"LiquidBronze"},{"floor":4,"key":"blueLaboratory:FrostheartPotion"}],"is_trial":false,"path_per_floor":["M","M","?","M","M","R","E"],"character_chosen":"THE_SILENT","items_purchased":[],"campfire_rested":0,"item_purchase_floors":[],"current_hp_per_floor":[53,44,44,42,37,37,0,0],"gold":162,"neow_bonus":"","is_daily":false,"chose_seed":false,"campfire_upgraded":1,"win_rate":0.0,"timestamp":1607938781,"path_taken":["M","M","?","M","M","R","E"],"items_purchased_type":[],"build_version":"2020-12-13","purchased_purges":0,"victory":false,"max_hp_per_floor":[66,66,60,60,60,60,60,60],"relic_stats":{"counters":[5,39],"Golden Idol":6,"obtain_stats":[{"RabbitCall":0,"CogitoBucket":0,"Golden Idol":3,"LetterFromLob":1,"Ring of the Snake":0},{"RabbitCall":0,"CogitoBucket":0,"Golden Idol":2,"LetterFromLob":1,"Ring of the Snake":0},{"RabbitCall":0,"CogitoBucket":0,"Golden Idol":17,"LetterFromLob":9,"Ring of the Snake":0}],"Ring of the Snake":[10]},"card_choices":[{"not_picked":["Dagger Spray","Acrobatics"],"picked":"ReplayTheSpireMod:Exploit Weakness","floor":1},{"not_picked":["Laetitia","Funeral"],"picked":"UniverseFragment","floor":1},{"not_picked":["Riddle With Holes","Sucker Punch"],"picked":"Footwork","floor":2},{"not_picked":["WallGazer","Murderer"],"picked":"GreedKing","floor":2},{"not_picked":["SpiderBud","BigBadWolf","VoidDream"],"picked":"Singing Bowl","floor":4},{"not_picked":["Setup","Underhanded Strike","Sneak Up"],"picked":"SKIP","floor":4},{"not_picked":["Setup","Underhanded Strike","Sneak Up"],"picked":"SKIP","floor":4},{"not_picked":["Wellcheers","LaLuna","BeautyBeast"],"picked":"Singing Bowl","floor":5},{"not_picked":["Slice","Toxin Wave","Dagger Spray"],"picked":"SKIP","floor":5}],"player_experience":704882,"relics_obtained":[{"floor":1,"key":"LetterFromLob"}],"event_choices":[{"damage_healed":0,"gold_gain":0,"player_choice":"Lose Max HP","damage_taken":0,"relics_obtained":["Golden Idol"],"max_hp_gain":0,"max_hp_loss":6,"event_name":"Golden Idol","floor":3,"gold_loss":0}],"is_beta":false,"boss_relics":[],"items_purged_floors":[],"is_endless":false,"potions_floor_spawned":[1,2,4],"killed_by":"3 Sentries","ascension_level":19}}