{"host":"9tzam4717zt8ei1o","time":1607940822,"event":{"mods":["BaseMod","Colored Map","Keyboard Shortcuts","Minty Spire (QoL Compilation)","Quick Restart","StSLib","SuperFastMode"],"gold_per_floor":[119,119,137,137,148,175,191,191,191],"floor_reached":8,"playtime":148,"items_purged":[],"score":102,"play_id":"2dbd1e8b-d70e-44cf-84f8-ede881b3784f","local_time":"20201214191342","is_ascension_mode":true,"campfire_choices":[],"circlet_count":0,"master_deck":["AscendersBane","Strike_G","Strike_G","Strike_G","Strike_G","Defend_G","Defend_G","Defend_G","Defend_G","Defend_G","Survivor","Neutralize","PiercingWail","Choke","Eviscerate"],"relics":["Ring of the Snake","NeowsBlessing","Singing Bowl"],"acts_visited":["Exordium"],"potions_floor_usage":[6,8],"damage_taken":[{"damage":0,"enemies":"Cultist","floor":1,"turns":1},{"damage":0,"enemies":"Small Slimes","floor":3,"turns":1},{"damage":0,"enemies":"Jaw Worm","floor":5,"turns":1},{"damage":19,"enemies":"3 Sentries","floor":6,"turns":7},{"damage":16,"enemies":"2 Fungi Beasts","floor":7,"turns":5},{"damage":44,"enemies":"Lagavulin","floor":8,"turns":6}],"seed_played":"-5502307629682663417","potions_obtained":[{"floor":1,"key":"AttackPotion"},{"floor":3,"key":"LiquidBronze"},{"floor":7,"key":"SteroidPotion"}],"is_trial":false,"path_per_floor":["M","?","M","?","M","E","M","E"],"character_chosen":"THE_SILENT","items_purchased":[],"campfire_rested":0,"item_purchase_floors":[],"current_hp_per_floor":[59,59,59,66,66,49,33,0,0],"gold":191,"neow_bonus":"THREE_ENEMY_KILL","is_daily":false,"chose_seed":false,"campfire_upgraded":0,"win_rate":0.0,"timestamp":1607940822,"path_taken":["M","?","M","?","?","E","M","E"],"items_purchased_type":[],"build_version":"2020-12-13","purchased_purges":0,"victory":false,"max_hp_per_floor":[66,66,66,66,66,68,68,68,68],"card_choices":[{"not_picked":["Distraction","Sucker Punch"],"picked":"PiercingWail","floor":1},{"not_picked":["Underhanded Strike","Endless Agony","PiercingWail"],"picked":"SKIP","floor":3},{"not_picked":["Cloak And Dagger","Blade Dance"],"picked":"Choke","floor":5},{"not_picked":["Slice","Distraction","Flying Knee"],"picked":"Singing Bowl","floor":6},{"not_picked":["Wraith Form v2","Predator"],"picked":"Eviscerate","floor":7}],"player_experience":74585,"relics_obtained":[{"floor":6,"key":"Singing Bowl"}],"event_choices":[{"cards_removed":["Strike_G"],"damage_healed":0,"gold_gain":0,"player_choice":"Forget","damage_taken":0,"max_hp_gain":0,"max_hp_loss":0,"event_name":"Living Wall","floor":2,"gold_loss":0},{"damage_healed":7,"gold_gain":0,"player_choice":"Full Heal","damage_taken":0,"max_hp_gain":0,"max_hp_loss":0,"event_name":"Wheel of Change","floor":4,"gold_loss":0}],"is_beta":false,"boss_relics":[],"items_purged_floors":[],"is_endless":false,"potions_floor_spawned":[1,3,7],"killed_by":"Lagavulin","ascension_level":15}}