{"host":"0rxdudjy6rylha1k","time":1607912530,"event":{"mods":["Aspiration","BaseMod","Colored Map","Colored Powertips","Downfall","Highlight Path","Hubris","Minty Spire (QoL Compilation)","StSLib"],"gold_per_floor":[99,128,148,165,90,121,146,146,180,180,197,197,30,130,149,250,250,250,250,350,350,363,379,379,379,397,397,397,414,414,414,428,528,528,453,300,318,318,386,11,11,11,11,11,161,161,172,184,203,203],"floor_reached":51,"playtime":8413,"items_purged":["Slimebound:GrowthPunch"],"score":970,"play_id":"20eff74d-5896-4082-bbf6-4bb9dfa30e8f","local_time":"20201213192210","is_ascension_mode":true,"campfire_choices":[{"floor":1.0,"key":"RECALL"},{"data":"Slimebound:Teamwork","floor":5.0,"key":"SMITH"},{"data":"Slimebound:Split","floor":8.0,"key":"SMITH"},{"floor":10.0,"key":"REST"},{"data":"Slimebound:WasteNot","floor":18.0,"key":"SMITH"},{"data":"Slimebound:Recycling","floor":21.0,"key":"SMITH"},{"floor":25.0,"key":"REST"},{"floor":27.0,"key":"REST"},{"data":"Slimebound:OozeBath","floor":35.0,"key":"SMITH"},{"data":"Slimebound:Darklings","floor":42.0,"key":"SMITH"},{"data":"Slimebound:LeechLife","floor":44.0,"key":"SMITH"}],"circlet_count":0,"master_deck":["Slimebound:Strike_Slimebound+1","Slimebound:Strike_Slimebound+1","Slimebound:Strike_Slimebound+1","Slimebound:Tackle+1","Slimebound:Defend_Slimebound+1","Slimebound:Defend_Slimebound+1","Slimebound:Defend_Slimebound+1","Slimebound:Defend_Slimebound+1","Slimebound:Split+1","Slimebound:CorrosiveSpit","Slimebound:ItLooksTasty","Slimebound:SplitMire","Slimebound:Teamwork+1","Slimebound:LeechingTouch","Slimebound:AcidTongue","Slimebound:Nibble","Slimebound:Recycling+1","Slimebound:DisruptingSlam+1","Slimebound:WasteNot+1","Slimebound:GoopSpray+1","Slimebound:LevelUp","Slimebound:Repurpose","Slimebound:LeechEnergy+1","Slimebound:SplitAcid","Slimebound:SlimeTap","Slimebound:OozeBath+1","Slimebound:LeechLife+1","Slimebound:Recollect","Slimebound:Darklings+1","Slimebound:Equalize+1","Slimebound:SelfFormingGoo"],"relics":["Slimebound:AbsorbEndCombat","hubris:Metronome","downfall:HeartBlessingRed","Anchor","Juzu Bracelet","Dream Catcher","hubris:Icosahedron","MealTicket","SlaversCollar","aspiration:Lifesprig","hubris:Towel","SacredBark","downfall:HeartBlessingBlue","Lee\u0027s Waffle","Molten Egg 2","aspiration:FetidBarrel","Membership Card","White Beast Statue","Darkstone Periapt","Mango"],"acts_visited":["Exordium","TheCity","TheBeyond"],"potions_floor_usage":[],"damage_taken":[{"damage":21.0,"enemies":"3 Sentries","floor":2.0,"turns":10.0},{"damage":4.0,"enemies":"2 Louse","floor":3.0,"turns":3.0},{"damage":9.0,"enemies":"Small Slimes","floor":4.0,"turns":3.0},{"damage":8.0,"enemies":"Lagavulin","floor":6.0,"turns":7.0},{"damage":35.0,"enemies":"3 Sentries","floor":9.0,"turns":6.0},{"damage":10.0,"enemies":"Jaw Worm","floor":11.0,"turns":2.0},{"damage":18.0,"enemies":"downfall:FleeingMerchant","floor":13.0,"turns":4.0},{"damage":19.0,"enemies":"3 Louse","floor":15.0,"turns":3.0},{"damage":63.0,"enemies":"downfall:Defect","floor":16.0,"turns":7.0},{"damage":46.0,"enemies":"3 Byrds","floor":22.0,"turns":5.0},{"damage":29.0,"enemies":"Snake Plant","floor":23.0,"turns":5.0},{"damage":21.0,"enemies":"Centurion and Healer","floor":26.0,"turns":6.0},{"damage":30.0,"enemies":"3 Cultists","floor":29.0,"turns":5.0},{"damage":31.0,"enemies":"Snecko","floor":32.0,"turns":4.0},{"damage":45.0,"enemies":"downfall:Ironclad","floor":33.0,"turns":8.0},{"damage":28.0,"enemies":"downfall:FleeingMerchant","floor":36.0,"turns":4.0},{"damage":60.0,"enemies":"3 Shapes","floor":37.0,"turns":5.0},{"damage":12.0,"enemies":"Mind Bloom Boss Battle","floor":45.0,"turns":3.0},{"damage":24.0,"enemies":"Orb Walker","floor":47.0,"turns":3.0},{"damage":6.0,"enemies":"Spire Growth","floor":48.0,"turns":4.0},{"damage":0.0,"enemies":"Sphere and 2 Shapes","floor":49.0,"turns":1.0},{"damage":59,"enemies":"downfall:Watcher","floor":50,"turns":5}],"seed_played":"1058551636552745328","potions_obtained":[{"floor":0.0,"key":"SpeedPotion"},{"floor":0.0,"key":"Dexterity Potion"},{"floor":0.0,"key":"Block Potion"},{"floor":3.0,"key":"Energy Potion"},{"floor":4.0,"key":"Weak Potion"},{"floor":6.0,"key":"sneckomod:MuddlingPotion"},{"floor":15.0,"key":"sneckomod:MuddlingPotion"},{"floor":22.0,"key":"SneckoOil"},{"floor":26.0,"key":"Swift Potion"},{"floor":37.0,"key":"EssenceOfSteel"},{"floor":45.0,"key":"DuplicationPotion"},{"floor":48.0,"key":"ColorlessPotion"},{"floor":49.0,"key":"LiquidMemories"}],"is_trial":false,"path_per_floor":["R","E","M","M","R","E","T","R","E","R","M","?","$","?","M","B",null,"R","?","?","R","M","M","T","R","M","R","?","M","T","?","M","B",null,"R","$","M","?","T","$","T","R","?","R","?","?","M","M","M","B",null],"character_chosen":"SLIMEBOUND","items_purchased":["MealTicket","Lee\u0027s Waffle","Molten Egg 2","Membership Card","White Beast Statue","Slimebound:Equalize+1","Block Potion","SmokeBomb"],"campfire_rested":3,"item_purchase_floors":[13,36,36,40,40,40,40,40],"current_hp_per_floor":[60,43,45,48,48,54,54,54,39,57,57,57,56,56,53,26,52,52,52,52,52,38,19,19,37,38,56,56,52,52,52,60,53,58,68,77,71,71,71,77,77,77,69,69,85,85,91,91,91,91],"gold":203,"neow_bonus":"THREE_SMALL_POTIONS","is_daily":false,"chose_seed":false,"campfire_upgraded":7,"win_rate":0.0,"timestamp":1607912530,"path_taken":["R","E","M","M","R","E","T","R","E","R","M","?","$","?","M","BOSS","R","?","?","R","M","M","T","R","M","R","?","M","?","?","M","BOSS","R","$","M","?","?","$","T","R","?","R","?","?","M","M","M","BOSS"],"items_purchased_type":["Relic","Relic","Relic","Relic","Relic","Card","Potion","Potion"],"build_version":"2020-11-30","purchased_purges":1,"victory":true,"max_hp_per_floor":[60,60,60,60,60,60,60,60,60,60,60,60,60,60,60,60,60,60,60,60,60,60,60,60,60,60,60,60,60,60,60,60,60,60,70,77,77,77,77,77,77,77,77,77,91,91,91,91,91,91],"card_choices":[{"not_picked":["Slimebound:SplitBruiser","Slimebound:SplitLeeching"],"picked":"Slimebound:ItLooksTasty","floor":2.0},{"not_picked":["Slimebound:GrowthPunch","Slimebound:Schlurp"],"picked":"Slimebound:SplitMire","floor":3.0},{"not_picked":["Slimebound:GoopTackle","Slimebound:RollThrough"],"picked":"Slimebound:Teamwork","floor":4.0},{"not_picked":["Slimebound:Schlurp","Slimebound:RollThrough"],"picked":"Slimebound:GrowthPunch","floor":6.0},{"not_picked":["Slimebound:SplitBruiser","Slimebound:SplitMire"],"picked":"Slimebound:LeechingTouch","floor":9.0},{"not_picked":["Slimebound:TongueLash","Slimebound:LeechingTouch"],"picked":"Slimebound:AcidTongue","floor":10.0},{"not_picked":["Slimebound:Replication","Slimebound:LeechingTouch"],"picked":"Slimebound:Nibble","floor":11.0},{"not_picked":["Slimebound:Equalize","Slimebound:LevelUp"],"picked":"Slimebound:Recycling","floor":13.0},{"not_picked":["Slimebound:ForwardTackle","Slimebound:SamplingLick"],"picked":"Slimebound:DisruptingSlam","floor":15.0},{"not_picked":["Slimebound:DouseInSlime","Slimebound:DuplicatedForm"],"picked":"Slimebound:WasteNot","floor":16.0},{"not_picked":["Slimebound:SplitLeeching","Slimebound:ComboTackle"],"picked":"Slimebound:GoopSpray+1","floor":22.0},{"not_picked":["Slimebound:GrowthPunch","Slimebound:Overexert","Slimebound:SplitBruiser"],"picked":"SKIP","floor":23.0},{"not_picked":["Slimebound:SplitBruiser+1","Slimebound:RainOfGoop"],"picked":"Slimebound:LevelUp","floor":25.0},{"not_picked":["Slimebound:FormOfPuddle","Slimebound:RollThrough"],"picked":"Slimebound:Repurpose","floor":26.0},{"not_picked":["Slimebound:AcidTongue","Slimebound:FinishingTackle+1"],"picked":"Slimebound:LeechEnergy+1","floor":27.0},{"not_picked":["Slimebound:RollThrough","Slimebound:LeechingTouch+1"],"picked":"Slimebound:SplitAcid","floor":29.0},{"not_picked":["Slimebound:PressTheAttack","Slimebound:LeechingTouch"],"picked":"Slimebound:SlimeTap","floor":32.0},{"not_picked":["Slimebound:Teamwork","Slimebound:SlimeSlap"],"picked":"Slimebound:OozeBath","floor":33.0},{"not_picked":["Slimebound:Schlurp+1","Slimebound:PressTheAttack"],"picked":"Slimebound:LeechLife","floor":36.0},{"not_picked":["Slimebound:ComboTackle+1","Slimebound:Schlurp+1"],"picked":"Slimebound:Recollect","floor":37.0},{"not_picked":["Slimebound:Prepare","Slimebound:SamplingLick","Slimebound:Schlurp+1"],"picked":"SKIP","floor":47.0},{"not_picked":["Slimebound:SlimeSpikes","Slimebound:SplitMire+1"],"picked":"Slimebound:SelfFormingGoo","floor":48.0},{"not_picked":["Slimebound:GrowthPunch+1","Slimebound:PressTheAttack+1","Slimebound:GoopSpray+1"],"picked":"SKIP","floor":49.0}],"player_experience":2201855,"relics_obtained":[{"floor":2.0,"key":"hubris:Metronome"},{"floor":6.0,"key":"Anchor"},{"floor":7.0,"key":"Juzu Bracelet"},{"floor":9.0,"key":"Dream Catcher"},{"floor":24.0,"key":"aspiration:Lifesprig"},{"floor":39.0,"key":"aspiration:FetidBarrel"},{"floor":41.0,"key":"Darkstone Periapt"},{"floor":45.0,"key":"Mango"}],"event_choices":[{"damage_healed":0.0,"max_hp_gain":0.0,"max_hp_loss":0.0,"gold_gain":0.0,"event_name":"Back to Basics","player_choice":"Simplicity","floor":19.0,"gold_loss":0.0,"damage_taken":0.0,"cards_upgraded":["Slimebound:Strike_Slimebound","Slimebound:Strike_Slimebound","Slimebound:Strike_Slimebound","Slimebound:Defend_Slimebound","Slimebound:Defend_Slimebound","Slimebound:Defend_Slimebound","Slimebound:Defend_Slimebound"]},{"damage_healed":0.0,"max_hp_gain":0.0,"max_hp_loss":0.0,"gold_gain":0.0,"event_name":"Ghosts","player_choice":"Ignored","floor":28.0,"gold_loss":0.0,"damage_taken":0.0},{"damage_healed":0.0,"max_hp_gain":0.0,"max_hp_loss":0.0,"gold_gain":0.0,"event_name":"Mysterious Sphere","player_choice":"Ignored","floor":46.0,"gold_loss":0.0,"damage_taken":0.0}],"is_beta":false,"boss_relics":[{"not_picked":["Cursed Key","hubris:BlackHole"],"picked":"SlaversCollar"},{"not_picked":["Astrolabe","hubris:VirtuousBlindfold"],"picked":"SacredBark"}],"items_purged_floors":[36],"is_endless":false,"potions_floor_spawned":[3,4,6,15,22,26,37,45,47,48,49],"ascension_level":5}}