{"host":"naykp6d9ulahlwib","time":1607926237,"event":{"mods":["BaseMod","Highlight Path","Minty Spire (QoL Compilation)","StSLib"],"gold_per_floor":[119,119,394,91,110,143,143,184,184,184,184,202,25,25,25,150,150,170,184,22,22,38,38,69,69,94,94,219,250,250,250,250,373,373,389,389,110,110,133,133,169,169,169,169,193,193,206,139,139,139,139,139,66,100,100],"floor_reached":56,"playtime":7361,"items_purged":["Regret","Strike_G","Strike_G"],"score":1419,"play_id":"af57146f-b56d-4116-b58f-642669c8af3b","local_time":"20201214001037","is_ascension_mode":true,"campfire_choices":[{"data":"Neutralize","floor":7.0,"key":"SMITH"},{"floor":15.0,"key":"REST"},{"floor":23.0,"key":"REST"},{"floor":25.0,"key":"REST"},{"floor":27.0,"key":"REST"},{"data":"Defend_G","floor":30.0,"key":"PURGE"},{"data":"Shame","floor":32.0,"key":"PURGE"},{"data":"Phantasmal Killer","floor":40,"key":"SMITH"},{"data":"Blind","floor":42,"key":"SMITH"},{"data":"Footwork","floor":44,"key":"SMITH"},{"floor":49,"key":"RECALL"},{"data":"Footwork","floor":52,"key":"SMITH"}],"circlet_count":0,"master_deck":["Strike_G","Defend_G","Defend_G","Defend_G","Defend_G","Survivor","Neutralize+1","Infinite Blades","Noxious Fumes","Accuracy+1","Storm of Steel+1","Footwork+1","After Image","CurseOfTheBell","Panache","Cloak And Dagger+1","Phantasmal Killer+1","Blade Dance","Footwork+1","Finesse","Blind+1","Blade Dance+1","Accuracy","Infinite Blades"],"relics":["Ring of the Snake","NeowsBlessing","Golden Idol","ClockworkSouvenir","Du-Vu Doll","PreservedInsect","Calling Bell","Pen Nib","Blue Candle","Peace Pipe","Bird Faced Urn","Anchor","Pantograph","CaptainsWheel","Oddly Smooth Stone","Juzu Bracelet","SlaversCollar","DollysMirror","Nunchaku","HornCleat","Happy Flower"],"acts_visited":["Exordium","TheCity","TheBeyond","TheEnding"],"potions_floor_usage":[50,55],"damage_taken":[{"damage":0.0,"enemies":"2 Louse","floor":1.0,"turns":1.0},{"damage":0.0,"enemies":"Cultist","floor":5.0,"turns":1.0},{"damage":0.0,"enemies":"Gremlin Nob","floor":6.0,"turns":1.0},{"damage":14.0,"enemies":"Lagavulin","floor":8.0,"turns":7.0},{"damage":0.0,"enemies":"Small Slimes","floor":12.0,"turns":2.0},{"damage":1.0,"enemies":"Hexaghost","floor":16.0,"turns":9.0},{"damage":3.0,"enemies":"3 Byrds","floor":18.0,"turns":6.0},{"damage":12.0,"enemies":"2 Thieves","floor":19.0,"turns":4.0},{"damage":12.0,"enemies":"Chosen and Byrds","floor":22.0,"turns":8.0},{"damage":49.0,"enemies":"Slavers","floor":24.0,"turns":8.0},{"damage":10.0,"enemies":"Colosseum Slavers","floor":28.0,"turns":6.0},{"damage":20.0,"enemies":"Colosseum Nobs","floor":28.0,"turns":4.0},{"damage":8.0,"enemies":"Book of Stabbing","floor":29.0,"turns":5.0},{"damage":12.0,"enemies":"Champ","floor":33.0,"turns":10.0},{"damage":3.0,"enemies":"Orb Walker","floor":35.0,"turns":4.0},{"damage":0,"enemies":"3 Shapes","floor":39,"turns":3},{"damage":15,"enemies":"Giant Head","floor":41,"turns":6},{"damage":0,"enemies":"Sphere and 2 Shapes","floor":45,"turns":4},{"damage":6,"enemies":"Jaw Worm Horde","floor":47,"turns":5},{"damage":30,"enemies":"Donu and Deca","floor":50,"turns":9},{"damage":4,"enemies":"Shield and Spear","floor":54,"turns":5},{"damage":71,"enemies":"The Heart","floor":55,"turns":9}],"seed_played":"7297647628211145696","potions_obtained":[{"floor":6.0,"key":"BlessingOfTheForge"},{"floor":8.0,"key":"Block Potion"},{"floor":12.0,"key":"AttackPotion"},{"floor":16.0,"key":"EssenceOfSteel"},{"floor":18.0,"key":"Dexterity Potion"},{"floor":19.0,"key":"FearPotion"},{"floor":22.0,"key":"Fire Potion"},{"floor":35.0,"key":"GamblersBrew"},{"floor":39,"key":"SneckoOil"}],"is_trial":false,"path_per_floor":["M","?","?","$","M","E","R","E","T","?","?","M","$","$","R","B",null,"M","M","$","?","M","R","E","R","T","R","?","E","R","?","R","B",null,"M","?","$","?","M","R","E","R","T","R","M","$","M","$","R","B",null,"R","$","E","B",null],"character_chosen":"THE_SILENT","items_purchased":["Noxious Fumes","ClockworkSouvenir","Footwork","Panache","DollysMirror","Accuracy","Infinite Blades"],"campfire_rested":4,"item_purchase_floors":[4,4,13,20,37,48,53],"current_hp_per_floor":[70,53,53,53,53,53,53,39,39,39,25,25,25,25,46,45,64,61,49,49,49,37,58,9,30,30,51,43,45,45,45,45,65,69,70,70,70,65,70,70,56,56,56,56,70,70,68,68,68,42,63,63,63,70,1],"gold":100,"neow_bonus":"THREE_ENEMY_KILL","is_daily":false,"chose_seed":false,"campfire_upgraded":5,"win_rate":0.0,"timestamp":1607926237,"path_taken":["M","?","?","$","?","E","R","E","T","?","?","M","?","$","R","BOSS","M","M","$","?","M","R","E","R","T","R","?","E","R","?","R","BOSS","M","?","$","?","M","R","E","R","T","R","M","?","M","$","R","BOSS","R","$","E","BOSS"],"items_purchased_type":["Card","Relic","Card","Card","Relic","Card","Card"],"build_version":"2020-12-13","purchased_purges":3,"victory":true,"max_hp_per_floor":[70,70,70,70,70,70,70,70,70,70,70,70,70,70,70,70,70,70,70,70,70,70,70,70,70,70,70,70,70,70,70,70,70,70,70,70,70,70,70,70,70,70,70,70,70,70,70,70,70,70,70,70,70,70,70],"card_choices":[{"not_picked":["Deadly Poison","Flying Knee"],"picked":"Infinite Blades","floor":1.0},{"not_picked":["Bouncing Flask","Flying Knee"],"picked":"Accuracy","floor":5.0},{"not_picked":["Dagger Spray","Poisoned Stab","Acrobatics"],"picked":"SKIP","floor":6.0},{"not_picked":["Slice","Quick Slash"],"picked":"Storm of Steel","floor":8.0},{"not_picked":["Outmaneuver","Flying Knee","Riddle With Holes"],"picked":"SKIP","floor":12.0},{"not_picked":["Tools of the Trade","Wraith Form v2"],"picked":"After Image","floor":16.0},{"not_picked":["Dash","Dodge and Roll","Deadly Poison"],"picked":"SKIP","floor":18.0},{"not_picked":["Bane","PiercingWail","Slice+1"],"picked":"SKIP","floor":19.0},{"not_picked":["Backflip","Prepared","Calculated Gamble"],"picked":"SKIP","floor":22.0},{"not_picked":["Burst","Dagger Spray+1"],"picked":"Cloak And Dagger+1","floor":24.0},{"not_picked":["Backflip","Doppelganger","Dagger Throw"],"picked":"SKIP","floor":29.0},{"not_picked":["Doppelganger","Grand Finale"],"picked":"Phantasmal Killer","floor":33.0},{"not_picked":["Dodge and Roll+1","Crippling Poison"],"picked":"Blade Dance","floor":35.0},{"not_picked":["Transmutation","Swift Strike"],"picked":"Finesse","floor":38},{"not_picked":["Madness","Impatience"],"picked":"Blind","floor":38},{"not_picked":["Caltrops+1","Poisoned Stab"],"picked":"Blade Dance+1","floor":39},{"not_picked":["Dagger Throw+1","Skewer","Calculated Gamble+1"],"picked":"SKIP","floor":41},{"not_picked":["Dodge and Roll+1","Cloak And Dagger","Predator+1"],"picked":"SKIP","floor":45},{"not_picked":["Underhanded Strike+1","Deadly Poison","All Out Attack"],"picked":"SKIP","floor":47},{"not_picked":["Terror+1","Flechettes","Setup+1"],"picked":"SKIP","floor":54}],"player_experience":725757,"relics_obtained":[{"floor":6.0,"key":"Du-Vu Doll"},{"floor":8.0,"key":"PreservedInsect"},{"floor":17.0,"key":"Pen Nib"},{"floor":17.0,"key":"Blue Candle"},{"floor":17.0,"key":"Peace Pipe"},{"floor":24.0,"key":"Bird Faced Urn"},{"floor":26.0,"key":"Anchor"},{"floor":28.0,"key":"Pantograph"},{"floor":28.0,"key":"CaptainsWheel"},{"floor":29.0,"key":"Oddly Smooth Stone"},{"floor":41,"key":"Nunchaku"},{"floor":43,"key":"HornCleat"},{"floor":54,"key":"Happy Flower"}],"event_choices":[{"damage_healed":0.0,"max_hp_gain":0.0,"max_hp_loss":0.0,"gold_gain":0.0,"event_name":"Golden Idol","player_choice":"Take Damage","floor":2.0,"gold_loss":0.0,"damage_taken":17.0,"relics_obtained":["Golden Idol"]},{"damage_healed":0.0,"max_hp_gain":0.0,"max_hp_loss":0.0,"gold_gain":275.0,"event_name":"Golden Shrine","player_choice":"Desecrate","floor":3.0,"gold_loss":0.0,"damage_taken":0.0,"cards_obtained":["Regret"]},{"cards_removed":["Strike_G"],"damage_healed":0.0,"max_hp_gain":0.0,"max_hp_loss":0.0,"gold_gain":0.0,"event_name":"Living Wall","player_choice":"Forget","floor":10.0,"gold_loss":0.0,"damage_taken":0.0},{"damage_healed":0.0,"max_hp_gain":0.0,"max_hp_loss":0.0,"gold_gain":0.0,"event_name":"Shining Light","player_choice":"Entered Light","floor":11.0,"gold_loss":0.0,"damage_taken":14.0,"cards_upgraded":["Accuracy","Storm of Steel"]},{"cards_removed":["Strike_G"],"damage_healed":0.0,"max_hp_gain":0.0,"max_hp_loss":0.0,"gold_gain":0.0,"event_name":"Back to Basics","player_choice":"Elegance","floor":21.0,"gold_loss":0.0,"damage_taken":0.0},{"damage_healed":0.0,"max_hp_gain":0.0,"max_hp_loss":0.0,"gold_gain":0.0,"event_name":"Colosseum","player_choice":"Fight","floor":28.0,"gold_loss":0.0,"damage_taken":0.0},{"damage_healed":0.0,"max_hp_gain":0.0,"max_hp_loss":0.0,"gold_gain":0.0,"event_name":"Colosseum","player_choice":"Fought Nobs","floor":28.0,"gold_loss":0.0,"damage_taken":0.0},{"damage_healed":0.0,"max_hp_gain":0.0,"max_hp_loss":0.0,"gold_gain":0.0,"event_name":"Addict","player_choice":"Stole Relic","floor":31.0,"gold_loss":0.0,"damage_taken":0.0,"relics_obtained":["Juzu Bracelet"],"cards_obtained":["Shame"]},{"damage_healed":0.0,"max_hp_gain":0.0,"max_hp_loss":0.0,"gold_gain":0.0,"event_name":"Tomb of Lord Red Mask","player_choice":"Ignored","floor":36.0,"gold_loss":0.0,"damage_taken":0.0},{"damage_healed":0,"gold_gain":0,"player_choice":"Memory 2","damage_taken":5,"max_hp_gain":0,"max_hp_loss":0,"event_name":"SensoryStone","floor":38,"gold_loss":0}],"is_beta":false,"boss_relics":[{"not_picked":["Runic Pyramid","Sozu"],"picked":"Calling Bell"},{"not_picked":["HoveringKite","Busted Crown"],"picked":"SlaversCollar"}],"items_purged_floors":[4,13,37],"is_endless":false,"potions_floor_spawned":[6,8,12,16,18,19,22,35,39],"ascension_level":5}}