{"host":"Crutt","time":1607942893,"event":{"mods":["2.2 Compatiblity","Aspiration","Bard","BaseMod","Better Altar","Better Skull","Better Third Choice","Googly Eyes","Hermit","Jedi Mod","Jorbs\u0027s Wanderer Trilogy","Minty Spire (QoL Compilation)","Optimize The Spire","Potionbrewer","Spicy Shops","StSLib","The Construct","The Cursed","The Disciple","The Hierophant","The Runesmith","thorton","vexMod"],"gold_per_floor":[140,39,39,64,64,107,107,131,131,131,180,148,148,191,191,303,303,330,330,379,409,454,454,510,510,533,533,583,628,26,58,58,193,193,220,270,270,330,330,350,350,350],"floor_reached":40,"playtime":2842,"items_purged":["Normality","thethorton:CreditCard"],"score":1324,"play_id":"f22ae379-cb9a-45f2-a8e9-7cb0a7d14799","local_time":"20201214044812","is_ascension_mode":true,"campfire_choices":[{"floor":10.0,"key":"REST"},{"data":"jedi:brewingpoison","floor":13.0,"key":"SMITH"},{"data":"Dash","floor":15.0,"key":"SMITH"},{"floor":23.0,"key":"REST"},{"floor":25.0,"key":"REST"},{"data":"thethorton:SellShort","floor":27.0,"key":"SMITH"},{"data":"thethorton:SellShort","floor":32,"key":"SMITH"}],"circlet_count":0,"master_deck":["AscendersBane","thethorton:Strike+1","thethorton:Defend+1","thethorton:Defend+1","thethorton:Defend+1","thethorton:Heckle+1","Blind","thethorton:TakeAccounts","thethorton:CashBash","thethorton:LongTermPayoff","Grand Finale","jedi:brewingpoison+1","Dash+1","thethorton:LastDitchEffort","thethorton:GoldBuffer","thethorton:SeeingDouble","thethorton:Siphon","thethorton:SellShort+1","thethorton:GoldBuffer","thethorton:GoldBuffer","jedi:brewingpoison+1","thethorton:GoldBuffer","thethorton:SellShort+1","thethorton:Hexaghostify","thethorton:Siphon","thethorton:GoldBuffer","Dash+1","thethorton:EquivalentExchange","thethorton:Siphon","Dash+1","thethorton:EquivalentExchange","thethorton:GoldBuffer+1","jedi:brewingpoison+1","jedi:brewingpoison+1","thethorton:Siphon","thethorton:Hindsight+1","thethorton:Siphon","jedi:brewingpoison+1","thethorton:OddChange+1","jedi:cleanse","Dash+1"],"relics":["thethorton:CouragePotion","Darkstone Periapt","Mummified Hand","Letter Opener","Eternal Feather","betterThird:SlimedRelic","Du-Vu Doll","Velvet Choker","Red Mask","aspiration:AnachronicSnailShell","Boot","Bag of Preparation","vexMod:InvisibilityCloak","SlaversCollar"],"acts_visited":["Exordium","TheCity","TheBeyond"],"potions_floor_usage":[35,36,40,40],"damage_taken":[{"damage":10.0,"enemies":"2 Louse","floor":1.0,"turns":4.0},{"damage":0.0,"enemies":"Small Slimes","floor":4.0,"turns":3.0},{"damage":15.0,"enemies":"Lagavulin","floor":6.0,"turns":3.0},{"damage":9.0,"enemies":"Jaw Worm","floor":8.0,"turns":2.0},{"damage":0.0,"enemies":"Gremlin Nob","floor":11.0,"turns":3.0},{"damage":15.0,"enemies":"Lagavulin","floor":14.0,"turns":5.0},{"damage":27.0,"enemies":"The Guardian","floor":16.0,"turns":12.0},{"damage":8.0,"enemies":"Spheric Guardian","floor":18.0,"turns":4.0},{"damage":12.0,"enemies":"Masked Bandits","floor":20.0,"turns":5.0},{"damage":8.0,"enemies":"Shell Parasite","floor":21.0,"turns":5.0},{"damage":26.0,"enemies":"Snake Plant","floor":22.0,"turns":7.0},{"damage":17.0,"enemies":"Book of Stabbing","floor":24.0,"turns":6.0},{"damage":1,"enemies":"Cultist and Chosen","floor":28,"turns":6},{"damage":8,"enemies":"Centurion and Healer","floor":29,"turns":9},{"damage":7,"enemies":"Snecko","floor":31,"turns":7},{"damage":14,"enemies":"Champ","floor":33,"turns":15},{"damage":9,"enemies":"3 Darklings","floor":35,"turns":5},{"damage":9,"enemies":"3 Shapes","floor":36,"turns":8},{"damage":14,"enemies":"3 Darklings","floor":38,"turns":10},{"damage":37,"enemies":"Reptomancer","floor":40,"turns":7}],"seed_played":"5560374409229568679","potions_obtained":[{"floor":1.0,"key":"potionbrewer:AcidPotion"},{"floor":4.0,"key":"Weak Potion"},{"floor":11.0,"key":"FairyPotion"},{"floor":16.0,"key":"potionbrewer:ToxicPotion"},{"floor":18.0,"key":"potionbrewer:NoxiousPotion"},{"floor":20.0,"key":"EssenceOfSteel"},{"floor":22.0,"key":"ColorlessPotion"},{"floor":33,"key":"Explosive Potion"},{"floor":38,"key":"SteroidPotion"}],"is_trial":false,"path_per_floor":["M","$","?","M","?","E","T","M","T","R","E","?","R","E","R","B",null,"M","?","?","M","M","R","E","R","T","R","M","M","$","M","R","B",null,"M","M","?","M","?","E"],"character_chosen":"THE_THORT","items_purchased":["thethorton:CashBash","Bag of Preparation","vexMod:InvisibilityCloak","Energy Potion"],"campfire_rested":3,"item_purchase_floors":[2,30,30,30],"current_hp_per_floor":[51,51,37,37,37,22,22,13,13,33,33,22,31,16,25,20,56,48,48,36,28,2,34,17,52,52,67,66,58,58,51,66,52,64,55,46,46,32,32,0,0,0],"gold":350,"neow_bonus":"RANDOM_COLORLESS","is_daily":false,"chose_seed":false,"campfire_upgraded":4,"win_rate":0.0,"timestamp":1607942892,"path_taken":["M","$","?","M","?","E","?","?","T","R","E","?","R","E","R","BOSS","M","?","?","M","?","R","E","R","T","R","M","M","$","?","R","BOSS","M","M","?","M","?","E"],"items_purchased_type":["Card","Relic","Relic","Potion"],"build_version":"2020-12-07","purchased_purges":2,"victory":false,"max_hp_per_floor":[68,68,68,68,68,68,68,68,68,68,68,68,68,68,68,68,68,68,68,68,68,68,68,68,68,68,68,68,68,68,68,68,68,68,68,68,68,68,68,68,68,68],"card_choices":[{"not_picked":["Purity","Mind Blast"],"picked":"Blind","floor":0.0},{"not_picked":["thethorton:FearfulRun","thethorton:CashBash"],"picked":"thethorton:TakeAccounts","floor":1.0},{"not_picked":["thethorton:SicklyRun","thethorton:AngerMoment"],"picked":"thethorton:LongTermPayoff","floor":4.0},{"not_picked":["thethorton:RichRun","thethorton:BusinessCard"],"picked":"thethorton:LastDitchEffort","floor":6.0},{"not_picked":["thethorton:RunningKick","thethorton:RichRun"],"picked":"thethorton:GoldBuffer","floor":8.0},{"not_picked":["thethorton:AngerMoment","thethorton:Distance"],"picked":"thethorton:SeeingDouble","floor":11.0},{"not_picked":["thethorton:ShoutAndRun","thethorton:Crash"],"picked":"thethorton:Siphon","floor":14.0},{"not_picked":["thethorton:BigBreak","thethorton:GoldenPetal"],"picked":"thethorton:SellShort","floor":16.0},{"not_picked":["thethorton:FearfulRun","thethorton:SicklyRun","thethorton:DualBap"],"picked":"SKIP","floor":18.0},{"not_picked":["thethorton:LongTermPayoff+1","thethorton:FearfulRun"],"picked":"thethorton:GoldBuffer","floor":20.0},{"not_picked":["thethorton:HitAhead","thethorton:Crash","thethorton:LongTermPayoff+1"],"picked":"SKIP","floor":21.0},{"not_picked":["thethorton:ROI","thethorton:HitAhead"],"picked":"thethorton:GoldBuffer","floor":22.0},{"not_picked":["thethorton:Hindsight","thethorton:WhirlingBriefcase+1"],"picked":"thethorton:Hexaghostify","floor":24.0},{"not_picked":["thethorton:ThickSkin","thethorton:StumblingSlap","thethorton:BusinessBoom"],"picked":"SKIP","floor":28},{"not_picked":["thethorton:ElbowSmash+1","thethorton:FearfulRun+1","thethorton:GoldBuffer"],"picked":"SKIP","floor":29},{"not_picked":["thethorton:DownPayment+1","thethorton:ElbowSmash"],"picked":"thethorton:EquivalentExchange","floor":31},{"not_picked":["thethorton:CallShop","thethorton:PennyToss"],"picked":"thethorton:EquivalentExchange","floor":33},{"not_picked":["thethorton:BusinessCard","thethorton:AngerMoment"],"picked":"thethorton:GoldBuffer+1","floor":35},{"not_picked":["thethorton:BusinessBurst+1","thethorton:ShoutAndRun"],"picked":"thethorton:Hindsight+1","floor":36},{"not_picked":["thethorton:RunningKick+1","thethorton:GoldBuffer"],"picked":"thethorton:OddChange+1","floor":38},{"not_picked":["jedi:forcepush","jedi:RedIncense"],"picked":"jedi:cleanse","floor":39}],"player_experience":3513387,"relics_obtained":[{"floor":6.0,"key":"Darkstone Periapt"},{"floor":7.0,"key":"Mummified Hand"},{"floor":9.0,"key":"Letter Opener"},{"floor":11.0,"key":"Eternal Feather"},{"floor":14.0,"key":"Du-Vu Doll"},{"floor":20.0,"key":"Red Mask"},{"floor":24.0,"key":"aspiration:AnachronicSnailShell"},{"floor":26.0,"key":"Boot"}],"event_choices":[{"damage_healed":51.0,"max_hp_gain":0.0,"max_hp_loss":68.0,"gold_gain":0.0,"event_name":"betterThird:BetterShining","player_choice":"Upgrade","floor":3.0,"gold_loss":0.0,"damage_taken":14.0,"cards_upgraded":["thethorton:Strike","thethorton:Heckle"]},{"damage_healed":0.0,"max_hp_gain":0.0,"max_hp_loss":0.0,"gold_gain":0.0,"event_name":"betterThird:BetterGoop","player_choice":"Slimed","floor":12.0,"gold_loss":32.0,"damage_taken":11.0},{"damage_healed":0.0,"max_hp_gain":0.0,"max_hp_loss":4.0,"gold_gain":0.0,"event_name":"betterThird:BetterWriting","player_choice":"Simplicity","floor":19.0,"gold_loss":0.0,"damage_taken":0.0},{"damage_healed":0.0,"max_hp_gain":0.0,"max_hp_loss":0.0,"gold_gain":0.0,"event_name":"Masked Bandits","player_choice":"Fought Bandits","floor":20.0,"gold_loss":0.0,"damage_taken":0.0},{"cards_removed":["thethorton:Strike"],"damage_healed":0,"gold_gain":0,"player_choice":"Removed Attack","damage_taken":0,"max_hp_gain":0,"max_hp_loss":0,"event_name":"Falling","floor":37,"gold_loss":0},{"damage_healed":0,"gold_gain":0,"player_choice":"Memory 1","damage_taken":0,"max_hp_gain":0,"max_hp_loss":0,"event_name":"SensoryStone","floor":39,"gold_loss":0}],"is_beta":true,"boss_relics":[{"not_picked":["Runic Dome","Empty Cage"],"picked":"Velvet Choker"},{"not_picked":["Tiny House","Philosopher\u0027s Stone"],"picked":"SlaversCollar"}],"items_purged_floors":[2,30],"is_endless":false,"potions_floor_spawned":[1,4,11,16,18,20,22,33,38],"killed_by":"Reptomancer","ascension_level":10}}