{"host":"8zzc9mdnfkdiyxma","time":1607931614,"event":{"mods":["2.2 Compatiblity","BaseMod","Better Altar","Better Match","Better Note","Better Sensory Stone","Better Skull","Better Third Choice","Better Vampires","Colored Map","Colored Powertips","Emptier Cage","Energized Spire","Halation","Minty Spire (QoL Compilation)","Permanent Neow","Rare Cards Sparkle","Relic Filter","SacredBarkPlus","StSLib","Waifu the Spire"],"gold_per_floor":[112,41,41,59,59,59,39,52,52,86,86,86,86,86,86],"floor_reached":14,"playtime":431,"items_purged":[],"score":172,"play_id":"776f8948-954a-471e-94c3-afa30577345d","local_time":"20201214024014","is_ascension_mode":true,"campfire_choices":[{"floor":6.0,"key":"REST"},{"floor":11,"key":"REST"},{"floor":13,"key":"REST"}],"circlet_count":0,"master_deck":["AscendersBane","Strike_G","Strike_G","Strike_G","Strike_G","Strike_G","Defend_G","Defend_G","Defend_G","Defend_G+1","Survivor+1","Neutralize","Blur","Quick Slash","Flying Knee"],"relics":["Ring of the Snake","Lantern","betterThird:SlimedRelic","Omamori"],"acts_visited":["Exordium"],"potions_floor_usage":[10,10],"damage_taken":[{"damage":0.0,"enemies":"Jaw Worm","floor":1.0,"turns":5.0},{"damage":4.0,"enemies":"Small Slimes","floor":4.0,"turns":6.0},{"damage":2.0,"enemies":"2 Louse","floor":8.0,"turns":4.0},{"damage":25,"enemies":"Gremlin Nob","floor":10,"turns":5},{"damage":48,"enemies":"Lagavulin","floor":14,"turns":9}],"seed_played":"6207247125515603402","potions_obtained":[{"floor":7.0,"key":"Explosive Potion"},{"floor":8.0,"key":"GamblersBrew"}],"is_trial":false,"path_per_floor":["M","?","?","M","?","R","?","M","T","E","R","?","R","E"],"character_chosen":"THE_SILENT","items_purchased":[],"campfire_rested":3,"item_purchase_floors":[],"current_hp_per_floor":[59,48,28,24,24,43,43,41,41,16,35,28,47,0,0],"gold":86,"neow_bonus":"RANDOM_COMMON_RELIC","is_daily":false,"chose_seed":false,"campfire_upgraded":0,"win_rate":0.0,"timestamp":1607931614,"path_taken":["M","?","?","M","?","R","?","?","T","E","R","?","R","E"],"items_purchased_type":[],"build_version":"2020-12-13","purchased_purges":0,"victory":false,"max_hp_per_floor":[66,66,66,66,66,66,66,66,66,66,66,66,66,66,66],"card_choices":[{"not_picked":["Deflect","Dagger Spray"],"picked":"Blur","floor":1.0},{"not_picked":["Slice","Catalyst"],"picked":"Quick Slash","floor":4.0},{"not_picked":["Finisher","Prepared"],"picked":"Flying Knee","floor":8.0},{"not_picked":["Acrobatics","Reflex","Blade Dance"],"picked":"SKIP","floor":10}],"player_experience":994248,"relics_obtained":[{"floor":10,"key":"Omamori"}],"event_choices":[{"damage_healed":0.0,"max_hp_gain":0.0,"max_hp_loss":0.0,"gold_gain":0.0,"event_name":"betterThird:BetterGoop","player_choice":"Slimed","floor":2.0,"gold_loss":71.0,"damage_taken":11.0},{"damage_healed":48.0,"max_hp_gain":0.0,"max_hp_loss":66.0,"gold_gain":0.0,"event_name":"betterThird:BetterShining","player_choice":"Upgrade","floor":3.0,"gold_loss":0.0,"damage_taken":20.0,"cards_upgraded":["Survivor","Defend_G"]},{"damage_healed":0.0,"max_hp_gain":0.0,"max_hp_loss":0.0,"gold_gain":0.0,"event_name":"betterThird:BetterSerpent","player_choice":"Ignored","floor":5.0,"gold_loss":0.0,"damage_taken":59.0},{"damage_healed":0.0,"max_hp_gain":0.0,"max_hp_loss":0.0,"gold_gain":0.0,"event_name":"The Woman in Blue","player_choice":"Bought 1 Potion","floor":7.0,"gold_loss":0.0,"damage_taken":0.0},{"cards_removed":["Defend_G"],"damage_healed":0,"gold_gain":0,"player_choice":"Card Removal","damage_taken":7,"max_hp_gain":0,"max_hp_loss":0,"event_name":"Golden Wing","floor":12,"gold_loss":0}],"is_beta":false,"boss_relics":[],"items_purged_floors":[],"is_endless":false,"potions_floor_spawned":[8],"killed_by":"Lagavulin","ascension_level":20}}