{"host":"0cm5wy4nhuju7tij","time":1607919772,"event":{"mods":["2.2 Compatiblity","AchievementEnabler","BaseMod","Better Third Choice","BetterRewards","CCEM","CatGirl Mod","ChefMod","Colored Powertips","Custom Start","Displayed Cursed Tome","Downfall","Filter the Spire","Fireblade Mod","Hermit","Highlight Path","Minty Spire (QoL Compilation)","Permanent Neow","Spicy Shops","StSLib","The Bladedancer"],"gold_per_floor":[112,130,2,12,187,221,241,241,267,267,284,284,30,41,41,41,41],"floor_reached":16,"playtime":894,"items_purged":["FireBladeMod:StrikeFireBlade"],"score":102,"play_id":"d8f8a141-8979-40ce-aeb6-f44103b0b29e","local_time":"20201213232252","is_ascension_mode":false,"campfire_choices":[{"data":"FireBladeMod:SoulSword","floor":8,"key":"SMITH"},{"data":"FireBladeMod:Feint","floor":12,"key":"SMITH"},{"floor":15,"key":"REST"}],"circlet_count":0,"master_deck":["FireBladeMod:StrikeFireBlade","FireBladeMod:StrikeFireBlade","FireBladeMod:StrikeFireBlade","FireBladeMod:DefendFireBlade","FireBladeMod:DefendFireBlade","FireBladeMod:DefendFireBlade","FireBladeMod:DefendFireBlade","FireBladeMod:FlamingSword","FireBladeMod:FireBarrier","FireBladeMod:SoulStrike","FireBladeMod:Turtle","FireBladeMod:ThirstForBlood+1","FireBladeMod:SmashingEndurance","FireBladeMod:Feint+1","Doubt","FireBladeMod:SoulSword+1","FireBladeMod:SteadyEndurance","FireBladeMod:ScorchingStrike","FireBladeMod:PyromancerForm","FireBladeMod:SmashingEndurance","FireBladeMod:ComboCleave"],"relics":["FireBladeMod:DuelistLocket","Bronze Scales","Regal Pillow"],"acts_visited":["Exordium"],"potions_floor_usage":[16,16,16],"damage_taken":[{"damage":5,"enemies":"2 Louse","floor":1,"turns":3},{"damage":0,"enemies":"Small Slimes","floor":2,"turns":3},{"damage":1,"enemies":"Jaw Worm","floor":4,"turns":4},{"damage":26,"enemies":"3 Sentries","floor":6,"turns":12},{"damage":5,"enemies":"Looter","floor":7,"turns":4},{"damage":0,"enemies":"2 Fungi Beasts","floor":11,"turns":3},{"damage":10,"enemies":"Large Slime","floor":14,"turns":8},{"damage":67,"enemies":"Slime Boss","floor":16,"turns":8}],"seed_played":"8987648496543250063","potions_obtained":[{"floor":2,"key":"Ancient Potion"},{"floor":7,"key":"Fruit Juice"},{"floor":11,"key":"FireBladeMod:NapalmFlask"}],"is_trial":false,"path_per_floor":["M","M","$","M","?","E","M","R","T","?","M","R","$","M","R","B"],"character_chosen":"THE_FIREBLADE","items_purchased":["FireBladeMod:SmashingEndurance","FireBladeMod:PyromancerForm","FireBladeMod:SmashingEndurance"],"campfire_rested":1,"item_purchase_floors":[3,13,13],"current_hp_per_floor":[65,65,65,64,64,38,33,33,33,33,33,33,33,23,59,0,0],"gold":41,"neow_bonus":"THREE_CARDS","is_daily":false,"chose_seed":false,"campfire_upgraded":2,"win_rate":0.0,"timestamp":1607919772,"path_taken":["M","M","$","M","?","E","M","R","T","?","M","R","$","M","R","BOSS"],"items_purchased_type":["Card","Card","Card"],"build_version":"2020-12-13","purchased_purges":1,"victory":false,"max_hp_per_floor":[70,70,70,70,70,70,70,70,70,70,70,70,70,70,70,75,75],"card_choices":[{"not_picked":["FireBladeMod:ScorchingStrike","FireBladeMod:Unbalance"],"picked":"FireBladeMod:SoulStrike","floor":0},{"not_picked":["FireBladeMod:FerventSlash","FireBladeMod:ComplexAttack"],"picked":"FireBladeMod:Turtle","floor":1},{"not_picked":["FireBladeMod:Unbalance","FireBladeMod:Flames"],"picked":"FireBladeMod:ThirstForBlood","floor":2},{"not_picked":["FireBladeMod:RollWithTheBlow","FireBladeMod:Robust"],"picked":"FireBladeMod:Feint","floor":4},{"not_picked":["FireBladeMod:Unbalance","FireBladeMod:LearnTells"],"picked":"FireBladeMod:SoulSword","floor":6},{"not_picked":["FireBladeMod:FerventSlash","FireBladeMod:AbsorbEnergy"],"picked":"FireBladeMod:SteadyEndurance","floor":7},{"not_picked":["FireBladeMod:SmashingEndurance","FireBladeMod:Unbalance"],"picked":"FireBladeMod:ScorchingStrike","floor":11},{"not_picked":["FireBladeMod:SmokySwing","FireBladeMod:SteadyEndurance"],"picked":"FireBladeMod:ComboCleave","floor":14}],"player_experience":192631,"relics_obtained":[{"floor":6,"key":"Bronze Scales"},{"floor":9,"key":"Regal Pillow"}],"event_choices":[{"damage_healed":0,"gold_gain":175,"player_choice":"AGREE","damage_taken":12,"max_hp_gain":0,"max_hp_loss":0,"event_name":"betterThird:BetterSerpent","floor":5,"gold_loss":0},{"damage_healed":0,"gold_gain":0,"player_choice":"Grow","damage_taken":0,"max_hp_gain":0,"max_hp_loss":0,"event_name":"Living Wall","floor":10,"gold_loss":0,"cards_upgraded":["FireBladeMod:ThirstForBlood"]}],"is_beta":false,"boss_relics":[],"items_purged_floors":[3],"is_endless":false,"potions_floor_spawned":[2,7,11,14],"killed_by":"Slime Boss","ascension_level":0}}