{"host":"3mdjmozz5rahgtdc","time":1607959221,"event":{"mods":["AchievementEnabler","BaseMod","Better Silent Start","Better-Laid Plans","Colored Map","Colored Powertips","Custom Start","DeckTracker","KOR Keyword Fix","Minty Spire (QoL Compilation)","Permanent Neow","Quick Restart","StSLib","SuperFastMode"],"gold_per_floor":[119,138,155,45,57,57,87,87,140,215,243,260,286,286,286,387,387,398,417,429,41,59,59,87,87,112,112,129,159,159,2,2,97,97,117,130,25,25,35,60,0,0,0,26,45,64,82,132,132,132,132,132,1,34,34],"floor_reached":56,"playtime":3388,"items_purged":["Strike_B","Strike_B"],"score":1394,"play_id":"db20c79b-2aab-4558-a139-6c9c841e291a","local_time":"20201215002021","is_ascension_mode":true,"campfire_choices":[{"data":"Defragment","floor":6.0,"key":"SMITH"},{"data":"Defragment","floor":15.0,"key":"SMITH"},{"data":"Blizzard","floor":23.0,"key":"SMITH"},{"data":"Echo Form","floor":25.0,"key":"SMITH"},{"data":"Coolheaded","floor":32.0,"key":"SMITH"},{"data":"Capacitor","floor":42,"key":"SMITH"},{"floor":49,"key":"RECALL"},{"data":"Consume","floor":52,"key":"SMITH"}],"circlet_count":0,"master_deck":["Strike_B","Defend_B","Defend_B","Defend_B","Defend_B","Zap","Dualcast","Core Surge","Compile Driver","Glacier","Defragment+1","Defragment+1","Chill","Blizzard+1","Glacier","Undo","Turbo","Echo Form+1","Cold Snap","Chill","Coolheaded+1","Coolheaded","Consume+1","Hologram","Biased Cognition","Defragment+1","Capacitor+1","Defragment+1","Skim+1","Seek"],"relics":["Cracked Core","The Courier","MealTicket","Smiling Mask","Emotion Chip","Snecko Eye","Cables","Strawberry","Anchor","Matryoshka","Medical Kit","Inserter","Frozen Egg 2","Red Mask","PreservedInsect","Ginger","Girya","Pocketwatch","Kunai"],"acts_visited":["Exordium","TheCity","TheBeyond","TheEnding"],"potions_floor_usage":[40,55],"damage_taken":[{"damage":3.0,"enemies":"Jaw Worm","floor":1.0,"turns":4.0},{"damage":0.0,"enemies":"Small Slimes","floor":2.0,"turns":3.0},{"damage":0.0,"enemies":"Cultist","floor":3.0,"turns":4.0},{"damage":0.0,"enemies":"3 Louse","floor":5.0,"turns":3.0},{"damage":8.0,"enemies":"Lagavulin","floor":7.0,"turns":7.0},{"damage":0.0,"enemies":"3 Sentries","floor":11.0,"turns":8.0},{"damage":3.0,"enemies":"2 Fungi Beasts","floor":12.0,"turns":4.0},{"damage":3.0,"enemies":"Lagavulin","floor":13.0,"turns":10.0},{"damage":8.0,"enemies":"Slime Boss","floor":16.0,"turns":10.0},{"damage":5.0,"enemies":"Chosen","floor":18.0,"turns":8.0},{"damage":8.0,"enemies":"3 Byrds","floor":19.0,"turns":7.0},{"damage":19.0,"enemies":"Snake Plant","floor":20.0,"turns":6.0},{"damage":20.0,"enemies":"Centurion and Healer","floor":22.0,"turns":7.0},{"damage":0.0,"enemies":"Gremlin Leader","floor":24.0,"turns":9.0},{"damage":0.0,"enemies":"3 Cultists","floor":28.0,"turns":4.0},{"damage":17.0,"enemies":"Book of Stabbing","floor":29.0,"turns":8.0},{"damage":0.0,"enemies":"Collector","floor":33.0,"turns":10.0},{"damage":0.0,"enemies":"Orb Walker","floor":35.0,"turns":5.0},{"damage":0.0,"enemies":"3 Shapes","floor":36.0,"turns":6.0},{"damage":5.0,"enemies":"Jaw Worm Horde","floor":39.0,"turns":5.0},{"damage":8,"enemies":"Reptomancer","floor":40,"turns":7},{"damage":13,"enemies":"Nemesis","floor":44,"turns":7},{"damage":0,"enemies":"Writhing Mass","floor":45,"turns":8},{"damage":0,"enemies":"Spire Growth","floor":46,"turns":7},{"damage":0,"enemies":"Sphere and 2 Shapes","floor":47,"turns":10},{"damage":0,"enemies":"Mind Bloom Boss Battle","floor":48,"turns":8},{"damage":13,"enemies":"Awakened One","floor":50,"turns":16},{"damage":3,"enemies":"Shield and Spear","floor":54,"turns":12},{"damage":61,"enemies":"The Heart","floor":55,"turns":11}],"seed_played":"-9145972329671091236","potions_obtained":[{"floor":2.0,"key":"SteroidPotion"},{"floor":3.0,"key":"EssenceOfSteel"},{"floor":11.0,"key":"SteroidPotion"},{"floor":12.0,"key":"FearPotion"},{"floor":13.0,"key":"Ancient Potion"},{"floor":19.0,"key":"Explosive Potion"},{"floor":24.0,"key":"LiquidBronze"},{"floor":46,"key":"LiquidMemories"}],"is_trial":false,"path_per_floor":["M","M","M","$","M","R","E","?","T","?","E","M","E","?","R","B",null,"M","M","M","$","M","R","E","R","T","?","M","E","T","$","R","B",null,"M","M","$","?","M","E","?","R","T","E","M","M","M","?","R","B",null,"R","$","E","B",null],"character_chosen":"DEFECT","items_purchased":["Defragment","Chill","Chill","Coolheaded","Coolheaded","Cables","Medical Kit","Hologram","Capacitor","Seek"],"campfire_rested":0,"item_purchase_floors":[4,4,21,21,21,21,31,31,37,53],"current_hp_per_floor":[72,72,72,72,72,72,64,64,64,57,57,54,51,51,51,43,75,70,62,43,58,38,38,45,45,45,45,45,28,28,43,43,43,82,82,82,82,78,73,65,65,65,65,52,52,52,52,52,52,39,78,78,78,75,14],"gold":34,"neow_bonus":"ONE_RANDOM_RARE_CARD","is_daily":false,"chose_seed":false,"campfire_upgraded":7,"win_rate":0.0,"timestamp":1607959221,"path_taken":["M","M","M","$","M","R","E","?","T","?","E","?","E","?","R","BOSS","M","M","M","$","M","R","E","R","T","?","M","E","?","$","R","BOSS","M","M","$","?","M","E","?","R","T","E","M","M","M","?","R","BOSS","R","$","E","BOSS"],"items_purchased_type":["Card","Card","Card","Card","Card","Relic","Relic","Card","Card","Card"],"build_version":"2020-12-13","purchased_purges":2,"victory":true,"max_hp_per_floor":[75,75,75,75,75,75,75,75,75,75,75,75,75,75,75,75,75,75,75,75,75,75,75,82,82,82,82,82,82,82,82,82,82,82,82,82,82,78,78,78,78,78,78,78,78,78,78,78,78,78,78,78,78,78,78],"card_choices":[{"not_picked":["Rebound","Barrage"],"picked":"Compile Driver","floor":1.0},{"not_picked":["Gash","Hologram"],"picked":"Glacier","floor":2.0},{"not_picked":["Steam","Reinforced Body"],"picked":"Defragment","floor":3.0},{"not_picked":["Meteor Strike","Stack"],"picked":"Blizzard","floor":5.0},{"not_picked":["Loop","Reinforced Body"],"picked":"Glacier","floor":7.0},{"not_picked":["Fusion","Rebound"],"picked":"Undo","floor":11.0},{"not_picked":["Reprogram","Redo"],"picked":"Turbo","floor":12.0},{"not_picked":["Darkness","Double Energy","Gash"],"picked":"SKIP","floor":13.0},{"not_picked":["Hyperbeam","Fission"],"picked":"Echo Form","floor":16.0},{"not_picked":["Hello World","Steam Power","Darkness+1"],"picked":"SKIP","floor":18.0},{"not_picked":["Force Field","Self Repair"],"picked":"Cold Snap","floor":19.0},{"not_picked":["Double Energy","Go for the Eyes","Sweeping Beam"],"picked":"SKIP","floor":20.0},{"not_picked":["Recycle","Seek"],"picked":"Consume","floor":22.0},{"not_picked":["Static Discharge","White Noise+1","Force Field"],"picked":"SKIP","floor":24.0},{"not_picked":["Conserve Battery","Coolheaded","Streamline"],"picked":"SKIP","floor":28.0},{"not_picked":["Cold Snap","Conserve Battery","Tempest"],"picked":"SKIP","floor":29.0},{"not_picked":["Amplify","Multi-Cast"],"picked":"Biased Cognition","floor":33.0},{"not_picked":["Heatsinks","Chill+1","Chaos+1"],"picked":"SKIP","floor":35.0},{"not_picked":["Tempest+1","Turbo+1"],"picked":"Defragment+1","floor":36.0},{"not_picked":["Streamline","Go for the Eyes","Conserve Battery+1"],"picked":"SKIP","floor":39.0},{"not_picked":["Cold Snap+1","Hologram","Steam Power"],"picked":"SKIP","floor":40},{"not_picked":["Hologram+1","Ball Lightning"],"picked":"Defragment+1","floor":44},{"not_picked":["Go for the Eyes","Hologram","Beam Cell"],"picked":"SKIP","floor":45},{"not_picked":["Biased Cognition+1","Go for the Eyes+1"],"picked":"Skim+1","floor":46},{"not_picked":["Rip and Tear+1","Conserve Battery","Barrage"],"picked":"SKIP","floor":47},{"not_picked":["Chill+1","Genetic Algorithm","Barrage"],"picked":"SKIP","floor":54}],"player_experience":287040,"relics_obtained":[{"floor":7.0,"key":"The Courier"},{"floor":9.0,"key":"MealTicket"},{"floor":11.0,"key":"Smiling Mask"},{"floor":13.0,"key":"Emotion Chip"},{"floor":24.0,"key":"Strawberry"},{"floor":29.0,"key":"Anchor"},{"floor":30.0,"key":"Matryoshka"},{"floor":40,"key":"Frozen Egg 2"},{"floor":43,"key":"PreservedInsect"},{"floor":43,"key":"Ginger"},{"floor":44,"key":"Girya"},{"floor":48,"key":"Pocketwatch"},{"floor":54,"key":"Kunai"}],"event_choices":[{"cards_removed":["Strike_B"],"damage_healed":0.0,"max_hp_gain":0.0,"max_hp_loss":0.0,"gold_gain":0.0,"event_name":"Living Wall","player_choice":"Forget","floor":8.0,"gold_loss":0.0,"damage_taken":0.0},{"damage_healed":0.0,"max_hp_gain":0.0,"max_hp_loss":0.0,"gold_gain":75.0,"event_name":"FaceTrader","player_choice":"Touch","floor":10.0,"gold_loss":0.0,"damage_taken":7.0},{"damage_healed":0.0,"max_hp_gain":0.0,"max_hp_loss":0.0,"gold_gain":0.0,"event_name":"Liars Game","player_choice":"Ignored","floor":14.0,"gold_loss":0.0,"damage_taken":0.0},{"damage_healed":0.0,"max_hp_gain":0.0,"max_hp_loss":0.0,"gold_gain":0.0,"event_name":"Cursed Tome","player_choice":"Ignored","floor":27.0,"gold_loss":0.0,"damage_taken":0.0},{"damage_healed":0.0,"max_hp_gain":0.0,"max_hp_loss":4.0,"gold_gain":0.0,"event_name":"Winding Halls","player_choice":"Max HP","floor":38.0,"gold_loss":0.0,"damage_taken":0.0},{"damage_healed":0,"gold_gain":0,"player_choice":"Paid","damage_taken":0,"relics_obtained":["Red Mask"],"max_hp_gain":0,"max_hp_loss":0,"event_name":"Tomb of Lord Red Mask","floor":41,"gold_loss":60},{"damage_healed":0,"gold_gain":0,"player_choice":"Fight","damage_taken":0,"max_hp_gain":0,"max_hp_loss":0,"event_name":"MindBloom","floor":48,"gold_loss":0}],"is_beta":false,"boss_relics":[{"not_picked":["Pandora\u0027s Box","Cursed Key"],"picked":"Snecko Eye"},{"not_picked":["Astrolabe","SlaversCollar"],"picked":"Inserter"}],"items_purged_floors":[21,37],"is_endless":false,"potions_floor_spawned":[2,3,11,12,13,19,24,28,33,35,36,46],"ascension_level":1}}