{"host":"jm9833yuloeli2yd","time":1607977266,"event":{"mods":["AchievementEnabler","BaseMod","Better Altar","Better Match","Better Note","Better Sensory Stone","Better Skull","Better Vampires","Colored Map","Colored Powertips","DeckTracker","Minty Spire (QoL Compilation)","Permanent Neow","Quick Restart","Replay The Spire","StSLib","SuperFastMode"],"gold_per_floor":[119,119,134,134,314,314,314,347,396,396,414,489,520,531,531,609,609,622,622,266,186,236,269,269,300,300,272,287,287,316,334,334,334,334,334],"floor_reached":34,"playtime":1095,"items_purged":["Hallucinations"],"score":782,"play_id":"03261f41-1b1a-49d6-9d6a-fefedcf5a40b","local_time":"20201214152106","is_ascension_mode":true,"campfire_choices":[{"data":"Sunder","floor":6,"key":"SMITH"},{"data":"Zap","floor":10,"key":"SMITH"},{"floor":15,"key":"REST"},{"data":"Consume","floor":33,"key":"SMITH"}],"circlet_count":0,"master_deck":["AscendersBane","Strike_B","Strike_B","Strike_B","Defend_B","Defend_B","Defend_B","Defend_B","Zap+1","Dualcast","Sunder+1","Undo","Compile Driver","Mirror Shield+1","Go for the Eyes","Consume+1","Echo Form","Glacier","Hologram+1","Reprogram+1","Pot Of Greed","Pot Of Greed","Turbo","Recycle"],"relics":["Cracked Core","Turnip","Oddly Smooth Stone","ReplayTheSpireMod:Ring of Collecting","Mango","Ring of Fury","Replay:Rubber Ducky","Chameleon Ring","SacredBark","Runic Capacitor","StrikeDummy","Grinning Jar","Ring of Hypnosis","DataDisk","Ornamental Fan"],"acts_visited":["Exordium","TheCity"],"potions_floor_usage":[16,18,23,25,30],"damage_taken":[{"damage":0,"enemies":"Small Slimes","floor":1,"turns":4},{"damage":7,"enemies":"Jaw Worm","floor":3,"turns":3},{"damage":0,"enemies":"Lagavulin","floor":8,"turns":7},{"damage":0,"enemies":"2 Louse","floor":11,"turns":2},{"damage":30,"enemies":"Gremlin Nob","floor":13,"turns":4},{"damage":0,"enemies":"2 Fungi Beasts","floor":14,"turns":2},{"damage":7,"enemies":"The Guardian","floor":16,"turns":10},{"damage":0,"enemies":"Shell Parasite","floor":18,"turns":7},{"damage":0,"enemies":"Replay:Snechameleon","floor":23,"turns":6},{"damage":0,"enemies":"Book of Stabbing","floor":25,"turns":6},{"damage":15,"enemies":"2 Thieves","floor":27,"turns":4},{"damage":15,"enemies":"Centurion and Healer","floor":28,"turns":8},{"damage":7,"enemies":"Replay:Snechameleon","floor":30,"turns":6},{"damage":12,"enemies":"Cultist and Chosen","floor":31,"turns":7},{"damage":37,"enemies":"Champ","floor":34,"turns":17}],"seed_played":"-6088445663681093957","potions_obtained":[{"floor":8,"key":"Reflective Coating"},{"floor":13,"key":"EssenceOfSteel"},{"floor":24,"key":"Strength Potion"},{"floor":24,"key":"LifebloodPotion"},{"floor":28,"key":"SpeedPotion"},{"floor":30,"key":"Strength Potion"}],"is_trial":false,"path_per_floor":["M","?","M","?","?","R","?","E","T","R","M","?","E","M","R","B",null,"M","?","$","?","?","E","R","E","T","M","M","?","E","M","M","R","B"],"character_chosen":"DEFECT","items_purchased":["Runic Capacitor","Energy Potion","Hologram"],"campfire_rested":1,"item_purchase_floors":[20,20,20],"current_hp_per_floor":[64,46,39,39,39,39,39,53,53,53,53,42,12,12,35,28,66,66,66,66,66,66,66,66,66,66,51,36,36,29,17,17,17,0,0],"gold":334,"neow_bonus":"ONE_RARE_RELIC","is_daily":false,"chose_seed":false,"campfire_upgraded":3,"win_rate":0.0,"timestamp":1607977266,"path_taken":["M","?","M","?","?","R","?","E","T","R","?","?","E","M","R","BOSS","M","?","$","?","?","E","R","E","T","?","M","?","E","M","M","R","BOSS"],"items_purchased_type":["Relic","Potion","Card"],"build_version":"2020-12-13","purchased_purges":1,"victory":false,"max_hp_per_floor":[64,64,64,64,64,64,64,78,78,78,78,78,78,78,78,78,78,78,78,78,78,78,78,78,78,78,78,78,78,78,78,78,78,78,78],"card_choices":[{"not_picked":["Hologram","ReplayGash"],"picked":"Sunder","floor":1},{"not_picked":["Force Field","BasicCrystalCard"],"picked":"Undo","floor":3},{"not_picked":["Time Bomb","Stack"],"picked":"Compile Driver","floor":5},{"not_picked":["Crystallizer","ReplayTheSpireMod:System Scan","Tempest"],"picked":"SKIP","floor":8},{"not_picked":["Chaos","Sunder"],"picked":"Go for the Eyes","floor":11},{"not_picked":["Go for the Eyes","Cold Snap"],"picked":"Consume","floor":13},{"not_picked":["Sunder","Consume","Beam Cell"],"picked":"SKIP","floor":14},{"not_picked":["Sunder","Consume","Beam Cell"],"picked":"SKIP","floor":14},{"not_picked":["Thunder Strike","Mirror Shield"],"picked":"Echo Form","floor":16},{"not_picked":["Conserve Battery","Panic Button","Redo"],"picked":"SKIP","floor":18},{"not_picked":["Beam Cell","Turbo"],"picked":"Reprogram+1","floor":23},{"not_picked":["BasicCrystalCard","Streamline"],"picked":"Turbo","floor":25},{"not_picked":["Coolheaded","White Noise"],"picked":"Recycle","floor":27},{"not_picked":["Streamline","Time Bomb","Rip and Tear"],"picked":"SKIP","floor":28},{"not_picked":["Streamline","Capacitor","Panic Button"],"picked":"SKIP","floor":30},{"not_picked":["ReplayTheSpireMod:GoodbyeWorld","Recycle","Redo"],"picked":"SKIP","floor":31}],"player_experience":1057534,"relics_obtained":[{"floor":4,"key":"ReplayTheSpireMod:Ring of Collecting"},{"floor":8,"key":"Mango"},{"floor":9,"key":"Ring of Fury"},{"floor":9,"key":"Replay:Rubber Ducky"},{"floor":13,"key":"Chameleon Ring"},{"floor":23,"key":"StrikeDummy"},{"floor":25,"key":"Grinning Jar"},{"floor":26,"key":"Ring of Hypnosis"},{"floor":26,"key":"DataDisk"},{"floor":30,"key":"Ornamental Fan"}],"event_choices":[{"damage_healed":0,"gold_gain":0,"player_choice":"Success","damage_taken":18,"relics_obtained":["Oddly Smooth Stone"],"max_hp_gain":0,"max_hp_loss":0,"event_name":"Scrap Ooze","floor":2,"gold_loss":0},{"damage_healed":0,"gold_gain":75,"player_choice":"Gather Gold","damage_taken":11,"max_hp_gain":0,"max_hp_loss":0,"event_name":"World of Goop","floor":12,"gold_loss":0},{"damage_healed":0,"gold_gain":0,"player_choice":"Read","damage_taken":0,"max_hp_gain":0,"max_hp_loss":0,"event_name":"The Library","floor":19,"gold_loss":0,"cards_obtained":["Glacier"]},{"damage_healed":0,"gold_gain":50,"player_choice":"Pray","damage_taken":0,"max_hp_gain":0,"max_hp_loss":0,"event_name":"Golden Shrine","floor":22,"gold_loss":0},{"damage_healed":0,"gold_gain":0,"player_choice":"Upgraded","damage_taken":0,"max_hp_gain":0,"max_hp_loss":0,"event_name":"Upgrade Shrine","floor":29,"gold_loss":0,"cards_upgraded":["Hologram"]}],"is_beta":false,"boss_relics":[{"not_picked":["ChewingGum","Replay:Ancient Bell"],"picked":"SacredBark"}],"items_purged_floors":[20],"is_endless":false,"potions_floor_spawned":[8,13,14,28,30],"killed_by":"Champ","ascension_level":20}}