{"host":"p15wz9ezm2y4vyo6","time":1607924665,"event":{"mods":["BaseMod","Better Third Choice","Colored Map","Colored Powertips","Custom Start","Defuse TimeMaze Blight","Disable Question Mark Monsters","Displayed Cursed Tome","Downfall","Friendly Minions","Hermit","Hubris","Infinite Spire","Minty Spire (QoL Compilation)","Quick Restart","Rare Cards Sparkle","Replay The Spire","StSLib","SuperFastMode","The Construct","The Servant 0.9.4","vexMod"],"gold_per_floor":[13,13,28,0,18,18,54,54,54,67,88,36,77,96,96,96,96],"floor_reached":16,"playtime":953,"items_purged":[],"score":185,"play_id":"9a6d5f54-2a9c-49ad-a2fe-2fe0b2c46a8e","local_time":"20201214054425","is_ascension_mode":true,"campfire_choices":[{"data":"hubris:StunningStrike","floor":6,"key":"SMITH"},{"floor":15,"key":"RECALL"}],"circlet_count":0,"master_deck":["AscendersBane","Strike_R","Strike_R","Strike_R","Strike_R","Strike_R","Defend_R","Defend_R","Defend_R","Defend_R","Bash","hubris:StunningStrike+1","Replay:Undeath\u0027s Touch","Replay:Undeath\u0027s Touch","Enlightenment","Twin Strike","True Grit","Intimidate"],"relics":["Burning Blood","Golden Idol","Another Sword","infinitespire:Lucky Rock","vexMod:PlasmaPancake","Chameleon Ring"],"acts_visited":["Exordium"],"potions_floor_usage":[7,16,16],"damage_taken":[{"damage":4,"enemies":"Small Slimes","floor":1,"turns":4},{"damage":1,"enemies":"Cultist","floor":3,"turns":4},{"damage":14,"enemies":"2 Louse","floor":5,"turns":3},{"damage":55,"enemies":"Lagavulin","floor":7,"turns":10},{"damage":0,"enemies":"Blue Slaver","floor":10,"turns":2},{"damage":1,"enemies":"2 Fungi Beasts","floor":11,"turns":3},{"damage":16,"enemies":"Gremlin Nob","floor":13,"turns":3},{"damage":9,"enemies":"Red Slaver","floor":14,"turns":2},{"damage":30,"enemies":"Slime Boss","floor":16,"turns":7}],"seed_played":"3898786216829059770","potions_obtained":[{"floor":1,"key":"FearPotion"},{"floor":5,"key":"Energy Potion"},{"floor":7,"key":"DistilledChaos"}],"is_trial":false,"path_per_floor":["M","?","M","?","M","R","E","?","T","M","M","$","E","M","R","B"],"character_chosen":"IRONCLAD","items_purchased":["True Grit"],"campfire_rested":0,"item_purchase_floors":[12],"current_hp_per_floor":[74,74,74,80,72,72,23,23,29,35,40,40,30,27,27,0,0],"gold":96,"neow_bonus":"THREE_RARE_CARDS","is_daily":false,"chose_seed":false,"campfire_upgraded":1,"win_rate":0.0,"timestamp":1607924665,"path_taken":["M","?","M","?","M","R","E","?","T","M","?","?","E","M","R","BOSS"],"items_purchased_type":["Card"],"build_version":"2020-12-13","purchased_purges":0,"victory":false,"max_hp_per_floor":[80,74,74,80,80,80,80,80,86,86,86,86,86,86,86,86,86],"card_choices":[{"not_picked":["Impervious","Bludgeon"],"picked":"hubris:StunningStrike","floor":0},{"not_picked":["Thunderclap","Iron Wave"],"picked":"Replay:Undeath\u0027s Touch","floor":1},{"not_picked":["Warcry","Burning Pact"],"picked":"Replay:Undeath\u0027s Touch","floor":3},{"not_picked":["Anger","Blood for Blood","Run Through"],"picked":"SKIP","floor":5},{"not_picked":["Metallicize","hubris:CleavingFinish","Clash"],"picked":"SKIP","floor":7},{"not_picked":["Warcry","Clash","hubris:ReadiedAction"],"picked":"SKIP","floor":10},{"not_picked":["ReplayTheSpireMod:Stacked","Uppercut"],"picked":"Twin Strike","floor":11},{"not_picked":["Replay:Undeath\u0027s Touch","Clash","hubris:ReadiedAction"],"picked":"SKIP","floor":13},{"not_picked":["Body Slam","Twin Strike"],"picked":"Intimidate","floor":14}],"player_experience":1073673,"relics_obtained":[{"floor":7,"key":"Another Sword"},{"floor":8,"key":"infinitespire:Lucky Rock"},{"floor":9,"key":"vexMod:PlasmaPancake"},{"floor":13,"key":"Chameleon Ring"}],"event_choices":[{"damage_healed":0,"gold_gain":0,"player_choice":"Lose Max HP","damage_taken":0,"relics_obtained":["Golden Idol"],"max_hp_gain":0,"max_hp_loss":6,"event_name":"Golden Idol","floor":2,"gold_loss":0},{"damage_healed":0,"gold_gain":0,"player_choice":"RENOUNCE","damage_taken":28,"max_hp_gain":0,"max_hp_loss":0,"event_name":"betterThird:BetterSerpent","floor":4,"gold_loss":28,"cards_obtained":["Enlightenment"]},{"damage_healed":0,"gold_gain":0,"player_choice":"Relic","damage_taken":0,"max_hp_gain":0,"max_hp_loss":0,"event_name":"Wheel of Change","floor":8,"gold_loss":0}],"is_beta":false,"boss_relics":[],"items_purged_floors":[],"is_endless":false,"potions_floor_spawned":[1,5,7],"killed_by":"Slime Boss","ascension_level":13}}