{"host":"x4d6lk1isuf99bn5","time":1607947766,"event":{"mods":["Act Like it!","BaseMod","Gensokyo","Marisa£¨ìFÓê¡¡Ä§ÀíÉ³£©","Minty Spire (QoL Compilation)","Quick Restart","Reimu£¨²©ÀöÁéÃÎ£©","Remilia£¨ÀÙÃ×ÀòÑÇ£©","Replay The Spire","Shop Mod","StSLib","The Poker Player","The Servant 0.9.4","Waifu the Spire","Youmu£¨»êÆÇÑýÃÎ£©","¡¾¶«·½¶þ´Î´´×÷¡¿°ËÔÆ×Ïmod"],"gold_per_floor":[441,453,159,210,255,354,459,543,543,158,158,167,254,23,23,326,326,356,163,172,52,85,169,169,25,25,25,34,127,48,48,48,345,345,375,375,375,222,178,178,277,379,406,556,182,323,368,473,473,473],"floor_reached":51,"playtime":2772,"items_purged":["Strike_RM","Defend_RM","VampireClaw","ScarletShoot","Strike_RM+1"],"score":1039,"play_id":"bab70745-b8c8-4ae2-ac06-faddd9b4e290","local_time":"20201214200926","daily_mods":["Vintage","Heirloom","Flight","Midas"],"is_ascension_mode":false,"campfire_choices":[{"data":"Strike_RM","floor":15.0,"key":"PURGE"},{"floor":24.0,"key":"REST"},{"floor":32.0,"key":"DIG"},{"floor":40.0,"key":"DIG"},{"data":"Strike_RM+1","floor":49,"key":"PURGE"}],"circlet_count":0,"master_deck":["Defend_RM+1","Defend_RM+1","Defend_RM+1","RedMoon","BombardNight+1","UnstableMagic+1","ForecastOfChange+1","UnstableMagic+1","DependentForm:ReiMu","BloodAndWine+1","QueenOfMidnight","HeartBreak+1","BatForm","FitfulNightmare","FitfulNightmare"],"relics":["ScarletHat","Old Coin","MawBank","Guide Book","Gremlin Food","Strawberry","Iron Hammer","MealTicket","Turnip","Lantern","CeramicFish","Juzu Bracelet","Medical Kit","Anchor","Membership Card","War Paint","Replay:Bronze Core","Garlic","Ice Cream","Gensokyo:FoxMask","Shovel","Blue Doll","RuthlessExorcism:ReiMu","Molten Egg 2","Toy Ornithopter","Omamori","Onion Ring","RedLine:ReiMu","Gambling Chip","PreservedInsect","Pen Nib","Akabeko","Ginger","Gungnir","Replay:Rubber Ducky","Sling","Replay:Bottled Flurry","CaptainsWheel","Ancient Tea Set","Whetstone"],"acts_visited":["Gensokyo:Gensokyo","Gensokyo:Gensokyoer","TheBeyond"],"potions_floor_usage":[50,50,50],"damage_taken":[{"damage":0.0,"enemies":"Gensokyo:Gryphon","floor":1.0,"turns":4.0},{"damage":0.0,"enemies":"Gensokyo:2_Kodama","floor":4.0,"turns":4.0},{"damage":1.0,"enemies":"Gensokyo:Python","floor":5.0,"turns":4.0},{"damage":8.0,"enemies":"Gensokyo:Aya","floor":6.0,"turns":8.0},{"damage":14.0,"enemies":"Gensokyo:Mamizou","floor":7.0,"turns":7.0},{"damage":13.0,"enemies":"Gensokyo:Aya","floor":8.0,"turns":9.0},{"damage":0.0,"enemies":"Gensokyo:Mamizou","floor":13.0,"turns":8.0},{"damage":57.0,"enemies":"Gensokyo:Kokoro","floor":16.0,"turns":20.0},{"damage":0.0,"enemies":"Gensokyo:2_Gloops","floor":18.0,"turns":6.0},{"damage":24.0,"enemies":"Gensokyo:AngelMirror","floor":22.0,"turns":4.0},{"damage":69.0,"enemies":"Gensokyo:Tenshi","floor":23.0,"turns":10.0},{"damage":10.0,"enemies":"Gensokyo:Reisen","floor":29.0,"turns":7.0},{"damage":2.0,"enemies":"Gensokyo:Kaguya","floor":33.0,"turns":13.0},{"damage":14.0,"enemies":"3 Shapes","floor":35.0,"turns":5.0},{"damage":40.0,"enemies":"R_Hoarder","floor":41.0,"turns":6.0},{"damage":0.0,"enemies":"Nemesis","floor":42.0,"turns":5.0},{"damage":0,"enemies":"Mind Bloom Boss Battle","floor":44,"turns":4},{"damage":0,"enemies":"2 Orb Walkers","floor":46,"turns":5},{"damage":0,"enemies":"Orb Walker","floor":47,"turns":6},{"damage":0,"enemies":"Reptomancer","floor":48,"turns":2},{"damage":42,"enemies":"Donu and Deca","floor":50,"turns":6}],"seed_played":"-4342507005107113905","potions_obtained":[{"floor":1.0,"key":"Fire Potion"},{"floor":8.0,"key":"SteroidPotion"},{"floor":33.0,"key":"DuplicationPotion"},{"floor":41.0,"key":"Ancient Potion"},{"floor":46,"key":"AttackPotion"},{"floor":47,"key":"DestinyDice"}],"is_trial":true,"path_per_floor":["M","?","$","M","M","E","E","E","T","$","?","?","E","$","R","B",null,"M","$","?","?","M","E","R","$","T","?","?","E","$","?","R","B",null,"M","?","?","$","$","R","E","E","T","?","$","?","M","E","R","B",null],"character_chosen":"REMILIA","items_purchased":["Guide Book","Gremlin Food","Juzu Bracelet","Medical Kit","Membership Card","War Paint","Ice Cream","RuthlessExorcism:ReiMu","UnstableMagic+1","Omamori","PreservedInsect","HeartBreak+1","FitfulNightmare","Replay:Rubber Ducky","Sling","Replay:Bottled Flurry"],"campfire_rested":1,"item_purchase_floors":[3,3,10,10,14,14,19,25,25,30,38,39,45,45,45,45],"current_hp_per_floor":[75,75,75,82,82,76,65,55,55,70,70,70,72,82,82,37,82,82,82,82,82,61,8,32,47,47,47,47,41,56,56,56,63,82,68,82,82,82,82,82,60,65,65,68,82,82,82,82,82,82],"gold":473,"neow_bonus":"","is_daily":false,"chose_seed":false,"campfire_upgraded":0,"win_rate":0.0,"timestamp":1607947766,"path_taken":["M","?","$","M","M","E","E","E","T","$","?","?","E","$","R","BOSS","M","$","?","?","M","E","R","$","T","?","?","E","?","?","R","BOSS","M","?","?","$","$","R","E","E","T","?","$","?","M","E","R","BOSS"],"items_purchased_type":["Relic","Relic","Relic","Relic","Relic","Relic","Relic","Relic","Card","Relic","Relic","Card","Card","Relic","Relic","Relic"],"build_version":"2020-12-13","purchased_purges":5,"victory":true,"max_hp_per_floor":[75,75,75,82,82,82,82,82,82,82,82,82,82,82,82,82,82,82,82,82,82,82,82,82,82,82,82,82,82,82,82,82,82,82,82,82,82,82,82,82,82,82,82,82,82,82,82,82,82,82],"card_choices":[{"not_picked":["FavorOfDestiny","VampireKiss","ScarletImprint"],"picked":"SKIP","floor":6.0},{"not_picked":["DevilSight","BadLadyScramble","TwelveNightmare"],"picked":"SKIP","floor":7.0},{"not_picked":["ScarletDevil","FavorOfDestiny","VampireFantasy"],"picked":"SKIP","floor":8.0},{"not_picked":["ChainGang","ScarletDevil"],"picked":"UnstableMagic","floor":13.0},{"not_picked":["NightDance","BloodyHallows"],"picked":"ForecastOfChange","floor":23.0},{"not_picked":["MastersStateliness+1","StarOfDavid+1"],"picked":"BloodAndWine+1","floor":29.0},{"not_picked":["RedRainbow+1","Stigmanizer+1","CharismaGuard"],"picked":"SKIP","floor":29.0},{"not_picked":["BloodRain","ChaoticDestiny"],"picked":"QueenOfMidnight","floor":33.0},{"not_picked":["BloodHunter","BloodAndWine+1"],"picked":"BatForm","floor":41.0},{"not_picked":["BlasphemousPunishment","ScarletImprint+1","UnderTheZenith"],"picked":"SKIP","floor":42.0},{"not_picked":["ReincarnationDial+1","BlasphemousPunishment+1","RedNightlessCastle+1"],"picked":"SKIP","floor":48}],"player_experience":63414,"relics_obtained":[{"floor":1.0,"key":"MawBank"},{"floor":4.0,"key":"Strawberry"},{"floor":5.0,"key":"Iron Hammer"},{"floor":6.0,"key":"MealTicket"},{"floor":7.0,"key":"Turnip"},{"floor":8.0,"key":"Lantern"},{"floor":9.0,"key":"CeramicFish"},{"floor":13.0,"key":"Anchor"},{"floor":18.0,"key":"Garlic"},{"floor":22.0,"key":"Shovel"},{"floor":23.0,"key":"Blue Doll"},{"floor":26.0,"key":"Molten Egg 2"},{"floor":29.0,"key":"Toy Ornithopter"},{"floor":32.0,"key":"Onion Ring"},{"floor":35.0,"key":"Gambling Chip"},{"floor":40.0,"key":"Pen Nib"},{"floor":41.0,"key":"Akabeko"},{"floor":42.0,"key":"Ginger"},{"floor":44,"key":"Gungnir"},{"floor":46,"key":"CaptainsWheel"},{"floor":47,"key":"Ancient Tea Set"},{"floor":48,"key":"Whetstone"}],"event_choices":[{"damage_healed":21.0,"max_hp_gain":0.0,"max_hp_loss":0.0,"gold_gain":0.0,"event_name":"Winding Halls","player_choice":"Writhe","floor":36.0,"gold_loss":0.0,"damage_taken":0.0,"cards_obtained":["Writhe"]},{"damage_healed":0,"gold_gain":0,"player_choice":"Fight","damage_taken":0,"max_hp_gain":0,"max_hp_loss":0,"event_name":"MindBloom","floor":44,"gold_loss":0},{"damage_healed":0,"gold_gain":0,"player_choice":"Fight","damage_taken":0,"max_hp_gain":0,"max_hp_loss":0,"event_name":"Mysterious Sphere","floor":46,"gold_loss":0}],"is_beta":false,"boss_relics":[{"not_picked":["Replay:Ancient Bell","ReplayTheSpireMod:DimensionalGlitch"],"picked":"Replay:Bronze Core"},{"not_picked":["Ring of Chaos","Runic Dome"],"picked":"RedLine:ReiMu"}],"items_purged_floors":[10,19,25,38,45],"is_endless":false,"potions_floor_spawned":[1,8,33,46,47],"ascension_level":0}}