{"host":"lqpbaqqqwrg4tibr","time":1607960351,"event":{"mods":["Act Like it!","BaseMod","Downfall","Minty Spire (QoL Compilation)","StSLib","vexMod"],"gold_per_floor":[99,129,129,149,166,166,193,193,221,146,146,246,258,271,287,287,287],"floor_reached":16,"playtime":649,"items_purged":[],"score":110,"play_id":"fee01de8-871d-42aa-b7eb-de581222ea30","local_time":"20201214233911","is_ascension_mode":false,"campfire_choices":[{"data":"Guardian:TwinSlam","floor":1,"key":"SMITH"},{"data":"Guardian:HyperBeam_Guardian","floor":6,"key":"SMITH"},{"data":"Guardian:VentSteam","floor":8,"key":"SMITH"},{"floor":10,"key":"RECALL"}],"circlet_count":0,"master_deck":["Guardian:Strike_Guardian","Guardian:Strike_Guardian","Guardian:Strike_Guardian","Guardian:Defend_Guardian","Guardian:Defend_Guardian","Guardian:Defend_Guardian","Guardian:Defend_Guardian","Guardian:CurlUp","Guardian:TwinSlam+1","Guardian:HyperBeam_Guardian+1","Guardian:VentSteam+1","Guardian:ArmoredProtocol","Guardian:BaubleBeam"],"relics":["Guardian:ModeShifter","Strawberry","Lantern","vexMod:MemoryStick","Gambling Chip","downfall:HeartBlessingGreen"],"acts_visited":["Exordium"],"potions_floor_usage":[9,9,16],"damage_taken":[{"damage":48,"enemies":"Gremlin Nob","floor":2,"turns":6},{"damage":0,"enemies":"Jaw Worm","floor":4,"turns":2},{"damage":0,"enemies":"2 Louse","floor":5,"turns":3},{"damage":11,"enemies":"Lagavulin","floor":9,"turns":5},{"damage":0,"enemies":"Small Slimes","floor":13,"turns":2},{"damage":12,"enemies":"Exordium Thugs","floor":14,"turns":4},{"damage":0,"enemies":"Blue Slaver","floor":15,"turns":1},{"damage":85,"enemies":"downfall:Ironclad","floor":16,"turns":9}],"seed_played":"-6269957155679753435","potions_obtained":[{"floor":2,"key":"Fire Potion"},{"floor":4,"key":"Fire Potion"},{"floor":9,"key":"Fruit Juice"},{"floor":15,"key":"Ancient Potion"}],"is_trial":false,"path_per_floor":["R","E","?","M","M","R","T","R","E","R","?","?","M","M","M","B"],"character_chosen":"GUARDIAN","items_purchased":[],"campfire_rested":0,"item_purchase_floors":[],"current_hp_per_floor":[80,39,36,36,36,36,36,36,25,25,54,54,54,42,42,0,0],"gold":287,"neow_bonus":"REMOVE_CARD","is_daily":false,"chose_seed":false,"campfire_upgraded":3,"win_rate":0.0,"timestamp":1607960351,"path_taken":["R","E","?","M","M","R","T","R","E","R","?","?","?","M","M","BOSS"],"items_purchased_type":[],"build_version":"2020-12-13","purchased_purges":0,"victory":false,"max_hp_per_floor":[80,87,87,87,87,87,87,87,87,87,87,87,87,87,87,92,92],"card_choices":[{"not_picked":["Guardian:Emergency","Guardian:Gem_Blue"],"picked":"Guardian:HyperBeam_Guardian","floor":2},{"not_picked":["Guardian:BronzeArmor","Guardian:TimeBomb"],"picked":"Guardian:Gem_Red","floor":4},{"not_picked":["Guardian:Recover","Guardian:PiercingHide"],"picked":"Guardian:VentSteam","floor":5},{"not_picked":["Guardian:WalkerClaw","Guardian:VentSteam","Guardian:Reroute"],"picked":"SKIP","floor":9},{"not_picked":["Guardian:ShieldCharger","Guardian:Repulse","Guardian:Reroute"],"picked":"SKIP","floor":13},{"not_picked":["Guardian:PiercingHide","Guardian:Gem_Cyan"],"picked":"Guardian:ArmoredProtocol","floor":14},{"not_picked":["Guardian:RollAttack","Guardian:TimeBomb"],"picked":"Guardian:BaubleBeam","floor":15}],"player_experience":148747,"relics_obtained":[{"floor":2,"key":"Strawberry"},{"floor":7,"key":"vexMod:MemoryStick"},{"floor":9,"key":"Gambling Chip"}],"event_choices":[{"damage_healed":0,"gold_gain":0,"player_choice":"Success","damage_taken":3,"relics_obtained":["Lantern"],"max_hp_gain":0,"max_hp_loss":0,"event_name":"Scrap Ooze","floor":3,"gold_loss":0},{"damage_healed":29,"gold_gain":0,"player_choice":"Banana","damage_taken":0,"max_hp_gain":0,"max_hp_loss":0,"event_name":"Big Fish","floor":11,"gold_loss":0}],"is_beta":false,"boss_relics":[],"items_purged_floors":[],"is_endless":false,"potions_floor_spawned":[2,4,9,15],"killed_by":"downfall:Ironclad","ascension_level":0}}