{"host":"y89x8uui45kcjy42","time":1607926504,"event":{"mods":["2.2 Compatiblity","BaseMod","Colored Map","Colored Powertips","Friendly Minions","Highlight Path","Keyboard Shortcuts","Minty Spire (QoL Compilation)","StSLib","SuperFastMode","Waifu the Spire","WarShipGirlsR/??á´Ò³R mod"],"gold_per_floor":[110,120,140,100,25,25,59,59,59,73,73,93,122,147,147,248,248,263,263,279,279,298,298,248,283,283,296,328,308,336,350,350,448,448,463,509,519,245,256,288,301,301,349,349,361,85,85,5,5,5,5,5,5,36,36],"floor_reached":56,"playtime":3504,"items_purged":["rmod:strick","rmod:defend+1","rmod:strick+1","rmod:defend+1"],"score":1425,"play_id":"f7facd75-c224-4ae7-9c1e-14869d546e6a","local_time":"20201214151504","is_ascension_mode":true,"campfire_choices":[{"data":"rmod:abidefaith","floor":6,"key":"SMITH"},{"floor":8,"key":"REST"},{"data":"rmod:chargemoney","floor":15,"key":"SMITH"},{"floor":23,"key":"RECALL"},{"data":"rmod:maintain","floor":32,"key":"SMITH"},{"data":"rmod:expeditionaryescort","floor":42,"key":"SMITH"},{"data":"rmod:abidefaith","floor":44,"key":"SMITH"},{"data":"rmod:basicallowance","floor":49,"key":"SMITH"},{"data":"rmod:lonelyqueen","floor":52,"key":"SMITH"}],"circlet_count":0,"master_deck":["rmod:strick+1","rmod:defend+1","rmod:defend+1","rmod:basicallowance+1","rmod:maingunfire","rmod:abidefaith+1","rmod:maintain+1","rmod:chargemoney+1","rmod:lonelyqueen+1","rmod:expeditionaryescort+1","rmod:royalracing","rmod:fuelsupply+1","rmod:circuitoustactics+1","rmod:gendarmerie+1","rmod:abidefaith+1","rmod:fuelsupply","rmod:smokecover","rmod:ridicule+1","rmod:overbreakdown+1","rmod:goodfighter"],"relics":["rmod:firstchargereward","HornCleat","Smiling Mask","Odd Mushroom","Coffee Dripper","Blood Vial","Juzu Bracelet","Lantern","Vajra","Sozu","Gambling Chip","PreservedInsect","War Paint","Potion Belt","Membership Card","Oddly Smooth Stone","Bag of Marbles","Gremlin Horn"],"acts_visited":["Exordium","TheCity","TheBeyond","TheEnding"],"potions_floor_usage":[7,10,14,18,18,30,55,55],"damage_taken":[{"damage":1,"enemies":"Jaw Worm","floor":1,"turns":6},{"damage":0,"enemies":"Cultist","floor":2,"turns":3},{"damage":0,"enemies":"2 Louse","floor":3,"turns":4},{"damage":30,"enemies":"Gremlin Nob","floor":7,"turns":5},{"damage":2,"enemies":"Looter","floor":10,"turns":4},{"damage":0,"enemies":"Large Slime","floor":12,"turns":8},{"damage":3,"enemies":"Lagavulin","floor":13,"turns":7},{"damage":7,"enemies":"The Mushroom Lair","floor":14,"turns":5},{"damage":13,"enemies":"The Guardian","floor":16,"turns":11},{"damage":2,"enemies":"Spheric Guardian","floor":18,"turns":5},{"damage":0,"enemies":"3 Byrds","floor":20,"turns":6},{"damage":0,"enemies":"Snake Plant","floor":22,"turns":5},{"damage":1,"enemies":"Book of Stabbing","floor":25,"turns":6},{"damage":24,"enemies":"Shelled Parasite and Fungi","floor":27,"turns":5},{"damage":14,"enemies":"Slavers","floor":28,"turns":9},{"damage":2,"enemies":"Gremlin Leader","floor":30,"turns":5},{"damage":0,"enemies":"Sentry and Sphere","floor":31,"turns":6},{"damage":0,"enemies":"Champ","floor":33,"turns":10},{"damage":0,"enemies":"3 Shapes","floor":35,"turns":4},{"damage":20,"enemies":"2 Orb Walkers","floor":36,"turns":7},{"damage":0,"enemies":"3 Darklings","floor":37,"turns":5},{"damage":0,"enemies":"Jaw Worm Horde","floor":39,"turns":8},{"damage":0,"enemies":"Reptomancer","floor":40,"turns":6},{"damage":22,"enemies":"4 Shapes","floor":41,"turns":6},{"damage":0,"enemies":"Sphere and 2 Shapes","floor":45,"turns":6},{"damage":0,"enemies":"Donu and Deca","floor":50,"turns":9},{"damage":0,"enemies":"Shield and Spear","floor":54,"turns":7},{"damage":15,"enemies":"The Heart","floor":55,"turns":12}],"seed_played":"-7258418916283198561","potions_obtained":[{"floor":4,"key":"Ancient Potion"},{"floor":4,"key":"Weak Potion"},{"floor":4,"key":"GamblersBrew"},{"floor":7,"key":"Dexterity Potion"},{"floor":13,"key":"DistilledChaos"},{"floor":16,"key":"EssenceOfSteel"},{"floor":20,"key":"SteroidPotion"},{"floor":25,"key":"Strength Potion"}],"is_trial":false,"path_per_floor":["M","M","M","?","$","R","E","R","T","M","?","M","E","?","R","B",null,"M","?","M","?","M","R","$","E","T","M","E","?","E","M","R","B",null,"M","?","M","$","M","E","M","R","T","R","M","$","?","?","R","B",null,"R","$","E","B",null],"character_chosen":"PRAEFECT","items_purchased":["rmod:smokecover","PreservedInsect","Membership Card","Oddly Smooth Stone"],"campfire_rested":1,"item_purchase_floors":[38,38,46,46],"current_hp_per_floor":[53,53,53,53,53,53,23,45,45,43,43,43,40,33,33,20,75,73,73,73,73,73,73,73,72,72,50,38,38,38,40,40,42,75,75,55,57,57,59,61,41,41,41,41,43,43,43,43,43,45,75,75,75,75,60],"gold":36,"neow_bonus":"THREE_RARE_CARDS","is_daily":false,"chose_seed":false,"campfire_upgraded":7,"win_rate":0.0,"timestamp":1607926504,"path_taken":["M","M","M","?","$","R","E","R","T","?","?","M","E","?","R","BOSS","M","?","M","?","M","R","$","E","T","M","E","?","E","M","R","BOSS","M","?","M","$","M","E","M","R","T","R","M","$","?","?","R","BOSS","R","$","E","BOSS"],"items_purchased_type":["Card","Relic","Relic","Relic"],"build_version":"2020-12-13","purchased_purges":4,"victory":true,"max_hp_per_floor":[75,75,75,75,75,75,75,75,75,75,75,75,75,75,75,75,75,75,75,75,75,75,75,75,75,75,75,75,75,75,75,75,75,75,75,75,75,75,75,75,75,75,75,75,75,75,75,75,75,75,75,75,75,75,75],"card_choices":[{"not_picked":["rmod:seals","rmod:windflower"],"picked":"rmod:abidefaith","floor":0},{"not_picked":["rmod:supportescort","rmod:circuitoustactics"],"picked":"rmod:maintain","floor":1},{"not_picked":["rmod:sl","rmod:wolves"],"picked":"rmod:chargemoney","floor":2},{"not_picked":["rmod:launchingtorpedo","rmod:unsinkable","rmod:aluminumsupply"],"picked":"SKIP","floor":3},{"not_picked":["rmod:aluminumsupply","rmod:supportaircraftcarrier"],"picked":"rmod:lonelyqueen","floor":7},{"not_picked":["rmod:robin","rmod:sl","rmod:diamondstrike"],"picked":"SKIP","floor":10},{"not_picked":["rmod:goodfighter","rmod:aluminumsupply","rmod:fletcherpendant"],"picked":"SKIP","floor":12},{"not_picked":["rmod:fletcherpendant","rmod:steelsupply","rmod:supportescort"],"picked":"SKIP","floor":13},{"not_picked":["rmod:overbreakdown","rmod:garrisonisland"],"picked":"rmod:expeditionaryescort","floor":14},{"not_picked":["rmod:sl","rmod:ammunitionsupply+1"],"picked":"rmod:royalracing","floor":18},{"not_picked":["rmod:aluminumsupply","rmod:combined"],"picked":"rmod:fuelsupply+1","floor":20},{"not_picked":["rmod:overbreakdown","rmod:selfconfidence"],"picked":"rmod:circuitoustactics+1","floor":22},{"not_picked":["rmod:chargemoney","rmod:maintain","rmod:combined"],"picked":"SKIP","floor":25},{"not_picked":["rmod:advancebysurprise","rmod:highspeedshooting+1"],"picked":"rmod:gendarmerie","floor":27},{"not_picked":["rmod:desperatesituation","rmod:concentratefire","rmod:aluminumsupply"],"picked":"SKIP","floor":28},{"not_picked":["rmod:supportescort","rmod:combined","rmod:diamondstrike"],"picked":"SKIP","floor":30},{"not_picked":["rmod:fuelsupply","rmod:heivgo","rmod:wasp"],"picked":"SKIP","floor":31},{"not_picked":["rmod:saltedfish","rmod:auspiciousomen"],"picked":"rmod:abidefaith","floor":33},{"not_picked":["rmod:selfconfidence","rmod:guardianhero+1","rmod:tearstotiara+1"],"picked":"SKIP","floor":35},{"not_picked":["rmod:supportescort+1","rmod:smokecover"],"picked":"rmod:fuelsupply","floor":37},{"not_picked":["rmod:heivgo","rmod:bulid","rmod:spoils"],"picked":"SKIP","floor":39},{"not_picked":["rmod:ammunitionsupply","rmod:supportaircraftcarrier+1"],"picked":"rmod:ridicule","floor":40},{"not_picked":["rmod:aluminumsupply","rmod:lonelyqueen"],"picked":"rmod:overbreakdown+1","floor":41},{"not_picked":["rmod:wasp+1","rmod:victimresponsibility","rmod:unsinkable"],"picked":"SKIP","floor":45},{"not_picked":["rmod:steelsupply","rmod:circuitoustactics"],"picked":"rmod:goodfighter","floor":54}],"player_experience":498329,"relics_obtained":[{"floor":7,"key":"HornCleat"},{"floor":13,"key":"Smiling Mask"},{"floor":14,"key":"Odd Mushroom"},{"floor":25,"key":"Blood Vial"},{"floor":26,"key":"Juzu Bracelet"},{"floor":28,"key":"Lantern"},{"floor":30,"key":"Vajra"},{"floor":36,"key":"Gambling Chip"},{"floor":40,"key":"War Paint"},{"floor":43,"key":"Potion Belt"},{"floor":54,"key":"Gremlin Horn"}],"event_choices":[{"damage_healed":0,"gold_gain":0,"player_choice":"Bought 3 Potions","damage_taken":0,"max_hp_gain":0,"max_hp_loss":0,"event_name":"The Woman in Blue","floor":4,"gold_loss":0},{"cards_removed":["rmod:strick"],"damage_healed":0,"gold_gain":0,"player_choice":"Forget","damage_taken":0,"max_hp_gain":0,"max_hp_loss":0,"event_name":"Living Wall","floor":11,"gold_loss":0},{"damage_healed":0,"gold_gain":0,"player_choice":"Fought Mushrooms","damage_taken":0,"max_hp_gain":0,"max_hp_loss":0,"event_name":"Mushrooms","floor":14,"gold_loss":0},{"damage_healed":0,"gold_gain":0,"player_choice":"Simplicity","damage_taken":0,"max_hp_gain":0,"max_hp_loss":0,"event_name":"Back to Basics","floor":19,"gold_loss":0,"cards_upgraded":["rmod:strick","rmod:strick","rmod:defend","rmod:defend","rmod:defend","rmod:defend"]},{"damage_healed":0,"gold_gain":0,"player_choice":"0 cards matched","damage_taken":0,"max_hp_gain":0,"max_hp_loss":0,"event_name":"Match and Keep!","floor":21,"gold_loss":0,"cards_obtained":[]},{"damage_healed":0,"gold_gain":0,"player_choice":"Fight","damage_taken":0,"max_hp_gain":0,"max_hp_loss":0,"event_name":"Mysterious Sphere","floor":36,"gold_loss":0},{"damage_healed":0,"gold_gain":0,"player_choice":"Got Potions","damage_taken":0,"max_hp_gain":0,"max_hp_loss":0,"event_name":"Lab","floor":47,"gold_loss":0},{"damage_healed":0,"gold_gain":0,"player_choice":"Paid Gold","damage_taken":0,"relics_obtained":["Bag of Marbles"],"max_hp_gain":0,"max_hp_loss":0,"event_name":"WeMeetAgain","floor":48,"gold_loss":80}],"is_beta":false,"boss_relics":[{"not_picked":["SacredBark","Velvet Choker"],"picked":"Coffee Dripper"},{"not_picked":["rmod:monthlycard","Busted Crown"],"picked":"Sozu"}],"items_purged_floors":[5,24,38,46],"is_endless":false,"potions_floor_spawned":[7,13,16,20,25,27,36,41,54],"ascension_level":1}}