{"host":"hlo0wt5fjlilsn9r","time":1607967463,"event":{"mods":["AchievementEnabler","Aspiration","BaseMod","Better Altar","Better Match","Better Note","Better Sensory Stone","Better Skull","Better Third Choice","BetterRewards","Colored Map","Conspire","Downfall","Friendly Minions","GifTheSpireLib","Halation","Hermit","Highlight Path","Hubris","Jorbs\u0027s Wanderer Trilogy","Minty Spire (QoL Compilation)","Permanent Neow","Replay The Spire","Spicy Shops","StSLib","Stuff the Spire","The Administrix","The Bug Knight","The Runesmith","The Spell Scribe","Unceasing Turn Reminder"],"gold_per_floor":[110,110,123,141,156,156,156],"floor_reached":6,"playtime":551,"items_purged":[],"score":38,"play_id":"7058cb4c-3ca8-4fe7-a23e-fbca7fcb08d1","local_time":"20201214093743","is_ascension_mode":false,"campfire_choices":[],"circlet_count":0,"master_deck":["hermit:Strike_Hermit","hermit:Strike_Hermit","hermit:Strike_Hermit","hermit:Defend_Hermit","hermit:Defend_Hermit","hermit:Defend_Hermit","hermit:Defend_Hermit","hermit:Snapshot","hermit:Covet","hermit:SprayPray","hermit:Quickdraw","hermit:Gestalt","hermit:HighCaliber","hermit:Virtue"],"relics":["hermit:Momento","aspiration:Nostalgia","Replay:M_SmolderingBlood"],"acts_visited":["Exordium"],"potions_floor_usage":[6],"damage_taken":[{"damage":0,"enemies":"Small Slimes","floor":1,"turns":3},{"damage":1,"enemies":"Cultist","floor":3,"turns":4},{"damage":0,"enemies":"2 Louse","floor":4,"turns":2},{"damage":6,"enemies":"Exordium Thugs","floor":5,"turns":4},{"damage":68,"enemies":"3 Sentries","floor":6,"turns":8}],"seed_played":"-5228010255427124127","potions_obtained":[{"floor":5,"key":"Energy Potion"}],"is_trial":false,"path_per_floor":["M","?","M","M","M","E"],"character_chosen":"HERMIT","items_purchased":[],"campfire_rested":0,"item_purchase_floors":[],"current_hp_per_floor":[75,75,74,74,68,0,0],"gold":156,"neow_bonus":"NOSTALGIA","is_daily":false,"chose_seed":false,"campfire_upgraded":0,"win_rate":0.0,"timestamp":1607967463,"path_taken":["M","?","M","?","M","E"],"items_purchased_type":[],"build_version":"2020-12-13","purchased_purges":0,"victory":false,"max_hp_per_floor":[75,75,75,75,75,75,75],"card_choices":[{"not_picked":["hermit:CalledShot","hermit:NoHoldsBarred"],"picked":"hermit:SprayPray","floor":1},{"not_picked":["hermit:HoleUp","hermit:Quickdraw"],"picked":"hermit:Gestalt","floor":3},{"not_picked":["hermit:SprayPray","hermit:Dissolve"],"picked":"hermit:HighCaliber","floor":4},{"not_picked":["hermit:Coalescence","Crescendo"],"picked":"hermit:Virtue","floor":5}],"player_experience":196951,"relics_obtained":[],"event_choices":[{"damage_healed":0,"gold_gain":0,"cards_transformed":["hermit:Strike_Hermit"],"player_choice":"Transformed","damage_taken":0,"max_hp_gain":0,"max_hp_loss":0,"event_name":"Transmorgrifier","floor":2,"gold_loss":0,"cards_obtained":["hermit:Quickdraw"]}],"is_beta":false,"boss_relics":[],"items_purged_floors":[],"is_endless":false,"potions_floor_spawned":[5],"killed_by":"3 Sentries","ascension_level":0}}