{"host":"Fredi","time":1607938655,"event":{"mods":["AchievementEnabler","Act Like it!","BaseMod","Better Altar","Better Match","Better Note","Better Sensory Stone","Better Skull","Better Third Choice","Block Reminder","Colored Map","Colored Powertips","Custom Start","Downfall","Gensokyo","Hermit","Highlight Path","Mimic Mod","Minty Spire (QoL Compilation)","Permanent Neow","Quick Restart","Rare Cards Sparkle","Relic Stats","Replay The Spire","Shop Mod","StSLib","The Cursed","The Runesmith","Transform Curses","Wandering Minibosses","everything is the same but u backflip on backflip"],"gold_per_floor":[118,118,43,265,283,283,283,283,615,628,665,615,648,648,667,667,667,772,772,740,244,261,273,287,287,321,321,360,360,360,372,388,406,406,503,503,521,521,534,169,186,221,221,239,265,20,20,0,26,26,26,26,26,26,26,55,55,55],"floor_reached":57,"playtime":4311,"items_purged":["Strike_R","Strike_R","Strike_R"],"score":986,"play_id":"6126676c-5bed-4753-96f8-9063f9680eeb","local_time":"20201214013735","is_ascension_mode":true,"campfire_choices":[{"floor":8,"key":"RECALL"},{"data":"expansioncontent:LastStand","floor":14,"key":"SMITH"},{"data":"Dual Wield","floor":17,"key":"SMITH"},{"data":"Brutality","floor":25,"key":"SMITH"},{"data":"Infernal Blade","floor":27,"key":"SMITH"},{"data":"Neutralize","floor":30,"key":"SMITH"},{"data":"Intimidate","floor":34,"key":"SMITH"},{"data":"Brutality","floor":43,"key":"SMITH"},{"data":"Madness","floor":51,"key":"SMITH"},{"data":"Madness","floor":54,"key":"SMITH"}],"circlet_count":0,"master_deck":["Strike_R","Strike_R","Defend_R","Defend_R+1","Defend_R","expansioncontent:LastStand+1","Iron Wave+1","Dual Wield+1","Intimidate+1","Infernal Blade+1","Ghostly Armor","Survivor+1","Neutralize+1","Brutality+1","Blood for Blood+1","Clash","Apotheosis+1","Hemokinesis","Clash+1","Headbutt+1","Brutality+1","Pommel Strike+1","Bloodletting+1","Rupture+1","Blood for Blood+1","Madness+1","Madness+1"],"relics":["Burning Blood","Red Skull","Old Coin","Eternal Feather","Matryoshka","Gremlin Food","Ancient Tea Set","InkBottle","MealTicket","SacredBark","War Paint","Golden Egg","Meat on the Bone","The Courier","Toy Ornithopter","Bag of Preparation","Red Mask","ReplayTheSpireMod:TigerMarble","Ice Cream"],"acts_visited":["Exordium","TheCity","TheBeyond","TheEnding"],"potions_floor_usage":[18,20,23,35,52,56,57],"damage_taken":[{"damage":8,"enemies":"Small Slimes","floor":1,"turns":4},{"damage":1,"enemies":"Cultist","floor":5,"turns":4},{"damage":28,"enemies":"Gremlin Nob","floor":9,"turns":4},{"damage":1,"enemies":"2 Louse","floor":10,"turns":2},{"damage":0,"enemies":"Large Slime","floor":11,"turns":5},{"damage":30,"enemies":"3 Sentries","floor":13,"turns":7},{"damage":0,"enemies":"Large Slime","floor":15,"turns":4},{"damage":18,"enemies":"Fading Forest","floor":18,"turns":11},{"damage":25,"enemies":"2 Thieves","floor":20,"turns":5},{"damage":8,"enemies":"Shell Parasite","floor":22,"turns":4},{"damage":36,"enemies":"Cultist and Chosen","floor":23,"turns":7},{"damage":17,"enemies":"Sentry and Sphere","floor":24,"turns":4},{"damage":27,"enemies":"Replay:Snechameleon","floor":26,"turns":4},{"damage":12,"enemies":"Snake Plant","floor":28,"turns":6},{"damage":23,"enemies":"Snake Plant","floor":31,"turns":4},{"damage":13,"enemies":"3 Cultists","floor":32,"turns":5},{"damage":11,"enemies":"Centurion and Healer","floor":33,"turns":5},{"damage":29,"enemies":"Pondfish","floor":35,"turns":9},{"damage":22,"enemies":"Orb Walker","floor":37,"turns":4},{"damage":34,"enemies":"3 Darklings","floor":39,"turns":5},{"damage":16,"enemies":"Transient","floor":41,"turns":5},{"damage":54,"enemies":"Giant Head","floor":42,"turns":8},{"damage":19,"enemies":"Maw","floor":44,"turns":5},{"damage":19,"enemies":"Nemesis","floor":49,"turns":5},{"damage":60,"enemies":"Donu and Deca","floor":52,"turns":7},{"damage":54,"enemies":"Shield and Spear","floor":56,"turns":6},{"damage":81,"enemies":"The Heart","floor":57,"turns":3}],"seed_played":"2617807309712066448","potions_obtained":[{"floor":9,"key":"DistilledChaos"},{"floor":10,"key":"SkillPotion"},{"floor":15,"key":"Cursed Concoction"},{"floor":18,"key":"Elixir"},{"floor":20,"key":"Dexterity Potion"},{"floor":33,"key":"AttackPotion"},{"floor":37,"key":"BlessingOfTheForge"},{"floor":39,"key":"Guardian:BlockOnCardUsePotion"},{"floor":56,"key":"FearPotion"}],"is_trial":false,"path_per_floor":["M","?","$","?","M","PTL","PTL","R","E","M","MIM","?","E","R","M","?","R","B",null,"M","$","M","M","M","R","E","R","MIM","?","R","M","M","M","R","B",null,"M","T","M","$","M","E","R","M","T","$","?","?","E","$","R","B",null,"R","$","E","B"],"character_chosen":"IRONCLAD","items_purchased":["Matryoshka","Gremlin Food","Meat on the Bone","Rupture","Bag of Preparation","Blood for Blood"],"campfire_rested":0,"item_purchase_floors":[21,21,40,46,46,46],"current_hp_per_floor":[78,78,78,44,49,49,49,49,27,32,38,38,14,20,36,36,45,33,80,61,61,59,39,38,47,26,35,39,39,48,31,34,39,51,38,80,64,64,36,51,53,27,39,48,48,63,53,53,52,67,80,53,80,80,80,47,0,0],"gold":55,"neow_bonus":"RANDOM_COLORLESS","is_daily":false,"chose_seed":false,"campfire_upgraded":9,"win_rate":0.0,"timestamp":1607938655,"path_taken":["M","?","$","?","M","PTL","PTL","R","E","M","MIM","?","E","R","M","?","R","BOSS","M","$","M","M","M","R","E","R","MIM","?","R","?","M","M","R","BOSS","M","?","M","$","M","E","R","M","T","$","?","?","E","?","R","BOSS","R","$","E","BOSS"],"items_purchased_type":["Relic","Relic","Relic","Card","Relic","Card"],"build_version":"2020-12-07","purchased_purges":3,"victory":false,"max_hp_per_floor":[80,80,80,80,80,80,80,80,80,80,80,80,80,80,80,80,80,80,80,80,80,80,80,80,80,80,80,80,80,80,80,80,80,80,80,80,80,80,80,80,80,80,80,80,80,80,80,80,80,80,80,80,80,80,80,80,80,80],"relic_stats":{"counters":[27,142],"Eternal Feather":79,"MealTicket":45,"Bag of Preparation":[8],"War Paint":["Defend_R","Survivor"],"obtain_stats":[{"Gremlin Food":21,"Ice Cream":56,"Golden Egg":38,"SacredBark":36,"Eternal Feather":13,"The Courier":42,"Bag of Preparation":46,"War Paint":38,"Ancient Tea Set":26,"Burning Blood":0,"Old Coin":9,"Matryoshka":21,"MealTicket":28,"Red Mask":48,"ReplayTheSpireMod:TigerMarble":49,"Red Skull":4,"InkBottle":28,"Toy Ornithopter":45,"Meat on the Bone":40},{"Gremlin Food":9,"Ice Cream":26,"Golden Egg":19,"SacredBark":18,"Eternal Feather":6,"The Courier":22,"Bag of Preparation":23,"War Paint":19,"Ancient Tea Set":13,"Burning Blood":0,"Old Coin":3,"Matryoshka":9,"MealTicket":14,"Red Mask":23,"ReplayTheSpireMod:TigerMarble":24,"Red Skull":1,"InkBottle":14,"Toy Ornithopter":23,"Meat on the Bone":20},{"Gremlin Food":46,"Ice Cream":139,"Golden Egg":98,"SacredBark":94,"Eternal Feather":26,"The Courier":116,"Bag of Preparation":121,"War Paint":98,"Ancient Tea Set":65,"Burning Blood":0,"Old Coin":12,"Matryoshka":46,"MealTicket":71,"Red Mask":121,"ReplayTheSpireMod:TigerMarble":126,"Red Skull":4,"InkBottle":71,"Toy Ornithopter":121,"Meat on the Bone":103}],"Burning Blood":156,"InkBottle":[33],"Toy Ornithopter":15,"Meat on the Bone":60},"card_choices":[{"not_picked":["Replay:BasicMightCard","Jack Of All Trades"],"picked":"expansioncontent:LastStand","floor":0},{"not_picked":["Wild Strike","Sword Boomerang"],"picked":"Iron Wave","floor":1},{"not_picked":["Clothesline","Wild Strike"],"picked":"Dual Wield","floor":5},{"not_picked":["Feel No Pain","Power Through"],"picked":"Intimidate","floor":9},{"not_picked":["Headbutt","Havoc","Clothesline"],"picked":"SKIP","floor":10},{"not_picked":["Perfected Strike","Headbutt"],"picked":"Infernal Blade","floor":13},{"not_picked":["Twin Strike","Iron Wave"],"picked":"Ghostly Armor","floor":15},{"not_picked":["Corruption","Barricade"],"picked":"Brutality","floor":18},{"not_picked":["Whirlwind","ReplayTheSpireMod:Muscle Training"],"picked":"Blood for Blood+1","floor":20},{"not_picked":["Warcry","Flex","Shockwave"],"picked":"SKIP","floor":22},{"not_picked":["Shrug It Off+1","ReplayTheSpireMod:Strike From Hell+1","Whirlwind"],"picked":"SKIP","floor":23},{"not_picked":["Heavy Blade+1","Flame Barrier"],"picked":"Clash","floor":24},{"not_picked":["Life Link+1","ReplayTheSpireMod:Corrosion Curse","Demonic Infusion"],"picked":"SKIP","floor":26},{"not_picked":["Wild Strike","Headbutt"],"picked":"Hemokinesis","floor":31},{"not_picked":["Replay:Undeath\u0027s Touch","Headbutt"],"picked":"Clash+1","floor":32},{"not_picked":["Wild Strike","Spot Weakness"],"picked":"Headbutt+1","floor":33},{"not_picked":["Demonic Infusion","Fiend Fire"],"picked":"Brutality","floor":35},{"not_picked":["Power Through+1","Sword Boomerang","Cleave+1"],"picked":"SKIP","floor":37},{"not_picked":["ReplayTheSpireMod:Strike From Hell","Anger+1"],"picked":"Pommel Strike+1","floor":39},{"not_picked":["Body Slam+1","Clothesline","Perfected Strike"],"picked":"SKIP","floor":41},{"not_picked":["Wild Strike+1","Thunderclap","Shrug It Off"],"picked":"SKIP","floor":42},{"not_picked":["Headbutt","ReplayTheSpireMod:Strike From Hell"],"picked":"Bloodletting+1","floor":44},{"not_picked":["Perfected Strike+1","Havoc","ReplayTheSpireMod:LeadingStrike"],"picked":"SKIP","floor":49},{"not_picked":["ReplayTheSpireMod:Corrosion Curse+1","Intimidate+1","Anger"],"picked":"SKIP","floor":56}],"player_experience":229098,"relics_obtained":[{"floor":9,"key":"Old Coin"},{"floor":13,"key":"Eternal Feather"},{"floor":26,"key":"Ancient Tea Set"},{"floor":28,"key":"InkBottle"},{"floor":28,"key":"MealTicket"},{"floor":38,"key":"War Paint"},{"floor":38,"key":"Golden Egg"},{"floor":42,"key":"The Courier"},{"floor":45,"key":"Toy Ornithopter"},{"floor":49,"key":"ReplayTheSpireMod:TigerMarble"},{"floor":56,"key":"Ice Cream"}],"event_choices":[{"damage_healed":0,"gold_gain":222,"player_choice":"GO RE GO ","damage_taken":38,"relics_obtained":["Red Skull"],"max_hp_gain":0,"max_hp_loss":0,"event_name":"betterSkull:BetterSkull","floor":4,"gold_loss":0,"cards_upgraded":[]},{"cards_removed":["Defend_R"],"damage_healed":0,"gold_gain":0,"player_choice":"Card Removal","damage_taken":0,"max_hp_gain":0,"max_hp_loss":0,"event_name":"The Cleric","floor":12,"gold_loss":50},{"cards_removed":["expansioncontent:LastStand"],"damage_healed":0,"gold_gain":0,"player_choice":"Take \u0026 Give","damage_taken":0,"max_hp_gain":0,"max_hp_loss":0,"event_name":"betterNote:BetterNote","floor":29,"gold_loss":0,"cards_obtained":["Apotheosis"]},{"damage_healed":0,"gold_gain":0,"player_choice":"Embrace Madness","damage_taken":10,"max_hp_gain":0,"max_hp_loss":0,"event_name":"Winding Halls","floor":47,"gold_loss":0,"cards_obtained":["Madness","Madness"]},{"damage_healed":0,"gold_gain":0,"player_choice":"Paid","damage_taken":0,"relics_obtained":["Red Mask"],"max_hp_gain":0,"max_hp_loss":0,"event_name":"Tomb of Lord Red Mask","floor":48,"gold_loss":20}],"is_beta":true,"boss_relics":[{"not_picked":["Cursed Key","Ooze Armor","Velvet Choker"]},{"not_picked":["Runic Dome","Painkiller Herb"],"picked":"SacredBark"}],"items_purged_floors":[3,21,40],"is_endless":false,"potions_floor_spawned":[9,10,15,18,20,33,37,39,49,56],"killed_by":"The Heart","ascension_level":1}}