{"host":"a4s27ghlnr83kbqz","time":1607945169,"event":{"mods":["AchievementEnabler","BaseMod","Colored Map","Minty Spire (QoL Compilation)","Permanent Neow","SuperFastMode"],"gold_per_floor":[111,36,54,72,72,72,112,112,112,137,153,173,193,213,213,213,213],"floor_reached":16,"playtime":309,"items_purged":["Clumsy"],"score":212,"play_id":"6a94b3e0-a030-4a8d-a6fd-12eaf50b7d2c","local_time":"20201214202609","is_ascension_mode":true,"campfire_choices":[{"data":"Carnage","floor":6,"key":"SMITH"},{"data":"Offering","floor":8,"key":"SMITH"},{"data":"Hemokinesis","floor":15,"key":"SMITH"}],"circlet_count":0,"master_deck":["AscendersBane","Strike_R","Strike_R","Strike_R","Strike_R","Strike_R","Defend_R","Defend_R","Defend_R","Defend_R","Bash","Carnage+1","Anger","Offering+1","Shrug It Off","Hemokinesis+1","Impervious","Shrug It Off"],"relics":["Burning Blood","CaptainsWheel","Golden Idol","Sundial","Kunai"],"acts_visited":["Exordium"],"potions_floor_usage":[10,10],"damage_taken":[{"damage":4,"enemies":"Small Slimes","floor":1,"turns":4},{"damage":4,"enemies":"2 Louse","floor":3,"turns":4},{"damage":6,"enemies":"Cultist","floor":4,"turns":3},{"damage":15,"enemies":"3 Sentries","floor":7,"turns":7},{"damage":21,"enemies":"Lots of Slimes","floor":10,"turns":4},{"damage":12,"enemies":"2 Fungi Beasts","floor":11,"turns":4},{"damage":6,"enemies":"Exordium Thugs","floor":12,"turns":3},{"damage":13,"enemies":"Looter","floor":13,"turns":2},{"damage":10,"enemies":"Exordium Wildlife","floor":14,"turns":4},{"damage":36,"enemies":"Slime Boss","floor":16,"turns":6}],"seed_played":"6121410898252137339","potions_obtained":[{"floor":1,"key":"Strength Potion"},{"floor":4,"key":"Ancient Potion"},{"floor":7,"key":"BloodPotion"},{"floor":11,"key":"SpeedPotion"}],"is_trial":false,"path_per_floor":["M","$","M","M","?","R","E","R","T","M","M","M","M","M","R","B"],"character_chosen":"IRONCLAD","items_purchased":[],"campfire_rested":0,"item_purchase_floors":[],"current_hp_per_floor":[70,70,72,72,46,46,37,37,37,37,31,31,24,20,20,0,0],"gold":213,"neow_bonus":"ONE_RARE_RELIC","is_daily":false,"chose_seed":false,"campfire_upgraded":3,"win_rate":0.0,"timestamp":1607945169,"path_taken":["M","$","M","M","?","R","E","R","T","M","M","M","M","M","R","BOSS"],"items_purchased_type":[],"build_version":"2020-12-13","purchased_purges":1,"victory":false,"max_hp_per_floor":[75,75,75,75,75,75,75,75,75,75,75,75,75,75,75,75,75],"card_choices":[{"not_picked":["True Grit","Entrench","Heavy Blade"],"picked":"SKIP","floor":1},{"not_picked":["Power Through","Sword Boomerang"],"picked":"Carnage","floor":3},{"not_picked":["Havoc","Intimidate"],"picked":"Anger","floor":4},{"not_picked":["Havoc","Shrug It Off"],"picked":"Offering","floor":7},{"not_picked":["Wild Strike","Shockwave"],"picked":"Shrug It Off","floor":10},{"not_picked":["Wild Strike","Body Slam","Armaments"],"picked":"SKIP","floor":11},{"not_picked":["Cleave","Dual Wield"],"picked":"Hemokinesis","floor":12},{"not_picked":["Perfected Strike","Warcry"],"picked":"Impervious","floor":13},{"not_picked":["Uppercut","Perfected Strike"],"picked":"Shrug It Off","floor":14}],"player_experience":1031089,"relics_obtained":[{"floor":7,"key":"Sundial"},{"floor":9,"key":"Kunai"}],"event_choices":[{"damage_healed":0,"gold_gain":0,"player_choice":"Take Damage","damage_taken":26,"relics_obtained":["Golden Idol"],"max_hp_gain":0,"max_hp_loss":0,"event_name":"Golden Idol","floor":5,"gold_loss":0}],"is_beta":false,"boss_relics":[],"items_purged_floors":[2],"is_endless":false,"potions_floor_spawned":[1,4,7,11],"killed_by":"Slime Boss","ascension_level":20}}