{"host":"kjmsjq3kpb3v9rdj","time":1607977993,"event":{"mods":["Aspiration","BaseMod","CCEM","Colored Powertips","Conspire","GifTheSpireLib","Halation","Highlight Path","Hubris","Ironclad Rager","Minty Spire (QoL Compilation)","Quick Restart","Small Relic Pack","Spicy Shops","Spikes Relics","StSLib","Stuff the Spire","The Animator","The Blue Laboratory","The Runesmith","Trackpad","vexMod"],"gold_per_floor":[117,117,181,250,260,260,291,341,389,421,438,438,488,515,515,611,707,707,707,707,707,734,734],"floor_reached":24,"playtime":4087,"items_purged":[],"score":1519,"play_id":"7808301b-8575-44bb-9a5f-9ea4db584f60","local_time":"20201214123313","is_ascension_mode":true,"campfire_choices":[{"data":"Eruption","floor":6,"key":"SMITH"},{"floor":12,"key":"RECALL"},{"floor":15,"key":"REST"},{"data":"Blasphemy","floor":20,"key":"SMITH"}],"circlet_count":0,"master_deck":["Eruption+1","Vigilance","ICR:DragonStrike","ICR:DragonStrike","ICR:DragonStrike","ICR:DragonStrike","ICR:CraneWing","ICR:CraneWing","ICR:CraneWing","ICR:CraneWing","Prostrate","Wallop","Consecrate","TalkToTheHand","ClearTheMind","CutThroughFate","DeusExMachina","Blasphemy+1","DevaForm","EmptyMind"],"relics":["PureWater","SsserpentHead","StuffTheSpire:Experiment12","Bag of Marbles","aspiration:HummingbirdHeart","vexMod:MegatonBomb","vexMod:DeviousBotling","RoseTintedShades"],"acts_visited":["Exordium","TheCity","TheBeyond","TheEnding"],"potions_floor_usage":[3,5,14],"damage_taken":[{"damage":0,"enemies":"Cultist","floor":1,"turns":2},{"damage":0,"enemies":"Small Slimes","floor":3,"turns":1},{"damage":0,"enemies":"2 Louse","floor":4,"turns":2},{"damage":22,"enemies":"Gremlin Gang","floor":5,"turns":3},{"damage":14,"enemies":"Gremlin Nob","floor":7,"turns":3},{"damage":0,"enemies":"3 Sentries","floor":10,"turns":1},{"damage":0,"enemies":"Lots of Slimes","floor":11,"turns":1},{"damage":9,"enemies":"Lagavulin","floor":14,"turns":5},{"damage":0,"enemies":"Hexaghost","floor":16,"turns":1},{"damage":0,"enemies":"Collector","floor":17,"turns":1},{"damage":0,"enemies":"Time Eater","floor":18,"turns":1},{"damage":0,"enemies":"Shield and Spear","floor":22,"turns":1},{"damage":0,"enemies":"The Heart","floor":23,"turns":2}],"seed_played":"2251601028869600619","potions_obtained":[{"floor":1,"key":"SteroidPotion"},{"floor":4,"key":"DistilledChaos"},{"floor":10,"key":"blueLaboratory:HummingbirdPotion"},{"floor":14,"key":"AttackPotion"},{"floor":16,"key":"Ancient Potion"}],"is_trial":false,"path_per_floor":["M","?","M","M","M","R","E","?","T","E","M","R","?","E","R","B",null,null,null,"R","$","E","B",null],"character_chosen":"WATCHER","items_purchased":[],"campfire_rested":1,"item_purchase_floors":[],"current_hp_per_floor":[72,72,72,72,50,50,36,36,36,36,36,36,72,63,72,72,72,72,72,72,72,72,72],"gold":734,"neow_bonus":"WATCHER_MONK","is_daily":false,"chose_seed":false,"campfire_upgraded":2,"win_rate":0.0,"timestamp":1607977993,"path_taken":["M","?","?","?","M","R","E","?","T","E","M","R","?","E","R","BOSS","BOSS","BOSS","BOSS","BOSS","R","$","E","BOSS"],"items_purchased_type":[],"build_version":"2020-12-13","purchased_purges":0,"victory":true,"max_hp_per_floor":[72,72,72,72,72,72,72,72,72,72,72,72,72,72,72,72,72,72,72,72,72,72,72],"card_choices":[{"not_picked":["Collect","Evaluate"],"picked":"Prostrate","floor":1},{"not_picked":["CrushJoints","Evaluate"],"picked":"Wallop","floor":3},{"not_picked":["PathToVictory","Nirvana"],"picked":"Consecrate","floor":4},{"not_picked":["FlurryOfBlows","FollowUp"],"picked":"TalkToTheHand","floor":5},{"not_picked":["Prostrate","Study"],"picked":"ClearTheMind","floor":7},{"not_picked":["LessonLearned","Evaluate","CrushJoints"],"picked":"SKIP","floor":10},{"not_picked":["Prostrate","ClearTheMind"],"picked":"CutThroughFate","floor":11},{"not_picked":["JustLucky","Protect"],"picked":"DeusExMachina","floor":14},{"not_picked":["Devotion","Judgement"],"picked":"Blasphemy","floor":16},{"not_picked":["DeusExMachina","Vault"],"picked":"DevaForm","floor":17},{"not_picked":["FlyingSleeves+1","EmptyFist+1"],"picked":"EmptyMind","floor":22}],"player_experience":459205,"relics_obtained":[{"floor":7,"key":"StuffTheSpire:Experiment12"},{"floor":10,"key":"Bag of Marbles"},{"floor":14,"key":"aspiration:HummingbirdHeart"},{"floor":22,"key":"RoseTintedShades"}],"event_choices":[{"damage_healed":0,"gold_gain":0,"player_choice":"Trade","damage_taken":0,"relics_obtained":["SsserpentHead"],"max_hp_gain":0,"max_hp_loss":0,"event_name":"FaceTrader","floor":2,"gold_loss":0},{"damage_healed":0,"gold_gain":0,"player_choice":"Disagree","damage_taken":0,"max_hp_gain":0,"max_hp_loss":0,"event_name":"conspire:LoneGhost","floor":8,"gold_loss":0},{"damage_healed":36,"gold_gain":0,"player_choice":"Full Heal","damage_taken":0,"max_hp_gain":0,"max_hp_loss":0,"event_name":"Wheel of Change","floor":13,"gold_loss":0}],"is_beta":false,"boss_relics":[{"not_picked":["Velvet Choker","conspire:RunicOctahedron"],"picked":"vexMod:MegatonBomb"},{"not_picked":["halation:MonkeysPaw","StuffTheSpire:ModemDavis"],"picked":"vexMod:DeviousBotling"}],"items_purged_floors":[],"is_endless":false,"potions_floor_spawned":[1,4,10,14,16],"ascension_level":5}}