{"host":"mq7pyadb5kndcn8l","time":1607976250,"event":{"mods":["AchievementEnabler","Act Like it!","Aspiration","BaseMod","Better Altar","Better Match","Better Note","Better Sensory Stone","Better Skull","Better Third Choice","BetterRewards","Block Reminder","CCEM","Challenge The Spire","ChefMod","Colored Map","Colored Powertips","Conspire","Defuse TimeMaze Blight","Dio Mod","Displayed Cursed Tome","Dota2Spire","Downfall","Duelist Mod","Energized Spire","Friendly Minions","GifTheSpireLib","Gremlin Skip","Highlight Path","Hubris","Ironclad Rager","Jedi Mod","Mad Scientist","Marked Mod","Mimic Mod","Minty Spire (QoL Compilation)","Permanent Neow","QueenMod","Quick Restart","Random Character Button","Rare Cards Sparkle","Relic Filter","Relic Sorter","Replay The Spire","Reworked Bosses","Shade Mod","Shop Mod","Spicy Shops","Spikes Relics","StSLib","Stuff the Spire","SuperFastMode","The Blue Laboratory","The Death Knight","The Exalted","The Necromancer","The Poker Player","TheBandit","Thieving Mod","Thrall Mod","Trackpad","Transform Curses","Unceasing Turn Reminder","Wandering Minibosses","vexMod"],"gold_per_floor":[112,112,7,7,7,7,20,20,20,39,69,87,119,26,26,131,131,144,144,198,43,58,90,102,43,135,20,54,2,21,46,46,143,143,158,271,188,63,75,110,65,65,90,14,38,65,65,65,65,65,65,65,65,93,93],"floor_reached":56,"playtime":4926,"items_purged":["Shame","Shade:Defend_Shade","Shade:StitchTogether+1","Shade:StitchTogether+1"],"score":1889,"play_id":"aaa2be36-24a5-4784-ac03-5b1099762bdc","local_time":"20201214150410","is_ascension_mode":true,"campfire_choices":[{"data":"Replay:SS_forest_6","floor":5.0,"key":"SMITH"},{"data":"Shade:AnimateDead","floor":6.0,"key":"SMITH"},{"data":"Shade:Brains","floor":8.0,"key":"SMITH"},{"data":"Shade:CarefulCut","floor":15.0,"key":"PURGE"},{"data":"Shade:LichForm","floor":19.0,"key":"SMITH"},{"data":"Mayhem","floor":24.0,"key":"SMITH"},{"data":"Shade:Carnophage","floor":32.0,"key":"SMITH"},{"floor":49,"key":"RECALL"},{"data":"Shade:LichForm+1","floor":52,"key":"SMITH"}],"circlet_count":0,"master_deck":["Shade:Defend_Shade","Shade:Defend_Shade","Shade:Defend_Shade","Shade:AnimateDead+1","Shade:OpenGraves+1","Shade:Premonition+1","Shade:FleshToFlesh+1","Shade:Brains+1","Replay:SS_forest_6+1","Shade:AblativeArmor","Shade:GraveStillness","Shade:AuraOfUnlife","Shade:Bonestorm","Shade:LoseControl","Shade:OpenGraves","Replay:SS_forest_6+1","Shade:LichForm+2","Replay:SS_forest_2+1","Mayhem+1","Magnetism+1","Shade:FreshBones","Shade:Carnophage+1","AbeCurse","Shade:PressTheAttack","Shade:OpenGraves+1"],"relics":["Shade:YorickSkull","Dota2Spire:BladeMail","Dota2Spire:CrimsonGuard","Replay:Wax Seal","Dota2Spire:PhaseBoots","hubris:64BitClover","jedi:arcanewood","MerchantsRug","StuffTheSpire:Gunfinga","conspire:TreasureMap","Juzu Bracelet","CCEMRelics:OverlyComfyChair","DeathKnight:PutricidesVial","Boot","energizedSpire:SpiderWeb","hubris:TenFootPole","Replay:Ringing Soul","conspire:Dentures","Abe\u0027s Treasure","Dota2Spire:LinkenSphere","trackpad:CultistFigurine","conspire:InfiniteJournal","Bromod:ArcaneUltimatum"],"acts_visited":["Exordium","TheCity","TheBeyond","TheEnding"],"potions_floor_usage":[55],"damage_taken":[{"damage":0.0,"enemies":"Jaw Worm","floor":1.0,"turns":4.0},{"damage":0.0,"enemies":"2 Louse","floor":7.0,"turns":2.0},{"damage":0.0,"enemies":"Cultist","floor":10.0,"turns":4.0},{"damage":0.0,"enemies":"3 Sentries","floor":11.0,"turns":7.0},{"damage":5.0,"enemies":"Gremlin Gang","floor":12.0,"turns":4.0},{"damage":0.0,"enemies":"Replay:BlueRogue","floor":13.0,"turns":6.0},{"damage":0.0,"enemies":"Slime Boss","floor":16.0,"turns":13.0},{"damage":0.0,"enemies":"3 Byrds","floor":18.0,"turns":2.0},{"damage":30.0,"enemies":"2 Thieves","floor":22.0,"turns":5.0},{"damage":3.0,"enemies":"Gremlin Leader","floor":23.0,"turns":7.0},{"damage":8.0,"enemies":"theDuelist:KaibaA2","floor":25.0,"turns":5.0},{"damage":0.0,"enemies":"Replay:Snechameleon","floor":28.0,"turns":6.0},{"damage":0.0,"enemies":"Snake Plant","floor":30.0,"turns":5.0},{"damage":0.0,"enemies":"3 Cultists","floor":31.0,"turns":6.0},{"damage":5.0,"enemies":"bossMod:newCollector","floor":33.0,"turns":7.0},{"damage":0.0,"enemies":"3 Darklings","floor":35.0,"turns":7.0},{"damage":0.0,"enemies":"3 Shapes","floor":37.0,"turns":8.0},{"damage":0.0,"enemies":"3 Darklings","floor":39.0,"turns":5.0},{"damage":5,"enemies":"R_Hoarder","floor":40,"turns":7},{"damage":0,"enemies":"2 Orb Walkers","floor":41,"turns":5},{"damage":9,"enemies":"Reptomancer","floor":46,"turns":5},{"damage":0,"enemies":"conspire:OrnateMirror","floor":50,"turns":7},{"damage":20,"enemies":"Shield and Spear","floor":54,"turns":5},{"damage":0,"enemies":"The Heart","floor":55,"turns":10}],"seed_played":"-502511330942315777","potions_obtained":[{"floor":10.0,"key":"DeathKnight:BottledBloodEchoes"},{"floor":12.0,"key":"Fire Potion"},{"floor":16.0,"key":"champ:CounterPotion"},{"floor":18.0,"key":"blueLaboratory:PhilterOfMotion"},{"floor":23.0,"key":"blueLaboratory:HorrorPotion"},{"floor":30.0,"key":"blueLaboratory:BubblePotion"},{"floor":37.0,"key":"BlessingOfTheForge"},{"floor":41,"key":"blueLaboratory:NullPotion"},{"floor":46,"key":"SteroidPotion"}],"is_trial":false,"path_per_floor":["M","?","$","?","R","R","M","R","T","M","E","M","E","?","R_BF","B",null,"M","R","T","$","M","E","R","E","T","$","E","$","M","M","R","B",null,"M","?","M","$","M","E","?","?","T","$","T","E","?","?","R","B",null,"R","$","E","B",null],"character_chosen":"SHADE","items_purchased":["Dota2Spire:PhaseBoots","hubris:64BitClover","jedi:arcanewood","MerchantsRug","Shade:OpenGraves","Replay:Wax Seal","StuffTheSpire:Gunfinga","Astrolabe","Shade:FleshToFlesh","Shade:Brains","Guide Book","conspire:TreasureMap","Replay:SS_forest_6","Dota2Spire:BladeMail","Juzu Bracelet","Mayhem","Shade:Carnophage","conspire:Dentures"],"campfire_rested":0,"item_purchase_floors":[0,0,0,0,0,0,0,0,0,0,0,0,0,0,3,21,27,29],"current_hp_per_floor":[51,51,51,51,51,51,61,61,61,65,65,60,65,65,65,65,65,65,65,65,65,41,65,65,65,65,65,65,68,68,68,68,68,71,71,57,71,71,71,69,77,77,77,77,77,77,77,77,77,77,77,77,77,77,77],"gold":93,"neow_bonus":"","is_daily":false,"chose_seed":false,"campfire_upgraded":7,"win_rate":0.0,"timestamp":1607976250,"path_taken":["M","?","$","?","?","R","M","R","T","M","E","M","E","?","R_BF","BOSS","M","?","?","$","M","E","R","E","T","$","E","?","M","M","R","BOSS","M","?","M","$","M","E","?","?","T","$","?","E","?","?","R","BOSS","R","$","E","BOSS"],"items_purchased_type":["Relic","Relic","Relic","Relic","Card","Relic","Relic","Relic","Card","Card","Relic","Relic","Card","Relic","Relic","Card","Card","Relic"],"build_version":"2020-12-13","purchased_purges":4,"victory":true,"max_hp_per_floor":[65,65,65,65,65,65,65,65,65,65,65,65,65,65,65,65,65,65,65,65,65,65,65,65,65,65,65,65,68,68,68,68,68,71,71,71,71,71,71,74,77,77,77,77,77,77,77,77,77,77,77,77,77,77,77],"card_choices":[{"not_picked":["Shade:FingerOfDeath","Shade:Patience","Shade:BoneShards"],"picked":"SKIP","floor":1.0},{"not_picked":["Shade:FleshToFlesh","Shade:ExtraLimbs"],"picked":"Shade:GraveStillness","floor":7.0},{"not_picked":["Shade:BoneShards","Shade:Awaken"],"picked":"Shade:AuraOfUnlife","floor":10.0},{"not_picked":["Shade:FleshToFlesh","Shade:Asphyxiate"],"picked":"Shade:Bonestorm","floor":11.0},{"not_picked":["Shade:Brains","Shade:Trample"],"picked":"Shade:LoseControl","floor":12.0},{"not_picked":["Shade:Consume","Shade:SelfBurial"],"picked":"Shade:OpenGraves","floor":13.0},{"not_picked":["Replay:SS_forest_5+1","Forethought+1"],"picked":"Replay:SS_forest_6+1","floor":16.0},{"not_picked":["Shade:Consume","Shade:Coordination"],"picked":"Shade:LichForm","floor":16.0},{"not_picked":["ReplayUltimateDefense+1","Replay:SS_hec_2+1"],"picked":"Replay:SS_forest_2+1","floor":18.0},{"not_picked":["Shade:GraveStillness","Shade:Brains","Shade:Bonestorm"],"picked":"SKIP","floor":18.0},{"not_picked":["jedi:forcepush+1","Replay:SS_fish_1+1"],"picked":"Magnetism+1","floor":22.0},{"not_picked":["Shade:LyeBath","Shade:CoffinDance+1"],"picked":"Shade:FreshBones","floor":22.0},{"not_picked":["Shade:Premonition","Shade:SkeletonHug+1","Shade:FleshToFlesh+1"],"picked":"SKIP","floor":23.0},{"not_picked":["Shade:SoulPierce","Shade:Doomsay+1","Shade:GraveStillness+1"],"picked":"SKIP","floor":25.0},{"not_picked":["Shade:Bonestorm","Shade:Premonition","Shade:RavenousHorde"],"picked":"SKIP","floor":28.0},{"not_picked":["Shade:CloudOfShrapnel+1","Shade:FingerOfDeath","Shade:WallOfFlesh+1"],"picked":"SKIP","floor":30.0},{"not_picked":["Shade:CloudOfShrapnel","Shade:FreshBones","Shade:Premonition+1"],"picked":"SKIP","floor":31.0},{"not_picked":["Shade:SkeletonHug","Shade:FuneraryArmor","Shade:Doomsay+1"],"picked":"SKIP","floor":35.0},{"not_picked":["Shade:ClawBack","Shade:WallOfFlesh","Shade:Premonition"],"picked":"SKIP","floor":37.0},{"not_picked":["Shade:Trample+1","Shade:TouchOfTheGrave","Shade:LyeBath+1"],"picked":"SKIP","floor":39.0},{"not_picked":["Shade:OneIsEnough","Shade:Awaken"],"picked":"Shade:PressTheAttack","floor":40},{"not_picked":["Shade:Frenzy","Shade:CoffinDance+1"],"picked":"Shade:OpenGraves+1","floor":41},{"not_picked":["Shade:CallWraith","Shade:LoseControl","Shade:SkeletonHug+1"],"picked":"SKIP","floor":46},{"not_picked":["Shade:OneIsEnough","Shade:Asphyxiate","Shade:FleshLikeOak+1"],"picked":"SKIP","floor":54}],"player_experience":846140,"relics_obtained":[{"floor":9.0,"key":"CCEMRelics:OverlyComfyChair"},{"floor":11.0,"key":"DeathKnight:PutricidesVial"},{"floor":13.0,"key":"Boot"},{"floor":20.0,"key":"hubris:TenFootPole"},{"floor":22.0,"key":"Dota2Spire:OrchidMalevolence"},{"floor":23.0,"key":"MawBank"},{"floor":25.0,"key":"vexMod:MemoryStick"},{"floor":26.0,"key":"Dota2Spire:CrimsonGuard"},{"floor":28.0,"key":"Replay:Ringing Soul"},{"floor":40,"key":"Dota2Spire:LinkenSphere"},{"floor":41,"key":"jedi:purplefairy"},{"floor":45,"key":"trackpad:CultistFigurine"},{"floor":46,"key":"conspire:InfiniteJournal"},{"floor":54,"key":"Bromod:ArcaneUltimatum"}],"event_choices":[{"cards_removed":["Shade:Strike_Shade"],"damage_healed":0.0,"max_hp_gain":0.0,"max_hp_loss":0.0,"gold_gain":0.0,"event_name":"Purifier","player_choice":"Purged","floor":4.0,"gold_loss":0.0,"damage_taken":0.0},{"damage_healed":0.0,"max_hp_gain":0.0,"max_hp_loss":0.0,"gold_gain":0.0,"event_name":"WeMeetAgain","player_choice":"Paid Gold","floor":14.0,"gold_loss":93.0,"damage_taken":0.0,"relics_obtained":["CCEMRelics:FestiveHat"]},{"damage_healed":0,"gold_gain":0,"player_choice":"Fight","damage_taken":0,"max_hp_gain":0,"max_hp_loss":0,"event_name":"Mysterious Sphere","floor":41,"gold_loss":0},{"damage_healed":0,"gold_gain":0,"player_choice":"Leave","damage_taken":0,"max_hp_gain":0,"max_hp_loss":0,"event_name":"conspire:Investor","floor":47,"gold_loss":0},{"damage_healed":0,"gold_gain":0,"player_choice":"Bought 0 Potions","damage_taken":0,"max_hp_gain":0,"max_hp_loss":0,"event_name":"The Woman in Blue","floor":48,"gold_loss":0}],"is_beta":false,"boss_relics":[{"not_picked":["aspiration:PoetsPen","Busted Crown"],"picked":"energizedSpire:SpiderWeb"},{"not_picked":["aspiration:RunicSpoon","aspiration:SecretTechniqueScroll"],"picked":"Abe\u0027s Treasure"}],"items_purged_floors":[0,0,38,44],"is_endless":false,"potions_floor_spawned":[10,12,16,18,23,30,37,41,46],"ascension_level":2}}