{"host":"7tvb1em0d2fx72q7","time":1607966080,"event":{"mods":["BaseMod","Challenge The Spire","Minty Spire (QoL Compilation)","StSLib","everything is the same but u backflip on backflip"],"gold_per_floor":[111,127,177,189,200,200,33,47,47,64,64,92,92,127,127,127,127],"floor_reached":16,"playtime":1619,"items_purged":[],"score":300,"play_id":"be4b3065-e56b-44cc-91c5-bd4374e44032","local_time":"20201214121440","is_ascension_mode":true,"campfire_choices":[{"data":"Swivel","floor":6,"key":"SMITH"},{"floor":15,"key":"REST"}],"circlet_count":0,"master_deck":["AscendersBane","Strike_P","Strike_P","Strike_P","Strike_P","Defend_P","Defend_P","Defend_P","Defend_P","Eruption","Vigilance","CarveReality","Protect","Swivel+1","Consecrate","TalkToTheHand","Sanctity","Halt","CutThroughFate"],"relics":["PureWater","Centennial Puzzle","HandDrill","Happy Flower","Nunchaku","Mercury Hourglass","Mummified Hand"],"acts_visited":["Exordium"],"potions_floor_usage":[8,12],"damage_taken":[{"damage":0,"enemies":"Jaw Worm","floor":1,"turns":5},{"damage":0,"enemies":"Cultist","floor":2,"turns":2},{"damage":5,"enemies":"2 Louse","floor":4,"turns":3},{"damage":4,"enemies":"Exordium Wildlife","floor":5,"turns":3},{"damage":5,"enemies":"Gremlin Gang","floor":8,"turns":4},{"damage":3,"enemies":"2 Fungi Beasts","floor":10,"turns":3},{"damage":24,"enemies":"Gremlin Nob","floor":12,"turns":3},{"damage":14,"enemies":"3 Sentries","floor":14,"turns":5},{"damage":7,"enemies":"The Guardian","floor":16,"turns":8}],"seed_played":"-5858962233196506493","potions_obtained":[{"floor":1,"key":"SkillPotion"},{"floor":5,"key":"Block Potion"},{"floor":8,"key":"LiquidBronze"},{"floor":12,"key":"Dexterity Potion"}],"is_trial":false,"path_per_floor":["M","M","?","M","M","R","$","M","T","M","?","E","T","E","R","B"],"character_chosen":"WATCHER","items_purchased":["HandDrill"],"campfire_rested":1,"item_purchase_floors":[7],"current_hp_per_floor":[61,61,61,56,52,52,52,47,47,44,44,20,20,6,26,19,19],"gold":127,"neow_bonus":"RANDOM_COMMON_RELIC","is_daily":false,"chose_seed":false,"campfire_upgraded":1,"win_rate":0.0,"timestamp":1607966080,"path_taken":["M","M","?","M","M","R","?","M","T","?","?","E","?","E","R","BOSS"],"items_purchased_type":["Relic"],"build_version":"2020-12-13","purchased_purges":0,"victory":false,"max_hp_per_floor":[68,68,68,68,68,68,68,68,68,68,68,68,68,68,68,68,68],"card_choices":[{"not_picked":["Evaluate","Consecrate"],"picked":"CarveReality","floor":1},{"not_picked":["ThirdEye","SignatureMove"],"picked":"Protect","floor":2},{"not_picked":["Collect","EmptyBody"],"picked":"Swivel","floor":4},{"not_picked":["EmptyBody","Pray"],"picked":"Consecrate","floor":5},{"not_picked":["ClearTheMind","PathToVictory"],"picked":"TalkToTheHand","floor":8},{"not_picked":["PathToVictory","Protect"],"picked":"Sanctity","floor":10},{"not_picked":["Nirvana","EmptyFist"],"picked":"Halt","floor":12},{"not_picked":["ClearTheMind","Prostrate"],"picked":"CutThroughFate","floor":14}],"player_experience":1838273,"relics_obtained":[{"floor":9,"key":"Happy Flower"},{"floor":12,"key":"Nunchaku"},{"floor":13,"key":"Mercury Hourglass"},{"floor":14,"key":"Mummified Hand"}],"event_choices":[{"damage_healed":0,"gold_gain":50,"player_choice":"Pray","damage_taken":0,"max_hp_gain":0,"max_hp_loss":0,"event_name":"Golden Shrine","floor":3,"gold_loss":0},{"damage_healed":0,"gold_gain":0,"player_choice":"Leave","damage_taken":0,"max_hp_gain":0,"max_hp_loss":0,"event_name":"The Cleric","floor":11,"gold_loss":0}],"is_beta":false,"boss_relics":[],"items_purged_floors":[],"is_endless":false,"potions_floor_spawned":[1,5,8,12],"killed_by":"The Guardian","ascension_level":17}}