{"host":"ku7h2vk4czvj6teb","time":1607953872,"event":{"mods":["2.2 Compatiblity","AchievementEnabler","Aspiration","BaseMod","Better Altar","Better Match","Better Note","Better Sensory Stone","Better Skull","Better Third Choice","Better Vampires","BetterRewards","Block Reminder","Colored Map","Colored Powertips","Conspire","Curses Come First","Downfall","Filter the Spire","Highlight Path","Hubris","Minty Spire (QoL Compilation)","Permanent Neow","Quick Restart","Rare Cards Sparkle","Relic Stats","Replay The Spire","Say the Spire","Shop Mod","Spicy Shops","StSLib","SuperFastMode","Swap Starting Deck Mod","Thieving Mod","Transform Curses","UnlockEverythingMod"],"gold_per_floor":[115,40,40,40,15,48,48,59,59,69,88,3,15,15,15,15,15],"floor_reached":16,"playtime":778,"items_purged":[],"score":100,"play_id":"2b7da9da-bfc8-4385-a1ff-9efedf1af5ba","local_time":"20201214135112","is_ascension_mode":false,"campfire_choices":[{"floor":7,"key":"RECALL"},{"floor":15,"key":"REST"}],"circlet_count":0,"master_deck":["Strike_R","Strike_R","Strike_R","Strike_R","Strike_R","Defend_R","Defend_R","Defend_R","Defend_R","Armaments","Cleave","ReplayTheSpireMod:Corrosion Curse","Injury","Disarm","Chrysalis","conspire:HitWhereItHurts","Armaments","ReplayTheSpireMod:Muscle Training","Uppercut","Rupture+1","ReplayReversal","Survivor","Neutralize"],"relics":["Burning Blood","Frozen Egg 2","Blood Vial"],"acts_visited":["Exordium"],"potions_floor_usage":[16,16,16],"damage_taken":[{"damage":2,"enemies":"2 Louse","floor":1,"turns":4},{"damage":41,"enemies":"Lagavulin","floor":6,"turns":11},{"damage":10,"enemies":"Jaw Worm","floor":8,"turns":6},{"damage":25,"enemies":"Small Slimes","floor":10,"turns":6},{"damage":11,"enemies":"3 Louse","floor":11,"turns":4},{"damage":7,"enemies":"Looter","floor":13,"turns":3},{"damage":51,"enemies":"Slime Boss","floor":16,"turns":8}],"seed_played":"1799082995549807813","potions_obtained":[{"floor":6,"key":"SkillPotion"},{"floor":8,"key":"Ancient Potion"},{"floor":10,"key":"Cursed Concoction"},{"floor":13,"key":"champ:CounterPotion"}],"is_trial":false,"path_per_floor":["M","$","?","?","$","E","R","M","T","M","M","$","M","?","R","B"],"character_chosen":"IRONCLAD","items_purchased":["Armaments","ReplayTheSpireMod:Corrosion Curse","Disarm","Chrysalis","Rupture+1"],"campfire_rested":1,"item_purchase_floors":[0,2,5,5,12],"current_hp_per_floor":[80,80,80,80,80,45,45,43,43,26,23,23,24,24,48,0,0],"gold":15,"neow_bonus":"","is_daily":false,"chose_seed":false,"campfire_upgraded":0,"win_rate":0.0,"timestamp":1607953872,"path_taken":["M","$","?","?","$","E","R","M","T","M","M","?","?","?","R","BOSS"],"items_purchased_type":["Card","Card","Card","Card","Card"],"build_version":"2020-12-13","purchased_purges":0,"victory":false,"max_hp_per_floor":[80,80,80,80,80,80,80,80,80,80,80,80,80,80,80,80,80],"relic_stats":{"Blood Vial":10,"counters":[12,63],"obtain_stats":[{"Blood Vial":6,"MealTicket":9,"CultistMask":2,"Ginger":4,"Frozen Egg 2":4,"Burning Blood":0},{"Blood Vial":7,"MealTicket":4,"CultistMask":1,"Ginger":2,"Frozen Egg 2":6,"Burning Blood":0},{"Blood Vial":36,"MealTicket":19,"CultistMask":4,"Ginger":9,"Frozen Egg 2":25,"Burning Blood":0}],"Burning Blood":32},"card_choices":[{"not_picked":["Body Slam","hubris:ReadiedAction"],"picked":"Cleave","floor":1},{"not_picked":["Dual Wield","Wild Strike"],"picked":"conspire:HitWhereItHurts","floor":6},{"not_picked":["Power Through","True Grit"],"picked":"Armaments","floor":8},{"not_picked":["Reckless Charge","Heavy Blade"],"picked":"ReplayTheSpireMod:Muscle Training","floor":10},{"not_picked":["Iron Wave","ReplayTheSpireMod:LeadingStrike"],"picked":"Uppercut","floor":11},{"not_picked":["Armaments","True Grit"],"picked":"ReplayReversal","floor":13}],"player_experience":196375,"relics_obtained":[{"floor":6,"key":"Blood Vial"}],"event_choices":[{"damage_healed":0,"gold_gain":0,"player_choice":"Leave","damage_taken":0,"max_hp_gain":0,"max_hp_loss":0,"event_name":"The Cleric","floor":3,"gold_loss":0}],"is_beta":false,"boss_relics":[],"items_purged_floors":[],"is_endless":false,"potions_floor_spawned":[6,8,10,13],"killed_by":"Slime Boss","ascension_level":0}}