{"host":"frvsqvcs3hhpssre","time":1607934978,"event":{"mods":["Act Like it!","Ascension Reborn","BaseMod","Better-Laid Plans","CapriCore","Challenge The Spire","Colored Powertips","Disable Question Mark Monsters","Friendly Minions","Highlight Path","Minty Spire (QoL Compilation)","MostiFishMod","Permanent Neow","Quick Restart","Relic Stats","Robot Space Explorer","Ryuuou龙王","StSLib","UnlockEverythingMod","noobMod","【遗物卡牌】REMEMod","篝火指南"],"gold_per_floor":[110,110,122,139,159,172,172,207,276,286,300,334,64,83,83,186,186,200,200,200,200,214,243,262,282,282,312,312,343,355,370,370,468,468,487,163,783,1433,1452,1342,1368,1383,1407,1065,1082,1101,1127,1142,686,686],"floor_reached":51,"playtime":2125,"items_purged":["RobotSpaceExplorer:Strike","RobotSpaceExplorer:Strike","RobotSpaceExplorer:Defend","RobotSpaceExplorer:Strike","RobotSpaceExplorer:Defend"],"score":1262,"play_id":"61a82b5b-295c-4ad7-b904-5768474e2582","local_time":"20201214163618","is_ascension_mode":true,"campfire_choices":[{"data":"RobotSpaceExplorer:MakeshiftVolley","floor":7,"key":"SMITH"},{"data":"RobotSpaceExplorer:PlasmaMissile","floor":15,"key":"SMITH"},{"data":"RobotSpaceExplorer:Pulsar","floor":28,"key":"SMITH"},{"data":"MostiFishMod:StarOceanP","floor":32,"key":"SMITH"}],"circlet_count":0,"master_deck":["RobotSpaceExplorer:Strike","RobotSpaceExplorer:Defend+1","RobotSpaceExplorer:Defend","RobotSpaceExplorer:Scan","RobotSpaceExplorer:MiniLasers+1","MostiFishMod:StarOceanP+1","RobotSpaceExplorer:Jetpack","RobotSpaceExplorer:MiniDrones+1","RobotSpaceExplorer:MakeshiftVolley+1","RobotSpaceExplorer:Comet+1","RobotSpaceExplorer:PlasmaMissile+1","RobotSpaceExplorer:Pulsar+1","RobotSpaceExplorer:TrailblazerForm+1","RobotSpaceExplorer:StarDust+1","RobotSpaceExplorer:Reload+1","RobotSpaceExplorer:Calculate+1","RobotSpaceExplorer:Accelerator","RobotSpaceExplorer:Multitool","RobotSpaceExplorer:Comet+1","RobotSpaceExplorer:StarLightning"],"relics":["RobotSpaceExplorer:RoboCore","ice","DaveBox","REME_ComplimentaryCards","PatriotShield","Question Card","Dream Catcher","RobotSpaceExplorer:PlasmaHourglass","Girya","War Paint","ImportantClient","xbg","Enchiridion","Art of War","Shuriken","Regal Pillow","ChiXiaoBlade","Membership Card","REME_HourglassOfDeath","Ancient Tea Set","Gambling Chip","Toxic Egg 2","Old Coin","RobotSpaceExplorer:SlideRule","Pen Nib","Akabeko","Mercury Hourglass","Whetstone","DollysMirror","Du-Vu Doll","SynthV","Dead Branch","Lizard Tail"],"acts_visited":["Exordium","TheCity","TheBeyond"],"potions_floor_usage":[16,16,29,31,37,38,38,45,50],"damage_taken":[{"damage":0,"enemies":"Jaw Worm","floor":1,"turns":1},{"damage":0,"enemies":"Small Slimes","floor":3,"turns":2},{"damage":0,"enemies":"2 Louse","floor":4,"turns":1},{"damage":0,"enemies":"Large Slime","floor":5,"turns":3},{"damage":0,"enemies":"Red Slaver","floor":6,"turns":2},{"damage":0,"enemies":"Gremlin Nob","floor":8,"turns":2},{"damage":0,"enemies":"2 Fungi Beasts","floor":10,"turns":1},{"damage":0,"enemies":"Exordium Wildlife","floor":11,"turns":1},{"damage":0,"enemies":"Lagavulin","floor":12,"turns":3},{"damage":0,"enemies":"Large Slime","floor":14,"turns":3},{"damage":0,"enemies":"Hexaghost","floor":16,"turns":4},{"damage":0,"enemies":"2 Thieves","floor":18,"turns":3},{"damage":0,"enemies":"Chosen","floor":22,"turns":1},{"damage":0,"enemies":"REME_1_Revenger","floor":23,"turns":5},{"damage":0,"enemies":"Snake Plant","floor":24,"turns":2},{"damage":0,"enemies":"3 Cultists","floor":25,"turns":1},{"damage":0,"enemies":"Gremlin Leader","floor":27,"turns":5},{"damage":0,"enemies":"Slavers","floor":29,"turns":3},{"damage":0,"enemies":"Snecko","floor":30,"turns":3},{"damage":0,"enemies":"Chosen and Byrds","floor":31,"turns":3},{"damage":0,"enemies":"Collector","floor":33,"turns":6},{"damage":0,"enemies":"3 Darklings","floor":35,"turns":3},{"damage":0,"enemies":"Orb Walker","floor":37,"turns":1},{"damage":0,"enemies":"Mind Bloom Boss Battle","floor":38,"turns":4},{"damage":0,"enemies":"Transient","floor":39,"turns":5},{"damage":0,"enemies":"Reptomancer","floor":41,"turns":3},{"damage":0,"enemies":"Maw","floor":42,"turns":4},{"damage":0,"enemies":"Jaw Worm Horde","floor":45,"turns":2},{"damage":0,"enemies":"Sphere and 2 Shapes","floor":46,"turns":2},{"damage":0,"enemies":"Giant Head","floor":47,"turns":3},{"damage":0,"enemies":"Spire Growth","floor":48,"turns":2},{"damage":0,"enemies":"Donu and Deca","floor":50,"turns":3}],"seed_played":"-5084423841272176332","potions_obtained":[{"floor":5,"key":"RobotSpaceExplorer:RecyclePotion"},{"floor":8,"key":"EssenceOfSteel"},{"floor":18,"key":"FearPotion"},{"floor":22,"key":"DuplicationPotion"},{"floor":24,"key":"EssenceOfSteel"},{"floor":29,"key":"SkillPotion"},{"floor":33,"key":"FearPotion"},{"floor":37,"key":"Ancient Potion"},{"floor":39,"key":"DuplicationPotion"},{"floor":46,"key":"BlessingOfTheForge"},{"floor":47,"key":"EssenceOfSteel"}],"is_trial":false,"path_per_floor":["M","?","M","M","M","M","R","E","T","M","M","E","$","M","R","B",null,"M","?","?","?","M","E","M","M","T","E","R","E","M","M","R","B",null,"M","$","M","?","M","R","E","M","T","R","M","M","E","M","R","B",null],"character_chosen":"RobotSpaceExplorer","items_purchased":["War Paint","RobotSpaceExplorer:Pulsar","Membership Card","REME_HourglassOfDeath","Ancient Tea Set","Toxic Egg 2","Old Coin","RobotSpaceExplorer:SlideRule","Mercury Hourglass","Whetstone","DollysMirror","SynthV","Dead Branch","Lizard Tail"],"campfire_rested":0,"item_purchase_floors":[13,13,36,36,36,40,40,40,44,44,44,49,49,49],"current_hp_per_floor":[82,82,82,82,82,82,82,82,82,82,82,82,82,82,82,82,82,82,82,66,66,66,66,66,66,66,66,66,66,66,66,66,66,82,82,82,82,82,82,82,82,82,82,82,82,82,82,82,82,82],"gold":686,"neow_bonus":"TEN_PERCENT_HP_BONUS","is_daily":false,"chose_seed":false,"campfire_upgraded":4,"win_rate":0.0,"timestamp":1607934978,"path_taken":["M","?","M","M","M","M","R","E","T","M","M","E","$","M","R","BOSS","M","?","?","?","M","E","M","M","T","E","R","E","M","M","R","BOSS","M","?","M","?","M","R","E","M","T","R","M","M","E","M","R","BOSS"],"items_purchased_type":["Relic","Card","Relic","Relic","Relic","Relic","Relic","Relic","Relic","Relic","Relic","Relic","Relic","Relic"],"build_version":"2020-12-13","purchased_purges":5,"victory":true,"max_hp_per_floor":[82,82,82,82,82,82,82,82,82,82,82,82,82,82,82,82,82,82,82,82,82,82,82,82,82,82,82,82,82,82,82,82,82,82,82,82,82,82,82,82,82,82,82,82,82,82,82,82,82,82],"relic_stats":{"Regal Pillow":0,"counters":[32,87],"Dead Branch":[4],"Pen Nib":[6],"Whetstone":["RobotSpaceExplorer:MiniDrones","RobotSpaceExplorer:MiniLasers"],"War Paint":["RobotSpaceExplorer:Defend","RobotSpaceExplorer:Comet"],"Question Card":30,"Mercury Hourglass":[43],"Dream Catcher":0,"Lizard Tail":0,"Shuriken":[36],"Gambling Chip":[21],"Art of War":[7],"obtain_stats":[{"PatriotShield":0,"Regal Pillow":29,"RobotSpaceExplorer:SlideRule":40,"DaveBox":0,"SynthV":49,"RobotSpaceExplorer:PlasmaHourglass":9,"Enchiridion":20,"ice":0,"Whetstone":44,"Ancient Tea Set":36,"Old Coin":40,"Dream Catcher":8,"Lizard Tail":49,"DollysMirror":44,"Gambling Chip":38,"Toxic Egg 2":40,"ImportantClient":16,"Girya":12,"Dead Branch":49,"RobotSpaceExplorer:RoboCore":0,"Pen Nib":41,"War Paint":13,"Question Card":1,"Akabeko":43,"Mercury Hourglass":44,"Du-Vu Doll":47,"REME_HourglassOfDeath":36,"Shuriken":27,"ChiXiaoBlade":34,"Art of War":23,"Membership Card":36,"xbg":17,"REME_ComplimentaryCards":0},{"PatriotShield":0,"Regal Pillow":18,"RobotSpaceExplorer:SlideRule":25,"DaveBox":0,"SynthV":31,"RobotSpaceExplorer:PlasmaHourglass":6,"Enchiridion":12,"ice":0,"Whetstone":27,"Ancient Tea Set":22,"Old Coin":25,"Dream Catcher":6,"Lizard Tail":31,"DollysMirror":27,"Gambling Chip":24,"Toxic Egg 2":25,"ImportantClient":11,"Girya":9,"Dead Branch":31,"RobotSpaceExplorer:RoboCore":0,"Pen Nib":26,"War Paint":9,"Question Card":1,"Akabeko":27,"Mercury Hourglass":27,"Du-Vu Doll":30,"REME_HourglassOfDeath":22,"Shuriken":17,"ChiXiaoBlade":21,"Art of War":14,"Membership Card":22,"xbg":11,"REME_ComplimentaryCards":0},{"PatriotShield":0,"Regal Pillow":43,"RobotSpaceExplorer:SlideRule":68,"DaveBox":0,"SynthV":84,"RobotSpaceExplorer:PlasmaHourglass":11,"Enchiridion":26,"ice":0,"Whetstone":75,"Ancient Tea Set":58,"Old Coin":68,"Dream Catcher":11,"Lizard Tail":84,"DollysMirror":75,"Gambling Chip":63,"Toxic Egg 2":68,"ImportantClient":23,"Girya":16,"Dead Branch":84,"RobotSpaceExplorer:RoboCore":0,"Pen Nib":71,"War Paint":16,"Question Card":1,"Akabeko":75,"Mercury Hourglass":75,"Du-Vu Doll":82,"REME_HourglassOfDeath":58,"Shuriken":40,"ChiXiaoBlade":55,"Art of War":32,"Membership Card":58,"xbg":23,"REME_ComplimentaryCards":0}]},"card_choices":[{"not_picked":["RobotSpaceExplorer:GlueShot","RobotSpaceExplorer:FranticSearch"],"picked":"RobotSpaceExplorer:Jetpack","floor":1},{"not_picked":["RobotSpaceExplorer:Smokescreen","RobotSpaceExplorer:Pulsar","RobotSpaceExplorer:Discharger"],"picked":"RobotSpaceExplorer:MiniDrones","floor":3},{"not_picked":["RobotSpaceExplorer:Smokescreen","RobotSpaceExplorer:FreezingShield","RobotSpaceExplorer:Pulsar","RobotSpaceExplorer:Asteroid"],"picked":"SKIP","floor":4},{"not_picked":["RobotSpaceExplorer:SwiftStep","RobotSpaceExplorer:ImprovisedAttack","RobotSpaceExplorer:Counterblock"],"picked":"RobotSpaceExplorer:MakeshiftVolley","floor":5},{"not_picked":["RobotSpaceExplorer:MakeshiftVolley","RobotSpaceExplorer:DoubleBlock","RobotSpaceExplorer:MetalStrike","RobotSpaceExplorer:LaserBurst"],"picked":"SKIP","floor":6},{"not_picked":["RobotSpaceExplorer:GlueSpray","RobotSpaceExplorer:FreezeRay","RobotSpaceExplorer:Electropulse"],"picked":"RobotSpaceExplorer:Comet","floor":8},{"not_picked":["RobotSpaceExplorer:ShockKick","RobotSpaceExplorer:GlueShot","RobotSpaceExplorer:ImprovisedAttack","RobotSpaceExplorer:Counterblock"],"picked":"SKIP","floor":10},{"not_picked":["RobotSpaceExplorer:Probe","RobotSpaceExplorer:Fix","RobotSpaceExplorer:ExhaustFan"],"picked":"RobotSpaceExplorer:PlasmaMissile","floor":11},{"not_picked":["RobotSpaceExplorer:FreezingShield","RobotSpaceExplorer:Arsenal","RobotSpaceExplorer:SurgingStrike","RobotSpaceExplorer:SlimeMissile"],"picked":"SKIP","floor":12},{"not_picked":["RobotSpaceExplorer:ImprovisedAttack","RobotSpaceExplorer:FreezeRay","RobotSpaceExplorer:SwiftStep","RobotSpaceExplorer:BigMissile"],"picked":"SKIP","floor":14},{"not_picked":["RobotSpaceExplorer:Asteroid","RobotSpaceExplorer:BlastShield","RobotSpaceExplorer:DroneSwarm"],"picked":"RobotSpaceExplorer:TrailblazerForm","floor":16},{"not_picked":["RobotSpaceExplorer:BigMissile","RobotSpaceExplorer:MiniBoosters","RobotSpaceExplorer:Counterblock","RobotSpaceExplorer:StunGrenade"],"picked":"SKIP","floor":18},{"not_picked":["RobotSpaceExplorer:GlueShot","RobotSpaceExplorer:Ammunition","RobotSpaceExplorer:ShockKick","RobotSpaceExplorer:SwiftStep"],"picked":"SKIP","floor":22},{"not_picked":["RobotSpaceExplorer:IronShell+1","RobotSpaceExplorer:FranticSearch+1","RobotSpaceExplorer:Pulsar"],"picked":"RobotSpaceExplorer:StarDust+1","floor":23},{"not_picked":["RobotSpaceExplorer:SurgingStrike","RobotSpaceExplorer:MetalStrike","RobotSpaceExplorer:Pulsar","RobotSpaceExplorer:ShockKick"],"picked":"SKIP","floor":24},{"not_picked":["RobotSpaceExplorer:Electropulse","RobotSpaceExplorer:StunGrenade+1","RobotSpaceExplorer:Counterblock","RobotSpaceExplorer:FranticSearch"],"picked":"SKIP","floor":25},{"not_picked":["RobotSpaceExplorer:SlimeMissile","RobotSpaceExplorer:DoubleBlock+1","RobotSpaceExplorer:ChargingLaser","RobotSpaceExplorer:Calculate"],"picked":"SKIP","floor":27},{"not_picked":["RobotSpaceExplorer:DoubleBlock","RobotSpaceExplorer:MiniDrones","RobotSpaceExplorer:ScrapMissile+1","RobotSpaceExplorer:FrostMissile"],"picked":"RobotSpaceExplorer:Reload+1","floor":29},{"not_picked":["RobotSpaceExplorer:Electroshield+1","RobotSpaceExplorer:SurgingStrike","RobotSpaceExplorer:StarDust","RobotSpaceExplorer:DualCore"],"picked":"SKIP","floor":30},{"not_picked":["RobotSpaceExplorer:MetalStrike","RobotSpaceExplorer:MiniDrones","RobotSpaceExplorer:JunkDive+1"],"picked":"RobotSpaceExplorer:Calculate+1","floor":31},{"not_picked":["RobotSpaceExplorer:DroneSwarm","RobotSpaceExplorer:TrailblazerForm","RobotSpaceExplorer:ShockMissile"],"picked":"RobotSpaceExplorer:Accelerator","floor":33},{"not_picked":["RobotSpaceExplorer:ShovelStrike+1","RobotSpaceExplorer:StunGrenade+1","RobotSpaceExplorer:Counterblock+1","RobotSpaceExplorer:SlimeMissile+1"],"picked":"SKIP","floor":35},{"not_picked":["RobotSpaceExplorer:DualCore+1","RobotSpaceExplorer:SurgingStrike+1","RobotSpaceExplorer:MiniDrones","RobotSpaceExplorer:FrostMissile+1"],"picked":"SKIP","floor":37},{"not_picked":["RobotSpaceExplorer:SlimeMissile","RobotSpaceExplorer:Counterblock+1","RobotSpaceExplorer:ImprovisedAttack+1","RobotSpaceExplorer:ShockKick"],"picked":"SKIP","floor":39},{"not_picked":["RobotSpaceExplorer:BigMissile","RobotSpaceExplorer:IronShell+1","RobotSpaceExplorer:Explosion"],"picked":"RobotSpaceExplorer:Multitool","floor":41},{"not_picked":["RobotSpaceExplorer:ShovelStrike+1","RobotSpaceExplorer:Pulsar+1","RobotSpaceExplorer:ScrapToss+1","RobotSpaceExplorer:ShockKick","RobotSpaceExplorer:Jetpack+1"],"picked":"SKIP","floor":42},{"not_picked":["RobotSpaceExplorer:JunkDive+1","RobotSpaceExplorer:Discharger","RobotSpaceExplorer:Jetpack+1","RobotSpaceExplorer:Pulsar+1"],"picked":"SKIP","floor":45},{"not_picked":["RobotSpaceExplorer:FranticSearch+1","RobotSpaceExplorer:Ammunition+1","RobotSpaceExplorer:MiniDrones+1"],"picked":"RobotSpaceExplorer:StarLightning","floor":46},{"not_picked":["RobotSpaceExplorer:MetalStrike+1","RobotSpaceExplorer:SlimeMissile+1","RobotSpaceExplorer:Blitz+1","RobotSpaceExplorer:MakeshiftVolley"],"picked":"SKIP","floor":47},{"not_picked":["RobotSpaceExplorer:ChargingLaser","RobotSpaceExplorer:StunGrenade+1","RobotSpaceExplorer:Counterblock+1","RobotSpaceExplorer:SelfCleaning+1"],"picked":"SKIP","floor":48}],"player_experience":62452,"relics_obtained":[{"floor":1,"key":"Question Card"},{"floor":8,"key":"Dream Catcher"},{"floor":9,"key":"RobotSpaceExplorer:PlasmaHourglass"},{"floor":12,"key":"Girya"},{"floor":16,"key":"ImportantClient"},{"floor":20,"key":"Enchiridion"},{"floor":23,"key":"Art of War"},{"floor":27,"key":"Shuriken"},{"floor":29,"key":"Regal Pillow"},{"floor":38,"key":"Gambling Chip"},{"floor":41,"key":"Pen Nib"},{"floor":43,"key":"Akabeko"},{"floor":47,"key":"Du-Vu Doll"}],"event_choices":[{"damage_healed":0,"gold_gain":0,"player_choice":"Ignored","damage_taken":0,"max_hp_gain":0,"max_hp_loss":0,"event_name":"Golden Wing","floor":2,"gold_loss":0},{"damage_healed":0,"gold_gain":0,"player_choice":"Ignored","damage_taken":0,"max_hp_gain":0,"max_hp_loss":0,"event_name":"Vampires","floor":19,"gold_loss":0},{"damage_healed":0,"gold_gain":0,"player_choice":"Obtained Book","damage_taken":16,"max_hp_gain":0,"max_hp_loss":0,"event_name":"Cursed Tome","floor":20,"gold_loss":0},{"damage_healed":0,"gold_gain":0,"player_choice":"Upgraded","damage_taken":0,"max_hp_gain":0,"max_hp_loss":0,"event_name":"Upgrade Shrine","floor":21,"gold_loss":0,"cards_upgraded":["RobotSpaceExplorer:TrailblazerForm"]},{"damage_healed":0,"gold_gain":0,"player_choice":"Fight","damage_taken":0,"max_hp_gain":0,"max_hp_loss":0,"event_name":"MindBloom","floor":38,"gold_loss":0}],"is_beta":false,"boss_relics":[{"not_picked":["GuanYuAspect","EE1DDrone"],"picked":"xbg"},{"not_picked":["BirthdayGift-Tetrahedron","Cursed Key"],"picked":"ChiXiaoBlade"}],"items_purged_floors":[13,36,40,44,49],"is_endless":false,"potions_floor_spawned":[5,8,11,12,18,22,24,27,29,33,37,39,46,47],"ascension_level":0}}