{"host":"nox","time":1607924990,"event":{"mods":["BaseMod","Colored Powertips","Minty Spire (QoL Compilation)","Quick Restart","Replay The Spire","StSLib"],"gold_per_floor":[115,127,141,170,189,222,222,232,308,322,322,357,357,389,389,492,492,502,529,619,636,647,647,657,683,761,779,779,779,779],"floor_reached":29,"playtime":1172,"items_purged":[],"score":359,"play_id":"8b20d556-01b4-4d30-bcd9-6d455e6d0681","local_time":"20201214124950","is_ascension_mode":true,"campfire_choices":[{"data":"Demon Form","floor":7.0,"key":"SMITH"},{"data":"Armaments","floor":11.0,"key":"SMITH"},{"floor":15.0,"key":"RECALL"},{"floor":23,"key":"REST"}],"circlet_count":0,"master_deck":["Strike_R","Strike_R","Strike_R","Strike_R","Strike_R","Defend_R","Defend_R","Defend_R","Bash","Disarm","Entrench","Perfected Strike","Demon Form+1","Armaments+1","Exhume","Disarm","Limit Break","Clash","Whirlwind+1","Perfected Strike","Replay:Many Hands"],"relics":["Burning Blood","Replay:Towering Pillar of Hats","Pear","Garlic","Bird Faced Urn","Bronze Scales","Velvet Choker","Red Mask","Gremlin Food"],"acts_visited":["Exordium","TheCity"],"potions_floor_usage":[16,21,24],"damage_taken":[{"damage":3.0,"enemies":"Small Slimes","floor":1.0,"turns":4.0},{"damage":7.0,"enemies":"2 Louse","floor":2.0,"turns":4.0},{"damage":6.0,"enemies":"Cultist","floor":3.0,"turns":3.0},{"damage":1.0,"enemies":"Exordium Wildlife","floor":5.0,"turns":4.0},{"damage":27.0,"enemies":"Gremlin Nob","floor":6.0,"turns":5.0},{"damage":12.0,"enemies":"Looter","floor":8.0,"turns":4.0},{"damage":0.0,"enemies":"Large Slime","floor":10.0,"turns":4.0},{"damage":5.0,"enemies":"Lagavulin","floor":12.0,"turns":7.0},{"damage":19.0,"enemies":"Replay:BlueRogue","floor":14.0,"turns":6.0},{"damage":35,"enemies":"Slime Boss","floor":16,"turns":7},{"damage":19,"enemies":"Shell Parasite","floor":18,"turns":7},{"damage":59,"enemies":"Masked Bandits","floor":19,"turns":6},{"damage":0,"enemies":"3 Byrds","floor":21,"turns":4},{"damage":0,"enemies":"Snake Plant","floor":22,"turns":4},{"damage":22,"enemies":"Centurion and Healer","floor":24,"turns":5},{"damage":14,"enemies":"Replay:Snechameleon","floor":25,"turns":5},{"damage":22,"enemies":"Snecko","floor":27,"turns":5},{"damage":13,"enemies":"Slavers","floor":29,"turns":2}],"seed_played":"7087724798936966025","potions_obtained":[{"floor":1.0,"key":"SkillPotion"},{"floor":5.0,"key":"SpeedPotion"},{"floor":6.0,"key":"Doom Potion"},{"floor":8.0,"key":"LifebloodPotion"},{"floor":12.0,"key":"Strength Potion"},{"floor":19,"key":"ColorlessPotion"},{"floor":22,"key":"Fire Potion"}],"is_trial":false,"path_per_floor":["M","M","M","?","M","E","R","M","T","M","R","E","?","E","R","B",null,"M","?","?","M","M","R","M","E","T","M","$","E"],"character_chosen":"IRONCLAD","items_purchased":[],"campfire_rested":1,"item_purchase_floors":[],"current_hp_per_floor":[88,87,87,65,70,59,59,53,53,59,59,60,53,42,42,15,77,66,15,3,9,17,46,32,26,26,10,10,0,0],"gold":779,"neow_bonus":"TEN_PERCENT_HP_BONUS","is_daily":false,"chose_seed":false,"campfire_upgraded":2,"win_rate":0.0,"timestamp":1607924990,"path_taken":["M","M","M","?","M","E","R","?","T","M","R","E","?","E","R","BOSS","M","?","?","M","M","R","M","E","T","M","$","E"],"items_purchased_type":[],"build_version":"2020-11-17","purchased_purges":0,"victory":false,"max_hp_per_floor":[88,88,88,88,88,98,98,98,98,98,98,98,98,98,98,98,98,98,98,98,98,98,98,98,98,98,98,98,98,98],"card_choices":[{"not_picked":["Armaments","Dark Embrace"],"picked":"Disarm","floor":1.0},{"not_picked":["Twin Strike","Replay:Undeath\u0027s Touch"],"picked":"Entrench","floor":2.0},{"not_picked":["Rage","Thunderclap"],"picked":"Perfected Strike","floor":3.0},{"not_picked":["Clash","Battle Trance"],"picked":"Demon Form","floor":4.0},{"not_picked":["Headbutt","Wild Strike","Whirlwind"],"picked":"SKIP","floor":5.0},{"not_picked":["Shrug It Off","Flex","Anger"],"picked":"SKIP","floor":6.0},{"not_picked":["Reckless Charge","Life Link"],"picked":"Armaments","floor":8.0},{"not_picked":["Thunderclap","Life Link","Carnage"],"picked":"SKIP","floor":10.0},{"not_picked":["Cleave","Defy Death"],"picked":"Exhume","floor":12.0},{"not_picked":["Dark Embrace","Perfected Strike"],"picked":"Disarm","floor":14.0},{"not_picked":["Double Tap","Immolate"],"picked":"Limit Break","floor":16},{"not_picked":["Pommel Strike","Cleave+1","Anger"],"picked":"SKIP","floor":18},{"not_picked":["Run Through","True Grit"],"picked":"Clash","floor":19},{"not_picked":["Iron Wave","Offering","ReplayTheSpireMod:Limb From Limb+1"],"picked":"SKIP","floor":21},{"not_picked":["Twin Strike","Thunderclap"],"picked":"Whirlwind+1","floor":22},{"not_picked":["Thunderclap","Iron Wave","Wild Strike"],"picked":"SKIP","floor":24},{"not_picked":["ReplayTheSpireMod:Muscle Training","Ghostly Armor"],"picked":"Perfected Strike","floor":25},{"not_picked":["Havoc","Life Link"],"picked":"Replay:Many Hands","floor":27}],"player_experience":93240,"relics_obtained":[{"floor":4.0,"key":"Replay:Towering Pillar of Hats"},{"floor":6.0,"key":"Pear"},{"floor":9.0,"key":"Garlic"},{"floor":12.0,"key":"Bird Faced Urn"},{"floor":14.0,"key":"Bronze Scales"},{"floor":19,"key":"Red Mask"},{"floor":25,"key":"Gremlin Food"}],"event_choices":[{"cards_removed":["Defend_R"],"damage_healed":0.0,"max_hp_gain":0.0,"max_hp_loss":0.0,"gold_gain":0.0,"event_name":"Golden Wing","player_choice":"Card Removal","floor":13.0,"gold_loss":0.0,"damage_taken":7.0},{"damage_healed":0,"gold_gain":0,"player_choice":"Fought Bandits","damage_taken":0,"max_hp_gain":0,"max_hp_loss":0,"event_name":"Masked Bandits","floor":19,"gold_loss":0},{"damage_healed":0,"gold_gain":90,"player_choice":"GOLD ","damage_taken":12,"max_hp_gain":0,"max_hp_loss":0,"event_name":"Knowing Skull","floor":20,"potions_obtained":[],"gold_loss":0,"cards_obtained":[]}],"is_beta":true,"boss_relics":[{"not_picked":["Ring of Chaos","ReplayTheSpireMod:DimensionalGlitch"],"picked":"Velvet Choker"}],"items_purged_floors":[],"is_endless":false,"potions_floor_spawned":[1,5,6,8,12,19,22],"killed_by":"Slavers","ascension_level":5}}