{"host":"q9718omregw4er46","time":1607980684,"event":{"mods":["BaseMod","Bestiary","Colored Powertips","Custom Start","Highlight Path","Minty Spire (QoL Compilation)","Practice Mode","Quick Restart","Relic Stats"],"gold_per_floor":[112,129,148,148,148,148,174,174,255,266,276,310,310,337,337,412,412,412,412,332,332],"floor_reached":20,"playtime":607,"items_purged":[],"score":374,"play_id":"16abebe2-c8e4-45d2-94ab-20adbc09a5bd","local_time":"20201215021804","is_ascension_mode":true,"campfire_choices":[{"data":"Static Discharge","floor":6.0,"key":"SMITH"},{"floor":8,"key":"REST"},{"data":"Barrage","floor":13,"key":"SMITH"},{"data":"Seek","floor":15,"key":"SMITH"}],"circlet_count":0,"master_deck":["AscendersBane","Strike_B","Strike_B","Strike_B","Strike_B+1","Defend_B+1","Defend_B+1","Defend_B","Defend_B","Zap","Dualcast","Capacitor+1","Static Discharge+1","Sunder+1","Seek+1","Barrage+1","Steam","Doom and Gloom","Hyperbeam","Biased Cognition","Coolheaded"],"relics":["Cracked Core","Anchor","War Paint","Mercury Hourglass","Du-Vu Doll","Pocketwatch","Ectoplasm"],"acts_visited":["Exordium","TheCity"],"potions_floor_usage":[12],"damage_taken":[{"damage":1.0,"enemies":"Cultist","floor":1.0,"turns":3.0},{"damage":0.0,"enemies":"2 Louse","floor":2.0,"turns":2.0},{"damage":7.0,"enemies":"Small Slimes","floor":3.0,"turns":4.0},{"damage":8.0,"enemies":"Gremlin Nob","floor":7.0,"turns":3.0},{"damage":1,"enemies":"Looter","floor":10,"turns":2},{"damage":0,"enemies":"3 Louse","floor":11,"turns":2},{"damage":10,"enemies":"3 Sentries","floor":12,"turns":8},{"damage":21,"enemies":"Lagavulin","floor":14,"turns":6},{"damage":10,"enemies":"The Guardian","floor":16,"turns":9},{"damage":18,"enemies":"Chosen","floor":18,"turns":3},{"damage":20,"enemies":"2 Thieves","floor":20,"turns":3}],"seed_played":"2874779724912040024","potions_obtained":[{"floor":2.0,"key":"AttackPotion"},{"floor":7,"key":"EssenceOfSteel"},{"floor":11,"key":"Ancient Potion"},{"floor":14,"key":"ColorlessPotion"},{"floor":16,"key":"Energy Potion"}],"is_trial":false,"path_per_floor":["M","M","M","?","?","R","E","R","T","M","M","E","R","E","R","B",null,"M","?","M"],"character_chosen":"DEFECT","items_purchased":[],"campfire_rested":1,"item_purchase_floors":[],"current_hp_per_floor":[63,63,56,56,35,35,27,48,48,47,47,37,37,16,16,6,55,37,17,0,0],"gold":332,"neow_bonus":"RANDOM_COMMON_RELIC","is_daily":false,"chose_seed":false,"campfire_upgraded":3,"win_rate":0.0,"timestamp":1607980684,"path_taken":["M","?","M","?","?","R","E","R","T","M","M","E","R","E","R","BOSS","M","?","M"],"items_purchased_type":[],"build_version":"2020-12-13","purchased_purges":0,"victory":false,"max_hp_per_floor":[71,71,71,71,71,71,71,71,71,71,71,71,71,71,71,71,71,71,76,76,76],"relic_stats":{"counters":[11,44],"Ectoplasm":13,"War Paint":["Defend_B","Defend_B"],"obtain_stats":[{"Du-Vu Doll":12,"Anchor":0,"Ectoplasm":17,"War Paint":7,"Cracked Core":0,"Mercury Hourglass":9,"Pocketwatch":14},{"Du-Vu Doll":7,"Anchor":0,"Ectoplasm":9,"War Paint":4,"Cracked Core":0,"Mercury Hourglass":4,"Pocketwatch":8},{"Du-Vu Doll":23,"Anchor":0,"Ectoplasm":38,"War Paint":12,"Cracked Core":0,"Mercury Hourglass":12,"Pocketwatch":29}],"Mercury Hourglass":[83],"Pocketwatch":[30]},"card_choices":[{"not_picked":["Coolheaded","Barrage"],"picked":"Capacitor","floor":1.0},{"not_picked":["Compile Driver","Melter"],"picked":"Static Discharge","floor":2.0},{"not_picked":["Stack","Coolheaded"],"picked":"Sunder","floor":3.0},{"not_picked":["Sweeping Beam","Storm"],"picked":"Seek","floor":7},{"not_picked":["Barrage","Scrape","Blizzard"],"picked":"SKIP","floor":10},{"not_picked":["Scrape","Blizzard"],"picked":"Barrage","floor":10},{"not_picked":["Tempest","Fusion"],"picked":"Steam","floor":11},{"not_picked":["Rebound","Sweeping Beam"],"picked":"Doom and Gloom","floor":12},{"not_picked":["Skim","Steam"],"picked":"Hyperbeam","floor":14},{"not_picked":["Creative AI","Seek"],"picked":"Biased Cognition","floor":16},{"not_picked":["Steam","Gash"],"picked":"Coolheaded","floor":18}],"player_experience":1015690,"relics_obtained":[{"floor":7,"key":"War Paint"},{"floor":9,"key":"Mercury Hourglass"},{"floor":12,"key":"Du-Vu Doll"},{"floor":14,"key":"Pocketwatch"}],"event_choices":[{"damage_healed":0.0,"max_hp_gain":0.0,"max_hp_loss":0.0,"gold_gain":0.0,"event_name":"Living Wall","player_choice":"Grow","floor":4.0,"gold_loss":0.0,"damage_taken":0.0,"cards_upgraded":["Sunder"]},{"damage_healed":0.0,"max_hp_gain":0.0,"max_hp_loss":0.0,"gold_gain":0.0,"event_name":"Shining Light","player_choice":"Entered Light","floor":5.0,"gold_loss":0.0,"damage_taken":21.0,"cards_upgraded":["Strike_B","Capacitor"]},{"damage_healed":0,"gold_gain":0,"player_choice":"Shed Blood","damage_taken":25,"max_hp_gain":5,"max_hp_loss":0,"event_name":"Forgotten Altar","floor":19,"gold_loss":0}],"is_beta":false,"boss_relics":[{"not_picked":["Calling Bell","Sozu"],"picked":"Ectoplasm"}],"items_purged_floors":[],"is_endless":false,"potions_floor_spawned":[2,7,11,14,16],"killed_by":"2 Thieves","ascension_level":19}}