{"host":"11728qvdvolffudn","time":1607941442,"event":{"mods":["BaseMod","Block Reminder","Colored Powertips","Custom Start","Displayed Cursed Tome","Highlight Path","Minty Spire (QoL Compilation)","Permanent Neow","Quick Restart","Rare Cards Sparkle","Relic Stats"],"gold_per_floor":[113,128,128,144,23,23,51,63,151,174,35,51,51,63,63,165,215,227,227,227],"floor_reached":19,"playtime":1026,"items_purged":["Regret"],"score":194,"play_id":"20baf001-793a-4ca1-be66-8b5cc5a52687","local_time":"20201214102402","is_ascension_mode":false,"campfire_choices":[{"data":"Limit Break","floor":6,"key":"SMITH"},{"data":"Flex","floor":8,"key":"SMITH"},{"data":"Limit Break","floor":15,"key":"SMITH"}],"circlet_count":0,"master_deck":["Strike_R","Strike_R+1","Strike_R","Strike_R","Defend_R","Defend_R","Defend_R","Defend_R","Bash","Limit Break+1","Second Wind","Flex","Flex+1","Cleave","Limit Break+1","Feed"],"relics":["Burning Blood","MawBank","Pear","Membership Card","Tiny House"],"acts_visited":["Exordium","TheCity"],"potions_floor_usage":[16],"damage_taken":[{"damage":6,"enemies":"2 Louse","floor":1,"turns":2},{"damage":4,"enemies":"Cultist","floor":2,"turns":3},{"damage":7,"enemies":"Small Slimes","floor":4,"turns":3},{"damage":40,"enemies":"Lagavulin","floor":7,"turns":6},{"damage":13,"enemies":"Red Slaver","floor":10,"turns":4},{"damage":11,"enemies":"2 Fungi Beasts","floor":12,"turns":3},{"damage":10,"enemies":"Looter","floor":14,"turns":4},{"damage":19,"enemies":"The Guardian","floor":16,"turns":6},{"damage":37,"enemies":"Shell Parasite","floor":18,"turns":6},{"damage":48,"enemies":"3 Byrds","floor":19,"turns":5}],"seed_played":"-4634192210784614650","potions_obtained":[{"floor":1,"key":"PowerPotion"},{"floor":4,"key":"EssenceOfSteel"},{"floor":17,"key":"CultistPotion"}],"is_trial":false,"path_per_floor":["M","M","?","M","$","R","E","R","T","M","$","M","?","M","R","B",null,"M","M"],"character_chosen":"IRONCLAD","items_purchased":["Flex","Membership Card"],"campfire_rested":0,"item_purchase_floors":[5,11],"current_hp_per_floor":[80,80,80,79,79,79,45,45,55,48,48,43,43,39,39,26,95,67,19,19],"gold":227,"neow_bonus":"THREE_RARE_CARDS","is_daily":false,"chose_seed":false,"campfire_upgraded":3,"win_rate":0.0,"timestamp":1607941442,"path_taken":["M","M","?","M","$","R","E","R","T","?","$","M","?","M","R","BOSS","M","M"],"items_purchased_type":["Card","Relic"],"build_version":"2020-12-13","purchased_purges":1,"victory":false,"max_hp_per_floor":[80,80,80,80,80,80,80,80,90,90,90,90,90,90,90,90,95,98,98,98],"relic_stats":{"counters":[10,42],"MawBank":48,"obtain_stats":[{"Pear":9,"Tiny House":17,"Membership Card":11,"MawBank":7,"Burning Blood":0},{"Pear":4,"Tiny House":8,"Membership Card":5,"MawBank":4,"Burning Blood":0},{"Pear":14,"Tiny House":31,"Membership Card":18,"MawBank":14,"Burning Blood":0}],"Burning Blood":52},"card_choices":[{"not_picked":["Demon Form","Immolate"],"picked":"Limit Break","floor":0},{"not_picked":["True Grit","Perfected Strike","Uppercut"],"picked":"SKIP","floor":1},{"not_picked":["Combust","Fire Breathing"],"picked":"Metallicize","floor":2},{"not_picked":["Fire Breathing","Flame Barrier"],"picked":"Flex","floor":4},{"not_picked":["Armaments","Sword Boomerang"],"picked":"Cleave","floor":7},{"not_picked":["Flame Barrier","Body Slam","Anger"],"picked":"SKIP","floor":10},{"not_picked":["Clothesline","Perfected Strike","Clash"],"picked":"SKIP","floor":12},{"not_picked":["Wild Strike","Second Wind"],"picked":"Limit Break","floor":14},{"not_picked":["Fiend Fire","Reaper"],"picked":"Feed","floor":16},{"not_picked":["Uppercut+1","Seeing Red","Iron Wave+1"],"picked":"SKIP","floor":18}],"player_experience":123459,"relics_obtained":[{"floor":7,"key":"MawBank"},{"floor":9,"key":"Pear"}],"event_choices":[{"damage_healed":0,"gold_gain":0,"cards_transformed":["Metallicize"],"player_choice":"Transformed","damage_taken":0,"max_hp_gain":0,"max_hp_loss":0,"event_name":"Transmorgrifier","floor":3,"gold_loss":0,"cards_obtained":["Second Wind"]},{"cards_removed":["Strike_R"],"damage_healed":0,"gold_gain":0,"player_choice":"Purged","damage_taken":0,"max_hp_gain":0,"max_hp_loss":0,"event_name":"Purifier","floor":13,"gold_loss":0}],"is_beta":false,"boss_relics":[{"not_picked":["Pandora\u0027s Box","Empty Cage"],"picked":"Tiny House"}],"items_purged_floors":[5],"is_endless":false,"potions_floor_spawned":[1,4],"killed_by":"3 Byrds","ascension_level":0}}