{"host":"udzsrhbqdxqtlypj","time":1607974310,"event":{"mods":["BaseMod","Minty Spire (QoL Compilation)","Relic Stats"],"gold_per_floor":[111,131,131,4,15,15,344,363,440,440,470,470,501,150,150,150,150],"floor_reached":16,"playtime":616,"items_purged":["Decay"],"score":177,"play_id":"c6c5205e-a3f0-42bf-bf3f-24da387cfbce","local_time":"20201214133150","is_ascension_mode":true,"campfire_choices":[{"data":"Bash","floor":6,"key":"SMITH"},{"data":"Dark Embrace","floor":10,"key":"SMITH"},{"data":"Ghostly Armor","floor":12,"key":"SMITH"},{"data":"Anger","floor":15,"key":"SMITH"}],"circlet_count":0,"master_deck":["AscendersBane","Strike_R","Strike_R","Strike_R","Strike_R","Strike_R","Defend_R","Defend_R","Defend_R","Defend_R","Bash+1","Twin Strike","Anger+1","Ghostly Armor+1","Dark Embrace+1","Burning Pact","Exhume","Power Through","Headbutt","Shrug It Off"],"relics":["Burning Blood","Old Coin","Gremlin Horn","Oddly Smooth Stone","Darkstone Periapt","Meat on the Bone"],"acts_visited":["Exordium"],"potions_floor_usage":[7,8,11,16],"damage_taken":[{"damage":2,"enemies":"Jaw Worm","floor":1,"turns":3},{"damage":1,"enemies":"Cultist","floor":2,"turns":3},{"damage":9,"enemies":"2 Louse","floor":5,"turns":3},{"damage":8,"enemies":"Gremlin Nob","floor":7,"turns":3},{"damage":22,"enemies":"Exordium Thugs","floor":8,"turns":5},{"damage":41,"enemies":"Lagavulin","floor":11,"turns":9},{"damage":18,"enemies":"Gremlin Nob","floor":13,"turns":4},{"damage":23,"enemies":"Hexaghost","floor":16,"turns":10}],"seed_played":"6085774387807319923","potions_obtained":[{"floor":2,"key":"ColorlessPotion"},{"floor":7,"key":"Block Potion"},{"floor":13,"key":"AttackPotion"}],"is_trial":false,"path_per_floor":["M","M","?","$","M","R","E","M","T","R","E","R","E","$","R","B"],"character_chosen":"IRONCLAD","items_purchased":["SteroidPotion","Meat on the Bone","Headbutt","Shrug It Off"],"campfire_rested":0,"item_purchase_floors":[4,14,14,14],"current_hp_per_floor":[84,88,88,88,85,85,83,67,67,67,32,32,20,20,20,0,0],"gold":150,"neow_bonus":"TEN_PERCENT_HP_BONUS","is_daily":false,"chose_seed":false,"campfire_upgraded":4,"win_rate":0.0,"timestamp":1607974310,"path_taken":["M","M","?","$","M","R","E","?","T","R","E","R","E","$","R","BOSS"],"items_purchased_type":["Potion","Relic","Card","Card"],"build_version":"2020-12-13","purchased_purges":1,"victory":false,"max_hp_per_floor":[88,88,88,88,88,88,88,88,88,88,88,88,88,88,88,88,88],"relic_stats":{"Darkstone Periapt":0,"Gremlin Horn":[0,0],"counters":[8,40],"obtain_stats":[{"Darkstone Periapt":13,"Gremlin Horn":9,"Oddly Smooth Stone":11,"Burning Blood":0,"Old Coin":7,"Meat on the Bone":14},{"Darkstone Periapt":7,"Gremlin Horn":5,"Oddly Smooth Stone":6,"Burning Blood":0,"Old Coin":4,"Meat on the Bone":7},{"Darkstone Periapt":30,"Gremlin Horn":17,"Oddly Smooth Stone":26,"Burning Blood":0,"Old Coin":12,"Meat on the Bone":30}],"Burning Blood":41,"Meat on the Bone":0},"card_choices":[{"not_picked":["Iron Wave","Sentinel"],"picked":"Twin Strike","floor":1},{"not_picked":["Sword Boomerang","Wild Strike"],"picked":"Anger","floor":2},{"not_picked":["Iron Wave","Flex"],"picked":"Ghostly Armor","floor":5},{"not_picked":["True Grit","Flame Barrier"],"picked":"Dark Embrace","floor":7},{"not_picked":["Sword Boomerang","Twin Strike"],"picked":"Burning Pact","floor":8},{"not_picked":["Sever Soul","Cleave"],"picked":"Exhume","floor":11},{"not_picked":["Sentinel","Havoc"],"picked":"Power Through","floor":13}],"player_experience":2618985,"relics_obtained":[{"floor":7,"key":"Old Coin"},{"floor":9,"key":"Gremlin Horn"},{"floor":11,"key":"Oddly Smooth Stone"},{"floor":13,"key":"Darkstone Periapt"}],"event_choices":[{"damage_healed":0,"gold_gain":0,"player_choice":"Cursed","damage_taken":0,"max_hp_gain":0,"max_hp_loss":0,"event_name":"Wheel of Change","floor":3,"gold_loss":0,"cards_obtained":["Decay"]}],"is_beta":false,"boss_relics":[],"items_purged_floors":[4],"is_endless":false,"potions_floor_spawned":[2,7,13],"killed_by":"Hexaghost","ascension_level":10}}