{"host":"Rich","time":1607980593,"event":{"mods":["AchievementEnabler","BaseMod","Highlight Path","Minty Spire (QoL Compilation)","Relic Stats"],"gold_per_floor":[118,134,151,12,24,52,72,97,97,97,122,122,136,154,154,154,154],"floor_reached":16,"playtime":711,"items_purged":[],"score":248,"play_id":"4f170505-3125-4f99-8a72-8f6d134330be","local_time":"20201214161633","is_ascension_mode":true,"campfire_choices":[{"floor":10,"key":"REST"},{"data":"Feel No Pain","floor":15,"key":"SMITH"}],"circlet_count":0,"master_deck":["AscendersBane","Strike_R","Strike_R","Strike_R","Strike_R","Strike_R","Defend_R","Defend_R","Defend_R","Defend_R","Bash","Thunderclap+1","Pommel Strike+1","Shrug It Off","Corruption","Armaments","Feel No Pain+1","Power Through","Infernal Blade","Ghostly Armor","Seeing Red","Whirlwind","Pommel Strike"],"relics":["Burning Blood","NeowsBlessing","Whetstone","Meat on the Bone","WingedGreaves","Incense Burner","Pear"],"acts_visited":["Exordium"],"potions_floor_usage":[6,7,8],"damage_taken":[{"damage":0,"enemies":"Small Slimes","floor":1,"turns":1},{"damage":0,"enemies":"Cultist","floor":2,"turns":1},{"damage":0,"enemies":"2 Louse","floor":3,"turns":1},{"damage":16,"enemies":"Blue Slaver","floor":5,"turns":5},{"damage":37,"enemies":"Lagavulin","floor":6,"turns":10},{"damage":0,"enemies":"Lots of Slimes","floor":7,"turns":4},{"damage":11,"enemies":"3 Sentries","floor":8,"turns":7},{"damage":32,"enemies":"Gremlin Nob","floor":11,"turns":5},{"damage":8,"enemies":"Exordium Thugs","floor":13,"turns":5},{"damage":11,"enemies":"Exordium Wildlife","floor":14,"turns":4},{"damage":63,"enemies":"The Guardian","floor":16,"turns":11}],"seed_played":"-4349069129869667","potions_obtained":[{"floor":2,"key":"PowerPotion"},{"floor":3,"key":"Dexterity Potion"},{"floor":6,"key":"AttackPotion"},{"floor":11,"key":"Energy Potion"}],"is_trial":false,"path_per_floor":["M","M","M","$","M","E","M","E","T","R","E","?","M","M","R","B"],"character_chosen":"IRONCLAD","items_purchased":["Corruption","Armaments"],"campfire_rested":1,"item_purchase_floors":[4,4],"current_hp_per_floor":[74,75,75,75,65,34,40,35,35,57,43,53,51,58,58,0,0],"gold":154,"neow_bonus":"THREE_ENEMY_KILL","is_daily":false,"chose_seed":false,"campfire_upgraded":1,"win_rate":0.0,"timestamp":1607980593,"path_taken":["M","M","M","$","M","E","M","E","T","R","E","?","?","M","R","BOSS"],"items_purchased_type":["Card","Card"],"build_version":"2020-12-07","purchased_purges":0,"victory":false,"max_hp_per_floor":[75,75,75,75,75,75,75,75,75,75,75,85,85,85,85,85,85],"relic_stats":{"counters":[11,54],"Whetstone":["Thunderclap","Pommel Strike"],"obtain_stats":[{"Pear":12,"NeowsBlessing":0,"WingedGreaves":9,"Incense Burner":11,"Whetstone":6,"Burning Blood":0,"Meat on the Bone":8},{"Pear":8,"NeowsBlessing":0,"WingedGreaves":7,"Incense Burner":8,"Whetstone":5,"Burning Blood":0,"Meat on the Bone":7},{"Pear":34,"NeowsBlessing":0,"WingedGreaves":29,"Incense Burner":34,"Whetstone":18,"Burning Blood":0,"Meat on the Bone":29}],"Burning Blood":49,"Meat on the Bone":24},"card_choices":[{"not_picked":["Clothesline","Body Slam"],"picked":"Thunderclap","floor":1},{"not_picked":["Ghostly Armor","Flex"],"picked":"Pommel Strike","floor":2},{"not_picked":["Thunderclap","Pommel Strike"],"picked":"Shrug It Off","floor":3},{"not_picked":["Havoc","Flex"],"picked":"Feel No Pain","floor":5},{"not_picked":["Twin Strike","Sever Soul"],"picked":"Power Through","floor":6},{"not_picked":["Sentinel","Perfected Strike"],"picked":"Infernal Blade","floor":7},{"not_picked":["Havoc","Iron Wave"],"picked":"Ghostly Armor","floor":8},{"not_picked":["Headbutt","Sword Boomerang"],"picked":"Seeing Red","floor":11},{"not_picked":["Blood for Blood","Ghostly Armor"],"picked":"Whirlwind","floor":13},{"not_picked":["Wild Strike","Havoc"],"picked":"Pommel Strike","floor":14}],"player_experience":1901063,"relics_obtained":[{"floor":6,"key":"Whetstone"},{"floor":8,"key":"Meat on the Bone"},{"floor":9,"key":"WingedGreaves"},{"floor":11,"key":"Incense Burner"}],"event_choices":[{"damage_healed":0,"gold_gain":0,"player_choice":"Gave Potion","damage_taken":0,"relics_obtained":["Pear"],"max_hp_gain":0,"max_hp_loss":0,"event_name":"WeMeetAgain","floor":12,"gold_loss":0}],"is_beta":true,"boss_relics":[],"items_purged_floors":[],"is_endless":false,"potions_floor_spawned":[2,3,6,11],"killed_by":"The Guardian","ascension_level":20}}