{"host":"f6tqpspb2ou2a4h5","time":1607941468,"event":{"mods":["2.2 Compatiblity","Ascension Unlocker","BaseMod","Colored Map","DeckTracker","Hermit","Highlight Path","KOR Keyword Fix","Keyboard Shortcuts","Minty Spire (QoL Compilation)","Permanent Neow","Quick Restart","Random Character Button","StSLib","SuperFastMode","The Poker Player","everything is the same but u backflip on backflip"],"gold_per_floor":[118,133,144,160,160,160,85,85,85,160,179,197,215,246,246,323,323,336,336,347,365,365,365,16,16,41,41,41,61,81,95,95,95,95],"floor_reached":33,"playtime":1118,"items_purged":["Strike_G","Strike_G"],"score":502,"play_id":"55cc9018-1be2-4b30-ad27-9d19dd45a045","local_time":"20201214192428","is_ascension_mode":true,"campfire_choices":[{"data":"Glass Knife","floor":6,"key":"SMITH"},{"data":"Terror","floor":8,"key":"SMITH"},{"floor":15,"key":"REST"},{"floor":23,"key":"REST"},{"floor":25,"key":"REST"},{"data":"Catalyst","floor":28,"key":"SMITH"},{"floor":32,"key":"REST"}],"circlet_count":0,"master_deck":["AscendersBane","Defend_G","Defend_G","Defend_G","Defend_G","Defend_G","Survivor","Neutralize","Glass Knife+1","Terror+1","Escape Plan","Dodge and Roll","Bouncing Flask","Cloak And Dagger","Tactician","Backflip","Crippling Poison","Corpse Explosion","Deadly Poison+1","Writhe","Catalyst+1","Leg Sweep","Endless Agony","Footwork","Masterful Stab","Backstab"],"relics":["Ring of the Snake","Orichalcum","Shuriken","Sundial","HoveringKite","Ginger","Anchor","Tiny Chest"],"acts_visited":["Exordium","TheCity"],"potions_floor_usage":[21,30,33],"damage_taken":[{"damage":4,"enemies":"Small Slimes","floor":1,"turns":3},{"damage":2,"enemies":"Jaw Worm","floor":2,"turns":3},{"damage":0,"enemies":"2 Louse","floor":3,"turns":4},{"damage":7,"enemies":"Looter","floor":4,"turns":3},{"damage":0,"enemies":"Blue Slaver","floor":11,"turns":1},{"damage":12,"enemies":"Exordium Wildlife","floor":12,"turns":5},{"damage":1,"enemies":"Looter","floor":13,"turns":2},{"damage":16,"enemies":"3 Sentries","floor":14,"turns":10},{"damage":22,"enemies":"The Guardian","floor":16,"turns":9},{"damage":13,"enemies":"Shell Parasite","floor":18,"turns":6},{"damage":8,"enemies":"Chosen","floor":20,"turns":4},{"damage":23,"enemies":"Snake Plant","floor":21,"turns":5},{"damage":0,"enemies":"Centurion and Healer","floor":29,"turns":3},{"damage":21,"enemies":"Cultist and Chosen","floor":30,"turns":6},{"damage":3,"enemies":"Snake Plant","floor":31,"turns":4},{"damage":28,"enemies":"Collector","floor":33,"turns":5}],"seed_played":"-8205725746950272794","potions_obtained":[{"floor":2,"key":"Explosive Potion"},{"floor":3,"key":"Strength Potion"},{"floor":16,"key":"SpeedPotion"},{"floor":21,"key":"Dexterity Potion"},{"floor":30,"key":"Ancient Potion"}],"is_trial":false,"path_per_floor":["M","M","M","M","?","R","$","R","T","T","M","M","M","E","R","B",null,"M","?","M","M","?","R","$","R","T","?","R","M","M","M","R","B"],"character_chosen":"THE_SILENT","items_purchased":["Anchor","Footwork"],"campfire_rested":4,"item_purchase_floors":[24,24],"current_hp_per_floor":[55,53,53,46,46,46,46,46,46,46,46,34,33,17,35,13,48,35,35,27,4,4,22,22,40,40,40,40,40,19,16,34,6,6],"gold":95,"neow_bonus":"THREE_RARE_CARDS","is_daily":false,"chose_seed":false,"campfire_upgraded":3,"win_rate":0.0,"timestamp":1607941468,"path_taken":["M","M","M","M","?","R","$","R","T","?","M","M","M","E","R","BOSS","M","?","M","M","?","R","$","R","T","?","R","M","?","M","R","BOSS"],"items_purchased_type":["Relic","Card"],"build_version":"2020-12-13","purchased_purges":2,"victory":false,"max_hp_per_floor":[60,60,60,60,60,60,60,60,60,60,60,60,60,60,60,60,60,60,60,60,60,60,60,60,60,60,60,60,60,60,60,60,60,60],"card_choices":[{"not_picked":["A Thousand Cuts","Night Terror"],"picked":"Glass Knife","floor":0},{"not_picked":["Blade Dance","Infinite Blades"],"picked":"Terror","floor":1},{"not_picked":["Caltrops","Prepared"],"picked":"Escape Plan","floor":2},{"not_picked":["Bane","Flying Knee"],"picked":"Dodge and Roll","floor":3},{"not_picked":["A Thousand Cuts","Accuracy"],"picked":"Bouncing Flask","floor":4},{"not_picked":["Backstab","Deadly Poison"],"picked":"Cloak And Dagger","floor":11},{"not_picked":["Acrobatics","Escape Plan"],"picked":"Tactician","floor":12},{"not_picked":["Deflect","Sucker Punch"],"picked":"Backflip","floor":13},{"not_picked":["Accuracy","Slice"],"picked":"Crippling Poison","floor":14},{"not_picked":["A Thousand Cuts","Tools of the Trade"],"picked":"Corpse Explosion","floor":16},{"not_picked":["Reflex","Blur"],"picked":"Deadly Poison+1","floor":18},{"not_picked":["Predator","Deadly Poison","Expertise"],"picked":"SKIP","floor":20},{"not_picked":["Deflect","Outmaneuver"],"picked":"Catalyst","floor":21},{"not_picked":["All Out Attack","Poisoned Stab","Accuracy"],"picked":"SKIP","floor":29},{"not_picked":["Backflip","Dash"],"picked":"Masterful Stab","floor":30},{"not_picked":["Bane","Finisher"],"picked":"Backstab","floor":31}],"player_experience":19179,"relics_obtained":[{"floor":9,"key":"Orichalcum"},{"floor":10,"key":"Shuriken"},{"floor":14,"key":"Sundial"},{"floor":26,"key":"Tiny Chest"}],"event_choices":[{"cards_removed":["Strike_G"],"damage_healed":0,"gold_gain":0,"player_choice":"Forget","damage_taken":0,"max_hp_gain":0,"max_hp_loss":0,"event_name":"Living Wall","floor":5,"gold_loss":0},{"damage_healed":0,"gold_gain":0,"player_choice":"Opened","damage_taken":0,"relics_obtained":["Ginger"],"max_hp_gain":0,"max_hp_loss":0,"event_name":"The Mausoleum","floor":19,"gold_loss":0,"cards_obtained":["Writhe"]},{"damage_healed":0,"gold_gain":0,"cards_transformed":["Strike_G","Strike_G"],"player_choice":"Became Test Subject","damage_taken":0,"max_hp_gain":0,"max_hp_loss":0,"event_name":"Drug Dealer","floor":22,"gold_loss":0,"cards_obtained":["Leg Sweep","Endless Agony"]},{"damage_healed":0,"gold_gain":0,"player_choice":"Ignored","damage_taken":0,"max_hp_gain":0,"max_hp_loss":0,"event_name":"Cursed Tome","floor":27,"gold_loss":0}],"is_beta":false,"boss_relics":[{"not_picked":["Busted Crown","Runic Dome"],"picked":"HoveringKite"}],"items_purged_floors":[7,24],"is_endless":false,"potions_floor_spawned":[2,3,12,16,18,21,30],"killed_by":"Collector","ascension_level":20}}