{"host":"ev90652pwodlruol","time":1607959429,"event":{"mods":["AchievementEnabler","Act Like it!","Aspiration","BaseMod","Bestiary","BetterRewards","Conspire","Gensokyo","Hubris","Koishi","Marisa£®ÏF”Í°°ƒß¿Ì…≥£©","Minty Spire (QoL Compilation)","Replay The Spire","StSLib","SuperFastMode","vexMod"],"gold_per_floor":[114,114,114,144,144,188,188,232,232,332,364,364,392,407,407,526,526,539,556,591,591,591],"floor_reached":21,"playtime":928,"items_purged":[],"score":314,"play_id":"c9029d0f-d84b-4e62-ad96-bb0628549d4e","local_time":"20201214232349","is_ascension_mode":true,"campfire_choices":[{"data":"AsteroidBelt","floor":7,"key":"SMITH"},{"data":"CasketOfStar","floor":12,"key":"SMITH"},{"floor":15,"key":"DIG"}],"circlet_count":0,"master_deck":["Strike_MRS","Strike_MRS","Strike_MRS","Strike_MRS","Defend_MRS","Defend_MRS","Defend_MRS","Defend_MRS","MasterSpark","UpSweep","Singularity+1","WitchOfGreed","NonDirectionalLaser","CasketOfStar+1","AsteroidBelt+1","SporeBomb","UnstableBomb","StarBarrage","EscapeVelocity","UnstableBomb"],"relics":["MiniHakkero","Blood Vial","Guide Book","Replay:Bottled Eggs","hubris:Towel","Bronze Scales","Simple Rune","The Courier","conspire:Dentures","conspire:Flyswatter","Ring of Chaos"],"acts_visited":["Exordium","TheCity"],"potions_floor_usage":[6,16,16,18,20,21,21],"damage_taken":[{"damage":0,"enemies":"Small Slimes","floor":1,"turns":3},{"damage":1,"enemies":"Cultist","floor":4,"turns":4},{"damage":1,"enemies":"Replay:BlueRogue","floor":6,"turns":4},{"damage":10,"enemies":"Lagavulin","floor":8,"turns":6},{"damage":1,"enemies":"conspire:RoseBush","floor":11,"turns":4},{"damage":11,"enemies":"3 Sentries","floor":13,"turns":5},{"damage":5,"enemies":"Large Slime","floor":14,"turns":4},{"damage":28,"enemies":"Fading Forest","floor":16,"turns":11},{"damage":34,"enemies":"conspire:FuzzyDice","floor":18,"turns":4},{"damage":2,"enemies":"Chosen","floor":19,"turns":4},{"damage":39,"enemies":"Shelled Parasite and Fungi","floor":20,"turns":6},{"damage":10,"enemies":"Cultist and Chosen","floor":21,"turns":1}],"seed_played":"8219189981567613725","potions_obtained":[{"floor":1,"key":"DuplicationPotion"},{"floor":4,"key":"Cursed Concoction"},{"floor":6,"key":"BottledSpark"},{"floor":11,"key":"AttackPotion"},{"floor":18,"key":"BottledSpark"},{"floor":20,"key":"BlessingOfTheForge"},{"floor":20,"key":"Dexterity Potion"}],"is_trial":false,"path_per_floor":["M","?","?","M","?","E","R","E","T","?","M","R","E","M","R","B",null,"M","M","M","M"],"character_chosen":"MARISA","items_purchased":["Blood Vial","Singularity","Guide Book","PowerPotion","Replay:Bottled Eggs"],"campfire_rested":0,"item_purchase_floors":[0,0,0,0,0],"current_hp_per_floor":[47,47,47,48,48,49,49,41,41,41,42,42,33,30,30,26,75,41,41,4,0,0],"gold":591,"neow_bonus":"","is_daily":false,"chose_seed":false,"campfire_upgraded":2,"win_rate":0.0,"timestamp":1607959429,"path_taken":["M","?","?","?","?","E","R","E","T","?","M","R","E","M","R","BOSS","M","M","M","M"],"items_purchased_type":["Relic","Card","Relic","Potion","Relic"],"build_version":"2020-12-13","purchased_purges":0,"victory":false,"max_hp_per_floor":[75,75,75,75,75,75,75,75,75,75,75,75,75,75,75,75,75,75,75,75,75,75],"card_choices":[{"not_picked":["ShootingEcho","MilkyWay"],"picked":"WitchOfGreed","floor":1},{"not_picked":["6A","AsteroidBelt"],"picked":"NonDirectionalLaser","floor":4},{"not_picked":["LuminesStrike","DoubleSpark"],"picked":"AsteroidBelt","floor":6},{"not_picked":["GalacticHalo","WitchLeyline"],"picked":"SporeBomb","floor":8},{"not_picked":["BigCrunch","ManaConvection"],"picked":"UnstableBomb","floor":11},{"not_picked":["EnergyRecoil","BigCrunch"],"picked":"StarBarrage","floor":13},{"not_picked":["PowerUp","DarkMatter","DoubleSpark"],"picked":"SKIP","floor":14},{"not_picked":["ManaRampage","BigCrunch"],"picked":"EscapeVelocity","floor":16},{"not_picked":["ChargingUp","Robbery","EnergyFlow"],"picked":"SKIP","floor":18},{"not_picked":["UnstableBomb","GalacticHalo","PowerUp"],"picked":"SKIP","floor":19},{"not_picked":["PowerUp","ChargeUpSpray+1"],"picked":"UnstableBomb","floor":20}],"player_experience":241505,"relics_obtained":[{"floor":6,"key":"Bronze Scales"},{"floor":8,"key":"Simple Rune"},{"floor":9,"key":"The Courier"},{"floor":13,"key":"conspire:Dentures"},{"floor":15,"key":"conspire:Flyswatter"}],"event_choices":[{"damage_healed":0,"gold_gain":0,"player_choice":"Bought 0 Potions","damage_taken":0,"max_hp_gain":0,"max_hp_loss":0,"event_name":"The Woman in Blue","floor":3,"gold_loss":0},{"damage_healed":0,"gold_gain":100,"player_choice":"Pray","damage_taken":0,"max_hp_gain":0,"max_hp_loss":0,"event_name":"Golden Shrine","floor":10,"gold_loss":0}],"is_beta":false,"boss_relics":[{"not_picked":["SacredBark","vexMod:TanglingVine"],"picked":"Ring of Chaos"}],"items_purged_floors":[],"is_endless":false,"potions_floor_spawned":[1,6,8,11,18,20],"killed_by":"Cultist and Chosen","ascension_level":1}}