{"host":"51dweoxrcspgw6ri","time":1607982576,"event":{"mods":["BaseMod","Colored Map","Colored Powertips","Minty Spire (QoL Compilation)","Rare Cards Sparkle","Relic Stats","StSLib","SuperFastMode","The Bug Knight"],"gold_per_floor":[114,18,18,18,18,47,64,64,64,82,100,129,129,140,140,235,235,249,249,27,39,56,81,94,94,139,139,139],"floor_reached":27,"playtime":3501,"items_purged":[],"score":268,"play_id":"bb195305-9807-4634-a497-9ca1e681e3ba","local_time":"20201214224936","is_ascension_mode":false,"campfire_choices":[{"data":"HollowMod:MothsMistake","floor":8.0,"key":"SMITH"},{"data":"HollowMod:BrokenVessel","floor":13.0,"key":"SMITH"},{"data":"HollowMod:MantisMark","floor":15.0,"key":"SMITH"},{"floor":25.0,"key":"REST"}],"circlet_count":0,"master_deck":["HollowMod:NailStrikeStart","HollowMod:NailStrikeStart","HollowMod:NailStrikeStart","HollowMod:NailStrikeStart","HollowMod:QuickDashStart","HollowMod:QuickDashStart","HollowMod:QuickDashStart","HollowMod:QuickDashStart","HollowMod:FocusHealStart","HollowMod:PogoStrike+1","HollowMod:DesolateDive","HollowMod:CycloneSlash","HollowMod:PerfectDash","HollowMod:SoulStrike","HollowMod:MothsMistake+1","HollowMod:BrokenVessel+1","HollowMod:NewLittleFool","HollowMod:MantisMark+1","HollowMod:ZotesMagnificence","HollowMod:NewGlowingWomb","HollowMod:MothsMistake+1","HollowMod:NewGlowingWomb","HollowMod:InfectedAttack"],"relics":["HollowMod:VesselMask","Akabeko","Thread and Needle","HollowMod:StagPassRelic","Blood Vial","Philosopher\u0027s Stone","Bag of Preparation","Boot","Potion Belt"],"acts_visited":["Exordium","TheCity"],"potions_floor_usage":[],"damage_taken":[{"damage":2.0,"enemies":"Small Slimes","floor":1.0,"turns":4.0},{"damage":18.0,"enemies":"3 Sentries","floor":6.0,"turns":5.0},{"damage":0.0,"enemies":"Cultist","floor":7.0,"turns":3.0},{"damage":0.0,"enemies":"2 Louse","floor":10.0,"turns":1.0},{"damage":0.0,"enemies":"Lots of Slimes","floor":11.0,"turns":1.0},{"damage":0.0,"enemies":"Gremlin Nob","floor":12.0,"turns":3.0},{"damage":0.0,"enemies":"Exordium Wildlife","floor":14.0,"turns":2.0},{"damage":22.0,"enemies":"The Guardian","floor":16.0,"turns":10.0},{"damage":0.0,"enemies":"3 Byrds","floor":18.0,"turns":3.0},{"damage":19.0,"enemies":"Shell Parasite","floor":21.0,"turns":4.0},{"damage":13.0,"enemies":"Chosen and Byrds","floor":22.0,"turns":4.0},{"damage":7.0,"enemies":"HollowMod:Nosk","floor":23.0,"turns":8.0},{"damage":11.0,"enemies":"Cultist and Chosen","floor":24.0,"turns":4.0},{"damage":71,"enemies":"Book of Stabbing","floor":27,"turns":5}],"seed_played":"-8425605629493851954","potions_obtained":[{"floor":6.0,"key":"Ancient Potion"},{"floor":10.0,"key":"Explosive Potion"},{"floor":11.0,"key":"DistilledChaos"},{"floor":14.0,"key":"LiquidMemories"},{"floor":18.0,"key":"LiquidBronze"},{"floor":23.0,"key":"CultistPotion"}],"is_trial":false,"path_per_floor":["M","$","?","?","?","E","M","R","T","M","M","E","R","M","R","B",null,"M","?","$","M","M","E","M","R","T","E"],"character_chosen":"THE_BUGKNIGHT","items_purchased":["HollowMod:CycloneSlash","HollowMod:PerfectDash","HollowMod:MothsMistake","Bag of Preparation"],"campfire_rested":1,"item_purchase_floors":[2,2,20,20],"current_hp_per_floor":[73,73,73,73,73,61,61,61,61,61,61,67,67,69,69,49,75,75,75,75,56,45,50,41,63,63,0,0],"gold":139,"neow_bonus":"UPGRADE_CARD","is_daily":false,"chose_seed":false,"campfire_upgraded":3,"win_rate":0.0,"timestamp":1607982576,"path_taken":["M","$","?","?","?","E","M","R","T","M","M","E","R","M","R","BOSS","M","?","$","M","M","E","M","R","T","E"],"items_purchased_type":["Card","Card","Card","Relic"],"build_version":"2020-12-13","purchased_purges":0,"victory":false,"max_hp_per_floor":[75,75,75,75,75,75,75,75,75,75,75,75,75,75,75,75,75,75,75,75,75,75,75,75,75,75,75,75],"relic_stats":{"Blood Vial":12,"counters":[14,57],"Bag of Preparation":[10],"Boot":[3],"obtain_stats":[{"Blood Vial":12,"Potion Belt":26,"HollowMod:VesselMask":0,"Thread and Needle":6,"Philosopher\u0027s Stone":17,"Bag of Preparation":20,"HollowMod:StagPassRelic":9,"Boot":23,"Akabeko":3},{"Blood Vial":6,"Potion Belt":13,"HollowMod:VesselMask":0,"Thread and Needle":2,"Philosopher\u0027s Stone":8,"Bag of Preparation":9,"HollowMod:StagPassRelic":3,"Boot":12,"Akabeko":1},{"Blood Vial":17,"Potion Belt":52,"HollowMod:VesselMask":0,"Thread and Needle":9,"Philosopher\u0027s Stone":29,"Bag of Preparation":32,"HollowMod:StagPassRelic":12,"Boot":48,"Akabeko":4}]},"card_choices":[{"not_picked":["HollowMod:VengefulVoid","HollowMod:SharpenedShadows"],"picked":"HollowMod:DesolateDive","floor":1.0},{"not_picked":["HollowMod:MawleksShell","HollowMod:LifebloodCocoon"],"picked":"HollowMod:SoulStrike","floor":6.0},{"not_picked":["HollowMod:LifebloodCocoon","HollowMod:DoubleDash"],"picked":"HollowMod:MothsMistake","floor":7.0},{"not_picked":["HollowMod:ShapeofUnn","HollowMod:FastStrike","HollowMod:InfectedCysts"],"picked":"SKIP","floor":10.0},{"not_picked":["HollowMod:FastStrike","HollowMod:SharpenedShadows"],"picked":"HollowMod:BrokenVessel","floor":11.0},{"not_picked":["HollowMod:MonarchWings","HollowMod:NewGlowingWomb"],"picked":"HollowMod:NewLittleFool","floor":12.0},{"not_picked":["HollowMod:VengefulVoid","HollowMod:NewGlowingWomb"],"picked":"HollowMod:MantisMark","floor":14.0},{"not_picked":["HollowMod:PureVessel","HollowMod:AwokenDreamNail"],"picked":"HollowMod:ZotesMagnificence","floor":16.0},{"not_picked":["HollowMod:DescendingDark","HollowMod:HowlingWraiths+1","HollowMod:CornifersMapStart"],"picked":"SKIP","floor":18.0},{"not_picked":["HollowMod:GoodIntentions","HollowMod:DreamGate"],"picked":"HollowMod:NewGlowingWomb","floor":21.0},{"not_picked":["HollowMod:MonarchWings","HollowMod:SoulSplash","HollowMod:CycloneSlash+1"],"picked":"SKIP","floor":22.0},{"not_picked":["HollowMod:ShapeofUnn","HollowMod:VengefulVoid"],"picked":"HollowMod:InfectedAttack","floor":23.0},{"not_picked":["HollowMod:SiblingsShadow+1","HollowMod:InfectedCysts","HollowMod:NewLittleFool"],"picked":"SKIP","floor":24.0}],"player_experience":519266,"relics_obtained":[{"floor":6.0,"key":"Thread and Needle"},{"floor":9.0,"key":"HollowMod:StagPassRelic"},{"floor":12.0,"key":"Blood Vial"},{"floor":23.0,"key":"Boot"},{"floor":26.0,"key":"Potion Belt"}],"event_choices":[{"damage_healed":0.0,"max_hp_gain":0.0,"max_hp_loss":0.0,"gold_gain":0.0,"event_name":"Big Fish","player_choice":"Box","floor":3.0,"gold_loss":0.0,"damage_taken":0.0,"relics_obtained":["Akabeko"],"cards_obtained":["Regret"]},{"damage_healed":0.0,"max_hp_gain":0.0,"max_hp_loss":0.0,"gold_gain":0.0,"event_name":"WeMeetAgain","player_choice":"Ignored","floor":5.0,"gold_loss":0.0,"damage_taken":0.0},{"damage_healed":0.0,"max_hp_gain":0.0,"max_hp_loss":0.0,"gold_gain":0.0,"event_name":"The Library","player_choice":"Read","floor":19.0,"gold_loss":0.0,"damage_taken":0.0,"cards_obtained":["HollowMod:NewGlowingWomb"]}],"is_beta":false,"boss_relics":[{"not_picked":["Snecko Eye","SacredBark"],"picked":"Philosopher\u0027s Stone"}],"items_purged_floors":[],"is_endless":false,"potions_floor_spawned":[6,10,11,14,18,23],"killed_by":"Book of Stabbing","ascension_level":0}}