{"host":"v9ordiuf4xzdpttp","time":1607962709,"event":{"mods":["AchievementEnabler","Act Like it!","AlwaysNeverKeys","Aspiration","BaseMod","Better Third Choice","Better Vampires","BetterRewards","Colored Map","Conspire","Dio Mod","Downfall","Energized Spire","Gold Saver","GungeonMod","Hubris","Infinite Spire","Marked Mod","Melee Mod","Minty Spire (QoL Compilation)","Pale of the Ancients","Remove Card Discount Mod","Replay The Spire","SOS???????","Shop Mod","Small Relic Pack","Spicy Shops","StSLib","The Bladedancer","The Bug Knight","The Construct","The Hayseed","The Runesmith","The Servant 0.9.4","The Wild Card","???Mod??????Boss","??????REMEMod"],"gold_per_floor":[153,153,153,98,131,212,212,212,212,1,112,112,112,228,228,549,549,620,620,297,221,317,414,414,502,502,553,610,612,612],"floor_reached":29,"playtime":1492,"items_purged":["Defend_P","Strike_P","Strike_P","Strike_P","Strike_P","Eruption","Vigilance","Replay:ManipulateFuture","Replay:ManipulateFuture","Scrawl","PathToVictory"],"score":361,"play_id":"850b9f44-f61a-4837-ada5-8390e3fa75bc","local_time":"20201214111829","daily_mods":["Hoarder","Flight","DeadlyEvents","Elite Swarm","Midas"],"is_ascension_mode":true,"campfire_choices":[{"floor":7,"key":"REST"},{"floor":8,"key":"REST"},{"floor":12,"key":"REST"},{"floor":15,"key":"REST"},{"floor":24,"key":"REST"}],"circlet_count":0,"master_deck":["Defend_P","Defend_P","Defend_P","Crow Ritual","Crow Ritual","Crow Ritual","Replay:ManipulateFuture","FlurryOfBlows","FlurryOfBlows","FlurryOfBlows","Scrawl","Scrawl","REME_Flogging","REME_Flogging","REME_Flogging","PathToVictory","PathToVictory","Devotion","Devotion","Devotion","MasterReality","MasterReality","MasterReality"],"relics":["HollowMod:VesselMask","REME_ComplimentaryCards","Golden Idol","infinitespire:Cubic Diamond","conspire:DecoderRing","TungstenRod","infinitespire:Midas Blood","DemoMod:ChaffGrenade","DemoMod:GundromedaStrain","conspire:RunicOctahedron","MerchantsRug","Membership Card","Matryoshka","Yang","Strawberry","HollowMod:PaleOreRelic","Vajra","infinitespire:CheckeredPen"],"acts_visited":["Exordium","TheCity"],"potions_floor_usage":[6,18,27,29],"damage_taken":[{"damage":0,"enemies":"2 Louse","floor":1,"turns":3},{"damage":0,"enemies":"Jaw Worm","floor":5,"turns":3},{"damage":37,"enemies":"Gremlin Nob","floor":6,"turns":5},{"damage":26,"enemies":"Lagavulin","floor":11,"turns":5},{"damage":16,"enemies":"Gremlin Nob","floor":14,"turns":4},{"damage":2,"enemies":"Slime Boss","floor":16,"turns":5},{"damage":12,"enemies":"Shell Parasite","floor":18,"turns":3},{"damage":20,"enemies":"Book of Stabbing","floor":22,"turns":3},{"damage":38,"enemies":"Slavers","floor":23,"turns":3},{"damage":0,"enemies":"Replay:Snechameleon","floor":25,"turns":1},{"damage":2,"enemies":"Spheric Guardian","floor":27,"turns":3},{"damage":4,"enemies":"Centurion and Healer","floor":28,"turns":2},{"damage":38,"enemies":"REME_1_Revenger","floor":29,"turns":2}],"seed_played":"6118134832245758511","potions_obtained":[{"floor":1,"key":"Weak Potion"},{"floor":14,"key":"SteroidPotion"},{"floor":16,"key":"EssenceOfSteel"},{"floor":22,"key":"Energy Potion"},{"floor":23,"key":"Energy Potion"}],"is_trial":true,"path_per_floor":["M","?","?","$","M","E","R","R","T","$","E","R","T","E","R","B",null,"M","?","$","?","E","E","R","E","T","M","M","E"],"character_chosen":"WATCHER","items_purchased":["FlurryOfBlows","REME_Flogging","PathToVictory","MerchantsRug","Membership Card"],"campfire_rested":5,"item_purchase_floors":[4,10,10,20,20],"current_hp_per_floor":[72,54,54,54,54,17,38,59,59,59,33,54,54,38,59,57,72,60,60,60,60,40,9,32,32,32,30,26,0,0],"gold":612,"neow_bonus":"","is_daily":false,"chose_seed":false,"campfire_upgraded":0,"win_rate":0.0,"timestamp":1607962709,"path_taken":["M","?","?","?","?","E","R","R","T","$","?","R","?","E","R","BOSS","M","?","$","?","?","E","R","E","T","M","?","?"],"items_purchased_type":["Card","Card","Card","Relic","Relic"],"build_version":"2020-12-13","purchased_purges":11,"victory":false,"max_hp_per_floor":[72,72,72,72,72,72,72,72,72,72,72,72,72,72,72,72,72,72,72,72,72,72,79,79,79,79,79,79,79,79],"card_choices":[{"not_picked":["ClearTheMind","Protect"],"picked":"Replay:ManipulateFuture","floor":1},{"not_picked":["Tantrum","WreathOfFlame","TalkToTheHand"],"picked":"SKIP","floor":5},{"not_picked":["DeusExMachina","Replay:AllIn"],"picked":"Scrawl","floor":6},{"not_picked":["ConjureBlade","SpiritShield"],"picked":"Devotion","floor":11},{"not_picked":["Blasphemy","DeusExMachina","Replay:LoomingThreat"],"picked":"SKIP","floor":14},{"not_picked":["Protect+1","FlyingSleeves","ReachHeaven"],"picked":"SKIP","floor":18},{"not_picked":["Replay:LoomingThreat","MarkedMod:NorthStar","ConjureBlade"],"picked":"SKIP","floor":22},{"not_picked":["DeusExMachina","Replay:AllIn"],"picked":"MasterReality","floor":23},{"not_picked":["Scrawl","Devotion","Omniscience"],"picked":"SKIP","floor":25},{"not_picked":["Conclude+1","Replay:ManipulateFuture+1","Consecrate+1"],"picked":"SKIP","floor":27},{"not_picked":["Protect","Conclude","FearNoEvil"],"picked":"SKIP","floor":28}],"player_experience":188590,"relics_obtained":[{"floor":6,"key":"conspire:DecoderRing"},{"floor":9,"key":"TungstenRod"},{"floor":11,"key":"infinitespire:Midas Blood"},{"floor":13,"key":"DemoMod:ChaffGrenade"},{"floor":14,"key":"DemoMod:GundromedaStrain"},{"floor":22,"key":"Yang"},{"floor":23,"key":"Strawberry"},{"floor":25,"key":"HollowMod:PaleOreRelic"},{"floor":26,"key":"Vajra"},{"floor":26,"key":"infinitespire:CheckeredPen"}],"event_choices":[{"damage_healed":0,"gold_gain":0,"player_choice":"Take Damage","damage_taken":18,"relics_obtained":["Golden Idol"],"max_hp_gain":0,"max_hp_loss":0,"event_name":"Golden Idol","floor":2,"gold_loss":0},{"damage_healed":0,"gold_gain":0,"player_choice":"Paid Gold","damage_taken":0,"relics_obtained":["Matryoshka"],"max_hp_gain":0,"max_hp_loss":0,"event_name":"WeMeetAgain","floor":21,"gold_loss":76}],"is_beta":false,"boss_relics":[{"not_picked":["Velvet Choker","energizedSpire:OgreHead"],"picked":"conspire:RunicOctahedron"}],"items_purged_floors":[4,20,20,20,20,20,20,20,20,20,20],"is_endless":false,"potions_floor_spawned":[1,14,16,22,23,25],"killed_by":"REME_1_Revenger","ascension_level":1}}