{"host":"Krakhan","time":1607912992,"event":{"mods":["AchievementEnabler","BaseMod","Colored Map","Colored Powertips","Faster Ascension Climbing","Highlight Path","Minty Spire (QoL Compilation)","Rare Cards Sparkle","Relic Stats","StSLib"],"gold_per_floor":[110,110,127,147,24,54,54,89,89,100,100,118,118,144,144,223,223,240,258,258,272,282,314,314,329,329,348,381,381,414,424,424,495,495,510,510,524,544,562,562,572,591,618,618,840,870,870,756,756,756,756,756],"floor_reached":51,"playtime":6054,"items_purged":["Pain"],"score":1507,"play_id":"6673f2c3-8014-43c1-8c6d-efaeb1af21e0","local_time":"20201213212952","is_ascension_mode":true,"campfire_choices":[{"data":"Dash","floor":7,"key":"SMITH"},{"data":"Deadly Poison","floor":11,"key":"SMITH"},{"data":"Wraith Form v2","floor":15,"key":"SMITH"},{"data":"Well Laid Plans","floor":24,"key":"SMITH"},{"floor":29,"key":"REST"},{"data":"Catalyst","floor":32,"key":"SMITH"},{"floor":40,"key":"REST"},{"floor":47,"key":"RECALL"},{"data":"Night Terror","floor":49,"key":"SMITH"}],"circlet_count":0,"master_deck":["AscendersBane","Strike_G","Strike_G","Strike_G","Strike_G","Strike_G","Defend_G","Defend_G","Defend_G+1","Defend_G","Defend_G","Survivor","Neutralize+1","Flying Knee","Dagger Throw","Blade Dance","Dash+1","Well Laid Plans+1","Terror","Adrenaline+1","Deadly Poison+1","Wraith Form v2+1","After Image","Bullet Time","Crippling Poison","Dagger Spray","Crippling Poison+1","Cloak And Dagger+1","After Image","Catalyst+1","Well Laid Plans","Night Terror+1","PiercingWail","Acrobatics","Acrobatics+1","Doubt","Thinking Ahead","Noxious Fumes"],"relics":["SacredBark","Eternal Feather","War Paint","Question Card","Bag of Preparation","Cursed Key","WarpedTongs","Incense Burner","Sundial","Red Mask","SlaversCollar","Snake Skull"],"acts_visited":["Exordium","TheCity","TheBeyond"],"potions_floor_usage":[8,30,35,51,51],"damage_taken":[{"damage":2,"enemies":"Jaw Worm","floor":1,"turns":7},{"damage":0,"enemies":"2 Louse","floor":3,"turns":3},{"damage":1,"enemies":"Cultist","floor":4,"turns":4},{"damage":14,"enemies":"3 Sentries","floor":6,"turns":10},{"damage":0,"enemies":"Gremlin Nob","floor":8,"turns":3},{"damage":5,"enemies":"Blue Slaver","floor":10,"turns":3},{"damage":0,"enemies":"2 Fungi Beasts","floor":12,"turns":4},{"damage":3,"enemies":"Lagavulin","floor":14,"turns":5},{"damage":31,"enemies":"Hexaghost","floor":16,"turns":10},{"damage":2,"enemies":"Spheric Guardian","floor":18,"turns":6},{"damage":1,"enemies":"2 Thieves","floor":19,"turns":5},{"damage":8,"enemies":"Snake Plant","floor":21,"turns":5},{"damage":11,"enemies":"Centurion and Healer","floor":22,"turns":6},{"damage":33,"enemies":"Gremlin Leader","floor":23,"turns":6},{"damage":19,"enemies":"Sentry and Sphere","floor":25,"turns":6},{"damage":11,"enemies":"Snecko","floor":27,"turns":6},{"damage":17,"enemies":"Book of Stabbing","floor":28,"turns":5},{"damage":6,"enemies":"Masked Bandits","floor":30,"turns":5},{"damage":6,"enemies":"Chosen and Byrds","floor":31,"turns":8},{"damage":44,"enemies":"Automaton","floor":33,"turns":11},{"damage":38,"enemies":"3 Darklings","floor":35,"turns":14},{"damage":10,"enemies":"3 Shapes","floor":37,"turns":4},{"damage":9,"enemies":"Sphere and 2 Shapes","floor":38,"turns":6},{"damage":22,"enemies":"Writhing Mass","floor":39,"turns":6},{"damage":29,"enemies":"Jaw Worm Horde","floor":41,"turns":8},{"damage":2,"enemies":"Sphere and 2 Shapes","floor":42,"turns":9},{"damage":6,"enemies":"Reptomancer","floor":46,"turns":7},{"damage":38,"enemies":"Time Eater","floor":50,"turns":6},{"damage":20,"enemies":"Donu and Deca","floor":51,"turns":2}],"seed_played":"159303858807813045","potions_obtained":[{"floor":1,"key":"FearPotion"},{"floor":4,"key":"FairyPotion"},{"floor":6,"key":"AttackPotion"},{"floor":16,"key":"Energy Potion"},{"floor":25,"key":"Energy Potion"},{"floor":33,"key":"CunningPotion"},{"floor":37,"key":"LiquidBronze"},{"floor":38,"key":"Poison Potion"}],"is_trial":false,"path_per_floor":["M","?","M","M","$","E","R","E","T","M","R","M","?","E","R","B",null,"M","M","?","M","M","E","R","M","T","M","E","R","?","M","R","B",null,"M","?","M","M","M","R","M","M","T","?","?","E","R","$","R","B","B"],"character_chosen":"THE_SILENT","items_purchased":["Dash","Well Laid Plans","Noxious Fumes"],"campfire_rested":2,"item_purchase_floors":[5,5,48],"current_hp_per_floor":[57,57,57,56,56,42,51,51,51,46,58,58,58,55,66,35,58,56,55,55,47,36,3,18,39,39,28,11,48,42,36,54,10,52,14,54,44,35,13,50,21,19,19,19,19,13,34,34,54,16,0,0],"gold":756,"neow_bonus":"BOSS_RELIC","is_daily":false,"chose_seed":false,"campfire_upgraded":6,"win_rate":0.0,"timestamp":1607912992,"path_taken":["M","?","M","M","$","E","R","E","T","M","R","M","?","E","R","BOSS","M","M","?","M","M","E","R","M","T","?","E","R","?","M","R","BOSS","M","?","M","M","M","R","M","M","T","?","?","E","R","$","R","BOSS","BOSS"],"items_purchased_type":["Card","Card","Card"],"build_version":"2020-12-07","purchased_purges":1,"victory":false,"max_hp_per_floor":[66,66,66,66,66,66,66,66,66,66,66,66,66,66,66,66,66,66,66,66,66,66,66,66,66,66,66,66,66,66,66,66,66,66,66,54,54,54,54,54,54,54,54,54,54,54,54,54,54,54,54,54],"relic_stats":{"counters":[29,180],"Sundial":[6],"Eternal Feather":145,"Snake Skull":[13],"Bag of Preparation":[42],"War Paint":["Defend_G","Adrenaline"],"Question Card":23,"Cursed Key":1,"obtain_stats":[{"SacredBark":0,"Eternal Feather":6,"Snake Skull":46,"Bag of Preparation":14,"Incense Burner":23,"War Paint":8,"Question Card":9,"Cursed Key":17,"WarpedTongs":20,"SlaversCollar":34,"Sundial":28,"Red Mask":30,"Ring of the Snake":0},{"SacredBark":0,"Eternal Feather":4,"Snake Skull":27,"Bag of Preparation":8,"Incense Burner":14,"War Paint":5,"Question Card":5,"Cursed Key":9,"WarpedTongs":11,"SlaversCollar":20,"Sundial":17,"Red Mask":18,"Ring of the Snake":0},{"SacredBark":0,"Eternal Feather":24,"Snake Skull":172,"Bag of Preparation":39,"Incense Burner":77,"War Paint":27,"Question Card":27,"Cursed Key":49,"WarpedTongs":60,"SlaversCollar":118,"Sundial":94,"Red Mask":99,"Ring of the Snake":0}],"WarpedTongs":[119]},"card_choices":[{"not_picked":["Footwork","Cloak And Dagger"],"picked":"Flying Knee","floor":1},{"not_picked":["Cloak And Dagger","Flechettes"],"picked":"Dagger Throw","floor":3},{"not_picked":["Acrobatics","Choke"],"picked":"Blade Dance","floor":4},{"not_picked":["Flechettes","Backflip"],"picked":"Terror","floor":6},{"not_picked":["Tools of the Trade","Tactician"],"picked":"Adrenaline","floor":8},{"not_picked":["Poisoned Stab","Slice","Dodge and Roll"],"picked":"Deadly Poison","floor":10},{"not_picked":["Dagger Throw","Backflip","Accuracy"],"picked":"Wraith Form v2","floor":12},{"not_picked":["Flying Knee","Prepared","Riddle With Holes"],"picked":"After Image","floor":14},{"not_picked":["A Thousand Cuts","Glass Knife","Grand Finale"],"picked":"Bullet Time","floor":16},{"not_picked":["Prepared","Slice","Backflip"],"picked":"Crippling Poison","floor":18},{"not_picked":["Slice","Outmaneuver","Riddle With Holes"],"picked":"Dagger Spray","floor":19},{"not_picked":["Deflect","Deadly Poison","Quick Slash"],"picked":"Crippling Poison+1","floor":21},{"not_picked":["Bane","Bullet Time","Poisoned Stab","Heel Hook"],"picked":"SKIP","floor":22},{"not_picked":["Dodge and Roll","Bane","Endless Agony","Underhanded Strike"],"picked":"SKIP","floor":23},{"not_picked":["Dagger Throw","Outmaneuver","Poisoned Stab","Blade Dance"],"picked":"SKIP","floor":25},{"not_picked":["Outmaneuver","Accuracy","Phantasmal Killer"],"picked":"Cloak And Dagger+1","floor":27},{"not_picked":["Deflect","Tools of the Trade","Underhanded Strike"],"picked":"After Image","floor":28},{"not_picked":["Outmaneuver","Deflect","Dagger Throw"],"picked":"Catalyst","floor":30},{"not_picked":["Sucker Punch","Prepared","Caltrops"],"picked":"Well Laid Plans","floor":31},{"not_picked":["Grand Finale","Glass Knife","Bullet Time"],"picked":"Night Terror","floor":33},{"not_picked":["Bane+1","Poisoned Stab","Dodge and Roll+1","Setup+1"],"picked":"SKIP","floor":35},{"not_picked":["Heel Hook+1","Quick Slash+1","All Out Attack","Outmaneuver"],"picked":"SKIP","floor":37},{"not_picked":["Phantasmal Killer","Acrobatics","Riddle With Holes"],"picked":"PiercingWail","floor":38},{"not_picked":["Cloak And Dagger+1","Escape Plan","Dodge and Roll"],"picked":"Acrobatics","floor":39},{"not_picked":["All Out Attack+1","Dash","Outmaneuver","Dodge and Roll"],"picked":"SKIP","floor":41},{"not_picked":["Deadly Poison","Bullet Time","Crippling Poison"],"picked":"Acrobatics+1","floor":42},{"not_picked":["Forethought","Bandage Up","Mayhem"],"picked":"Thinking Ahead","floor":44},{"not_picked":["Flying Knee","Dodge and Roll","Blade Dance","Infinite Blades"],"picked":"SKIP","floor":46}],"player_experience":1192644,"relics_obtained":[{"floor":6,"key":"Eternal Feather"},{"floor":8,"key":"War Paint"},{"floor":9,"key":"Question Card"},{"floor":14,"key":"Bag of Preparation"},{"floor":23,"key":"Incense Burner"},{"floor":28,"key":"Sundial"},{"floor":30,"key":"Red Mask"},{"floor":46,"key":"Snake Skull"}],"event_choices":[{"damage_healed":0,"gold_gain":0,"player_choice":"Grow","damage_taken":0,"max_hp_gain":0,"max_hp_loss":0,"event_name":"Living Wall","floor":2,"gold_loss":0,"cards_upgraded":["Neutralize"]},{"damage_healed":0,"gold_gain":0,"player_choice":"Ignored","damage_taken":0,"max_hp_gain":0,"max_hp_loss":0,"event_name":"Liars Game","floor":13,"gold_loss":0},{"damage_healed":0,"gold_gain":0,"player_choice":"Rummage","damage_taken":0,"relics_obtained":["WarpedTongs"],"max_hp_gain":0,"max_hp_loss":0,"event_name":"Accursed Blacksmith","floor":20,"gold_loss":0,"cards_obtained":["Pain"]},{"damage_healed":0,"gold_gain":0,"player_choice":"Fought Bandits","damage_taken":0,"max_hp_gain":0,"max_hp_loss":0,"event_name":"Masked Bandits","floor":30,"gold_loss":0},{"damage_healed":54,"gold_gain":0,"player_choice":"Heal","damage_taken":0,"max_hp_gain":0,"max_hp_loss":12,"event_name":"The Moai Head","floor":36,"gold_loss":0},{"damage_healed":0,"gold_gain":0,"player_choice":"Memory 1","damage_taken":0,"max_hp_gain":0,"max_hp_loss":0,"event_name":"SensoryStone","floor":44,"gold_loss":0},{"damage_healed":0,"gold_gain":222,"player_choice":"Wore Mask","damage_taken":0,"max_hp_gain":0,"max_hp_loss":0,"event_name":"Tomb of Lord Red Mask","floor":45,"gold_loss":0}],"is_beta":true,"boss_relics":[{"not_picked":["WristBlade","Busted Crown"],"picked":"Cursed Key"},{"not_picked":["Coffee Dripper","Runic Pyramid"],"picked":"SlaversCollar"}],"items_purged_floors":[48],"is_endless":false,"potions_floor_spawned":[1,4,6,16,18,19,21,25,33,37,38,46],"killed_by":"Donu and Deca","ascension_level":20}}