{"host":"4par9lyhj7bf4dsa","time":1607956411,"event":{"mods":["AchievementEnabler","BaseMod","Colored Map","Minty Spire (QoL Compilation)","Relic Stats","StSLib"],"gold_per_floor":[113,12,25,0,15,42,42,42,66,83,83,118,130,164,164,243,243,254,9,27,40,40,40,66,66,146,174,18,18,30,30,30],"floor_reached":31,"playtime":1745,"items_purged":["Strike_G","Expertise"],"score":525,"play_id":"c182c0c8-eaa3-47a9-8f73-c8d2058cd39f","local_time":"20201215013331","is_ascension_mode":true,"campfire_choices":[{"data":"Neutralize","floor":8,"key":"SMITH"},{"data":"Bouncing Flask","floor":11,"key":"SMITH"},{"floor":15,"key":"REST"},{"data":"Blur","floor":23,"key":"SMITH"},{"floor":25,"key":"REST"},{"data":"Dash","floor":29,"key":"SMITH"}],"circlet_count":0,"master_deck":["AscendersBane","Defend_G","Defend_G","Defend_G","Defend_G","Defend_G","Survivor+1","Neutralize+1","Predator","Dagger Spray","Bouncing Flask","Bouncing Flask+1","Bouncing Flask+1","Dash+1","Cloak And Dagger","Malaise","Corpse Explosion+1","Endless Agony+1","Catalyst","Blur+1","Cloak And Dagger"],"relics":["SlaversCollar","Snake Skull","War Paint","Eternal Feather","Kunai","Astrolabe","ClockworkSouvenir","Centennial Puzzle","Gremlin Horn","HornCleat","Membership Card"],"acts_visited":["Exordium","TheCity"],"potions_floor_usage":[16,18,27],"damage_taken":[{"damage":5,"enemies":"Small Slimes","floor":1,"turns":6},{"damage":0,"enemies":"Jaw Worm","floor":3,"turns":3},{"damage":1,"enemies":"Cultist","floor":5,"turns":4},{"damage":19,"enemies":"3 Sentries","floor":6,"turns":8},{"damage":0,"enemies":"Blue Slaver","floor":10,"turns":3},{"damage":0,"enemies":"Gremlin Nob","floor":12,"turns":3},{"damage":8,"enemies":"Exordium Thugs","floor":13,"turns":4},{"damage":8,"enemies":"Lagavulin","floor":14,"turns":5},{"damage":9,"enemies":"Slime Boss","floor":16,"turns":10},{"damage":3,"enemies":"Shell Parasite","floor":18,"turns":6},{"damage":22,"enemies":"2 Thieves","floor":20,"turns":4},{"damage":4,"enemies":"Centurion and Healer","floor":21,"turns":4},{"damage":44,"enemies":"Slavers","floor":24,"turns":6},{"damage":14,"enemies":"Gremlin Leader","floor":27,"turns":5},{"damage":24,"enemies":"Snake Plant","floor":30,"turns":3},{"damage":14,"enemies":"Slavers","floor":31,"turns":3}],"seed_played":"-8897809972584852813","potions_obtained":[{"floor":6,"key":"GhostInAJar"},{"floor":10,"key":"Swift Potion"},{"floor":12,"key":"CunningPotion"},{"floor":14,"key":"DuplicationPotion"},{"floor":18,"key":"Ancient Potion"},{"floor":24,"key":"PowerPotion"}],"is_trial":false,"path_per_floor":["M","$","M","?","M","E","?","R","T","M","R","E","M","E","R","B",null,"M","$","M","M","?","R","E","R","T","E","$","R","M","E"],"character_chosen":"THE_SILENT","items_purchased":["Dagger Spray","ClockworkSouvenir","Membership Card"],"campfire_rested":2,"item_purchase_floors":[2,19,28],"current_hp_per_floor":[58,58,58,58,57,38,38,38,38,38,38,38,30,22,52,43,63,60,60,38,34,34,46,2,35,35,21,21,33,9,0,0],"gold":30,"neow_bonus":"BOSS_RELIC","is_daily":false,"chose_seed":false,"campfire_upgraded":4,"win_rate":0.0,"timestamp":1607956411,"path_taken":["M","$","M","?","M","E","?","R","T","?","R","E","M","E","R","BOSS","M","$","M","M","?","R","E","R","T","E","?","R","M","E"],"items_purchased_type":["Card","Relic","Relic"],"build_version":"2020-12-13","purchased_purges":2,"victory":false,"max_hp_per_floor":[70,70,70,70,70,70,70,70,70,70,70,70,70,70,70,70,70,70,70,70,70,70,70,70,70,70,70,70,70,70,70,70],"relic_stats":{"Centennial Puzzle":[9],"Gremlin Horn":[4,4],"counters":[16,77],"Astrolabe":["Expertise","Corpse Explosion","Endless Agony"],"Eternal Feather":45,"Snake Skull":[108],"Kunai":[4],"War Paint":["Bouncing Flask","Survivor"],"obtain_stats":[{"SlaversCollar":0,"Centennial Puzzle":24,"HornCleat":27,"Gremlin Horn":26,"Astrolabe":17,"Eternal Feather":12,"Snake Skull":6,"Kunai":14,"Membership Card":28,"War Paint":9,"Ring of the Snake":0,"ClockworkSouvenir":19},{"SlaversCollar":0,"Centennial Puzzle":13,"HornCleat":14,"Gremlin Horn":13,"Astrolabe":9,"Eternal Feather":6,"Snake Skull":4,"Kunai":8,"Membership Card":14,"War Paint":4,"Ring of the Snake":0,"ClockworkSouvenir":10},{"SlaversCollar":0,"Centennial Puzzle":66,"HornCleat":71,"Gremlin Horn":66,"Astrolabe":46,"Eternal Feather":27,"Snake Skull":21,"Kunai":36,"Membership Card":71,"War Paint":21,"Ring of the Snake":0,"ClockworkSouvenir":52}]},"card_choices":[{"not_picked":["Blade Dance","Deflect"],"picked":"Predator","floor":1},{"not_picked":["Outmaneuver","Endless Agony","Deflect"],"picked":"SKIP","floor":3},{"not_picked":["Prepared","Concentrate"],"picked":"Bouncing Flask","floor":5},{"not_picked":["All Out Attack","Riddle With Holes"],"picked":"Bouncing Flask","floor":6},{"not_picked":["Choke","Slice"],"picked":"Bouncing Flask","floor":10},{"not_picked":["Acrobatics","Eviscerate"],"picked":"Dash","floor":12},{"not_picked":["Finisher","Skewer"],"picked":"Cloak And Dagger","floor":13},{"not_picked":["Slice","Concentrate","Underhanded Strike"],"picked":"SKIP","floor":14},{"not_picked":["Grand Finale","A Thousand Cuts"],"picked":"Malaise","floor":16},{"not_picked":["Dagger Spray","Bane","Acrobatics"],"picked":"SKIP","floor":18},{"not_picked":["Sucker Punch+1","Escape Plan"],"picked":"Catalyst","floor":20},{"not_picked":["Flying Knee","Expertise+1"],"picked":"Blur","floor":21},{"not_picked":["Deadly Poison","Reflex","Phantasmal Killer"],"picked":"SKIP","floor":24},{"not_picked":["Quick Slash","Cloak And Dagger","Deadly Poison"],"picked":"SKIP","floor":27},{"not_picked":["Flying Knee","Endless Agony+1","Caltrops"],"picked":"SKIP","floor":30}],"player_experience":870132,"relics_obtained":[{"floor":6,"key":"Snake Skull"},{"floor":9,"key":"War Paint"},{"floor":12,"key":"Eternal Feather"},{"floor":14,"key":"Kunai"},{"floor":24,"key":"Centennial Puzzle"},{"floor":26,"key":"Gremlin Horn"},{"floor":27,"key":"HornCleat"}],"event_choices":[{"damage_healed":0,"gold_gain":0,"player_choice":"Left Gold","damage_taken":0,"max_hp_gain":0,"max_hp_loss":0,"event_name":"World of Goop","floor":4,"gold_loss":25},{"damage_healed":0,"gold_gain":0,"cards_transformed":["Strike_G"],"player_choice":"Transformed","damage_taken":0,"max_hp_gain":0,"max_hp_loss":0,"event_name":"Transmorgrifier","floor":7,"gold_loss":0,"cards_obtained":["Expertise"]},{"damage_healed":0,"gold_gain":0,"cards_transformed":["Expertise"],"player_choice":"Transformed","damage_taken":0,"max_hp_gain":0,"max_hp_loss":0,"event_name":"Transmorgrifier","floor":22,"gold_loss":0,"cards_obtained":["Cloak And Dagger"]}],"is_beta":false,"boss_relics":[{"not_picked":["Pandora\u0027s Box","WristBlade"],"picked":"Astrolabe"}],"items_purged_floors":[2,19],"is_endless":false,"potions_floor_spawned":[6,10,12,14,18,24],"killed_by":"Slavers","ascension_level":13}}