{"host":"1ekl8hlbnopmdapi","time":1607926340,"event":{"mods":["AchievementEnabler","BaseMod","Colored Map","Colored Powertips","DeckTracker","Googly Eyes","Highlight Path","Minty Spire (QoL Compilation)","Relic Sorter","StSLib"],"gold_per_floor":[16,35,54,66,85,114,114,114,140,152,152,152],"floor_reached":11,"playtime":272,"items_purged":[],"score":104,"play_id":"2e715eec-1081-40f7-bc81-b7727501edf6","local_time":"20201214011220","is_ascension_mode":true,"campfire_choices":[{"floor":7,"key":"RECALL"}],"circlet_count":0,"master_deck":["Strike_B","Strike_B","Strike_B","Strike_B","Defend_B","Defend_B","Defend_B","Defend_B","Zap","Dualcast","Streamline","Capacitor","Reinforced Body","Heatsinks","Rebound","Defragment"],"relics":["Cracked Core","Tiny Chest","Oddly Smooth Stone"],"acts_visited":["Exordium"],"potions_floor_usage":[6,10,11],"damage_taken":[{"damage":4,"enemies":"Small Slimes","floor":1,"turns":3},{"damage":4,"enemies":"Jaw Worm","floor":2,"turns":5},{"damage":1,"enemies":"Cultist","floor":3,"turns":3},{"damage":11,"enemies":"Looter","floor":4,"turns":4},{"damage":4,"enemies":"Large Slime","floor":5,"turns":6},{"damage":15,"enemies":"3 Sentries","floor":6,"turns":6},{"damage":3,"enemies":"2 Fungi Beasts","floor":10,"turns":3},{"damage":50,"enemies":"Gremlin Nob","floor":11,"turns":5}],"seed_played":"4666368953745187114","potions_obtained":[{"floor":1,"key":"Swift Potion"},{"floor":3,"key":"Swift Potion"},{"floor":4,"key":"Fire Potion"},{"floor":5,"key":"ColorlessPotion"}],"is_trial":false,"path_per_floor":["M","M","M","M","M","E","R","$","T","M","E"],"character_chosen":"DEFECT","items_purchased":[],"campfire_rested":0,"item_purchase_floors":[],"current_hp_per_floor":[78,74,73,62,58,43,43,43,43,40,0,0],"gold":152,"neow_bonus":"TWENTY_PERCENT_HP_BONUS","is_daily":false,"chose_seed":false,"campfire_upgraded":0,"win_rate":0.0,"timestamp":1607926340,"path_taken":["M","M","M","M","M","E","R","$","T","M","E"],"items_purchased_type":[],"build_version":"2020-12-13","purchased_purges":0,"victory":false,"max_hp_per_floor":[89,89,89,89,89,89,89,89,89,89,89,89],"card_choices":[{"not_picked":["Recycle","Barrage","Glacier"],"picked":"SKIP","floor":1},{"not_picked":["Scrape","Capacitor"],"picked":"Streamline","floor":2},{"not_picked":["Compile Driver","Hologram"],"picked":"Capacitor","floor":3},{"not_picked":["Sweeping Beam","Compile Driver"],"picked":"Reinforced Body","floor":4},{"not_picked":["Reinforced Body","Reprogram"],"picked":"Heatsinks","floor":5},{"not_picked":["Recycle","Streamline"],"picked":"Rebound","floor":6},{"not_picked":["Reprogram","Compile Driver"],"picked":"Defragment","floor":10}],"player_experience":443396,"relics_obtained":[{"floor":6,"key":"Tiny Chest"},{"floor":9,"key":"Oddly Smooth Stone"}],"event_choices":[],"is_beta":false,"boss_relics":[],"items_purged_floors":[],"is_endless":false,"potions_floor_spawned":[1,3,4,5],"killed_by":"Gremlin Nob","ascension_level":7}}