{"host":"en3i0mvpfa3c1sbz","time":1607943493,"event":{"mods":["BaseMod","BetterRewards","Dota2Spire","Downfall","GifTheSpireLib","Hubris","Infinite Spire","Marisa£®ÏF”Í°°ƒß¿Ì…≥£©","Minty Spire (QoL Compilation)","Replay The Spire","Shop Mod","StSLib","Stuff the Spire","The Administrix","The Factory","The Jungle"],"gold_per_floor":[199,219,239,239,250,278,278,278,288,288,288,306,306,306,324,324,324],"floor_reached":16,"playtime":756,"items_purged":[],"score":204,"play_id":"0c62fe38-a629-4a0e-b1a3-29466e1442a4","local_time":"20201214185813","is_ascension_mode":true,"campfire_choices":[{"floor":1.0,"key":"RECALL"},{"data":"FairyDestructionRay","floor":8,"key":"SMITH"},{"floor":10,"key":"REST"}],"circlet_count":0,"master_deck":["AscendersBane","Strike_MRS","Strike_MRS","Strike_MRS","Strike_MRS","Defend_MRS","Defend_MRS","MasterSpark","UpSweep","MilkyWay","DoubleSpark","EnergyFlow","FairyDestructionRay+1","DeepEcoloBomb","IllusionStar","Occultation","Regret","AlicesGift"],"relics":["MiniHakkero","Dota2Spire:AghanimScepter","Replay:Accelerometer","Toy Ornithopter"],"acts_visited":["Exordium"],"potions_floor_usage":[6,16],"damage_taken":[{"damage":9.0,"enemies":"2 Louse","floor":2.0,"turns":3.0},{"damage":1.0,"enemies":"Cultist","floor":3.0,"turns":3.0},{"damage":6.0,"enemies":"Jaw Worm","floor":5.0,"turns":4.0},{"damage":19,"enemies":"Lagavulin","floor":6,"turns":7},{"damage":0,"enemies":"Exordium Wildlife","floor":9,"turns":1},{"damage":0,"enemies":"3 Louse","floor":12,"turns":1},{"damage":6,"enemies":"Red Slaver","floor":15,"turns":3},{"damage":55,"enemies":"downfall:Defect","floor":16,"turns":6}],"seed_played":"1669205542158690656","potions_obtained":[{"floor":2.0,"key":"AttackPotion"},{"floor":5.0,"key":"Flashbang"},{"floor":15,"key":"Ancient Potion"}],"is_trial":false,"path_per_floor":["R","M","M","?","M","E","T","R","M","R","?","M","T","?","M","B"],"character_chosen":"MARISA","items_purchased":[],"campfire_rested":1,"item_purchase_floors":[],"current_hp_per_floor":[63,54,53,53,47,28,28,28,28,49,49,49,49,49,43,0,0],"gold":324,"neow_bonus":"HUNDRED_GOLD","is_daily":false,"chose_seed":false,"campfire_upgraded":1,"win_rate":0.0,"timestamp":1607943493,"path_taken":["R","M","M","?","?","E","T","R","M","R","?","M","?","?","M","BOSS"],"items_purchased_type":[],"build_version":"2020-12-13","purchased_purges":0,"victory":false,"max_hp_per_floor":[70,70,70,70,70,70,70,70,70,70,70,70,70,70,70,70,70],"card_choices":[{"not_picked":["DC","GravityBeat"],"picked":"MilkyWay","floor":2.0},{"not_picked":["DarkSpark","OneTimeOff"],"picked":"DoubleSpark","floor":3.0},{"not_picked":["DC","BlazeAway"],"picked":"EnergyFlow","floor":5.0},{"not_picked":["6A","MysteriousBeam"],"picked":"FairyDestructionRay","floor":6},{"not_picked":["IllusionStar","OrrerysSun"],"picked":"DeepEcoloBomb","floor":9},{"not_picked":["6A","BigCrunch"],"picked":"Occultation","floor":12},{"not_picked":["FairyDestructionRay","NonDirectionalLaser"],"picked":"AlicesGift","floor":15}],"player_experience":281490,"relics_obtained":[{"floor":6,"key":"Dota2Spire:AghanimScepter"},{"floor":13,"key":"Replay:Accelerometer"}],"event_choices":[{"cards_removed":["Defend_MRS"],"damage_healed":0.0,"max_hp_gain":0.0,"max_hp_loss":0.0,"gold_gain":0.0,"event_name":"Purifier","player_choice":"Purged","floor":4.0,"gold_loss":0.0,"damage_taken":0.0},{"damage_healed":0,"gold_gain":0,"cards_transformed":["Defend_MRS"],"player_choice":"Change","damage_taken":0,"max_hp_gain":0,"max_hp_loss":0,"event_name":"Living Wall","floor":11,"gold_loss":0,"cards_obtained":["IllusionStar"]},{"damage_healed":0,"gold_gain":0,"player_choice":"Box","damage_taken":0,"relics_obtained":["Toy Ornithopter"],"max_hp_gain":0,"max_hp_loss":0,"event_name":"Big Fish","floor":14,"gold_loss":0,"cards_obtained":["Regret"]}],"is_beta":false,"boss_relics":[],"items_purged_floors":[],"is_endless":false,"potions_floor_spawned":[2,5,15],"killed_by":"downfall:Defect","ascension_level":20}}