{"host":"x912fd5p2c4a0dpk","time":1607913514,"event":{"mods":["BaseMod","Duelist Mod","GifTheSpireLib","Infinite Spire","Minty Spire (QoL Compilation)","Replay The Spire","StSLib","The Problem Sleuth"],"gold_per_floor":[135,83,97,97,97,135,151,151,151,151,182,182,182,221,221,356,356,388,411,425,425,425,425,425],"floor_reached":23,"playtime":1820,"items_purged":["theDuelist:Sparks"],"score":249,"play_id":"d22aa8f7-2460-4b3f-96ad-389b497ccc9b","local_time":"20201213213834","is_ascension_mode":true,"campfire_choices":[{"floor":10,"key":"REST"},{"data":"theDuelist:MadSwordBeast","floor":13,"key":"SMITH"},{"floor":15,"key":"REST"}],"circlet_count":0,"master_deck":["theDuelist:BabyDragon","theDuelist:CastleWalls","theDuelist:CastleWalls","theDuelist:CaveDragon","theDuelist:CaveDragon","theDuelist:LesserDragon","theDuelist:LesserDragon","theDuelist:Sparks","theDuelist:YamataDragon","theDuelist:MadSwordBeast+1","theDuelist:CastleDragonSouls+1","theDuelist:CurseDragon","theDuelist:MaskedDragon+1","theDuelist:Hinotama","Pot Of Greed","Pot Of Greed","theDuelist:DragonMastery","theDuelist:WhiteNightDragon","theDuelist:SliferSky","theDuelist:RedEyes","theDuelist:MirageDragon"],"relics":["theDuelist:MillenniumPuzzle","theDuelist:CardPoolRelic","theDuelist:CardPoolBasicRelic","theDuelist:BoosterPackPoolRelic","theDuelist:CardPoolAddRelic","theDuelist:CardPoolMinusRelic","theDuelist:CardPoolSaveRelic","theDuelist:CardPoolOptionsRelic","theDuelist:KaibaToken","infinitespire:Lucky Rock","infinitespire:FocusingShard","Grinning Jar","Toy Ornithopter","Sozu"],"acts_visited":["Exordium","TheCity"],"potions_floor_usage":[],"damage_taken":[{"damage":0,"enemies":"Cultist","floor":1,"turns":2},{"damage":0,"enemies":"2 Louse","floor":3,"turns":2},{"damage":22,"enemies":"Lagavulin","floor":6,"turns":6},{"damage":9,"enemies":"Small Slimes","floor":7,"turns":2},{"damage":25,"enemies":"3 Sentries","floor":11,"turns":8},{"damage":8,"enemies":"Looter","floor":14,"turns":2},{"damage":30,"enemies":"Fading Forest","floor":16,"turns":11},{"damage":4,"enemies":"Spheric Guardian","floor":18,"turns":4},{"damage":20,"enemies":"2 Thieves","floor":19,"turns":2},{"damage":19,"enemies":"Centurion and Healer","floor":20,"turns":5},{"damage":47,"enemies":"Nightmare","floor":23,"turns":6}],"seed_played":"-793189169621410458","potions_obtained":[{"floor":11,"key":"theDuelist:DragonOrbBottle"},{"floor":14,"key":"theDuelist:BarricadePotion"},{"floor":16,"key":"Weak Potion"}],"is_trial":false,"path_per_floor":["M","$","M","?","?","E","M","?","T","R","E","T","R","M","R","B",null,"M","M","M","AVR","?","NM"],"character_chosen":"THE_DUELIST","items_purchased":["theDuelist:CastleDragonSouls+1"],"campfire_rested":2,"item_purchase_floors":[2],"current_hp_per_floor":[88,88,88,93,87,65,56,56,56,83,58,58,58,50,77,47,82,78,58,39,39,39,0,0],"gold":425,"neow_bonus":"TEN_PERCENT_HP_BONUS","is_daily":false,"chose_seed":false,"campfire_upgraded":1,"win_rate":0.0,"timestamp":1607913514,"path_taken":["M","?","M","?","?","E","M","?","T","R","E","?","R","M","R","BOSS","M","M","?","AVR","?","NM"],"items_purchased_type":["Card"],"build_version":"2020-12-13","purchased_purges":1,"victory":false,"max_hp_per_floor":[88,88,88,93,93,93,93,93,93,93,93,93,93,93,93,93,93,93,93,93,93,93,93,93],"card_choices":[{"not_picked":["theDuelist:DarkHorus","theDuelist:DefenseZone","theDuelist:BlackPtera","theDuelist:BarrelDragon"],"picked":"theDuelist:MadSwordBeast","floor":1},{"not_picked":["theDuelist:Duoterion","theDuelist:CaveDragon","theDuelist:ViceDragon","theDuelist:AmuletDragon"],"picked":"theDuelist:CurseDragon","floor":3},{"not_picked":["theDuelist:TwinBarrelDragon","theDuelist:Duoterion","theDuelist:CyberDragonDrei","theDuelist:MoltenDestruction"],"picked":"theDuelist:MaskedDragon","floor":6},{"not_picked":["theDuelist:LightningDarts","theDuelist:FeatherPho","theDuelist:BigKoala","theDuelist:ReinforcementsArmy"],"picked":"theDuelist:Hinotama","floor":7},{"not_picked":["theDuelist:WaterDragon","theDuelist:SeismicShockwave","theDuelist:OceanDragonLord","theDuelist:BerserkScales"],"picked":"theDuelist:DragonMastery","floor":11},{"not_picked":["theDuelist:ThunderDragon","theDuelist:FiveHeaded"],"picked":"theDuelist:WhiteNightDragon","floor":14},{"not_picked":["theDuelist:WaterDragon","theDuelist:Scapegoat","theDuelist:OceanDragonLord","theDuelist:BSkullDragon"],"picked":"theDuelist:SliferSky","floor":16},{"not_picked":["theDuelist:FiendSkull","theDuelist:BlizzardDragon","theDuelist:BackgroundDragon","theDuelist:ArmedDragon3"],"picked":"theDuelist:RedEyes","floor":18},{"not_picked":["theDuelist:CyberDinosaur","theDuelist:MoltenDestruction","theDuelist:DefenseZone+1","theDuelist:Duoterion+1"],"picked":"theDuelist:MirageDragon","floor":19},{"not_picked":["theDuelist:BattleguardKing","theDuelist:Hinotama","theDuelist:RainbowOverdragon","theDuelist:LightningDarts","theDuelist:Raigeki+1"],"picked":"SKIP","floor":20}],"player_experience":377077,"relics_obtained":[{"floor":6,"key":"infinitespire:Lucky Rock"},{"floor":9,"key":"infinitespire:FocusingShard"},{"floor":11,"key":"Grinning Jar"},{"floor":12,"key":"Toy Ornithopter"}],"event_choices":[{"damage_healed":0,"gold_gain":0,"player_choice":"Donut","damage_taken":0,"max_hp_gain":5,"max_hp_loss":0,"event_name":"Big Fish","floor":4,"gold_loss":0},{"damage_healed":0,"gold_gain":0,"player_choice":"Dig - random Duelist relic","duelist":true,"damage_taken":0,"max_hp_gain":0,"max_hp_loss":0,"event_name":"Aknamkanon\u0027s Tomb","floor":5,"gold_loss":0},{"damage_healed":0,"gold_gain":0,"player_choice":"Ignored","damage_taken":0,"max_hp_gain":0,"max_hp_loss":0,"event_name":"Duplicator","floor":22,"gold_loss":0}],"is_beta":false,"boss_relics":[{"not_picked":["ChewingGum","Philosopher\u0027s Stone"],"picked":"Sozu"}],"items_purged_floors":[21],"is_endless":false,"potions_floor_spawned":[11,14,16,20],"killed_by":"Nightmare","ascension_level":5}}