{"host":"jak4ncvfzor9mys0","time":1607973184,"event":{"mods":["2.2 Compatiblity","AchievementEnabler","BaseMod","Better Altar","Better Match","Better Note","Better Sensory Stone","Better Skull","Better Third Choice","BetterRewards","Block Reminder","Colored Map","Colored Powertips","Energized Spire","Gold Saver","Hubris","Infinite Spire","Key Reminder","Minty Spire (QoL Compilation)","Rare Cards Sparkle","Red Circlet Mod","Relic Sorter","Relic Stats","Replay The Spire","Retaliation","StSLib","SuperFastMode","The Blue Laboratory"],"gold_per_floor":[494,504,504,524,68,93,104,120,120,120,120,131,166,179,179,281,281,296,246,246,265,92,92,92],"floor_reached":23,"playtime":1306,"items_purged":["Strike_R","Defend_R","Strike_R"],"score":303,"play_id":"56402b97-4338-4e54-8424-a7b957ea586c","local_time":"20201214111304","is_ascension_mode":false,"campfire_choices":[{"floor":15,"key":"REST"}],"circlet_count":0,"master_deck":["Strike_R","Strike_R","Strike_R","Defend_R","Defend_R","Defend_R+1","Bash","Cleave","Shrug It Off","DDmod:SpikedSkill","Rage","Cleave","Shrug It Off","DDmod:UnstoppableAttack","Cleave","Body Slam"],"relics":["Burning Blood","DDmod:StuhbiRelic","Replay:Bottled Steam","Blue Candle","Centennial Puzzle"],"acts_visited":["Exordium","TheCity"],"potions_floor_usage":[6,14,18,21],"damage_taken":[{"damage":1,"enemies":"Cultist","floor":1,"turns":3},{"damage":3,"enemies":"Jaw Worm","floor":2,"turns":4},{"damage":2,"enemies":"Small Slimes","floor":4,"turns":4},{"damage":21,"enemies":"3 Sentries","floor":6,"turns":8},{"damage":17,"enemies":"Exordium Thugs","floor":7,"turns":5},{"damage":3,"enemies":"2 Fungi Beasts","floor":8,"turns":4},{"damage":7,"enemies":"Exordium Wildlife","floor":12,"turns":5},{"damage":29,"enemies":"Lagavulin","floor":13,"turns":9},{"damage":11,"enemies":"Exordium Thugs","floor":14,"turns":4},{"damage":48,"enemies":"Fading Forest","floor":16,"turns":11},{"damage":13,"enemies":"3 Byrds","floor":18,"turns":5},{"damage":29,"enemies":"Spheric Guardian","floor":21,"turns":8},{"damage":65,"enemies":"Book of Stabbing","floor":23,"turns":8}],"seed_played":"-110570770988717006","potions_obtained":[{"floor":2,"key":"Venom Potion"},{"floor":13,"key":"blueLaboratory:FruitPunch"},{"floor":16,"key":"blueLaboratory:FrostheartPotion"},{"floor":18,"key":"ColorlessPotion"},{"floor":21,"key":"blueLaboratory:BottledHope"}],"is_trial":false,"path_per_floor":["M","M","?","M","$","E","M","M","T","?","R","M","E","M","R","B",null,"M","?","?","M","$","E"],"character_chosen":"IRONCLAD","items_purchased":["Cleave","DDmod:SpikedSkill","Replay:Bottled Steam","Rage","Body Slam"],"campfire_rested":1,"item_purchase_floors":[0,5,5,5,22],"current_hp_per_floor":[80,80,80,80,80,65,54,57,57,57,57,56,33,30,54,22,82,75,75,75,56,56,0,0],"gold":92,"neow_bonus":"","is_daily":false,"chose_seed":false,"campfire_upgraded":0,"win_rate":0.0,"timestamp":1607973184,"path_taken":["M","?","?","M","$","E","M","M","T","?","R","M","E","M","R","BOSS","M","?","?","M","$","E"],"items_purchased_type":["Card","Card","Relic","Card","Card"],"build_version":"2020-12-13","purchased_purges":3,"victory":false,"max_hp_per_floor":[80,80,80,80,80,80,80,80,80,80,80,80,80,82,82,82,82,82,82,82,82,82,82,82],"relic_stats":{"Centennial Puzzle":[15],"counters":[25,140],"Blue Candle":[0],"obtain_stats":[{"Lee\u0027s Waffle":5,"Pondfish Scales":7,"Centennial Puzzle":13,"hubris:Backtick":17,"DDmod:StuhbiRelic":9,"infinitespire:Bottled Soul":17,"Blue Candle":6,"hubris:PeanutButter":13,"Replay:Mystery Machine":26,"Burning Blood":0,"Replay:Bottled Steam":9},{"Lee\u0027s Waffle":3,"Pondfish Scales":4,"Centennial Puzzle":20,"hubris:Backtick":8,"DDmod:StuhbiRelic":18,"infinitespire:Bottled Soul":8,"Blue Candle":16,"hubris:PeanutButter":6,"Replay:Mystery Machine":11,"Burning Blood":0,"Replay:Bottled Steam":4},{"Lee\u0027s Waffle":12,"Pondfish Scales":19,"Centennial Puzzle":104,"hubris:Backtick":42,"DDmod:StuhbiRelic":90,"infinitespire:Bottled Soul":42,"Blue Candle":81,"hubris:PeanutButter":28,"Replay:Mystery Machine":59,"Burning Blood":0,"Replay:Bottled Steam":19}],"Burning Blood":118},"card_choices":[{"not_picked":["Anger","Iron Wave","Perfected Strike"],"picked":"SKIP","floor":1},{"not_picked":["True Grit","DDmod:CallousedSkill","Life Link"],"picked":"SKIP","floor":2},{"not_picked":["DDmod:RapidStrikeAttack","Cleave"],"picked":"Shrug It Off","floor":4},{"not_picked":["Dark Embrace","Shockwave","DDmod:PlatedThornsSkill"],"picked":"SKIP","floor":6},{"not_picked":["Rage","Sword Boomerang","Uppercut"],"picked":"SKIP","floor":7},{"not_picked":["ReplayTheSpireMod:LeadingStrike","True Grit"],"picked":"Cleave","floor":8},{"not_picked":["ReplayTheSpireMod:Strike From Hell","Rage"],"picked":"Shrug It Off","floor":12},{"not_picked":["DDmod:UnstoppableAttack","Flex","Sentinel"],"picked":"SKIP","floor":13},{"not_picked":["Clothesline","Intimidate","Replay:Undeath\u0027s Touch"],"picked":"SKIP","floor":14},{"not_picked":["Pommel Strike","Anger"],"picked":"DDmod:UnstoppableAttack","floor":18},{"not_picked":["Infernal Blade","Perfected Strike"],"picked":"Cleave","floor":21}],"player_experience":2602549,"relics_obtained":[{"floor":6,"key":"Blue Candle"},{"floor":9,"key":"DDmod:StuhbiRelic"},{"floor":13,"key":"Centennial Puzzle"}],"event_choices":[{"damage_healed":0,"gold_gain":0,"player_choice":"Ignored","damage_taken":0,"max_hp_gain":0,"max_hp_loss":0,"event_name":"Transmorgrifier","floor":10,"gold_loss":0},{"damage_healed":0,"gold_gain":0,"player_choice":"Bet on Murderer","damage_taken":0,"max_hp_gain":0,"max_hp_loss":0,"event_name":"The Joust","floor":19,"gold_loss":50},{"cards_removed":["Strike_R"],"damage_healed":0,"gold_gain":0,"player_choice":"Give","damage_taken":0,"max_hp_gain":0,"max_hp_loss":0,"event_name":"betterNote:BetterNote","floor":20,"gold_loss":0,"cards_obtained":["Strike_R"]}],"is_beta":false,"boss_relics":[{"not_picked":["Snecko Heart","energizedSpire:RedRose","energizedSpire:MagnifyingGlass"]}],"items_purged_floors":[0,5,22],"is_endless":false,"potions_floor_spawned":[2,12,13,16,18,21],"killed_by":"Book of Stabbing","ascension_level":0}}