{"host":"zsm7bdfo51n66z45","time":1607910285,"event":{"mods":["AchievementEnabler","BaseMod","Better Skull","Better Third Choice","Colored Powertips","Minty Spire (QoL Compilation)","MostiFishMod","Relic Stats","Spicy Shops","StSLib","Waifu the Spire"],"gold_per_floor":[119,131,131,151,151,169,169,185,185,185,206,239,204,58,58,179,179,204,204,204,223,46,46,79,89,89,105,124,124,124,137,137,240,240,256,356,366,412,422,448,460,460,460,460,485,485,496,508,508,508],"floor_reached":51,"playtime":1559,"items_purged":[],"score":881,"play_id":"4368acaa-e1e1-40d6-9b71-626ba33bf26a","local_time":"20201213194445","daily_mods":["Vintage"],"is_ascension_mode":false,"campfire_choices":[{"data":"Bash","floor":7,"key":"SMITH"},{"data":"Swivel","floor":15,"key":"SMITH"},{"floor":23,"key":"REST"},{"data":"Twin Strike","floor":32,"key":"SMITH"},{"data":"MostiFishMod:FrostNova","floor":42,"key":"SMITH"},{"data":"Doom and Gloom","floor":49,"key":"SMITH"}],"circlet_count":0,"master_deck":["Strike_R+1","Strike_R","Strike_R","Strike_R+1","Strike_R","Defend_R","Defend_R+1","Defend_R","Defend_R+1","Bash+1","CrushJoints","Pommel Strike","Twin Strike+1","MostiFishMod:FrostNova+1","Swivel+1","Doom and Gloom+1","MostiFishMod:UniBlue+1","Core Surge+1","Sucker Punch+1","Shrug It Off+1"],"relics":["Burning Blood","DaveBox","BrkXgEgg","Paper Frog","Question Card","PrismaticShard","Kunai","Bloody Idol","Mercury Hourglass","Lantern","Whetstone","Eternal Feather","Champion Belt","Self Forming Clay","Orrery","ImportantClient","Molten Egg 2","Akabeko","Bronze Scales","Dodecahedron","Thread and Needle","War Paint","Gremlin Horn","Bottled Flame","Darkstone Periapt","InkBottle","JellyFishMachine","Toy Ornithopter","StrikeDummy","CombinedTypeHook","Meat on the Bone","Girya","Gambling Chip","Question Card","Mummified Hand","The Courier","Juzu Bracelet"],"acts_visited":["Exordium","TheCity","TheBeyond"],"potions_floor_usage":[16,24,24,33,40,50,50],"damage_taken":[{"damage":14,"enemies":"2 Louse","floor":1,"turns":2},{"damage":2,"enemies":"Small Slimes","floor":2,"turns":4},{"damage":15,"enemies":"Jaw Worm","floor":4,"turns":4},{"damage":1,"enemies":"3 Louse","floor":6,"turns":3},{"damage":9,"enemies":"Blue Slaver","floor":8,"turns":3},{"damage":3,"enemies":"Lots of Slimes","floor":11,"turns":4},{"damage":25,"enemies":"Lagavulin","floor":12,"turns":4},{"damage":41,"enemies":"The Guardian","floor":16,"turns":10},{"damage":16,"enemies":"2 Thieves","floor":18,"turns":4},{"damage":17,"enemies":"Spheric Guardian","floor":21,"turns":4},{"damage":5,"enemies":"Book of Stabbing","floor":24,"turns":3},{"damage":0,"enemies":"Snecko","floor":25,"turns":3},{"damage":0,"enemies":"Sentry and Sphere","floor":27,"turns":2},{"damage":6,"enemies":"Chosen and Byrds","floor":28,"turns":3},{"damage":0,"enemies":"Snake Plant","floor":31,"turns":2},{"damage":37,"enemies":"Champ","floor":33,"turns":8},{"damage":0,"enemies":"3 Darklings","floor":35,"turns":1},{"damage":0,"enemies":"3 Shapes","floor":37,"turns":2},{"damage":0,"enemies":"2 Orb Walkers","floor":38,"turns":2},{"damage":3,"enemies":"Writhing Mass","floor":39,"turns":2},{"damage":14,"enemies":"Giant Head","floor":40,"turns":6},{"damage":2,"enemies":"4 Shapes","floor":41,"turns":2},{"damage":9,"enemies":"Nemesis","floor":45,"turns":3},{"damage":0,"enemies":"Transient","floor":47,"turns":5},{"damage":5,"enemies":"Maw","floor":48,"turns":3},{"damage":22,"enemies":"Donu and Deca","floor":50,"turns":5}],"seed_played":"509952747305100457","potions_obtained":[{"floor":2,"key":"LiquidMemories"},{"floor":11,"key":"Explosive Potion"},{"floor":16,"key":"LiquidMemories"},{"floor":20,"key":"FairyPotion"},{"floor":20,"key":"AttackPotion"},{"floor":27,"key":"Block Potion"},{"floor":28,"key":"Weak Potion"},{"floor":37,"key":"SmokeBomb"},{"floor":38,"key":"DuplicationPotion"},{"floor":47,"key":"Block Potion"}],"is_trial":true,"path_per_floor":["M","M","?","M","?","M","R","M","T","$","M","E","?","$","R","B",null,"M","?","?","M","$","R","E","M","T","M","M","?","?","M","R","B",null,"M","?","M","?","M","E","M","R","T","$","E","?","M","M","R","B",null],"character_chosen":"IRONCLAD","items_purchased":["Orrery","Bronze Scales","Dodecahedron"],"campfire_rested":1,"item_purchase_floors":[14,22,22],"current_hp_per_floor":[72,76,74,65,70,75,75,72,72,72,75,56,75,75,79,44,79,69,69,69,63,63,79,79,79,79,79,79,79,79,79,79,53,79,79,79,79,79,79,76,79,79,79,79,79,79,79,79,79,63],"gold":508,"neow_bonus":"","is_daily":false,"chose_seed":false,"campfire_upgraded":5,"win_rate":0.0,"timestamp":1607910285,"path_taken":["M","M","?","M","?","M","R","M","T","$","M","E","?","?","R","BOSS","M","?","?","?","$","R","E","M","T","M","M","?","?","M","R","BOSS","M","?","?","?","M","E","M","R","T","$","E","?","M","M","R","BOSS"],"items_purchased_type":["Relic","Relic","Relic"],"build_version":"2020-12-13","purchased_purges":0,"victory":true,"max_hp_per_floor":[80,80,74,74,79,79,79,79,79,79,79,79,79,79,79,79,79,79,79,79,79,79,79,79,79,79,79,79,79,79,79,79,79,79,79,79,79,79,79,79,79,79,79,79,79,79,79,79,79,79],"relic_stats":{"Darkstone Periapt":0,"Gremlin Horn":[8,8],"counters":[26,87],"Self Forming Clay":[84],"Eternal Feather":13,"Juzu Bracelet":0,"Whetstone":["Strike_R","Strike_R"],"War Paint":["Defend_R","Defend_R"],"Question Card":13,"Burning Blood":108,"Mercury Hourglass":[294],"Mummified Hand":[3],"Bloody Idol":18,"Bronze Scales":[103],"Gambling Chip":[6],"Kunai":[34],"Champion Belt":[15],"obtain_stats":[{"Darkstone Periapt":28,"CombinedTypeHook":38,"Lantern":6,"DaveBox":0,"Gremlin Horn":26,"Juzu Bracelet":48,"Whetstone":8,"PrismaticShard":1,"Burning Blood":0,"Mummified Hand":45,"Gambling Chip":41,"Kunai":2,"InkBottle":31,"Paper Frog":1,"ImportantClient":16,"Girya":40,"Dodecahedron":22,"Golden Idol":3,"Self Forming Clay":12,"JellyFishMachine":34,"Eternal Feather":9,"Thread and Needle":24,"BrkXgEgg":1,"The Courier":47,"War Paint":25,"Question Card":1,"Akabeko":21,"Mercury Hourglass":4,"Bottled Flame":27,"Bloody Idol":19,"Bronze Scales":22,"Orrery":14,"Molten Egg 2":18,"Champion Belt":11,"StrikeDummy":37,"Toy Ornithopter":35,"Meat on the Bone":39},{"Darkstone Periapt":14,"CombinedTypeHook":19,"Lantern":4,"DaveBox":0,"Gremlin Horn":12,"Juzu Bracelet":25,"Whetstone":5,"PrismaticShard":1,"Burning Blood":0,"Mummified Hand":23,"Gambling Chip":22,"Kunai":2,"InkBottle":15,"Paper Frog":1,"ImportantClient":8,"Girya":21,"Dodecahedron":10,"Golden Idol":2,"Self Forming Clay":7,"JellyFishMachine":16,"Eternal Feather":5,"Thread and Needle":11,"BrkXgEgg":1,"The Courier":24,"War Paint":12,"Question Card":1,"Akabeko":10,"Mercury Hourglass":3,"Bottled Flame":13,"Bloody Idol":9,"Bronze Scales":10,"Orrery":7,"Molten Egg 2":9,"Champion Belt":6,"StrikeDummy":18,"Toy Ornithopter":17,"Meat on the Bone":20},{"Darkstone Periapt":49,"CombinedTypeHook":64,"Lantern":13,"DaveBox":0,"Gremlin Horn":45,"Juzu Bracelet":82,"Whetstone":15,"PrismaticShard":2,"Burning Blood":0,"Mummified Hand":74,"Gambling Chip":72,"Kunai":6,"InkBottle":51,"Paper Frog":2,"ImportantClient":32,"Girya":71,"Dodecahedron":39,"Golden Idol":6,"Self Forming Clay":22,"JellyFishMachine":59,"Eternal Feather":15,"Thread and Needle":42,"BrkXgEgg":1,"The Courier":79,"War Paint":45,"Question Card":2,"Akabeko":39,"Mercury Hourglass":10,"Bottled Flame":47,"Bloody Idol":35,"Bronze Scales":39,"Orrery":22,"Molten Egg 2":35,"Champion Belt":18,"StrikeDummy":62,"Toy Ornithopter":60,"Meat on the Bone":65}],"InkBottle":[14],"Toy Ornithopter":0,"Meat on the Bone":0},"card_choices":[{"not_picked":["PiercingWail","Reprogram","SashWhip"],"picked":"CrushJoints","floor":12},{"not_picked":["Havoc","Phantasmal Killer+1","Heavy Blade"],"picked":"Pommel Strike","floor":14},{"not_picked":["Underhanded Strike","PanicButton","MostiFishMod:PoisonShield"],"picked":"Twin Strike","floor":14},{"not_picked":["Pommel Strike","Fire Breathing","Expertise"],"picked":"MostiFishMod:FrostNova","floor":14},{"not_picked":["CutThroughFate","Consecrate","Halt"],"picked":"Swivel","floor":14},{"not_picked":["Finesse","Twin Strike","Quick Slash"],"picked":"Doom and Gloom","floor":14},{"not_picked":["MostiFishMod:Dislodge+1","Venomology+1","MostiFishMod:Confrontation+1"],"picked":"MostiFishMod:UniBlue+1","floor":16},{"not_picked":["Defragment","JustLucky+1","Leap","Backflip"],"picked":"SKIP","floor":24},{"not_picked":["Thunder Strike+1","Storm of Steel+1","MostiFishMod:FlyOverUtopia+1"],"picked":"Core Surge+1","floor":33},{"not_picked":["Cold Snap+1","ThirdEye","Ball Lightning+1"],"picked":"Sucker Punch+1","floor":38},{"not_picked":["Collect","Skewer+1","Stack"],"picked":"Shrug It Off+1","floor":40},{"not_picked":["Turbo","Protect+1","PanicButton+1","Dodge and Roll","Darkness+1"],"picked":"SKIP","floor":45}],"player_experience":136859,"relics_obtained":[{"floor":1,"key":"Paper Frog"},{"floor":1,"key":"Question Card"},{"floor":1,"key":"PrismaticShard"},{"floor":2,"key":"Kunai"},{"floor":4,"key":"Mercury Hourglass"},{"floor":6,"key":"Lantern"},{"floor":8,"key":"Whetstone"},{"floor":9,"key":"Eternal Feather"},{"floor":11,"key":"Champion Belt"},{"floor":12,"key":"Self Forming Clay"},{"floor":16,"key":"ImportantClient"},{"floor":18,"key":"Molten Egg 2"},{"floor":21,"key":"Akabeko"},{"floor":24,"key":"Thread and Needle"},{"floor":25,"key":"War Paint"},{"floor":26,"key":"Gremlin Horn"},{"floor":27,"key":"Bottled Flame"},{"floor":28,"key":"Darkstone Periapt"},{"floor":31,"key":"InkBottle"},{"floor":35,"key":"Toy Ornithopter"},{"floor":37,"key":"StrikeDummy"},{"floor":38,"key":"CombinedTypeHook"},{"floor":39,"key":"Meat on the Bone"},{"floor":40,"key":"Girya"},{"floor":41,"key":"Gambling Chip"},{"floor":43,"key":"Question Card"},{"floor":45,"key":"Mummified Hand"},{"floor":47,"key":"The Courier"},{"floor":48,"key":"Juzu Bracelet"}],"event_choices":[{"damage_healed":0,"gold_gain":0,"player_choice":"Lose Max HP","damage_taken":0,"relics_obtained":["Golden Idol"],"max_hp_gain":0,"max_hp_loss":6,"event_name":"Golden Idol","floor":3,"gold_loss":0},{"damage_healed":0,"gold_gain":0,"player_choice":"Donut","damage_taken":0,"max_hp_gain":5,"max_hp_loss":0,"event_name":"Big Fish","floor":5,"gold_loss":0},{"damage_healed":19,"gold_gain":0,"player_choice":"Healed","damage_taken":0,"max_hp_gain":0,"max_hp_loss":0,"event_name":"The Cleric","floor":13,"gold_loss":35},{"damage_healed":0,"gold_gain":0,"player_choice":"Gave Idol","damage_taken":0,"relics_obtained":["Bloody Idol"],"max_hp_gain":0,"max_hp_loss":0,"event_name":"Forgotten Altar","floor":19,"relics_lost":["Golden Idol"],"gold_loss":0},{"damage_healed":0,"gold_gain":0,"player_choice":"Got Potions","damage_taken":0,"max_hp_gain":0,"max_hp_loss":0,"event_name":"Lab","floor":20,"gold_loss":0},{"damage_healed":0,"gold_gain":0,"player_choice":"Ignored","damage_taken":0,"max_hp_gain":0,"max_hp_loss":0,"event_name":"Ghosts","floor":29,"gold_loss":0},{"damage_healed":0,"gold_gain":0,"player_choice":"Ignored","damage_taken":0,"max_hp_gain":0,"max_hp_loss":0,"event_name":"The Mausoleum","floor":30,"gold_loss":0},{"damage_healed":0,"gold_gain":100,"player_choice":"Pray","damage_taken":0,"max_hp_gain":0,"max_hp_loss":0,"event_name":"Golden Shrine","floor":36,"gold_loss":0},{"damage_healed":0,"gold_gain":0,"player_choice":"Fight","damage_taken":0,"max_hp_gain":0,"max_hp_loss":0,"event_name":"Mysterious Sphere","floor":38,"gold_loss":0},{"damage_healed":0,"gold_gain":0,"player_choice":"Ignored","damage_taken":0,"max_hp_gain":0,"max_hp_loss":0,"event_name":"Tomb of Lord Red Mask","floor":46,"gold_loss":0}],"is_beta":false,"boss_relics":[{"not_picked":["Velvet Choker","Empty Cage","Ectoplasm"]},{"not_picked":["MostiFishMod:Hod","SacredBark"],"picked":"JellyFishMachine"}],"items_purged_floors":[],"is_endless":false,"potions_floor_spawned":[2,11,12,16,21,25,27,28,31,37,38,47],"ascension_level":0}}