{"host":"nh1tx9wty0m9wedw","time":1607932002,"event":{"mods":["BaseMod","Colored Map","Colored Powertips","Minty Spire (QoL Compilation)"],"gold_per_floor":[111,125,141,64,79,112,65,91,115,190,190,190,190,201,201,297,297,312,312,53,48,48,75,75,75],"floor_reached":24,"playtime":1743,"items_purged":[],"score":246,"play_id":"18aba974-c20a-483f-b294-d5ce69237311","local_time":"20201214084642","is_ascension_mode":true,"campfire_choices":[{"floor":13,"key":"REST"},{"floor":15,"key":"REST"}],"circlet_count":0,"master_deck":["Strike_R","Strike_R","Strike_R","Defend_R","Defend_R","Defend_R","Defend_R","Bash","Cleave","Pommel Strike","Metallicize","Shrug It Off","Barricade","Armaments","Cleave","Anger","Cleave+1","Fire Breathing","Immolate+1"],"relics":["Burning Blood","Potion Belt","Bronze Scales","Smiling Mask","Art of War","Empty Cage","MutagenicStrength","Molten Egg 2","Dream Catcher"],"acts_visited":["Exordium","TheCity"],"potions_floor_usage":[5,5,6,8,18],"damage_taken":[{"damage":1,"enemies":"Cultist","floor":1,"turns":3},{"damage":12,"enemies":"Small Slimes","floor":2,"turns":3},{"damage":0,"enemies":"2 Louse","floor":3,"turns":2},{"damage":20,"enemies":"Large Slime","floor":5,"turns":5},{"damage":32,"enemies":"Gremlin Nob","floor":6,"turns":5},{"damage":21,"enemies":"3 Sentries","floor":8,"turns":7},{"damage":6,"enemies":"2 Fungi Beasts","floor":14,"turns":2},{"damage":69,"enemies":"Slime Boss","floor":16,"turns":12},{"damage":4,"enemies":"Shell Parasite","floor":18,"turns":11},{"damage":20,"enemies":"2 Thieves","floor":21,"turns":4},{"damage":54,"enemies":"Gremlin Leader","floor":23,"turns":9},{"damage":20,"enemies":"Shelled Parasite and Fungi","floor":24,"turns":2}],"seed_played":"6273518232239821061","potions_obtained":[{"floor":1,"key":"Regen Potion"},{"floor":2,"key":"SkillPotion"},{"floor":3,"key":"Strength Potion"},{"floor":5,"key":"Dexterity Potion"},{"floor":16,"key":"HeartOfIron"}],"is_trial":false,"path_per_floor":["M","M","M","$","M","E","$","E","T","?","?","?","R","M","R","B",null,"M","?","$","M","?","E","M"],"character_chosen":"IRONCLAD","items_purchased":["Metallicize","Armaments","Molten Egg 2"],"campfire_rested":2,"item_purchase_floors":[4,7,20],"current_hp_per_floor":[80,74,80,80,66,54,54,39,39,28,28,28,52,52,76,13,80,80,80,80,66,66,18,0,0],"gold":75,"neow_bonus":"RANDOM_COMMON_RELIC","is_daily":false,"chose_seed":false,"campfire_upgraded":0,"win_rate":0.0,"timestamp":1607932002,"path_taken":["M","M","M","$","M","E","?","E","T","?","?","?","R","M","R","BOSS","M","?","$","M","?","E","M"],"items_purchased_type":["Card","Card","Relic"],"build_version":"2020-12-13","purchased_purges":0,"victory":false,"max_hp_per_floor":[80,80,80,80,80,80,80,80,80,80,80,80,80,80,80,80,80,80,80,80,80,80,80,80,80],"card_choices":[{"not_picked":["Carnage","Rage","Clothesline"],"picked":"SKIP","floor":1},{"not_picked":["Sentinel","Pommel Strike"],"picked":"Cleave","floor":2},{"not_picked":["Rage","Searing Blow"],"picked":"Pommel Strike","floor":3},{"not_picked":["Headbutt","Warcry"],"picked":"Shrug It Off","floor":5},{"not_picked":["Perfected Strike","Flex"],"picked":"Barricade","floor":6},{"not_picked":["True Grit","Flex","Dual Wield"],"picked":"SKIP","floor":8},{"not_picked":["Heavy Blade","Evolve"],"picked":"Cleave","floor":14},{"not_picked":["Clothesline","Dropkick"],"picked":"Anger","floor":18},{"not_picked":["True Grit","Headbutt+1"],"picked":"Cleave+1","floor":21},{"not_picked":["Perfected Strike+1","Heavy Blade+1"],"picked":"Immolate+1","floor":23}],"player_experience":540697,"relics_obtained":[{"floor":6,"key":"Bronze Scales"},{"floor":8,"key":"Smiling Mask"},{"floor":9,"key":"Art of War"},{"floor":23,"key":"Dream Catcher"}],"event_choices":[{"damage_healed":0,"gold_gain":75,"player_choice":"Gather Gold","damage_taken":11,"max_hp_gain":0,"max_hp_loss":0,"event_name":"World of Goop","floor":10,"gold_loss":0},{"damage_healed":0,"gold_gain":0,"player_choice":"Ignored","damage_taken":0,"max_hp_gain":0,"max_hp_loss":0,"event_name":"Shining Light","floor":11,"gold_loss":0},{"damage_healed":0,"gold_gain":0,"player_choice":"Ignored","damage_taken":0,"max_hp_gain":0,"max_hp_loss":0,"event_name":"Golden Wing","floor":12,"gold_loss":0},{"damage_healed":0,"gold_gain":0,"player_choice":"Inject Mutagens","damage_taken":0,"relics_obtained":["MutagenicStrength"],"max_hp_gain":0,"max_hp_loss":0,"event_name":"Drug Dealer","floor":19,"gold_loss":0},{"damage_healed":0,"gold_gain":0,"player_choice":"Read","damage_taken":0,"max_hp_gain":0,"max_hp_loss":0,"event_name":"The Library","floor":22,"gold_loss":0,"cards_obtained":["Fire Breathing"]}],"is_beta":false,"boss_relics":[{"not_picked":["Runic Dome","Fusion Hammer"],"picked":"Empty Cage"}],"items_purged_floors":[],"is_endless":false,"potions_floor_spawned":[1,2,3,5,16],"killed_by":"Shelled Parasite and Fungi","ascension_level":2}}