{"host":"zsm7bdfo51n66z45","time":1607905197,"event":{"mods":["BaseMod","Better Skull","Better Third Choice","Colored Powertips","Minty Spire (QoL Compilation)","MostiFishMod","Relic Stats","Retaliation","Spicy Shops","StSLib","Waifu the Spire"],"gold_per_floor":[112,125,200,215,242,269,269,313,338,357,429,470,493,10,10,141,141,155,173,173,198,216,250,250,284,284,284,309,328,348,392,392,512,575,595,595,615,631,644,678,678,703,703,738,756,772,772,772,772,772,772,772,772,816,816],"floor_reached":56,"playtime":1184,"items_purged":["Defend_R","Defend_R"],"score":1721,"play_id":"1b4a6b89-eb0b-4451-a053-9e2861d09236","local_time":"20201213181957","is_ascension_mode":false,"campfire_choices":[{"data":"1","floor":15,"key":"LIFT"},{"data":"2","floor":24,"key":"LIFT"},{"data":"3","floor":27,"key":"LIFT"},{"data":"Heavy Blade","floor":32,"key":"SMITH"},{"floor":41,"key":"RECALL"},{"data":"DDmod:RapidStrikeAttack","floor":49,"key":"SMITH"},{"data":"Sword Boomerang","floor":52,"key":"SMITH"}],"circlet_count":0,"master_deck":["Strike_R+1","Strike_R+1","Strike_R+1","Strike_R+1","Strike_R+1","Defend_R+1","Defend_R+1","Bash","Twin Strike","Riddle With Holes","Flying Knee","Poisoned Stab","Blade Dance+1","Thunderclap","Feed","Sword Boomerang+1","Flying Knee","FlyingSleeves+1","Sword Boomerang+1","Heavy Blade+1","Quick Slash","DDmod:RapidStrikeAttack+1","Rip and Tear","Melter","Riddle With Holes+1","Cleave+1","Sweeping Beam"],"relics":["Burning Blood","DaveBox","PatriotShield","Question Card","PrismaticShard","Anchor","Girya","Golden Idol","Whetstone","Tiny Chest","HornCleat","CombinedTypeHook","Question Card","ImportantClient","Sozu","War Paint","Red Mask","Lantern","Boot","Tiny House","Sundial","ArrowTower","Red Skull","Bag of Preparation","Turnip"],"acts_visited":["Exordium","TheCity","TheBeyond","TheEnding"],"potions_floor_usage":[55,55],"damage_taken":[{"damage":6,"enemies":"Jaw Worm","floor":1,"turns":2},{"damage":0,"enemies":"2 Louse","floor":2,"turns":1},{"damage":0,"enemies":"Small Slimes","floor":4,"turns":2},{"damage":0,"enemies":"3 Sentries","floor":6,"turns":3},{"damage":0,"enemies":"Lagavulin","floor":8,"turns":2},{"damage":0,"enemies":"Looter","floor":10,"turns":2},{"damage":0,"enemies":"Gremlin Nob","floor":12,"turns":2},{"damage":0,"enemies":"Exordium Thugs","floor":13,"turns":2},{"damage":0,"enemies":"The Guardian","floor":16,"turns":3},{"damage":0,"enemies":"Chosen","floor":18,"turns":1},{"damage":0,"enemies":"2 Thieves","floor":19,"turns":2},{"damage":0,"enemies":"Snecko","floor":21,"turns":1},{"damage":0,"enemies":"Centurion and Healer","floor":22,"turns":2},{"damage":0,"enemies":"Slavers","floor":23,"turns":2},{"damage":0,"enemies":"Masked Bandits","floor":25,"turns":2},{"damage":0,"enemies":"3 Cultists","floor":29,"turns":2},{"damage":0,"enemies":"Cultist and Chosen","floor":30,"turns":2},{"damage":0,"enemies":"Gremlin Leader","floor":31,"turns":2},{"damage":0,"enemies":"Champ","floor":33,"turns":2},{"damage":0,"enemies":"3 Shapes","floor":35,"turns":1},{"damage":0,"enemies":"Orb Walker","floor":37,"turns":1},{"damage":0,"enemies":"3 Darklings","floor":38,"turns":2},{"damage":0,"enemies":"Jaw Worm Horde","floor":39,"turns":1},{"damage":0,"enemies":"Nemesis","floor":40,"turns":1},{"damage":0,"enemies":"Sphere and 2 Shapes","floor":42,"turns":2},{"damage":0,"enemies":"Reptomancer","floor":44,"turns":1},{"damage":0,"enemies":"Transient","floor":45,"turns":4},{"damage":0,"enemies":"3 Darklings","floor":46,"turns":1},{"damage":0,"enemies":"Awakened One","floor":50,"turns":4},{"damage":0,"enemies":"Shield and Spear","floor":54,"turns":2},{"damage":5,"enemies":"The Heart","floor":55,"turns":4}],"seed_played":"-933928391089164762","potions_obtained":[{"floor":6,"key":"SteroidPotion"},{"floor":8,"key":"AttackPotion"},{"floor":12,"key":"FearPotion"}],"is_trial":false,"path_per_floor":["M","M","?","M","T","E","?","E","T","M","T","E","M","$","R","B",null,"M","M","?","M","M","E","R","?","T","R","T","M","M","E","R","B",null,"M","?","M","M","M","E","R","M","T","E","M","M","$","T","R","B",null,"R","$","E","B",null],"character_chosen":"IRONCLAD","items_purchased":["Question Card","Thunderclap"],"campfire_rested":0,"item_purchase_floors":[14,14],"current_hp_per_floor":[88,88,77,83,83,88,81,81,81,81,81,81,81,81,81,81,81,81,81,81,81,81,84,84,87,87,87,87,87,87,87,87,87,92,92,83,89,92,92,92,92,92,92,92,92,92,92,92,92,92,92,92,92,92,92],"gold":816,"neow_bonus":"TEN_PERCENT_HP_BONUS","is_daily":false,"chose_seed":false,"campfire_upgraded":3,"win_rate":0.0,"timestamp":1607905197,"path_taken":["M","M","?","M","?","E","?","E","T","M","?","E","M","$","R","BOSS","M","M","?","M","M","E","R","?","T","R","?","?","M","E","R","BOSS","M","?","M","M","M","E","R","M","T","E","M","M","?","?","R","BOSS","R","$","E","BOSS"],"items_purchased_type":["Relic","Card"],"build_version":"2020-11-30","purchased_purges":2,"victory":true,"max_hp_per_floor":[88,88,88,88,88,88,81,81,81,81,81,81,81,81,81,81,81,81,81,81,81,81,84,84,87,87,87,87,87,87,87,87,87,92,92,92,92,92,92,92,92,92,92,92,92,92,92,92,92,92,92,92,92,92,92],"relic_stats":{"counters":[31,54],"Golden Idol":237,"Bag of Preparation":[6],"Whetstone":["Strike_R","Strike_R"],"War Paint":["Blade Dance"],"Question Card":51,"Boot":[0],"Burning Blood":31,"Sozu":2,"Sundial":[0],"Tiny Chest":2,"Turnip":[2],"obtain_stats":[{"Girya":6,"CombinedTypeHook":12,"PatriotShield":1,"Lantern":28,"Tiny House":34,"DaveBox":0,"Golden Idol":7,"Bag of Preparation":48,"Whetstone":8,"War Paint":23,"Question Card":1,"PrismaticShard":1,"Boot":31,"Burning Blood":0,"Sozu":17,"Anchor":5,"HornCleat":11,"Sundial":40,"Tiny Chest":9,"Turnip":54,"Red Mask":25,"ArrowTower":43,"Red Skull":44,"ImportantClient":16},{"Girya":4,"CombinedTypeHook":7,"PatriotShield":1,"Lantern":15,"Tiny House":19,"DaveBox":0,"Golden Idol":4,"Bag of Preparation":28,"Whetstone":5,"War Paint":14,"Question Card":1,"PrismaticShard":1,"Boot":18,"Burning Blood":0,"Sozu":9,"Anchor":3,"HornCleat":6,"Sundial":24,"Tiny Chest":5,"Turnip":30,"Red Mask":15,"ArrowTower":25,"Red Skull":26,"ImportantClient":9},{"Girya":8,"CombinedTypeHook":14,"PatriotShield":1,"Lantern":26,"Tiny House":32,"DaveBox":0,"Golden Idol":8,"Bag of Preparation":44,"Whetstone":10,"War Paint":24,"Question Card":2,"PrismaticShard":2,"Boot":30,"Burning Blood":0,"Sozu":18,"Anchor":5,"HornCleat":12,"Sundial":37,"Tiny Chest":10,"Turnip":50,"Red Mask":26,"ArrowTower":38,"Red Skull":39,"ImportantClient":18}]},"card_choices":[{"not_picked":["Headbutt","DDmod:ScaleUpSkill"],"picked":"Twin Strike","floor":1},{"not_picked":["MentalFortress","Deadly Poison","MostiFishMod:MemoryFragments","DDmod:SpikedSkill"],"picked":"SKIP","floor":2},{"not_picked":["Scrape","ForeignInfluence","Cloak And Dagger"],"picked":"Riddle With Holes","floor":4},{"not_picked":["Halt","Sever Soul","MostiFishMod:Confrontation","Twin Strike"],"picked":"SKIP","floor":6},{"not_picked":["True Grit","Shrug It Off","Sanctity"],"picked":"Flying Knee","floor":8},{"not_picked":["Feel No Pain","PathToVictory","Backflip"],"picked":"Poisoned Stab","floor":10},{"not_picked":["True Grit","Thunderclap","Streamline"],"picked":"Blade Dance","floor":12},{"not_picked":["TalkToTheHand","FlyingSleeves","MostiFishMod:WingOfPhoenix","Cloak And Dagger"],"picked":"SKIP","floor":13},{"not_picked":["Fission","MostiFishMod:Kaleido","MostiFishMod:StarOceanB","Secret Technique"],"picked":"Feed","floor":16},{"not_picked":["Quick Slash+1","Blood for Blood","Accuracy","Clash"],"picked":"Sword Boomerang","floor":18},{"not_picked":["Compile Driver","Iron Wave","DDmod:SpikedSkill","MostiFishMod:Unraveling"],"picked":"Flying Knee","floor":19},{"not_picked":["Turbo","True Grit","Havoc","Flex"],"picked":"FlyingSleeves","floor":21},{"not_picked":["Bane","Storm","Caltrops","TalkToTheHand"],"picked":"Sword Boomerang+1","floor":22},{"not_picked":["Auto Shields","FollowUp","Mind Blast+1","Dagger Spray"],"picked":"Heavy Blade","floor":23},{"not_picked":["Combust","DDmod:CallousedSkill","JustLucky","Deflect"],"picked":"Quick Slash","floor":29},{"not_picked":["Backflip","MostiFishMod:Clarity","Crippling Poison+1","Eviscerate+1","Adaptation+1"],"picked":"SKIP","floor":30},{"not_picked":["Aggregate","Apotheosis","Deadly Poison","ReachHeaven"],"picked":"DDmod:RapidStrikeAttack","floor":31},{"not_picked":["Searing Blow+1","Redo+1","Feel No Pain","Barrage"],"picked":"Rip and Tear","floor":34},{"not_picked":["Protect","BowlingBash+1","Accuracy","FlurryOfBlows+1","Carnage"],"picked":"SKIP","floor":35},{"not_picked":["DDmod:SpikedSkill+1","Backflip","True Grit+1","Cleave"],"picked":"Melter","floor":37},{"not_picked":["Bandage Up","Tactician+1","Prepared","MostiFishMod:Mania","MostiFishMod:PreservedThorns+1"],"picked":"SKIP","floor":38},{"not_picked":["Gash","Body Slam+1","Bane+1","Hologram","Cloak And Dagger"],"picked":"SKIP","floor":39},{"not_picked":["Dodge and Roll","Static Discharge+1","True Grit","DDmod:CallousedSkill","DDmod:ScaleUpSkill+1"],"picked":"SKIP","floor":40},{"not_picked":["Recycle","Swift Strike+1","Havoc","Tantrum"],"picked":"Riddle With Holes+1","floor":42},{"not_picked":["Beam Cell","Rip and Tear+1","Barrage","Undo+1"],"picked":"Cleave+1","floor":44},{"not_picked":["EmptyFist","Halt+1","ClearTheMind","DDmod:UnstoppableAttack+1"],"picked":"Sweeping Beam","floor":45},{"not_picked":["Ball Lightning","Iron Wave","Carnage","Underhanded Strike","Distraction+1"],"picked":"SKIP","floor":46},{"not_picked":["Well Laid Plans+1","Rampage+1","Leg Sweep","Ghostly Armor+1","Quick Slash+1"],"picked":"SKIP","floor":54}],"player_experience":132780,"relics_obtained":[{"floor":1,"key":"Question Card"},{"floor":1,"key":"PrismaticShard"},{"floor":5,"key":"Anchor"},{"floor":6,"key":"Girya"},{"floor":8,"key":"Whetstone"},{"floor":9,"key":"Tiny Chest"},{"floor":11,"key":"HornCleat"},{"floor":12,"key":"CombinedTypeHook"},{"floor":16,"key":"ImportantClient"},{"floor":23,"key":"War Paint"},{"floor":25,"key":"Red Mask"},{"floor":28,"key":"Lantern"},{"floor":31,"key":"Boot"},{"floor":40,"key":"Sundial"},{"floor":43,"key":"ArrowTower"},{"floor":44,"key":"Red Skull"},{"floor":48,"key":"Bag of Preparation"},{"floor":54,"key":"Turnip"}],"event_choices":[{"damage_healed":0,"gold_gain":75,"player_choice":"Gold","damage_taken":11,"max_hp_gain":0,"max_hp_loss":0,"event_name":"betterThird:BetterGoop","floor":3,"gold_loss":0},{"damage_healed":0,"gold_gain":0,"player_choice":"Lose Max HP","damage_taken":0,"relics_obtained":["Golden Idol"],"max_hp_gain":0,"max_hp_loss":7,"event_name":"Golden Idol","floor":7,"gold_loss":0},{"damage_healed":0,"gold_gain":0,"player_choice":"Simplicity","damage_taken":0,"max_hp_gain":0,"max_hp_loss":5,"event_name":"betterThird:BetterWriting","floor":20,"gold_loss":0},{"damage_healed":0,"gold_gain":0,"player_choice":"Fought Bandits","damage_taken":0,"max_hp_gain":0,"max_hp_loss":0,"event_name":"Masked Bandits","floor":25,"gold_loss":0},{"damage_healed":0,"gold_gain":0,"player_choice":"Damaged","damage_taken":9,"max_hp_gain":0,"max_hp_loss":0,"event_name":"Wheel of Change","floor":36,"gold_loss":0}],"is_beta":false,"boss_relics":[{"not_picked":["BloodWine","Cursed Key"],"picked":"Sozu"},{"not_picked":["Velvet Choker","Philosopher\u0027s Stone"],"picked":"Tiny House"}],"items_purged_floors":[14,14],"is_endless":false,"potions_floor_spawned":[6,8,12,16,21,22,29,30,33,37,44,46,54],"ascension_level":0}}