{"host":"3lwutyfpza97k53s","time":1607905379,"event":{"mods":["A Magickal Journey","Act Like it!","BaseMod","BetterRewards","CapriCore","Clockwork Mod","Conspire","Dio Mod","Downfall","Hallownest","Hermit","Infinite Spire","Minty Spire (QoL Compilation)","Replay The Spire","Robot Space Explorer","Shade Mod","Shop Mod","StSLib","The Construct","The Immortal","The Judge","The Jungle","The Necromancer","TheVacant","TheWitcher"],"gold_per_floor":[113,127,127,144,8,8,34,34,34,34,60,60,60,60,60,155,155,168,168,215,215,215,215,249,249,273,273,308,326,326,346,346,442,442,454,465,565,579,590,590,608,624,651,651,651,651,651],"floor_reached":46,"playtime":5088,"items_purged":["RobotSpaceExplorer:Strike","RobotSpaceExplorer:Strike"],"score":739,"play_id":"a221fecb-ec01-4862-bace-2234b5368f3f","local_time":"20201213182259","is_ascension_mode":false,"campfire_choices":[{"data":"RobotSpaceExplorer:ShockMissile","floor":6,"key":"SMITH"},{"data":"RobotSpaceExplorer:ShockMissile+1","floor":6,"key":"SMITH"},{"data":"RobotSpaceExplorer:PlasmaMissile","floor":8,"key":"SMITH"},{"data":"RobotSpaceExplorer:PlasmaMissile+1","floor":8,"key":"SMITH"},{"data":"RobotSpaceExplorer:PlasmaMissile","floor":10,"key":"SMITH"},{"data":"RobotSpaceExplorer:PlasmaMissile+1","floor":10,"key":"SMITH"},{"data":"RobotSpaceExplorer:PlasmaMissile","floor":12,"key":"SMITH"},{"data":"RobotSpaceExplorer:PlasmaMissile+1","floor":12,"key":"SMITH"},{"data":"RobotSpaceExplorer:PlasmaMissile+2","floor":15,"key":"SMITH"},{"data":"RobotSpaceExplorer:PlasmaMissile+3","floor":15,"key":"SMITH"},{"data":"RobotSpaceExplorer:Explosion","floor":23,"key":"SMITH"},{"data":"Apotheosis","floor":23,"key":"SMITH"},{"data":"RobotSpaceExplorer:PlasmaMissile+2","floor":25,"key":"SMITH"},{"data":"RobotSpaceExplorer:PlasmaMissile+2","floor":25,"key":"SMITH"},{"data":"RobotSpaceExplorer:Pulsar","floor":30,"key":"SMITH"},{"data":"RobotSpaceExplorer:Pulsar+1","floor":30,"key":"SMITH"},{"data":"RobotSpaceExplorer:StarDust","floor":32,"key":"SMITH"},{"data":"RobotSpaceExplorer:StarDust+1","floor":32,"key":"SMITH"},{"floor":40,"key":"RECALL"},{"data":"RobotSpaceExplorer:PlasmaMissile+3","floor":45,"key":"SMITH"},{"data":"RobotSpaceExplorer:PlasmaMissile+1","floor":45,"key":"SMITH"}],"circlet_count":1,"master_deck":["RobotSpaceExplorer:Strike","RobotSpaceExplorer:Defend+1","RobotSpaceExplorer:Defend+1","RobotSpaceExplorer:Defend+1","RobotSpaceExplorer:Defend+1","RobotSpaceExplorer:Scan","RobotSpaceExplorer:MiniLasers","RobotSpaceExplorer:JunkDive","RobotSpaceExplorer:ScrapToss","RobotSpaceExplorer:PlasmaMissile+4","RobotSpaceExplorer:Ammunition","RobotSpaceExplorer:MiniDrones","RobotSpaceExplorer:ShockMissile+2","RobotSpaceExplorer:PlasmaMissile+4","RobotSpaceExplorer:PlasmaMissile+3","RobotSpaceExplorer:Explosion+1","Apotheosis+1","RobotSpaceExplorer:Pulsar+2","RobotSpaceExplorer:StarDust+2","RobotSpaceExplorer:ShockMissile","RobotSpaceExplorer:PowerCollector+1","RobotSpaceExplorer:PlasmaMissile+2","infinitespire:Collect","RobotSpaceExplorer:ScrapMissile+1"],"relics":["RobotSpaceExplorer:RoboCore","conspire:InfiniteJournal","Replay:Arrowhead","Akabeko","Unceasing Top","Replay:Wax Seal","Bird Faced Urn","RobotSpaceExplorer:RingOfTheNewt","Mummified Hand","Replay:Bottled Eggs","Bottled Flame","infinitespire:FocusingShard","RobotSpaceExplorer:FoglandsKnife","Circlet","Sozu","Ginger","Letter Opener","Replay:Mystery Machine","construct:BoolHorns","Bag of Marbles","Philosopher\u0027s Stone","Girya","Juzu Bracelet"],"acts_visited":["Exordium","TheCity","TheBeyond"],"potions_floor_usage":[],"damage_taken":[{"damage":0,"enemies":"Cultist","floor":1,"turns":2},{"damage":0,"enemies":"Jaw Worm","floor":2,"turns":3},{"damage":0,"enemies":"2 Louse","floor":4,"turns":2},{"damage":2,"enemies":"3 Sentries","floor":7,"turns":7},{"damage":0,"enemies":"Lagavulin","floor":11,"turns":5},{"damage":4,"enemies":"Slime Boss","floor":16,"turns":6},{"damage":0,"enemies":"Chosen","floor":18,"turns":2},{"damage":2,"enemies":"conspire:MimicChest","floor":20,"turns":6},{"damage":39,"enemies":"Nightmare","floor":24,"turns":8},{"damage":14,"enemies":"Gremlin Leader","floor":28,"turns":4},{"damage":0,"enemies":"Spheric Guardian","floor":29,"turns":2},{"damage":0,"enemies":"Centurion and Healer","floor":31,"turns":3},{"damage":1,"enemies":"Champ","floor":33,"turns":6},{"damage":0,"enemies":"3 Darklings","floor":35,"turns":3},{"damage":0,"enemies":"Orb Walker","floor":36,"turns":2},{"damage":9,"enemies":"infinitespire:Three Voidlings","floor":37,"turns":3},{"damage":69,"enemies":"Nightmare_Alpha","floor":37,"turns":8},{"damage":0,"enemies":"Maw","floor":38,"turns":4},{"damage":0,"enemies":"4 Shapes","floor":39,"turns":2},{"damage":0,"enemies":"Spire Growth","floor":41,"turns":2},{"damage":0,"enemies":"3 Darklings","floor":42,"turns":1},{"damage":19,"enemies":"4 Shapes","floor":46,"turns":2}],"seed_played":"8898517085672477979","potions_obtained":[{"floor":2,"key":"Death Potion"},{"floor":3,"key":"Guardian:BlockOnCardUsePotion"},{"floor":3,"key":"Strength Potion"}],"is_trial":false,"path_per_floor":["M","M","?","M","$","R","E","R","T","R","E","R","?","T","R","B",null,"M","?","?","?","AVR","R","NM","R","T","T","E","M","R","M","R","B",null,"M","M","?","M","M","R","M","M","T","AVR","R","M"],"character_chosen":"RobotSpaceExplorer","items_purchased":["Replay:Arrowhead","Akabeko","Replay:Wax Seal","RobotSpaceExplorer:JunkDive","RobotSpaceExplorer:ScrapToss","RobotSpaceExplorer:PlasmaMissile","RobotSpaceExplorer:RingOfTheNewt","Mummified Hand","Replay:Bottled Eggs","RobotSpaceExplorer:Ammunition","RobotSpaceExplorer:ShockMissile"],"campfire_rested":0,"item_purchase_floors":[0,0,0,0,0,0,0,0,0,0,5],"current_hp_per_floor":[47,47,47,47,47,47,45,45,45,45,45,45,38,38,38,34,75,75,61,59,59,59,59,20,20,20,20,6,6,6,6,6,7,80,80,80,8,8,10,10,14,14,14,14,14,0,0],"gold":651,"neow_bonus":"","is_daily":false,"chose_seed":false,"campfire_upgraded":20,"win_rate":0.0,"timestamp":1607905379,"path_taken":["M","?","?","?","$","R","E","R","T","R","E","R","?","?","R","BOSS","M","?","?","?","AVR","R","NM","R","T","?","E","M","R","M","R","BOSS","M","M","?","M","M","R","M","M","T","AVR","R","M"],"items_purchased_type":["Relic","Relic","Relic","Card","Card","Card","Relic","Relic","Relic","Card","Card"],"build_version":"2020-11-30","purchased_purges":2,"victory":false,"max_hp_per_floor":[75,75,75,75,75,75,75,75,75,75,75,75,75,75,75,75,75,75,80,80,80,80,80,80,80,80,80,80,80,80,80,80,80,80,80,80,80,80,80,80,80,80,80,80,80,80,80],"card_choices":[{"not_picked":["RobotSpaceExplorer:SlimeMissile","RobotSpaceExplorer:SurgingStrike","RobotSpaceExplorer:ShockKick"],"picked":"SKIP","floor":1},{"not_picked":["RobotSpaceExplorer:DualCore","RobotSpaceExplorer:SlimeMissile"],"picked":"RobotSpaceExplorer:MiniDrones","floor":2},{"not_picked":["RobotSpaceExplorer:SlimeMissile","RobotSpaceExplorer:Electroshield","RobotSpaceExplorer:Discharger"],"picked":"SKIP","floor":4},{"not_picked":["RobotSpaceExplorer:Ammunition","RobotSpaceExplorer:SurgingStrike"],"picked":"RobotSpaceExplorer:PlasmaMissile","floor":7},{"not_picked":["RobotSpaceExplorer:ScrapMissile","RobotSpaceExplorer:ScrapShield"],"picked":"RobotSpaceExplorer:PlasmaMissile","floor":11},{"not_picked":["RobotSpaceExplorer:Autoloader","RobotSpaceExplorer:Scanner"],"picked":"RobotSpaceExplorer:Explosion","floor":16},{"not_picked":["RobotSpaceExplorer:ShockKick","RobotSpaceExplorer:SurgingStrike","RobotSpaceExplorer:SwiftStep+1"],"picked":"SKIP","floor":18},{"not_picked":["RobotSpaceExplorer:Asteroid","RobotSpaceExplorer:StunGrenade","RobotSpaceExplorer:PowerGlove"],"picked":"SKIP","floor":24},{"not_picked":["RobotSpaceExplorer:SwiftStep","RobotSpaceExplorer:FreezingShield+1"],"picked":"RobotSpaceExplorer:Pulsar","floor":28},{"not_picked":["RobotSpaceExplorer:SurgingShield","RobotSpaceExplorer:StunGrenade+1","RobotSpaceExplorer:JunkDive"],"picked":"SKIP","floor":29},{"not_picked":["RobotSpaceExplorer:StunGrenade","RobotSpaceExplorer:MiniDrones"],"picked":"RobotSpaceExplorer:StarDust","floor":31},{"not_picked":["RobotSpaceExplorer:Explosion","RobotSpaceExplorer:Wormhole"],"picked":"RobotSpaceExplorer:ShockMissile","floor":33},{"not_picked":["RobotSpaceExplorer:ScrapMissile","RobotSpaceExplorer:FrostMissile"],"picked":"RobotSpaceExplorer:PowerCollector+1","floor":35},{"not_picked":["RobotSpaceExplorer:FrostMissile+1","RobotSpaceExplorer:Blitz+1"],"picked":"RobotSpaceExplorer:PlasmaMissile+1","floor":36},{"not_picked":["infinitespire:UltimateForm","infinitespire:Starlight"],"picked":"infinitespire:Collect","floor":37},{"not_picked":["RobotSpaceExplorer:StunGrenade+1","RobotSpaceExplorer:MetalStrike"],"picked":"RobotSpaceExplorer:ScrapMissile+1","floor":38},{"not_picked":["RobotSpaceExplorer:SwiftStep","RobotSpaceExplorer:Probe","RobotSpaceExplorer:StarDust+1"],"picked":"SKIP","floor":39},{"not_picked":["RobotSpaceExplorer:ExhaustFan+1","RobotSpaceExplorer:Electroshield","RobotSpaceExplorer:SurgingStrike"],"picked":"SKIP","floor":41},{"not_picked":["RobotSpaceExplorer:Ammunition","RobotSpaceExplorer:SwiftStep","RobotSpaceExplorer:FranticSearch+1"],"picked":"SKIP","floor":42}],"player_experience":454160,"relics_obtained":[{"floor":7,"key":"Bottled Flame"},{"floor":9,"key":"infinitespire:FocusingShard"},{"floor":11,"key":"RobotSpaceExplorer:FoglandsKnife"},{"floor":20,"key":"Ginger"},{"floor":24,"key":"Letter Opener"},{"floor":26,"key":"Replay:Mystery Machine"},{"floor":27,"key":"construct:BoolHorns"},{"floor":28,"key":"Bag of Marbles"},{"floor":37,"key":"Girya"},{"floor":43,"key":"Juzu Bracelet"}],"event_choices":[{"damage_healed":0,"gold_gain":0,"player_choice":"Got Potions","damage_taken":0,"max_hp_gain":0,"max_hp_loss":0,"event_name":"Lab","floor":3,"gold_loss":0},{"cards_removed":["RobotSpaceExplorer:Strike"],"damage_healed":0,"gold_gain":0,"player_choice":"Card Removal","damage_taken":7,"max_hp_gain":0,"max_hp_loss":0,"event_name":"Golden Wing","floor":13,"gold_loss":0},{"damage_healed":0,"gold_gain":0,"player_choice":"Shed Blood","damage_taken":19,"max_hp_gain":5,"max_hp_loss":0,"event_name":"Forgotten Altar","floor":19,"gold_loss":0}],"is_beta":false,"boss_relics":[{"not_picked":["Runic Dome","Replay:Drink Me","Pandora\u0027s Box"]},{"not_picked":["Black Star","conspire:SlowCooker"],"picked":"Philosopher\u0027s Stone"}],"items_purged_floors":[0,0],"is_endless":false,"potions_floor_spawned":[2,11,16,18,28,33,36,37,37,39],"killed_by":"4 Shapes","ascension_level":0}}