{"host":"j4g6ia6asvpyu2b0","time":1607958081,"event":{"mods":["BaseMod","Colored Map","Minty Spire (QoL Compilation)","Permanent Neow","Quick Restart","Relic Stats","StSLib","Unceasing Turn Reminder"],"gold_per_floor":[113,124,136,156,156,184,184,203,229,229,229,259,259,287,287,392,392,408,418,418,34,34,61,61,88,88,88,119,138,199,226,226,226,226],"floor_reached":33,"playtime":825,"items_purged":[],"score":405,"play_id":"5206cd98-6c77-41d9-a3d1-7570c78630cb","local_time":"20201214080121","is_ascension_mode":true,"campfire_choices":[{"data":"Rampage","floor":7.0,"key":"SMITH"},{"data":"Hemokinesis","floor":11.0,"key":"SMITH"},{"data":"Inflame","floor":13.0,"key":"SMITH"},{"data":"Carnage","floor":15.0,"key":"SMITH"},{"floor":27,"key":"REST"},{"data":"Demon Form","floor":32,"key":"SMITH"}],"circlet_count":0,"master_deck":["Strike_R","Strike_R","Strike_R","Strike_R","Strike_R","Defend_R","Defend_R","Defend_R+1","Defend_R","Bash+1","Perfected Strike","Disarm+1","Hemokinesis+1","Twin Strike","Rampage+1","Impervious","Impervious","Carnage+1","Inflame+1","Feel No Pain","Double Tap","Thunderclap","Demon Form+1","Immolate","Spot Weakness+1","Clothesline+1","Thunderclap","Twin Strike+1","Pummel","Disarm"],"relics":["Burning Blood","Bronze Scales","MealTicket","Red Skull","Akabeko","Black Star","Tiny Chest","Brimstone","Omamori","MutagenicStrength","Paper Frog","Art of War","SsserpentHead","Nunchaku","War Paint","Question Card","HornCleat","Regal Pillow","Pocketwatch","Self Forming Clay"],"acts_visited":["Exordium","TheCity"],"potions_floor_usage":[25,28,31],"damage_taken":[{"damage":0.0,"enemies":"Small Slimes","floor":1.0,"turns":3.0},{"damage":0.0,"enemies":"Cultist","floor":2.0,"turns":2.0},{"damage":5.0,"enemies":"2 Louse","floor":3.0,"turns":3.0},{"damage":2.0,"enemies":"2 Fungi Beasts","floor":4.0,"turns":3.0},{"damage":16.0,"enemies":"Gremlin Nob","floor":6.0,"turns":4.0},{"damage":8.0,"enemies":"Red Slaver","floor":8.0,"turns":3.0},{"damage":20.0,"enemies":"3 Sentries","floor":12.0,"turns":5.0},{"damage":14.0,"enemies":"Gremlin Nob","floor":14.0,"turns":3.0},{"damage":13.0,"enemies":"Hexaghost","floor":16.0,"turns":8.0},{"damage":7.0,"enemies":"Chosen","floor":18.0,"turns":4.0},{"damage":25.0,"enemies":"2 Thieves","floor":19.0,"turns":4.0},{"damage":40.0,"enemies":"Book of Stabbing","floor":23.0,"turns":4.0},{"damage":22,"enemies":"Slavers","floor":25,"turns":2},{"damage":2,"enemies":"Gremlin Leader","floor":28,"turns":5},{"damage":0,"enemies":"Snake Plant","floor":29,"turns":3},{"damage":0,"enemies":"Chosen and Byrds","floor":30,"turns":4},{"damage":18,"enemies":"Book of Stabbing","floor":31,"turns":4},{"damage":53,"enemies":"Champ","floor":33,"turns":6}],"seed_played":"-7601425491465481706","potions_obtained":[{"floor":2.0,"key":"Weak Potion"},{"floor":3.0,"key":"Energy Potion"},{"floor":12.0,"key":"FearPotion"},{"floor":16.0,"key":"DuplicationPotion"},{"floor":19.0,"key":"Strength Potion"},{"floor":25,"key":"ColorlessPotion"},{"floor":29,"key":"Weak Potion"},{"floor":30,"key":"SneckoOil"},{"floor":31,"key":"Dexterity Potion"}],"is_trial":false,"path_per_floor":["M","M","M","M","?","E","R","M","T","?","R","E","R","E","R","B",null,"M","M","?","$","?","E","?","E","T","R","E","M","M","E","R","B"],"character_chosen":"IRONCLAD","items_purchased":["Brimstone","Omamori","Immolate"],"campfire_rested":1,"item_purchase_floors":[21,21,21],"current_hp_per_floor":[80,80,80,80,80,70,70,68,68,68,68,54,54,46,46,39,80,79,60,60,75,75,41,41,25,25,49,53,59,65,53,53,0,0],"gold":226,"neow_bonus":"UPGRADE_CARD","is_daily":false,"chose_seed":false,"campfire_upgraded":5,"win_rate":0.0,"timestamp":1607958081,"path_taken":["M","M","M","M","?","E","R","M","T","?","R","E","R","E","R","BOSS","M","?","?","$","?","E","?","E","T","R","E","M","?","E","R","BOSS"],"items_purchased_type":["Relic","Relic","Card"],"build_version":"2020-12-13","purchased_purges":0,"victory":false,"max_hp_per_floor":[80,80,80,80,80,80,80,80,80,80,80,80,80,80,80,80,80,80,80,80,80,80,80,80,80,80,80,80,80,80,80,80,80,80],"relic_stats":{"Regal Pillow":0,"counters":[18,70],"Self Forming Clay":[9],"War Paint":["Spot Weakness","Defend_R"],"Question Card":4,"Burning Blood":85,"SsserpentHead":50,"Nunchaku":[3],"Bronze Scales":[159],"MealTicket":15,"Tiny Chest":0,"Black Star":4,"Art of War":[2],"obtain_stats":[{"Regal Pillow":28,"Self Forming Clay":31,"Omamori":21,"War Paint":25,"Question Card":26,"Burning Blood":0,"Akabeko":14,"SsserpentHead":24,"Nunchaku":25,"HornCleat":28,"Brimstone":21,"Bronze Scales":6,"MutagenicStrength":22,"MealTicket":9,"Tiny Chest":20,"Black Star":17,"Art of War":23,"Red Skull":12,"Paper Frog":23,"Pocketwatch":31},{"Regal Pillow":14,"Self Forming Clay":17,"Omamori":11,"War Paint":13,"Question Card":13,"Burning Blood":0,"Akabeko":8,"SsserpentHead":12,"Nunchaku":13,"HornCleat":14,"Brimstone":11,"Bronze Scales":5,"MutagenicStrength":11,"MealTicket":6,"Tiny Chest":11,"Black Star":9,"Art of War":12,"Red Skull":7,"Paper Frog":12,"Pocketwatch":17},{"Regal Pillow":53,"Self Forming Clay":64,"Omamori":42,"War Paint":48,"Question Card":48,"Burning Blood":0,"Akabeko":26,"SsserpentHead":46,"Nunchaku":48,"HornCleat":53,"Brimstone":42,"Bronze Scales":15,"MutagenicStrength":42,"MealTicket":18,"Tiny Chest":42,"Black Star":34,"Art of War":46,"Red Skull":23,"Paper Frog":46,"Pocketwatch":64}],"Pocketwatch":[15]},"card_choices":[{"not_picked":["Clash","Rage"],"picked":"Perfected Strike","floor":1.0},{"not_picked":["Clash","Cleave"],"picked":"Disarm","floor":2.0},{"not_picked":["Twin Strike","Clothesline"],"picked":"Hemokinesis","floor":3.0},{"not_picked":["Iron Wave","Shrug It Off"],"picked":"Twin Strike","floor":4.0},{"not_picked":["Headbutt","Shrug It Off"],"picked":"Rampage","floor":6.0},{"not_picked":["Hemokinesis","Wild Strike"],"picked":"Impervious","floor":8.0},{"not_picked":["Havoc","Disarm"],"picked":"Inflame","floor":12.0},{"not_picked":["Twin Strike","True Grit"],"picked":"Feel No Pain","floor":14.0},{"not_picked":["Impervious","Juggernaut"],"picked":"Double Tap","floor":16.0},{"not_picked":["Body Slam","Iron Wave"],"picked":"Thunderclap","floor":18.0},{"not_picked":["Shrug It Off+1","Evolve"],"picked":"Demon Form","floor":19.0},{"not_picked":["Pommel Strike","Perfected Strike"],"picked":"Spot Weakness","floor":23.0},{"not_picked":["Dark Embrace","Evolve"],"picked":"Clothesline+1","floor":25},{"not_picked":["Exhume","Clothesline","Bludgeon"],"picked":"Thunderclap","floor":28},{"not_picked":["Reckless Charge","Ghostly Armor+1","Rupture"],"picked":"Twin Strike+1","floor":29},{"not_picked":["Havoc+1","Flex","Heavy Blade"],"picked":"Pummel","floor":30},{"not_picked":["Double Tap","Headbutt","Sword Boomerang"],"picked":"Disarm","floor":31}],"player_experience":645279,"relics_obtained":[{"floor":6.0,"key":"Bronze Scales"},{"floor":9.0,"key":"MealTicket"},{"floor":12.0,"key":"Red Skull"},{"floor":14.0,"key":"Akabeko"},{"floor":23.0,"key":"Paper Frog"},{"floor":23.0,"key":"Art of War"},{"floor":25,"key":"Nunchaku"},{"floor":25,"key":"War Paint"},{"floor":26,"key":"Question Card"},{"floor":28,"key":"HornCleat"},{"floor":28,"key":"Regal Pillow"},{"floor":31,"key":"Pocketwatch"},{"floor":31,"key":"Self Forming Clay"}],"event_choices":[{"damage_healed":0.0,"max_hp_gain":0.0,"max_hp_loss":0.0,"gold_gain":0.0,"event_name":"Living Wall","player_choice":"Grow","floor":5.0,"gold_loss":0.0,"damage_taken":0.0,"cards_upgraded":["Disarm"]},{"damage_healed":0.0,"max_hp_gain":0.0,"max_hp_loss":0.0,"gold_gain":0.0,"event_name":"Match and Keep!","player_choice":"2 cards matched","floor":10.0,"gold_loss":0.0,"damage_taken":0.0,"cards_obtained":["Impervious","Carnage"]},{"damage_healed":0.0,"max_hp_gain":0.0,"max_hp_loss":0.0,"gold_gain":0.0,"event_name":"The Mausoleum","player_choice":"Opened","floor":20.0,"gold_loss":0.0,"damage_taken":0.0,"relics_obtained":["Tiny Chest"]},{"damage_healed":0.0,"max_hp_gain":0.0,"max_hp_loss":0.0,"gold_gain":0.0,"event_name":"Drug Dealer","player_choice":"Inject Mutagens","floor":22.0,"gold_loss":0.0,"damage_taken":0.0,"relics_obtained":["MutagenicStrength"]},{"damage_healed":0.0,"max_hp_gain":0.0,"max_hp_loss":0.0,"gold_gain":0.0,"event_name":"FaceTrader","player_choice":"Trade","floor":24.0,"gold_loss":0.0,"damage_taken":0.0,"relics_obtained":["SsserpentHead"]}],"is_beta":false,"boss_relics":[{"not_picked":["Empty Cage","Velvet Choker"],"picked":"Black Star"}],"items_purged_floors":[],"is_endless":false,"potions_floor_spawned":[2,3,12,16,19,25,29,30,31],"killed_by":"Champ","ascension_level":2}}