{"host":"5gc11emcm5chfr5t","time":1607964235,"event":{"mods":["2.2 Compatiblity","AchievementEnabler","BaseMod","Bestiary","Better Note","Colored Map","Colored Powertips","Downfall","Googly Eyes","Minty Spire (QoL Compilation)","Rare Cards Sparkle","Say the Spire","StSLib"],"gold_per_floor":[114,64,64,84,95,95,112,112,191,218,218,231,2,2,2,97,97,113,131,149,149,149,149,149,164,215,234,251,282,282,311,311,408,408,427,443,0,0,0,0,34,34,34,50,50,61,61,12,12,12,12,12,12,44,44,44],"floor_reached":55,"playtime":2689,"items_purged":[],"score":873,"play_id":"a6b0d32a-8570-49dd-bdfc-dd153f411864","local_time":"20201214114355","is_ascension_mode":true,"campfire_choices":[{"data":"sneckomod:DiceBoulder","floor":6.0,"key":"SMITH"},{"data":"sneckomod:DiceBoulder+1","floor":8.0,"key":"SMITH"},{"data":"sneckomod:DiceBoulder+2","floor":11.0,"key":"SMITH"},{"data":"sneckomod:DiceBoulder+3","floor":15.0,"key":"SMITH"},{"floor":23.0,"key":"RECALL"},{"data":"sneckomod:DiceBoulder+4","floor":24.0,"key":"SMITH"},{"floor":32.0,"key":"REST"},{"data":"sneckomod:DiceBoulder+5","floor":40.0,"key":"SMITH"},{"data":"sneckomod:DiceBoulder+6","floor":42.0,"key":"SMITH"},{"floor":45.0,"key":"REST"},{"data":"sneckomod:DiceBoulder+7","floor":47.0,"key":"SMITH"},{"data":"sneckomod:DiceBoulder+8","floor":49.0,"key":"SMITH"},{"data":"sneckomod:DiceBoulder+9","floor":52.0,"key":"SMITH"}],"circlet_count":0,"master_deck":["sneckomod:Strike","sneckomod:Strike","sneckomod:Defend+1","sneckomod:Defend+1","sneckomod:Defend+1","sneckomod:TailWhip","sneckomod:SnekBite","sneckomod:Unknown","sneckomod:Unknown+2","sneckomod:DiceBoulder+10","sneckomod:SoulCleanse","sneckomod:SerpentIdol","sneckomod:UnknownClassPURPLE","sneckomod:SnakeSap+1","sneckomod:UnknownClassGREEN","sneckomod:UnknownStrike+2","sneckomod:Nope","sneckomod:SnekBeam","sneckomod:UnknownRarePower","sneckomod:WideSting","sneckomod:UnknownRarePower","sneckomod:UnknownWeak+1","sneckomod:IronFang+1","sneckomod:UnknownEthereal","sneckomod:SoulDraw","sneckomod:ImprovisedGuard+1","sneckomod:MorePower","sneckomod:UnknownStrength+1","sneckomod:UnknownRareAttack","hexamod:SixthSeal","sneckomod:UnknownRareAttack+1","sneckomod:Unknown3Cost+1","sneckomod:TrashToTreasure","sneckomod:SerpentIdol+1","Deep Breath","Madness","Madness","sneckomod:Unknown3Cost+1","sneckomod:SerpentIdol+1","sneckomod:UnknownColorless+1","sneckomod:UnknownBlock+1","sneckomod:QuickMove+1","sneckomod:QuickMove+1"],"relics":["sneckomod:SneckoSoul","WingedGreaves","Smiling Mask","Omamori","Calling Bell","Orichalcum","Mercury Hourglass","Ice Cream","Necronomicon","Regal Pillow","Pear","MutagenicStrength","sneckomod:ConfusingCodex","SlaversCollar","Lee\u0027s Waffle","Kunai","Happy Flower","Toxic Egg 2","Gremlin Horn"],"acts_visited":["Exordium","TheCity","TheBeyond","TheEnding"],"potions_floor_usage":[],"damage_taken":[{"damage":0.0,"enemies":"Small Slimes","floor":1.0,"turns":3.0},{"damage":0.0,"enemies":"2 Louse","floor":4.0,"turns":3.0},{"damage":0.0,"enemies":"Jaw Worm","floor":5.0,"turns":3.0},{"damage":0.0,"enemies":"Red Slaver","floor":7.0,"turns":2.0},{"damage":10.0,"enemies":"Lagavulin","floor":10.0,"turns":5.0},{"damage":12.0,"enemies":"Exordium Wildlife","floor":12.0,"turns":3.0},{"damage":0.0,"enemies":"Slime Boss","floor":16.0,"turns":2.0},{"damage":14.0,"enemies":"2 Thieves","floor":18.0,"turns":4.0},{"damage":4.0,"enemies":"3 Byrds","floor":19.0,"turns":4.0},{"damage":15.0,"enemies":"Snake Plant","floor":20.0,"turns":3.0},{"damage":10.0,"enemies":"Centurion and Healer","floor":25.0,"turns":4.0},{"damage":0.0,"enemies":"Sentry and Sphere","floor":27.0,"turns":3.0},{"damage":0.0,"enemies":"Cultist and Chosen","floor":28.0,"turns":3.0},{"damage":9.0,"enemies":"Book of Stabbing","floor":29.0,"turns":5.0},{"damage":12.0,"enemies":"Gremlin Leader","floor":31.0,"turns":3.0},{"damage":41.0,"enemies":"Champ","floor":33.0,"turns":9.0},{"damage":15.0,"enemies":"Orb Walker","floor":35.0,"turns":4.0},{"damage":15.0,"enemies":"3 Shapes","floor":36.0,"turns":2.0},{"damage":54.0,"enemies":"Nemesis","floor":41.0,"turns":7.0},{"damage":26.0,"enemies":"Sphere and 2 Shapes","floor":44.0,"turns":4.0},{"damage":12.0,"enemies":"Writhing Mass","floor":46.0,"turns":5.0},{"damage":81.0,"enemies":"Time Eater","floor":50.0,"turns":9.0},{"damage":24.0,"enemies":"Shield and Spear","floor":54.0,"turns":6.0},{"damage":117,"enemies":"The Heart","floor":55,"turns":9}],"seed_played":"-8037345810597574660","potions_obtained":[{"floor":1.0,"key":"SpeedPotion"},{"floor":7.0,"key":"champ:CounterPotion"},{"floor":10.0,"key":"FearPotion"},{"floor":16.0,"key":"LiquidMemories"},{"floor":18.0,"key":"Dexterity Potion"},{"floor":19.0,"key":"FearPotion"},{"floor":27.0,"key":"SteroidPotion"},{"floor":29.0,"key":"Energy Potion"},{"floor":36.0,"key":"BlessingOfTheForge"},{"floor":41.0,"key":"SpeedPotion"}],"is_trial":false,"path_per_floor":["M","?","?","M","M","R","M","R","T","E","R","M","$","?","R","B",null,"M","M","M","?","?","R","R","M","T","M","M","E","?","E","R","B",null,"M","M","$","?","?","R","E","R","T","M","R","M","R","$","R","B",null,"R","$","E","B"],"character_chosen":"THE_SNECKO","items_purchased":["Omamori","sneckomod:UnknownStrike","sneckomod:Nope","Lee\u0027s Waffle","Kunai","SteroidPotion","sneckomod:QuickMove+1"],"campfire_rested":2,"item_purchase_floors":[13,13,13,37,37,37,48],"current_hp_per_floor":[90,90,72,72,75,75,76,76,76,66,66,67,68,68,68,69,97,83,80,66,66,50,50,50,40,40,41,55,56,56,44,92,53,112,99,84,121,121,106,106,53,53,53,39,91,79,79,79,79,25,124,124,124,112,0,0],"gold":44,"neow_bonus":"ONE_RARE_RELIC","is_daily":false,"chose_seed":false,"campfire_upgraded":10,"win_rate":0.0,"timestamp":1607964235,"path_taken":["M","?","?","M","M","R","M","R","T","E","R","M","$","?","R","BOSS","M","M","M","?","?","R","R","M","T","M","M","E","?","E","R","BOSS","M","M","$","?","?","R","E","R","T","M","R","M","R","?","R","BOSS","R","$","E","BOSS"],"items_purchased_type":["Relic","Card","Card","Relic","Relic","Potion","Card"],"build_version":"2020-12-13","purchased_purges":0,"victory":false,"max_hp_per_floor":[90,90,90,90,93,93,94,94,94,94,94,95,96,96,96,97,97,97,98,99,99,99,99,99,99,99,100,100,110,110,110,110,112,112,114,114,121,121,121,121,122,122,122,124,124,124,124,124,124,124,124,124,124,124,124,124],"card_choices":[{"not_picked":["sneckomod:UnknownBlock","sneckomod:UnknownStrike"],"picked":"sneckomod:DiceBoulder","floor":1.0},{"not_picked":["sneckomod:QuickBite","sneckomod:DiceCrush"],"picked":"sneckomod:SoulCleanse","floor":4.0},{"not_picked":["sneckomod:UnknownBlock","sneckomod:IronFang"],"picked":"sneckomod:SerpentIdol","floor":5.0},{"not_picked":["sneckomod:UnknownClassTHE_CHAMP_GRAY","sneckomod:DiceBoulder"],"picked":"sneckomod:UnknownClassPURPLE","floor":7.0},{"not_picked":["sneckomod:UnknownClassSLIMEBOUND","sneckomod:UnknownVulnerable"],"picked":"sneckomod:SnakeSap","floor":10.0},{"not_picked":["sneckomod:QuickMove","sneckomod:Nope"],"picked":"sneckomod:UnknownClassGREEN","floor":12.0},{"not_picked":["sneckomod:Restock","sneckomod:DangerNoodle"],"picked":"sneckomod:UnknownRarePower","floor":16.0},{"not_picked":["sneckomod:UnknownEthereal+1","sneckomod:UnknownCommonSkill+1"],"picked":"sneckomod:WideSting","floor":18.0},{"not_picked":["sneckomod:UnknownClassHEXA_GHOST_PURPLE","sneckomod:UnknownCommonAttack+1"],"picked":"sneckomod:UnknownRarePower","floor":19.0},{"not_picked":["sneckomod:UnknownClassSLIMEBOUND","sneckomod:UnknownCommonSkill"],"picked":"sneckomod:UnknownWeak+1","floor":20.0},{"not_picked":["sneckomod:UnknownBlock","sneckomod:UnknownCommonSkill+1"],"picked":"sneckomod:IronFang+1","floor":25.0},{"not_picked":["sneckomod:DiceCrush","sneckomod:UnknownStrike"],"picked":"sneckomod:UnknownEthereal","floor":27.0},{"not_picked":["sneckomod:IronFang","sneckomod:WideSting"],"picked":"sneckomod:SoulDraw","floor":28.0},{"not_picked":["sneckomod:CheapStock","sneckomod:IronFang"],"picked":"sneckomod:ImprovisedGuard","floor":29.0},{"not_picked":["sneckomod:UnknownBlock","sneckomod:MasterEye"],"picked":"sneckomod:MorePower","floor":31.0},{"not_picked":["sneckomod:UnknownCommonSkill+1","sneckomod:UnknownClassHEXA_GHOST_PURPLE+1"],"picked":"sneckomod:UnknownStrength+1","floor":33.0},{"not_picked":["sneckomod:SoulExchange","sneckomod:UnlimitedRolls"],"picked":"sneckomod:UnknownRareAttack","floor":33.0},{"not_picked":["hexamod:FirstSeal","hexamod:FifthSeal"],"picked":"hexamod:SixthSeal","floor":35.0},{"not_picked":["sneckomod:UnknownClassGUARDIAN+1","sneckomod:UnknownExhaust+1"],"picked":"sneckomod:UnknownRareAttack+1","floor":35.0},{"not_picked":["sneckomod:UnknownClassTHE_CHAMP_GRAY+1","sneckomod:UnknownWeak+1"],"picked":"sneckomod:Unknown3Cost+1","floor":35.0},{"not_picked":["sneckomod:UnknownUncommonAttack+1","sneckomod:DiceCrush"],"picked":"sneckomod:TrashToTreasure","floor":35.0},{"not_picked":["sneckomod:RainOfDice","sneckomod:DiceCrush"],"picked":"sneckomod:SerpentIdol+1","floor":36.0},{"not_picked":["expansioncontent:Corrupt","expansioncontent:BronzeBeam"],"picked":"Deep Breath","floor":38.0},{"not_picked":["sneckomod:UnknownWeak+1","sneckomod:UnknownClassGREEN+1"],"picked":"sneckomod:Unknown3Cost+1","floor":41.0},{"not_picked":["sneckomod:RainOfDice+1","sneckomod:ImprovisedAttack+1"],"picked":"sneckomod:SerpentIdol+1","floor":41.0},{"not_picked":["sneckomod:UnknownEthereal+1","sneckomod:Unknown0Cost+1"],"picked":"sneckomod:UnknownColorless+1","floor":44.0},{"not_picked":["sneckomod:UnknownClassPURPLE+1","sneckomod:UnknownExhaust+1"],"picked":"sneckomod:UnknownBlock+1","floor":44.0},{"not_picked":["sneckomod:UnknownBlock+1","sneckomod:Unknown1Cost+1"],"picked":"sneckomod:QuickMove+1","floor":46.0},{"not_picked":["sneckomod:UnknownClassTHE_CHAMP_GRAY+1","sneckomod:SnakeSap","sneckomod:SerpentIdol+1"],"picked":"SKIP","floor":54.0}],"player_experience":350125,"relics_obtained":[{"floor":10.0,"key":"Smiling Mask"},{"floor":17.0,"key":"Orichalcum"},{"floor":17.0,"key":"Mercury Hourglass"},{"floor":17.0,"key":"Ice Cream"},{"floor":22.0,"key":"Necronomicon"},{"floor":26.0,"key":"Regal Pillow"},{"floor":29.0,"key":"Pear"},{"floor":31.0,"key":"sneckomod:ConfusingCodex"},{"floor":41.0,"key":"Happy Flower"},{"floor":43.0,"key":"Toxic Egg 2"},{"floor":54.0,"key":"Gremlin Horn"}],"event_choices":[{"cards_removed":["Decay"],"damage_healed":0.0,"max_hp_gain":0.0,"max_hp_loss":0.0,"gold_gain":0.0,"event_name":"The Cleric","player_choice":"Card Removal","floor":2.0,"gold_loss":50.0,"damage_taken":0.0},{"damage_healed":0.0,"max_hp_gain":0.0,"max_hp_loss":0.0,"gold_gain":0.0,"event_name":"Shining Light","player_choice":"Entered Light","floor":3.0,"gold_loss":0.0,"damage_taken":18.0,"cards_upgraded":["sneckomod:Defend","sneckomod:Defend"]},{"damage_healed":0.0,"max_hp_gain":0.0,"max_hp_loss":0.0,"gold_gain":0.0,"cards_transformed":["sneckomod:Strike"],"event_name":"Transmorgrifier","player_choice":"Transformed","floor":14.0,"gold_loss":0.0,"damage_taken":0.0,"cards_obtained":["sneckomod:SnekBeam"]},{"damage_healed":0.0,"max_hp_gain":0.0,"max_hp_loss":0.0,"gold_gain":0.0,"event_name":"Ghosts","player_choice":"Ignored","floor":21.0,"gold_loss":0.0,"damage_taken":0.0},{"damage_healed":0.0,"max_hp_gain":0.0,"max_hp_loss":0.0,"gold_gain":0.0,"event_name":"Cursed Tome","player_choice":"Obtained Book","floor":22.0,"gold_loss":0.0,"damage_taken":16.0},{"damage_healed":0.0,"max_hp_gain":0.0,"max_hp_loss":0.0,"gold_gain":0.0,"event_name":"Drug Dealer","player_choice":"Inject Mutagens","floor":30.0,"gold_loss":0.0,"damage_taken":0.0,"relics_obtained":["MutagenicStrength"]},{"damage_healed":0.0,"max_hp_gain":0.0,"max_hp_loss":0.0,"gold_gain":0.0,"event_name":"SensoryStone","player_choice":"Memory 1","floor":38.0,"gold_loss":0.0,"damage_taken":0.0},{"damage_healed":0.0,"max_hp_gain":0.0,"max_hp_loss":0.0,"gold_gain":0.0,"event_name":"Winding Halls","player_choice":"Embrace Madness","floor":39.0,"gold_loss":0.0,"damage_taken":15.0,"cards_obtained":["Madness","Madness"]}],"is_beta":false,"boss_relics":[{"not_picked":["Tiny House","Empty Cage"],"picked":"Calling Bell"},{"not_picked":["Astrolabe","Fusion Hammer"],"picked":"SlaversCollar"}],"items_purged_floors":[],"is_endless":false,"potions_floor_spawned":[1,7,10,16,18,19,27,29,36],"killed_by":"The Heart","ascension_level":1}}