{"host":"zy8owluzctkcdqaa","time":1607978867,"event":{"mods":["AchievementEnabler","BaseMod","Colored Map","Minty Spire (QoL Compilation)","Rare Cards Sparkle"],"gold_per_floor":[109,41,56,56,56,88,88,122,122,122,165,178,178,213,213,213,213],"floor_reached":16,"playtime":551,"items_purged":[],"score":159,"play_id":"a8a0228c-01af-4796-a228-1317a97333d8","local_time":"20201214144747","is_ascension_mode":true,"campfire_choices":[{"data":"Infinite Blades","floor":7,"key":"SMITH"},{"floor":13,"key":"REST"},{"data":"Accuracy","floor":15,"key":"SMITH"}],"circlet_count":0,"master_deck":["Strike_G","Strike_G","Strike_G","Strike_G","Strike_G","Defend_G","Defend_G","Defend_G","Defend_G","Defend_G","Survivor","Neutralize","Choke","Caltrops","Infinite Blades+1","Terror","Choke","Dagger Spray","Accuracy+1"],"relics":["Ring of the Snake","NeowsBlessing","HornCleat","Letter Opener","Meat on the Bone","Golden Idol","Darkstone Periapt","Nunchaku"],"acts_visited":["Exordium"],"potions_floor_usage":[11,11,16,16],"damage_taken":[{"damage":0,"enemies":"Small Slimes","floor":1,"turns":1},{"damage":0,"enemies":"Jaw Worm","floor":3,"turns":1},{"damage":0,"enemies":"Lagavulin","floor":6,"turns":1},{"damage":14,"enemies":"Gremlin Nob","floor":8,"turns":4},{"damage":17,"enemies":"3 Sentries","floor":11,"turns":6},{"damage":0,"enemies":"Cultist","floor":12,"turns":3},{"damage":14,"enemies":"Gremlin Nob","floor":14,"turns":4},{"damage":45,"enemies":"The Guardian","floor":16,"turns":8}],"seed_played":"-5485029550178117649","potions_obtained":[{"floor":1,"key":"Fire Potion"},{"floor":3,"key":"Strength Potion"},{"floor":11,"key":"Swift Potion"},{"floor":14,"key":"Fire Potion"}],"is_trial":false,"path_per_floor":["M","$","M","?","$","E","R","E","T","?","E","M","R","E","R","B"],"character_chosen":"THE_SILENT","items_purchased":["Caltrops"],"campfire_rested":1,"item_purchase_floors":[2],"current_hp_per_floor":[70,70,70,67,67,67,67,53,53,53,36,36,55,41,41,0,0],"gold":213,"neow_bonus":"THREE_ENEMY_KILL","is_daily":false,"chose_seed":false,"campfire_upgraded":2,"win_rate":0.0,"timestamp":1607978867,"path_taken":["M","$","M","?","$","E","R","E","T","?","E","M","R","E","R","BOSS"],"items_purchased_type":["Card"],"build_version":"2020-12-13","purchased_purges":0,"victory":false,"max_hp_per_floor":[70,70,70,70,70,70,70,70,70,65,65,65,65,65,65,65,65],"card_choices":[{"not_picked":["Endless Agony","Masterful Stab"],"picked":"Choke","floor":1},{"not_picked":["Well Laid Plans","Terror"],"picked":"Infinite Blades","floor":3},{"not_picked":["Escape Plan","Outmaneuver","Heel Hook"],"picked":"SKIP","floor":6},{"not_picked":["Deadly Poison","Quick Slash"],"picked":"Terror","floor":8},{"not_picked":["Heel Hook","Leg Sweep"],"picked":"Choke","floor":11},{"not_picked":["Acrobatics","Prepared"],"picked":"Dagger Spray","floor":12},{"not_picked":["Cloak And Dagger","Outmaneuver"],"picked":"Accuracy","floor":14}],"player_experience":496411,"relics_obtained":[{"floor":6,"key":"Letter Opener"},{"floor":8,"key":"Meat on the Bone"},{"floor":11,"key":"Darkstone Periapt"},{"floor":14,"key":"Nunchaku"}],"event_choices":[{"damage_healed":0,"gold_gain":0,"player_choice":"Success","damage_taken":3,"relics_obtained":["HornCleat"],"max_hp_gain":0,"max_hp_loss":0,"event_name":"Scrap Ooze","floor":4,"gold_loss":0},{"damage_healed":0,"gold_gain":0,"player_choice":"Lose Max HP","damage_taken":0,"relics_obtained":["Golden Idol"],"max_hp_gain":0,"max_hp_loss":5,"event_name":"Golden Idol","floor":10,"gold_loss":0}],"is_beta":false,"boss_relics":[],"items_purged_floors":[],"is_endless":false,"potions_floor_spawned":[1,3,11,14],"killed_by":"The Guardian","ascension_level":1}}