{"host":"9ubnrp80z7gv8v8p","time":1607921918,"event":{"mods":["AchievementEnabler","BaseMod","Better Altar","Better Match","Better Note","Better Sensory Stone","Better Skull","Better Third Choice","Better Vampires","BetterRewards","Block Reminder","Colored Map","DeckTracker","Displayed Cursed Tome","Highlight Path","Minty Spire (QoL Compilation)","Quick Restart","Rare Cards Sparkle","Relic Stats","Spire Birthday Party","StSLib","everything is the same but u backflip on backflip","slay the spire mod where everything is the same but ironclad has a cowboy hat"],"gold_per_floor":[118,131,131,131,61,99,114,132,132,150,150,184,238,254,254,378,378,397,410,435,435,448,448,448,373,373,373,141,172,172,196,196,322,385,404,504,517,541,541,541,2,2,28,28,52,52,66,90,90,90],"floor_reached":51,"playtime":5782,"items_purged":["Strike_G"],"score":781,"play_id":"5c177cb5-53a1-43c4-be8b-17aae4ffdbb4","local_time":"20201213225838","is_ascension_mode":true,"campfire_choices":[{"floor":15.0,"key":"REST"},{"data":"Slice","floor":23.0,"key":"SMITH"},{"floor":30.0,"key":"REST"},{"data":"Backstab","floor":32.0,"key":"SMITH"},{"floor":40.0,"key":"REST"},{"data":"Finisher","floor":42.0,"key":"SMITH"},{"data":"Blade Dance","floor":44.0,"key":"SMITH"},{"floor":46.0,"key":"REST"},{"floor":49.0,"key":"REST"}],"circlet_count":0,"master_deck":["Strike_G","Strike_G","Defend_G+1","Defend_G","Defend_G","Defend_G","Defend_G","Survivor","Neutralize","Finisher+1","Flying Knee","Dagger Spray","Cloak And Dagger","Backstab+1","Blade Dance+1","Slice+1","Well Laid Plans","Slice+1","Infinite Blades","Phantasmal Killer+1","Backstab+1","Blade Dance+1","Terror+1"],"relics":["Ring of the Snake","Snake Skull","Golden Idol","Mummified Hand","Shuriken","MealTicket","StrikeDummy","WristBlade","Toxic Egg 2","Ornamental Fan","Regal Pillow","Toy Ornithopter","Tiny House","Centennial Puzzle","Mercury Hourglass","Gambling Chip","Bronze Scales"],"acts_visited":["Exordium","TheCity","TheBeyond"],"potions_floor_usage":[],"damage_taken":[{"damage":0.0,"enemies":"2 Louse","floor":1.0,"turns":4.0},{"damage":0.0,"enemies":"Cultist","floor":2.0,"turns":4.0},{"damage":14.0,"enemies":"Gremlin Nob","floor":6.0,"turns":4.0},{"damage":12.0,"enemies":"Jaw Worm","floor":7.0,"turns":2.0},{"damage":6.0,"enemies":"3 Louse","floor":8.0,"turns":2.0},{"damage":2.0,"enemies":"Looter","floor":10.0,"turns":3.0},{"damage":16.0,"enemies":"Lagavulin","floor":12.0,"turns":5.0},{"damage":1.0,"enemies":"Exordium Wildlife","floor":14.0,"turns":3.0},{"damage":0.0,"enemies":"Slime Boss","floor":16.0,"turns":3.0},{"damage":11.0,"enemies":"2 Thieves","floor":18.0,"turns":3.0},{"damage":12.0,"enemies":"Chosen","floor":19.0,"turns":3.0},{"damage":5.0,"enemies":"Sentry and Sphere","floor":20.0,"turns":3.0},{"damage":15.0,"enemies":"Snecko","floor":22.0,"turns":4.0},{"damage":21.0,"enemies":"Book of Stabbing","floor":29.0,"turns":4.0},{"damage":5.0,"enemies":"Centurion and Healer","floor":31.0,"turns":3.0},{"damage":53.0,"enemies":"Automaton","floor":33.0,"turns":7.0},{"damage":0.0,"enemies":"Orb Walker","floor":35.0,"turns":1.0},{"damage":38.0,"enemies":"3 Shapes","floor":37.0,"turns":2.0},{"damage":23.0,"enemies":"Writhing Mass","floor":38.0,"turns":4.0},{"damage":24.0,"enemies":"Sphere and 2 Shapes","floor":45.0,"turns":2.0},{"damage":12.0,"enemies":"Jaw Worm Horde","floor":47.0,"turns":2.0},{"damage":43.0,"enemies":"4 Shapes","floor":48.0,"turns":2.0},{"damage":43,"enemies":"Donu and Deca","floor":50,"turns":6}],"seed_played":"2167313473183163182","potions_obtained":[{"floor":1.0,"key":"BlessingOfTheForge"},{"floor":7.0,"key":"CultistPotion"},{"floor":10.0,"key":"SpeedPotion"},{"floor":12.0,"key":"Energy Potion"},{"floor":14.0,"key":"FairyPotion"},{"floor":31.0,"key":"CunningPotion"},{"floor":33.0,"key":"Regen Potion"},{"floor":34.0,"key":"SpeedPotion"}],"is_trial":false,"path_per_floor":["M","M","?","?","$","E","M","M","T","M","T","E","?","M","R","B",null,"M","M","M","?","M","R","?","$","T","?","$","E","R","M","R","B",null,"M","?","M","M","T","R","$","R","T","R","M","R","M","M","R","B",null],"character_chosen":"THE_SILENT","items_purchased":["Dagger Spray","Cloak And Dagger","Infinite Blades","Regal Pillow","Mercury Hourglass","Gambling Chip"],"campfire_rested":5,"item_purchase_floors":[5,5,28,28,41,41],"current_hp_per_floor":[70,70,53,53,53,39,27,21,21,19,19,3,3,2,23,23,70,59,47,42,65,50,50,50,65,65,65,70,49,70,65,65,22,75,75,75,37,14,14,51,66,66,66,66,52,75,63,20,57,14],"gold":90,"neow_bonus":"RANDOM_COMMON_RELIC","is_daily":false,"chose_seed":false,"campfire_upgraded":4,"win_rate":0.0,"timestamp":1607921918,"path_taken":["M","M","?","?","$","E","M","?","T","M","?","E","?","M","R","BOSS","M","M","M","?","M","R","?","$","T","?","?","E","R","?","R","BOSS","M","?","M","?","?","R","$","R","T","R","M","R","M","M","R","BOSS"],"items_purchased_type":["Card","Card","Card","Relic","Relic","Relic"],"build_version":"2020-12-13","purchased_purges":1,"victory":true,"max_hp_per_floor":[70,70,70,70,70,70,70,70,70,70,70,70,70,70,70,70,70,70,70,70,70,70,70,70,70,70,70,70,70,70,70,70,70,75,75,75,75,75,75,75,75,75,75,75,75,75,75,75,75,75],"relic_stats":{"Regal Pillow":31,"counters":[23,76],"Golden Idol":169,"Snake Skull":[0],"Mercury Hourglass":[51],"Centennial Puzzle":[11],"Mummified Hand":[13],"Shuriken":[65],"Ornamental Fan":[176],"Gambling Chip":[5],"Bronze Scales":[27],"MealTicket":35,"obtain_stats":[{"Regal Pillow":28,"Tiny House":34,"Golden Idol":3,"Snake Skull":0,"Mercury Hourglass":41,"Centennial Puzzle":39,"WristBlade":17,"Mummified Hand":6,"Shuriken":9,"Ornamental Fan":26,"Gambling Chip":41,"Bronze Scales":43,"MealTicket":11,"Toxic Egg 2":24,"StrikeDummy":12,"Toy Ornithopter":29,"Ring of the Snake":0},{"Regal Pillow":13,"Tiny House":16,"Golden Idol":2,"Snake Skull":0,"Mercury Hourglass":19,"Centennial Puzzle":19,"WristBlade":9,"Mummified Hand":3,"Shuriken":5,"Ornamental Fan":13,"Gambling Chip":19,"Bronze Scales":19,"MealTicket":6,"Toxic Egg 2":13,"StrikeDummy":7,"Toy Ornithopter":14,"Ring of the Snake":0},{"Regal Pillow":43,"Tiny House":57,"Golden Idol":8,"Snake Skull":0,"Mercury Hourglass":64,"Centennial Puzzle":64,"WristBlade":30,"Mummified Hand":12,"Shuriken":16,"Ornamental Fan":43,"Gambling Chip":64,"Bronze Scales":64,"MealTicket":19,"Toxic Egg 2":43,"StrikeDummy":24,"Toy Ornithopter":47,"Ring of the Snake":0}],"Toy Ornithopter":15,"Ring of the Snake":[46]},"card_choices":[{"not_picked":["Prepared","Underhanded Strike"],"picked":"Finisher","floor":1.0},{"not_picked":["Underhanded Strike","Poisoned Stab","Dash"],"picked":"SKIP","floor":2.0},{"not_picked":["Well Laid Plans","Adrenaline"],"picked":"Backstab","floor":6.0},{"not_picked":["Leg Sweep","Noxious Fumes","Quick Slash"],"picked":"SKIP","floor":7.0},{"not_picked":["Predator","Acrobatics","Backflip"],"picked":"SKIP","floor":8.0},{"not_picked":["Dodge and Roll","Riddle With Holes","Cloak And Dagger"],"picked":"SKIP","floor":10.0},{"not_picked":["Storm of Steel","Caltrops","Concentrate"],"picked":"SKIP","floor":12.0},{"not_picked":["Choke","Eviscerate"],"picked":"Blade Dance","floor":14.0},{"not_picked":["Dagger Spray","Deflect+1"],"picked":"Slice+1","floor":18.0},{"not_picked":["Dagger Spray","Caltrops","Dodge and Roll"],"picked":"SKIP","floor":19.0},{"not_picked":["Acrobatics","Flechettes"],"picked":"Well Laid Plans","floor":20.0},{"not_picked":["Prepared","Flying Knee+1"],"picked":"Slice","floor":22.0},{"not_picked":["Dagger Spray","Riddle With Holes","Well Laid Plans"],"picked":"SKIP","floor":29.0},{"not_picked":["Dagger Spray","Flying Knee+1","Quick Slash"],"picked":"SKIP","floor":31.0},{"not_picked":["Night Terror+1","Wraith Form v2"],"picked":"Phantasmal Killer+1","floor":33.0},{"not_picked":["Cloak And Dagger+1","Footwork+1"],"picked":"Backstab+1","floor":34.0},{"not_picked":["All Out Attack+1","Sucker Punch+1"],"picked":"Blade Dance+1","floor":35.0},{"not_picked":["Deflect+1","Dash+1","Dodge and Roll+1"],"picked":"SKIP","floor":37.0},{"not_picked":["Sucker Punch","Quick Slash+1","Dagger Throw+1"],"picked":"SKIP","floor":38.0},{"not_picked":["Quick Slash+1","Underhanded Strike+1","Dagger Throw"],"picked":"SKIP","floor":45.0},{"not_picked":["Dash+1","Prepared+1"],"picked":"Terror+1","floor":47.0},{"not_picked":["Dagger Spray","Expertise+1","Acrobatics+1"],"picked":"SKIP","floor":48.0}],"player_experience":886943,"relics_obtained":[{"floor":6.0,"key":"Mummified Hand"},{"floor":9.0,"key":"Shuriken"},{"floor":11.0,"key":"MealTicket"},{"floor":12.0,"key":"StrikeDummy"},{"floor":26.0,"key":"Ornamental Fan"},{"floor":29.0,"key":"Toy Ornithopter"},{"floor":39.0,"key":"Centennial Puzzle"},{"floor":43.0,"key":"Bronze Scales"}],"event_choices":[{"damage_healed":0.0,"max_hp_gain":0.0,"max_hp_loss":0.0,"gold_gain":0.0,"event_name":"Golden Idol","player_choice":"Take Damage","floor":3.0,"gold_loss":0.0,"damage_taken":17.0,"relics_obtained":["Golden Idol"]},{"damage_healed":0.0,"max_hp_gain":0.0,"max_hp_loss":0.0,"gold_gain":0.0,"cards_transformed":["Strike_G"],"event_name":"Transmorgrifier","player_choice":"Transformed","floor":4.0,"gold_loss":0.0,"damage_taken":0.0,"cards_obtained":["Flying Knee"]},{"damage_healed":0.0,"max_hp_gain":0.0,"max_hp_loss":0.0,"gold_gain":54.0,"event_name":"Golden Wing","player_choice":"Gained Gold","floor":13.0,"gold_loss":0.0,"damage_taken":0.0},{"damage_healed":23.0,"max_hp_gain":0.0,"max_hp_loss":0.0,"gold_gain":0.0,"event_name":"The Library","player_choice":"Heal","floor":21.0,"gold_loss":0.0,"damage_taken":0.0},{"damage_healed":0.0,"max_hp_gain":0.0,"max_hp_loss":0.0,"gold_gain":0.0,"event_name":"The Mausoleum","player_choice":"Opened","floor":24.0,"gold_loss":0.0,"damage_taken":0.0,"relics_obtained":["Toxic Egg 2"]},{"cards_removed":["Strike_G"],"damage_healed":0.0,"max_hp_gain":0.0,"max_hp_loss":0.0,"gold_gain":0.0,"event_name":"betterThird:BetterWriting","player_choice":"Elegance","floor":27.0,"gold_loss":0.0,"damage_taken":0.0},{"damage_healed":0.0,"max_hp_gain":0.0,"max_hp_loss":0.0,"gold_gain":100.0,"event_name":"Golden Shrine","player_choice":"Pray","floor":36.0,"gold_loss":0.0,"damage_taken":0.0}],"is_beta":false,"boss_relics":[{"not_picked":["Black Star","Sozu"],"picked":"WristBlade"},{"not_picked":["Snecko Eye","Astrolabe"],"picked":"Tiny House"}],"items_purged_floors":[25],"is_endless":false,"potions_floor_spawned":[1,7,10,12,14,19,31,33,35,38],"ascension_level":3}}