{"host":"m6aaltr68g9tvoay","time":1607936230,"event":{"mods":["AchievementEnabler","BaseMod","Colored Map","Minty Spire (QoL Compilation)","StSLib"],"gold_per_floor":[114,73,88,103,103,103,133,145,182,224,251,263,275,302,314,426,438,465,477,489,531,168,168,198,48,48,78,93,43,73,73,73,173,173,188,43,43,43,77,116,116,146,171,195,195,195],"floor_reached":45,"playtime":1650,"items_purged":["Strike_B"],"score":753,"play_id":"1bc5dc17-1d8d-4d14-b3ec-605d1b2630fa","local_time":"20201214005710","daily_mods":["Cursed Run","Diverse","DeadlyEvents"],"is_ascension_mode":false,"campfire_choices":[{"data":"Doom and Gloom","floor":6,"key":"SMITH"},{"data":"BattleHymn","floor":8,"key":"SMITH"},{"floor":12,"key":"REST"},{"floor":15,"key":"REST"},{"floor":23,"key":"REST"},{"floor":32,"key":"REST"},{"floor":41,"key":"REST"}],"circlet_count":0,"master_deck":["Strike_B","Strike_B","Strike_B","Defend_B","Defend_B+1","Defend_B","Defend_B+1","Zap+1","Dualcast+1","Doom and Gloom+1","BattleHymn+1","Hologram","Rebound","Clumsy","ForeignInfluence","PiercingWail","Twin Strike","Decay","Impervious","Glacier","Decay","Corruption","Shame","Leap+1","Distraction","Armaments","Writhe","Injury","Bullet Time","Limit Break","Apotheosis","Doubt","Redo","Gash"],"relics":["Cursed Key","Darkstone Periapt","Du-Vu Doll","MawBank","Regal Pillow","Boot","Inserter","Nilry\u0027s Codex","Nunchaku","OrangePellets","Tiny Chest","War Paint","HandDrill","Vajra","InkBottle","Cables","Orichalcum","CeramicFish","Happy Flower","Toy Ornithopter","Omamori","MealTicket"],"acts_visited":["Exordium","TheCity","TheBeyond"],"potions_floor_usage":[16,16,21,21,24,27,27,30],"damage_taken":[{"damage":1.0,"enemies":"Cultist","floor":1.0,"turns":4.0},{"damage":5,"enemies":"Small Slimes","floor":3,"turns":3},{"damage":2,"enemies":"2 Louse","floor":4,"turns":2},{"damage":16,"enemies":"Gremlin Nob","floor":7,"turns":3},{"damage":36,"enemies":"Lagavulin","floor":10,"turns":4},{"damage":7,"enemies":"Gremlin Gang","floor":11,"turns":4},{"damage":0,"enemies":"2 Fungi Beasts","floor":14,"turns":3},{"damage":0,"enemies":"Slime Boss","floor":16,"turns":4},{"damage":15,"enemies":"3 Byrds","floor":18,"turns":3},{"damage":53,"enemies":"Gremlin Leader","floor":21,"turns":7},{"damage":46,"enemies":"Slavers","floor":24,"turns":7},{"damage":12,"enemies":"Book of Stabbing","floor":27,"turns":4},{"damage":0,"enemies":"Shell Parasite","floor":28,"turns":4},{"damage":9,"enemies":"Slavers","floor":30,"turns":4},{"damage":20,"enemies":"Collector","floor":33,"turns":8},{"damage":6,"enemies":"3 Darklings","floor":35,"turns":6},{"damage":51,"enemies":"Nemesis","floor":40,"turns":6},{"damage":80,"enemies":"Reptomancer","floor":42,"turns":6},{"damage":2,"enemies":"Orb Walker","floor":44,"turns":2},{"damage":33,"enemies":"Giant Head","floor":45,"turns":6}],"seed_played":"1880613833527945180","potions_obtained":[{"floor":11,"key":"DistilledChaos"},{"floor":14,"key":"GamblersBrew"},{"floor":16,"key":"LiquidMemories"},{"floor":18,"key":"Regen Potion"},{"floor":21,"key":"Explosive Potion"},{"floor":24,"key":"LiquidMemories"},{"floor":28,"key":"Explosive Potion"},{"floor":42,"key":"Fire Potion"}],"is_trial":false,"path_per_floor":["M","$","M","M","$","R","E","R","T","E","M","R","?","M","R","B",null,"M","?","?","E","$","R","E","$","T","E","M","$","E","?","R","B",null,"M","$","?","?","T","E","R","E","T","M","E"],"character_chosen":"DEFECT","items_purchased":["Doom and Gloom","OrangePellets","Tiny Chest","Regen Potion","HandDrill","AttackPotion","Limit Break"],"campfire_rested":5,"item_purchase_floors":[2,22,22,22,25,29,36],"current_hp_per_floor":[74,74,69,67,67,67,51,51,57,21,14,53,37,37,76,82,87,72,56,62,24,24,66,35,35,41,29,29,29,20,26,72,58,111,105,105,105,105,111,60,110,30,30,28,0,0],"gold":195,"neow_bonus":"","is_daily":true,"chose_seed":false,"campfire_upgraded":2,"win_rate":0.0,"timestamp":1607936230,"path_taken":["M","?","M","M","$","R","E","R","T","E","M","R","?","M","R","BOSS","M","?","?","?","$","R","E","$","T","E","M","$","E","?","R","BOSS","M","$","?","?","?","E","R","E","T","?","?"],"items_purchased_type":["Card","Relic","Relic","Potion","Relic","Potion","Card"],"build_version":"2020-12-13","purchased_purges":1,"victory":false,"max_hp_per_floor":[75,75,75,75,75,75,75,75,81,81,81,81,81,81,81,87,87,87,87,93,93,93,93,93,93,99,99,99,99,99,105,105,111,111,111,111,111,111,117,117,117,117,117,117,117,117],"card_choices":[{"not_picked":["Thunderclap","Pommel Strike","Heavy Blade"],"picked":"SKIP","floor":1.0},{"not_picked":["Prostrate","Meditate"],"picked":"BattleHymn","floor":3},{"not_picked":["Adaptation","Evaluate"],"picked":"Hologram","floor":4},{"not_picked":["Streamline","BattleHymn"],"picked":"Rebound","floor":7},{"not_picked":["FlyingSleeves","Backflip"],"picked":"ForeignInfluence","floor":10},{"not_picked":["Barrage","EmptyBody"],"picked":"PiercingWail","floor":11},{"not_picked":["Deadly Poison","Pray"],"picked":"Twin Strike","floor":14},{"not_picked":["Scrawl","Brilliance"],"picked":"Impervious","floor":16},{"not_picked":["Crescendo","Rebound"],"picked":"Glacier","floor":18},{"not_picked":["Pummel","Hologram"],"picked":"Corruption","floor":21},{"not_picked":["Doppelganger","Carnage","Sweeping Beam"],"picked":"SKIP","floor":24},{"not_picked":["Heavy Blade","ReachHeaven+1"],"picked":"Leap+1","floor":27},{"not_picked":["Clothesline","Fusion"],"picked":"Distraction","floor":28},{"not_picked":["FollowUp","CutThroughFate"],"picked":"Armaments","floor":30},{"not_picked":["Thunder Strike","Alpha"],"picked":"Bullet Time","floor":33},{"not_picked":["Consecrate+1","Dagger Throw+1","Flying Knee+1"],"picked":"SKIP","floor":35},{"not_picked":["Panacea","Jack Of All Trades"],"picked":"Apotheosis","floor":37},{"not_picked":["Leap","Evolve+1"],"picked":"Redo","floor":40},{"not_picked":["Beam Cell+1","FearNoEvil","Stack"],"picked":"SKIP","floor":42},{"not_picked":["Ball Lightning","Vault"],"picked":"Gash","floor":44}],"player_experience":1229651,"relics_obtained":[{"floor":7,"key":"MawBank"},{"floor":9,"key":"Regal Pillow"},{"floor":10,"key":"Boot"},{"floor":19,"key":"Nilry\u0027s Codex"},{"floor":21,"key":"Nunchaku"},{"floor":24,"key":"War Paint"},{"floor":26,"key":"Vajra"},{"floor":27,"key":"InkBottle"},{"floor":30,"key":"Cables"},{"floor":39,"key":"Happy Flower"},{"floor":40,"key":"Toy Ornithopter"},{"floor":42,"key":"Omamori"},{"floor":43,"key":"MealTicket"}],"event_choices":[{"damage_healed":0,"gold_gain":0,"player_choice":"Entered Light","damage_taken":16,"max_hp_gain":0,"max_hp_loss":0,"event_name":"Shining Light","floor":13,"gold_loss":0,"cards_upgraded":["Zap","Defend_B"]},{"damage_healed":0,"gold_gain":0,"player_choice":"Obtained Book","damage_taken":16,"max_hp_gain":0,"max_hp_loss":0,"event_name":"Cursed Tome","floor":19,"gold_loss":0},{"damage_healed":0,"gold_gain":0,"player_choice":"Cursed","damage_taken":0,"max_hp_gain":0,"max_hp_loss":0,"event_name":"Wheel of Change","floor":20,"gold_loss":0,"cards_obtained":["Decay"]},{"damage_healed":0,"gold_gain":0,"player_choice":"Opened","damage_taken":0,"relics_obtained":["Orichalcum"],"max_hp_gain":0,"max_hp_loss":0,"event_name":"The Mausoleum","floor":31,"gold_loss":0,"cards_obtained":["Writhe"]},{"damage_healed":0,"gold_gain":0,"player_choice":"Memory 1","damage_taken":0,"max_hp_gain":0,"max_hp_loss":0,"event_name":"SensoryStone","floor":37,"gold_loss":0},{"damage_healed":0,"gold_gain":0,"player_choice":"Gave Potion","damage_taken":0,"relics_obtained":["CeramicFish"],"max_hp_gain":0,"max_hp_loss":0,"event_name":"WeMeetAgain","floor":38,"gold_loss":0}],"is_beta":false,"boss_relics":[{"not_picked":["Fusion Hammer","Calling Bell"],"picked":"Inserter"},{"not_picked":["Runic Dome","Pandora\u0027s Box","Coffee Dripper"]}],"items_purged_floors":[36],"is_endless":false,"potions_floor_spawned":[11,14,16,18,21,24,28,42],"killed_by":"Giant Head","ascension_level":0}}