{"host":"v0dnu0zs4qo0v13s","time":1607966166,"event":{"mods":["BaseMod","Colored Map","Colored Powertips","Minty Spire (QoL Compilation)","Relic Stats","StSLib","SuperFastMode","everything is the same but u backflip on backflip"],"gold_per_floor":[115,127,142,44,54,80,80,155,155,172,172,51,51,78,78,149,149,168,38,51,51,61,61,77,102,152,152,168,177,198,32,32,32,32],"floor_reached":33,"playtime":2531,"items_purged":["Strike_R"],"score":457,"play_id":"3275331b-a91a-4185-9b24-6bcae40fabc1","local_time":"20201214121606","is_ascension_mode":true,"campfire_choices":[{"data":"True Grit","floor":7.0,"key":"SMITH"},{"floor":13.0,"key":"DIG"},{"data":"Rage","floor":15.0,"key":"SMITH"},{"data":"Spot Weakness","floor":23.0,"key":"SMITH"},{"floor":27.0,"key":"DIG"},{"floor":32.0,"key":"DIG"}],"circlet_count":0,"master_deck":["AscendersBane","Strike_R","Defend_R","Defend_R","Defend_R","Defend_R","Bash","Rage+1","True Grit+1","Headbutt","Warcry","Immolate","Intimidate","Fire Breathing","Barricade","Seeing Red+1","Pommel Strike+1","Thunderclap+1","Flame Barrier+1","Dramatic Entrance","Rupture","Spot Weakness+1","Whirlwind","Body Slam+1","Shame","Dark Embrace+1"],"relics":["Coffee Dripper","The Courier","Shovel","Gambling Chip","Unceasing Top","Astrolabe","Ornamental Fan","Blood Vial","Gremlin Horn","CeramicFish","Toy Ornithopter","Du-Vu Doll"],"acts_visited":["Exordium","TheCity"],"potions_floor_usage":[33],"damage_taken":[{"damage":9.0,"enemies":"2 Louse","floor":1.0,"turns":2.0},{"damage":0.0,"enemies":"Small Slimes","floor":2.0,"turns":3.0},{"damage":6.0,"enemies":"Cultist","floor":3.0,"turns":4.0},{"damage":2.0,"enemies":"Red Slaver","floor":5.0,"turns":4.0},{"damage":22.0,"enemies":"Lagavulin","floor":6.0,"turns":6.0},{"damage":17.0,"enemies":"Large Slime","floor":10.0,"turns":6.0},{"damage":8.0,"enemies":"Gremlin Nob","floor":14.0,"turns":3.0},{"damage":19.0,"enemies":"Slime Boss","floor":16.0,"turns":8.0},{"damage":43.0,"enemies":"Shell Parasite","floor":18.0,"turns":6.0},{"damage":0.0,"enemies":"Chosen","floor":20.0,"turns":7.0},{"damage":18.0,"enemies":"Snake Plant","floor":22.0,"turns":6.0},{"damage":12.0,"enemies":"Centurion and Healer","floor":24.0,"turns":10.0},{"damage":43.0,"enemies":"Book of Stabbing","floor":25.0,"turns":6.0},{"damage":6.0,"enemies":"3 Cultists","floor":28.0,"turns":4.0},{"damage":14.0,"enemies":"Snake Plant","floor":30.0,"turns":3.0},{"damage":6,"enemies":"Automaton","floor":33,"turns":6}],"seed_played":"-3272524154439939931","potions_obtained":[{"floor":1.0,"key":"SteroidPotion"},{"floor":2.0,"key":"ElixirPotion"},{"floor":11.0,"key":"BloodPotion"},{"floor":11.0,"key":"FairyPotion"},{"floor":16.0,"key":"Swift Potion"},{"floor":20.0,"key":"LiquidMemories"},{"floor":24.0,"key":"Block Potion"},{"floor":25.0,"key":"SpeedPotion"},{"floor":28.0,"key":"Fruit Juice"},{"floor":30.0,"key":"GamblersBrew"}],"is_trial":false,"path_per_floor":["M","M","M","$","M","E","R","?","T","M","?","$","R","E","R","B",null,"M","$","M","?","M","R","M","E","T","R","M","?","M","$","R","B"],"character_chosen":"IRONCLAD","items_purchased":["Fruit Juice","Dark Embrace","Fire Breathing","Dramatic Entrance","Toy Ornithopter","Dexterity Potion"],"campfire_rested":0,"item_purchase_floors":[4,12,12,19,31,31],"current_hp_per_floor":[63,63,57,62,60,38,38,27,27,10,27,27,27,19,19,25,70,27,27,27,85,67,67,55,12,12,12,13,13,1,1,1,2,2],"gold":32,"neow_bonus":"BOSS_RELIC","is_daily":false,"chose_seed":false,"campfire_upgraded":3,"win_rate":0.0,"timestamp":1607966166,"path_taken":["M","M","M","$","M","E","R","?","T","M","?","$","R","E","R","BOSS","M","?","?","?","M","R","M","E","T","R","?","?","M","$","R","BOSS"],"items_purchased_type":["Potion","Card","Card","Card","Relic","Potion"],"build_version":"2020-12-13","purchased_purges":1,"victory":false,"max_hp_per_floor":[80,80,80,85,85,85,85,85,85,85,85,85,85,85,85,85,85,85,85,85,85,85,85,85,85,85,85,90,90,90,90,90,90,90],"relic_stats":{"Blood Vial":6,"Shovel":3,"Gremlin Horn":[3,3],"counters":[16,84],"Ornamental Fan":[16],"Gambling Chip":[29],"Astrolabe":["Seeing Red","Pommel Strike","Thunderclap"],"CeramicFish":18,"obtain_stats":[{"Gremlin Horn":27,"Astrolabe":17,"CeramicFish":29,"The Courier":6,"Burning Blood":0,"Blood Vial":26,"Du-Vu Doll":32,"Shovel":9,"Ornamental Fan":25,"Gambling Chip":13,"Coffee Dripper":0,"Unceasing Top":14,"Toy Ornithopter":31},{"Gremlin Horn":13,"Astrolabe":8,"CeramicFish":14,"The Courier":5,"Burning Blood":0,"Blood Vial":13,"Du-Vu Doll":15,"Shovel":5,"Ornamental Fan":13,"Gambling Chip":6,"Coffee Dripper":0,"Unceasing Top":7,"Toy Ornithopter":15},{"Gremlin Horn":71,"Astrolabe":36,"CeramicFish":75,"The Courier":19,"Burning Blood":0,"Blood Vial":71,"Du-Vu Doll":78,"Shovel":19,"Ornamental Fan":71,"Gambling Chip":25,"Coffee Dripper":0,"Unceasing Top":28,"Toy Ornithopter":78}],"Unceasing Top":[6],"Toy Ornithopter":5},"card_choices":[{"not_picked":["Body Slam","Thunderclap"],"picked":"Rage","floor":1.0},{"not_picked":["Headbutt","Flex"],"picked":"True Grit","floor":2.0},{"not_picked":["Shrug It Off","Heavy Blade"],"picked":"Headbutt","floor":3.0},{"not_picked":["Hemokinesis","Cleave"],"picked":"Warcry","floor":5.0},{"not_picked":["Rage","Clothesline"],"picked":"Immolate","floor":6.0},{"not_picked":["Flex","Body Slam"],"picked":"Intimidate","floor":10.0},{"not_picked":["Iron Wave","Combust","Clash"],"picked":"SKIP","floor":14.0},{"not_picked":["Corruption","Demon Form"],"picked":"Barricade","floor":16.0},{"not_picked":["Intimidate+1","Armaments"],"picked":"Flame Barrier+1","floor":18.0},{"not_picked":["Infernal Blade","Shrug It Off"],"picked":"Rupture","floor":20.0},{"not_picked":["Spot Weakness","True Grit","Flex"],"picked":"SKIP","floor":22.0},{"not_picked":["True Grit","Flex"],"picked":"Spot Weakness","floor":22.0},{"not_picked":["Warcry","Infernal Blade","Carnage"],"picked":"SKIP","floor":24.0},{"not_picked":["Carnage","Iron Wave+1"],"picked":"Whirlwind","floor":25.0},{"not_picked":["Uppercut","Combust"],"picked":"Body Slam+1","floor":28.0},{"not_picked":["Anger","Havoc"],"picked":"Dark Embrace+1","floor":30.0}],"player_experience":577372,"relics_obtained":[{"floor":6.0,"key":"The Courier"},{"floor":9.0,"key":"Shovel"},{"floor":13.0,"key":"Gambling Chip"},{"floor":14.0,"key":"Unceasing Top"},{"floor":25.0,"key":"Ornamental Fan"},{"floor":26.0,"key":"Blood Vial"},{"floor":27.0,"key":"Gremlin Horn"},{"floor":32.0,"key":"Du-Vu Doll"}],"event_choices":[{"damage_healed":0.0,"max_hp_gain":0.0,"max_hp_loss":0.0,"gold_gain":75.0,"event_name":"World of Goop","player_choice":"Gather Gold","floor":8.0,"gold_loss":0.0,"damage_taken":11.0},{"damage_healed":0.0,"max_hp_gain":0.0,"max_hp_loss":0.0,"gold_gain":0.0,"event_name":"Lab","player_choice":"Got Potions","floor":11.0,"gold_loss":0.0,"damage_taken":0.0},{"cards_removed":["Dark Embrace"],"damage_healed":58.0,"max_hp_gain":0.0,"max_hp_loss":0.0,"gold_gain":0.0,"event_name":"Bonfire Elementals","player_choice":"Offered Uncommon","floor":21.0,"gold_loss":0.0,"damage_taken":0.0},{"damage_healed":0.0,"max_hp_gain":0.0,"max_hp_loss":0.0,"gold_gain":0.0,"event_name":"Addict","player_choice":"Stole Relic","floor":29.0,"gold_loss":0.0,"damage_taken":0.0,"relics_obtained":["CeramicFish"],"cards_obtained":["Shame"]}],"is_beta":false,"boss_relics":[{"not_picked":["Runic Cube","Cursed Key"],"picked":"Astrolabe"}],"items_purged_floors":[19],"is_endless":false,"potions_floor_spawned":[1,2,16,20,24,25,28,30],"killed_by":"Automaton","ascension_level":13}}