{"host":"mvw7i28zi3kj0eu9","time":1607949995,"event":{"mods":["AchievementEnabler","BaseMod","Better Third Choice","BetterRewards","Block Reminder","Conspire","Custom Start","Downfall","Energized Spire","Halation","Hermit","Hubris","Infinite Spire","Jorbs\u0027s Wanderer Trilogy","Minty Spire (QoL Compilation)","Replay The Spire","Shop Mod","Small Relic Pack","Spikes Relics","StSLib","The Blue Laboratory","The Necromancer","The Servant 0.9.4","Virulent Crown"],"gold_per_floor":[109,128,138,157,174,174,174],"floor_reached":6,"playtime":187,"items_purged":[],"score":40,"play_id":"a7addea6-a923-41a7-a71a-2f894e1b2246","local_time":"20201214134635","is_ascension_mode":false,"campfire_choices":[],"circlet_count":0,"master_deck":["Strike_R","Strike_R","Strike_R","Strike_R","Strike_R","Defend_R","Defend_R","Defend_R","Defend_R","Bash","Shrug It Off","Body Slam"],"relics":["Burning Blood","halation:PromiseList","Anchor","Membership Card"],"acts_visited":["Exordium"],"potions_floor_usage":[6],"damage_taken":[{"damage":0,"enemies":"Small Slimes","floor":1,"turns":3},{"damage":6,"enemies":"Cultist","floor":2,"turns":3},{"damage":1,"enemies":"Jaw Worm","floor":3,"turns":3},{"damage":40,"enemies":"Exordium Thugs","floor":4,"turns":8},{"damage":11,"enemies":"Red Slaver","floor":5,"turns":3},{"damage":49,"enemies":"Lagavulin","floor":6,"turns":8}],"seed_played":"-2518201565115559757","potions_obtained":[{"floor":1,"key":"blueLaboratory:IronCompound"},{"floor":2,"key":"FearPotion"},{"floor":4,"key":"blueLaboratory:TrueEctoplasm"}],"is_trial":false,"path_per_floor":["M","M","M","M","M","E"],"character_chosen":"IRONCLAD","items_purchased":["halation:PromiseList","Anchor","Shrug It Off","Membership Card"],"campfire_rested":0,"item_purchase_floors":[0,0,0,0],"current_hp_per_floor":[80,80,80,46,41,0,0],"gold":174,"neow_bonus":"","is_daily":false,"chose_seed":false,"campfire_upgraded":0,"win_rate":0.0,"timestamp":1607949995,"path_taken":["M","M","M","M","M","E"],"items_purchased_type":["Relic","Relic","Card","Relic"],"build_version":"2020-12-13","purchased_purges":0,"victory":false,"max_hp_per_floor":[80,80,80,80,80,80,80],"card_choices":[{"not_picked":["Run Through","Invigoration","Heavy Blade"],"picked":"SKIP","floor":1},{"not_picked":["Second Wind","Spot Weakness","Clothesline"],"picked":"SKIP","floor":2},{"not_picked":["Flame Barrier","ReplayReversal","hubris:ReadiedAction"],"picked":"SKIP","floor":3},{"not_picked":["Shockwave","Flame Barrier","ReplayReversal"],"picked":"SKIP","floor":4},{"not_picked":["Clothesline","Twin Strike"],"picked":"Body Slam","floor":5}],"player_experience":841377,"relics_obtained":[],"event_choices":[],"is_beta":false,"boss_relics":[],"items_purged_floors":[],"is_endless":false,"potions_floor_spawned":[1,2,4],"killed_by":"Lagavulin","ascension_level":0}}