{"host":"turdyikuxcak11ni","time":1607938179,"event":{"mods":["AchievementEnabler","BaseMod","Better Altar","Better Match","Better Note","Better Sensory Stone","Better Skull","Better Third Choice","Better Vampires","Colored Map","Conspire","Downfall","Hubris","Minty Spire (QoL Compilation)","Quick Restart","Relic Stats","Replay The Spire","Spicy Shops","StSLib","SuperFastMode"],"gold_per_floor":[119,138,148,165,179,179,212,212,235,245,260,260,24,24,24,119,119,131,143,143,23,23,23,23],"floor_reached":23,"playtime":862,"items_purged":[],"score":212,"play_id":"1c9dde51-d0de-47c7-a0f6-add6987c0d64","local_time":"20201214012939","is_ascension_mode":true,"campfire_choices":[{"floor":6,"key":"REST"},{"floor":12,"key":"REST"},{"floor":15,"key":"REST"}],"circlet_count":0,"master_deck":["Defend_B","Defend_B","Defend_B","Defend_B","Zap+1","ReplayTheSpireMod:Calculation Training","Capacitor","hubris:Ukulele","Ball Lightning","Bash","Echo Form","Regret","Slimebound:Tackle+1","Slimebound:Tackle+1","Slimebound:Tackle+1"],"relics":["Iron Hammer","hubris:Icosahedron","Nunchaku","hubris:Spice","conspire:TreasureMap","Iron Core"],"acts_visited":["Exordium","TheCity"],"potions_floor_usage":[4,7,10,23,23],"damage_taken":[{"damage":8,"enemies":"2 Louse","floor":1,"turns":4},{"damage":2,"enemies":"Jaw Worm","floor":2,"turns":4},{"damage":8,"enemies":"Small Slimes","floor":3,"turns":4},{"damage":6,"enemies":"Looter","floor":4,"turns":3},{"damage":8,"enemies":"Blue Slaver","floor":5,"turns":3},{"damage":26,"enemies":"Lagavulin","floor":7,"turns":6},{"damage":29,"enemies":"Lots of Slimes","floor":10,"turns":5},{"damage":7,"enemies":"Gremlin Gang","floor":11,"turns":4},{"damage":26,"enemies":"Hexaghost","floor":16,"turns":5},{"damage":15,"enemies":"Shell Parasite","floor":18,"turns":4},{"damage":37,"enemies":"2 Thieves","floor":19,"turns":4},{"damage":46,"enemies":"Book of Stabbing","floor":23,"turns":3}],"seed_played":"-3517976060460573931","potions_obtained":[{"floor":1,"key":"FocusPotion"},{"floor":4,"key":"AttackPotion"},{"floor":7,"key":"EssenceOfDarkness"},{"floor":11,"key":"Strength Potion"},{"floor":16,"key":"ColorlessPotion"},{"floor":19,"key":"FocusPotion"}],"is_trial":false,"path_per_floor":["M","M","M","M","M","R","E","?","T","M","M","R","$","?","R","B",null,"M","M","?","$","?","E"],"character_chosen":"DEFECT","items_purchased":["hubris:Spice","conspire:TreasureMap","hubris:Spice"],"campfire_rested":3,"item_purchase_floors":[13,13,21],"current_hp_per_floor":[67,65,57,51,43,65,39,39,39,10,3,25,33,33,57,31,91,76,39,39,39,39,0,0],"gold":23,"neow_bonus":"UPGRADE_CARD","is_daily":false,"chose_seed":false,"campfire_upgraded":0,"win_rate":0.0,"timestamp":1607938179,"path_taken":["M","M","M","M","M","R","E","?","T","M","M","R","$","?","R","BOSS","M","M","?","$","?","E"],"items_purchased_type":["Relic","Relic","Relic"],"build_version":"2020-12-13","purchased_purges":0,"victory":false,"max_hp_per_floor":[75,75,75,75,75,75,75,75,75,75,75,75,83,83,83,83,91,91,91,91,83,83,83,83],"relic_stats":{"Nunchaku":[3],"counters":[12,49],"obtain_stats":[{"Nunchaku":9,"conspire:TreasureMap":13,"Iron Core":14,"hubris:Icosahedron":8,"hubris:Spice":13,"Iron Hammer":7,"Cracked Core":0},{"Nunchaku":6,"conspire:TreasureMap":8,"Iron Core":8,"hubris:Icosahedron":6,"hubris:Spice":8,"Iron Hammer":6,"Cracked Core":0},{"Nunchaku":24,"conspire:TreasureMap":33,"Iron Core":33,"hubris:Icosahedron":24,"hubris:Spice":33,"Iron Hammer":24,"Cracked Core":0}]},"card_choices":[{"not_picked":["BasicCrystalCard","Sweeping Beam"],"picked":"ReplayTheSpireMod:Calculation Training","floor":1},{"not_picked":["Redo","Defragment"],"picked":"Capacitor","floor":2},{"not_picked":["Conserve Battery","Gash","Coolheaded"],"picked":"SKIP","floor":3},{"not_picked":["Conserve Battery","Creative AI","Stack"],"picked":"SKIP","floor":4},{"not_picked":["Darkness","Beam Cell"],"picked":"hubris:Ukulele","floor":5},{"not_picked":["Fusion","Beam Cell"],"picked":"Ball Lightning","floor":7},{"not_picked":["Tempest","ReplayTheSpireMod:Repulse","Barrage"],"picked":"SKIP","floor":10},{"not_picked":["Hologram","Turbo","Undo"],"picked":"SKIP","floor":11},{"not_picked":["Hologram","Turbo","Undo"],"picked":"SKIP","floor":11},{"not_picked":["Biased Cognition","Fission"],"picked":"Echo Form","floor":16},{"not_picked":["Beam Cell","Panic Button","Streamline"],"picked":"SKIP","floor":18},{"not_picked":["Melter","Compile Driver","Beam Cell"],"picked":"SKIP","floor":19}],"player_experience":235269,"relics_obtained":[{"floor":7,"key":"Iron Hammer"},{"floor":9,"key":"Nunchaku"}],"event_choices":[],"is_beta":false,"boss_relics":[{"not_picked":["SlaversCollar","hubris:ScarierMask"],"picked":"hubris:Spice"}],"items_purged_floors":[],"is_endless":false,"potions_floor_spawned":[1,4,7,11,16,19],"killed_by":"Book of Stabbing","ascension_level":2}}