{"host":"dl5mjdlimopbuch5","time":1607905090,"event":{"mods":["AchievementEnabler","BaseMod","Colored Powertips","Googly Eyes","Minty Spire (QoL Compilation)","Quick Restart"],"gold_per_floor":[110,110,110,110,121,121,151,151,151,151,163,175,175,193,193,291,291,303,303,317,317,79,79,79,79,79,95,113,113,128,143,143,242,242,261,231,84,97,108,108,108],"floor_reached":40,"playtime":963,"items_purged":[],"score":546,"play_id":"f67ed1c2-2762-419b-9568-5660093df7ee","local_time":"20201214001810","is_ascension_mode":true,"campfire_choices":[{"data":"Ball Lightning","floor":6.0,"key":"SMITH"},{"data":"Redo","floor":8.0,"key":"SMITH"},{"data":"Strike_B","floor":10.0,"key":"SMITH"},{"floor":15.0,"key":"REST"},{"data":"Buffer","floor":23.0,"key":"SMITH"},{"floor":29.0,"key":"REST"},{"floor":32.0,"key":"REST"}],"circlet_count":0,"master_deck":["Strike_B","Strike_B","Strike_B","Strike_B+1","Defend_B","Defend_B+1","Defend_B","Defend_B+1","Zap+1","Dualcast","Ball Lightning+1","Regret","Redo+1","Buffer+1","Thunder Strike","CurseOfTheBell","Zap+1"],"relics":["Cracked Core","NeowsBlessing","War Paint","StrikeDummy","Singing Bowl","MealTicket","Calling Bell","Oddly Smooth Stone","Shuriken","Thread and Needle","MutagenicStrength","White Beast Statue","Ornamental Fan","SacredBark","Strawberry"],"acts_visited":["Exordium","TheCity","TheBeyond"],"potions_floor_usage":[40],"damage_taken":[{"damage":0.0,"enemies":"2 Louse","floor":1.0,"turns":1.0},{"damage":0.0,"enemies":"Jaw Worm","floor":5.0,"turns":1.0},{"damage":0.0,"enemies":"Gremlin Nob","floor":7.0,"turns":1.0},{"damage":0.0,"enemies":"Small Slimes","floor":11.0,"turns":1.0},{"damage":0.0,"enemies":"Exordium Wildlife","floor":12.0,"turns":1.0},{"damage":29.0,"enemies":"3 Louse","floor":14.0,"turns":3.0},{"damage":65.0,"enemies":"Hexaghost","floor":16.0,"turns":9.0},{"damage":21.0,"enemies":"3 Byrds","floor":18.0,"turns":4.0},{"damage":24.0,"enemies":"2 Thieves","floor":20.0,"turns":5.0},{"damage":33.0,"enemies":"3 Cultists","floor":27.0,"turns":6.0},{"damage":6.0,"enemies":"Cultist and Chosen","floor":28.0,"turns":4.0},{"damage":10.0,"enemies":"Snake Plant","floor":30.0,"turns":4.0},{"damage":4.0,"enemies":"Snecko","floor":31.0,"turns":4.0},{"damage":71.0,"enemies":"Collector","floor":33.0,"turns":7.0},{"damage":18.0,"enemies":"3 Shapes","floor":35.0,"turns":3.0},{"damage":25.0,"enemies":"3 Darklings","floor":38.0,"turns":5.0},{"damage":61.0,"enemies":"4 Shapes","floor":39.0,"turns":5.0},{"damage":34,"enemies":"Giant Head","floor":40,"turns":5}],"seed_played":"3961083854173907637","potions_obtained":[{"floor":1.0,"key":"Swift Potion"},{"floor":11.0,"key":"Explosive Potion"},{"floor":18.0,"key":"PowerPotion"},{"floor":27.0,"key":"FocusPotion"},{"floor":28.0,"key":"EssenceOfSteel"},{"floor":30.0,"key":"CultistPotion"},{"floor":31.0,"key":"AttackPotion"},{"floor":33.0,"key":"Fire Potion"},{"floor":35.0,"key":"ColorlessPotion"},{"floor":36.0,"key":"SteroidPotion"},{"floor":36.0,"key":"Block Potion"},{"floor":38.0,"key":"FocusPotion"},{"floor":39.0,"key":"AttackPotion"}],"is_trial":false,"path_per_floor":["M","?","?","?","M","R","E","R","T","R","M","M","?","M","R","B",null,"M","?","M","?","$","R","$","?","T","M","M","R","M","M","R","B",null,"M","?","$","M","M","E"],"character_chosen":"DEFECT","items_purchased":["White Beast Statue","Strawberry"],"campfire_rested":3,"item_purchase_floors":[22,37],"current_hp_per_floor":[75,75,75,75,75,75,75,75,75,75,77,77,74,47,70,5,79,60,60,38,38,53,53,68,68,68,37,33,59,51,49,76,7,93,77,77,99,76,17,0,0],"gold":108,"neow_bonus":"THREE_ENEMY_KILL","is_daily":false,"chose_seed":false,"campfire_upgraded":4,"win_rate":0.0,"timestamp":1607905090,"path_taken":["M","?","?","?","M","R","E","R","T","R","M","?","?","M","R","BOSS","M","?","M","?","$","R","?","?","T","?","M","R","M","M","R","BOSS","M","?","$","?","M","E"],"items_purchased_type":["Relic","Relic"],"build_version":"2020-11-30","purchased_purges":0,"victory":false,"max_hp_per_floor":[75,75,75,75,75,75,75,75,75,75,77,77,77,79,79,79,79,81,81,83,83,83,83,83,83,83,85,87,87,89,91,91,93,93,95,95,102,104,106,106,106],"card_choices":[{"not_picked":["Tempest","Barrage"],"picked":"Ball Lightning","floor":1.0},{"not_picked":["Reprogram","Rebound"],"picked":"Redo","floor":5.0},{"not_picked":["Doom and Gloom","Hologram","Cold Snap"],"picked":"SKIP","floor":7.0},{"not_picked":["Conserve Battery","Doom and Gloom","Hologram"],"picked":"Singing Bowl","floor":11.0},{"not_picked":["Coolheaded","Heatsinks"],"picked":"Buffer","floor":12.0},{"not_picked":["Gash","Fusion","Hello World"],"picked":"Singing Bowl","floor":14.0},{"not_picked":["Machine Learning","Buffer"],"picked":"Thunder Strike","floor":16.0},{"not_picked":["Compile Driver","Double Energy","Beam Cell+1"],"picked":"Singing Bowl","floor":18.0},{"not_picked":["Beam Cell","Recycle+1","Steam+1"],"picked":"Singing Bowl","floor":20.0},{"not_picked":["Coolheaded","Loop","Consume"],"picked":"Singing Bowl","floor":27.0},{"not_picked":["Rebound","Melter","Leap"],"picked":"Singing Bowl","floor":28.0},{"not_picked":["Beam Cell","Compile Driver","Aggregate"],"picked":"Singing Bowl","floor":30.0},{"not_picked":["Steam Power","Heatsinks","Redo"],"picked":"Singing Bowl","floor":31.0},{"not_picked":["Meteor Strike","Seek","Core Surge"],"picked":"Singing Bowl","floor":33.0},{"not_picked":["Melter+1","Leap","Glacier"],"picked":"Singing Bowl","floor":35.0},{"not_picked":["Conserve Battery","Coolheaded","Loop"],"picked":"Singing Bowl","floor":38.0},{"not_picked":["Turbo+1","Undo","Sunder+1"],"picked":"Singing Bowl","floor":39.0}],"player_experience":220753,"relics_obtained":[{"floor":7.0,"key":"StrikeDummy"},{"floor":9.0,"key":"Singing Bowl"},{"floor":17.0,"key":"Oddly Smooth Stone"},{"floor":17.0,"key":"Shuriken"},{"floor":17.0,"key":"Thread and Needle"},{"floor":26.0,"key":"Ornamental Fan"}],"event_choices":[{"damage_healed":0.0,"max_hp_gain":0.0,"max_hp_loss":0.0,"gold_gain":0.0,"event_name":"Golden Wing","player_choice":"Ignored","floor":2.0,"gold_loss":0.0,"damage_taken":0.0},{"damage_healed":0.0,"max_hp_gain":0.0,"max_hp_loss":0.0,"gold_gain":0.0,"event_name":"Living Wall","player_choice":"Grow","floor":3.0,"gold_loss":0.0,"damage_taken":0.0,"cards_upgraded":["Zap"]},{"damage_healed":0.0,"max_hp_gain":0.0,"max_hp_loss":0.0,"gold_gain":0.0,"event_name":"Big Fish","player_choice":"Box","floor":4.0,"gold_loss":0.0,"damage_taken":0.0,"relics_obtained":["War Paint"],"cards_obtained":["Regret"]},{"damage_healed":0.0,"max_hp_gain":0.0,"max_hp_loss":0.0,"gold_gain":0.0,"event_name":"Scrap Ooze","player_choice":"Success","floor":13.0,"gold_loss":0.0,"damage_taken":3.0,"relics_obtained":["MealTicket"]},{"damage_healed":0.0,"max_hp_gain":0.0,"max_hp_loss":0.0,"gold_gain":0.0,"event_name":"Drug Dealer","player_choice":"Inject Mutagens","floor":19.0,"gold_loss":0.0,"damage_taken":0.0,"relics_obtained":["MutagenicStrength"]},{"damage_healed":0.0,"max_hp_gain":0.0,"max_hp_loss":0.0,"gold_gain":0.0,"event_name":"Beggar","player_choice":"Ignored","floor":21.0,"gold_loss":0.0,"damage_taken":0.0},{"damage_healed":0.0,"max_hp_gain":0.0,"max_hp_loss":0.0,"gold_gain":0.0,"event_name":"Duplicator","player_choice":"Copied","floor":25.0,"gold_loss":0.0,"damage_taken":0.0,"cards_obtained":["Zap"]},{"damage_healed":0.0,"max_hp_gain":0.0,"max_hp_loss":0.0,"gold_gain":0.0,"event_name":"The Woman in Blue","player_choice":"Bought 2 Potions","floor":36.0,"gold_loss":0.0,"damage_taken":0.0}],"is_beta":false,"boss_relics":[{"not_picked":["SlaversCollar","Tiny House"],"picked":"Calling Bell"},{"not_picked":["Cursed Key","Inserter"],"picked":"SacredBark"}],"items_purged_floors":[],"is_endless":false,"potions_floor_spawned":[1,11,18,27,28,30,31,33,35,38,39],"killed_by":"Giant Head","ascension_level":4}}