{"host":"cwd5s03r1oaxs6mx","time":1607950533,"event":{"mods":["Act Like it!","BaseMod","Better Third Choice","BetterRewards","CapriCore","Card Filter","Colored Map","Custom Start","DeckTracker","Friendly Minions","Hubris","Infinite Spire","Minty Spire (QoL Compilation)","Quick Restart","Relic Stats","Shop Mod","Spicy Shops","StSLib","SuperFastMode"],"gold_per_floor":[110,35,50,67,78,113,113,140,220,220,234,234,251,251,251,325,325,336,365,380,380,400,426,442,442,442,470,470,470,470],"floor_reached":29,"playtime":763,"items_purged":["Strike_R","Strike_R"],"score":750,"play_id":"9569e675-0c3e-46db-8151-e759289337bb","local_time":"20201214215533","is_ascension_mode":true,"campfire_choices":[{"data":"Fire Breathing","floor":7,"key":"SMITH"},{"data":"Immolate","floor":10,"key":"SMITH"},{"data":"Wild Strike","floor":15,"key":"SMITH"},{"data":"Power Through","floor":25,"key":"SMITH"},{"floor":28,"key":"REST"},{"data":"infinitespire:Menacing","floor":28,"key":"SMITH"}],"circlet_count":0,"master_deck":["AscendersBane","Strike_R","Strike_R","Strike_R","Defend_R","Defend_R","Defend_R","Defend_R","Battle Trance","Fire Breathing+1","Immolate+1","Wild Strike+1","Wild Strike+1","Metallicize+1","Impervious","Power Through+1","Fire Breathing+1","infinitespire:Menacing+1","Wild Strike"],"relics":["Burning Blood","infinitespire:Magic Flask","hubris:SlimyHat","Membership Card","infinitespire:PuzzleCube","Frozen Egg 2","Meat on the Bone","hubris:MysteriousPyramids","Mummified Hand","Red Mask","InkBottle","Matryoshka","hubris:Reverence"],"acts_visited":["Exordium","TheCity"],"potions_floor_usage":[],"damage_taken":[{"damage":12,"enemies":"Jaw Worm","floor":1,"turns":2},{"damage":5,"enemies":"Small Slimes","floor":3,"turns":2},{"damage":10,"enemies":"Cultist","floor":4,"turns":3},{"damage":10,"enemies":"Looter","floor":5,"turns":2},{"damage":18,"enemies":"3 Sentries","floor":6,"turns":3},{"damage":19,"enemies":"Lagavulin","floor":8,"turns":4},{"damage":8,"enemies":"3 Louse","floor":11,"turns":2},{"damage":6,"enemies":"Lots of Slimes","floor":13,"turns":2},{"damage":23,"enemies":"Hexaghost","floor":16,"turns":7},{"damage":20,"enemies":"2 Thieves","floor":18,"turns":3},{"damage":12,"enemies":"Masked Bandits","floor":19,"turns":3},{"damage":0,"enemies":"Chosen","floor":20,"turns":3},{"damage":4,"enemies":"Snecko","floor":22,"turns":4},{"damage":5,"enemies":"Book of Stabbing","floor":23,"turns":5},{"damage":0,"enemies":"Snake Plant","floor":24,"turns":3},{"damage":13,"enemies":"Slavers","floor":27,"turns":3},{"damage":81,"enemies":"Nightmare","floor":29,"turns":6}],"seed_played":"-2208373433753491535","potions_obtained":[{"floor":4,"key":"DistilledChaos"},{"floor":5,"key":"SpeedPotion"},{"floor":24,"key":"PowerPotion"}],"is_trial":false,"path_per_floor":["M","?","M","M","M","E","R","E","T","R","M","?","M","?","R","B",null,"M","?","M","?","M","E","M","R","T","E","R","NM"],"character_chosen":"IRONCLAD","items_purchased":["Battle Trance","Fire Breathing","infinitespire:Magic Flask","hubris:SlimyHat","Membership Card","infinitespire:PuzzleCube","Immolate","Frozen Egg 2","Wild Strike","Meat on the Bone"],"campfire_rested":1,"item_purchase_floors":[0,0,0,0,0,0,0,0,0,0],"current_hp_per_floor":[62,62,63,59,55,55,55,54,54,54,52,52,52,52,52,47,68,54,48,54,36,50,51,57,57,57,50,72,0,0],"gold":470,"neow_bonus":"","is_daily":false,"chose_seed":false,"campfire_upgraded":5,"win_rate":0.0,"timestamp":1607950533,"path_taken":["M","?","M","M","M","E","R","E","T","R","M","?","M","?","R","BOSS","M","?","M","?","M","E","M","R","T","E","R","NM"],"items_purchased_type":["Card","Card","Relic","Relic","Relic","Relic","Card","Relic","Card","Relic"],"build_version":"2020-12-13","purchased_purges":2,"victory":false,"max_hp_per_floor":[75,75,75,75,75,75,75,75,75,75,75,75,75,75,75,75,75,75,75,75,75,75,75,75,75,75,75,75,75,75],"relic_stats":{"counters":[46,124],"Mummified Hand":[28],"obtain_stats":[{"hubris:SlimyHat":0,"Bottled Tornado":55,"hubris:MysteriousPyramids":6,"Empty Cage":17,"Burning Blood":0,"hubris:Backtick":34,"Matryoshka":26,"Mummified Hand":8,"Red Mask":19,"Chemical X":0,"infinitespire:Eraser":46,"InkBottle":42,"Paper Frog":26,"Girya":37,"Blue Candle":23,"Oddly Smooth Stone":9,"PreservedInsect":3,"Pen Nib":6,"hubris:MedicalManual":40,"infinitespire:Magic Flask":0,"Frozen Egg 2":0,"Medical Kit":12,"hubris:TenFootPole":11,"Membership Card":0,"hubris:OldNail":12,"hubris:Potato":34,"infinitespire:PuzzleCube":0,"Meat on the Bone":0,"hubris:Reverence":27},{"hubris:SlimyHat":29,"Bottled Tornado":28,"hubris:MysteriousPyramids":34,"Empty Cage":10,"Burning Blood":0,"hubris:Backtick":18,"Matryoshka":44,"Mummified Hand":35,"Red Mask":40,"Chemical X":0,"infinitespire:Eraser":24,"InkBottle":22,"Paper Frog":15,"Girya":20,"Blue Candle":14,"Oddly Smooth Stone":6,"PreservedInsect":2,"Pen Nib":5,"hubris:MedicalManual":21,"infinitespire:Magic Flask":29,"Frozen Egg 2":29,"Medical Kit":7,"hubris:TenFootPole":7,"Membership Card":29,"hubris:OldNail":7,"hubris:Potato":18,"infinitespire:PuzzleCube":29,"Meat on the Bone":29,"hubris:Reverence":45},{"hubris:SlimyHat":67,"Bottled Tornado":62,"hubris:MysteriousPyramids":79,"Empty Cage":23,"Burning Blood":0,"hubris:Backtick":39,"Matryoshka":115,"Mummified Hand":83,"Red Mask":100,"Chemical X":0,"infinitespire:Eraser":52,"InkBottle":48,"Paper Frog":32,"Girya":44,"Blue Candle":31,"Oddly Smooth Stone":15,"PreservedInsect":6,"Pen Nib":11,"hubris:MedicalManual":46,"infinitespire:Magic Flask":67,"Frozen Egg 2":67,"Medical Kit":16,"hubris:TenFootPole":16,"Membership Card":67,"hubris:OldNail":16,"hubris:Potato":39,"infinitespire:PuzzleCube":67,"Meat on the Bone":67,"hubris:Reverence":118}],"Burning Blood":252,"InkBottle":[12],"Meat on the Bone":48},"card_choices":[{"not_picked":["Iron Wave","Warcry"],"picked":"Wild Strike","floor":1},{"not_picked":["Entrench","Rampage","Dark Embrace+1"],"picked":"SKIP","floor":3},{"not_picked":["Shrug It Off","Flex"],"picked":"Metallicize+1","floor":4},{"not_picked":["Inflame+1","Flex","Warcry"],"picked":"SKIP","floor":5},{"not_picked":["Shockwave","Dark Embrace+1","Rampage"],"picked":"SKIP","floor":6},{"not_picked":["Exhume","Perfected Strike","Seeing Red"],"picked":"SKIP","floor":8},{"not_picked":["Blood for Blood","Thunderclap","Anger"],"picked":"SKIP","floor":11},{"not_picked":["Heavy Blade","Cleave","Body Slam"],"picked":"SKIP","floor":13},{"not_picked":["Limit Break","Bludgeon"],"picked":"Impervious","floor":16},{"not_picked":["Pommel Strike","Body Slam"],"picked":"Power Through","floor":18},{"not_picked":["Thunderclap","Sever Soul"],"picked":"Fire Breathing+1","floor":19},{"not_picked":["Heavy Blade","Pommel Strike","Dark Embrace+1"],"picked":"SKIP","floor":20},{"not_picked":["infinitespire:FutureSight","infinitespire:UltimateForm"],"picked":"infinitespire:Menacing","floor":21},{"not_picked":["Bloodletting","Clash","Body Slam"],"picked":"SKIP","floor":22},{"not_picked":["Flex","Dropkick","Iron Wave"],"picked":"SKIP","floor":23},{"not_picked":["Sword Boomerang","Headbutt","Twin Strike"],"picked":"SKIP","floor":24},{"not_picked":["Exhume","Intimidate"],"picked":"Wild Strike","floor":27}],"player_experience":912049,"relics_obtained":[{"floor":6,"key":"hubris:MysteriousPyramids"},{"floor":8,"key":"Mummified Hand"},{"floor":19,"key":"Red Mask"},{"floor":23,"key":"InkBottle"},{"floor":26,"key":"Matryoshka"},{"floor":27,"key":"hubris:Reverence"}],"event_choices":[{"cards_removed":["Bash"],"damage_healed":0,"gold_gain":0,"player_choice":"Card Removal","damage_taken":0,"max_hp_gain":0,"max_hp_loss":0,"event_name":"The Cleric","floor":2,"gold_loss":75},{"cards_removed":["Regret"],"damage_healed":0,"gold_gain":0,"player_choice":"Forget","damage_taken":0,"max_hp_gain":0,"max_hp_loss":0,"event_name":"Living Wall","floor":14,"gold_loss":0},{"damage_healed":0,"gold_gain":0,"player_choice":"Fought Bandits","damage_taken":0,"max_hp_gain":0,"max_hp_loss":0,"event_name":"Masked Bandits","floor":19,"gold_loss":0}],"is_beta":false,"boss_relics":[{"not_picked":["Runic Dome","hubris:RunicObelisk","Runic Pyramid"]}],"items_purged_floors":[0,0],"is_endless":false,"potions_floor_spawned":[4,5,8,13,16,19,22,24],"killed_by":"Nightmare","ascension_level":20}}