{"host":"4pmzrw6j7p9u06vv","time":1607922923,"event":{"mods":["BaseMod","BetterRewards","Downfall","MarisaÅiñ∂âJÅ@ñÇóùçπÅj","Minty Spire (QoL Compilation)","Replay The Spire","StSLib","The Disciple","The Jungle"],"gold_per_floor":[113,130,305,48,65,65,65,90,141,141,170,170,185,7,7,111,111,126,54,74,11,11,37,55,85,110,110,0,0,17,29,29,131,131,148,23,34,52,68,68,68,68,68,68,68,85,101,101,35,54,54,68],"floor_reached":53,"playtime":3127,"items_purged":["Doubt","Strike_R","Strike_R"],"score":1247,"play_id":"9861407a-eb6a-47bf-9fc4-8cf9a3ae0a88","local_time":"20201214021523","is_ascension_mode":false,"campfire_choices":[{"data":"Heavy Blade","floor":6,"key":"SMITH"},{"data":"Limit Break","floor":12,"key":"SMITH"},{"data":"Bash","floor":15,"key":"SMITH"},{"floor":27,"key":"REST"},{"floor":32,"key":"REST"},{"data":"Double Tap","floor":40,"key":"SMITH"},{"data":"Feel No Pain","floor":43,"key":"SMITH"},{"data":"Shrug It Off","floor":48,"key":"SMITH"},{"floor":51,"key":"DIG"}],"circlet_count":0,"master_deck":["Strike_R","Strike_R+1","Defend_R","Defend_R+1","Defend_R","Defend_R","Bash+1","ReplayTheSpireMod:Private Reserves","Heavy Blade+1","Shrug It Off+1","Secret Weapon","Limit Break+1","Feel No Pain+1","Berserk+1","Iron Wave+1","Double Tap+1","Perseverance+1","Allegro+1"],"relics":["Burning Blood","Membership Card","Vajra","Gremlin Horn","Boot","ReplayTheSpireMod:TigerMarble","Red Skull","Mummified Hand","Bottled Lightning","Ring of Chaos","PrismaticShard","StoneCalendar","Replay:Mystery Machine","Centennial Puzzle","Sozu","Pantograph","Unceasing Top","Ornamental Fan","Replay:Bandana"],"acts_visited":["Exordium","TheCity","TheBeyond"],"potions_floor_usage":[16,18,23,25,33,33],"damage_taken":[{"damage":2,"enemies":"2 Louse","floor":1,"turns":2},{"damage":6,"enemies":"Jaw Worm","floor":2,"turns":3},{"damage":1,"enemies":"Cultist","floor":5,"turns":3},{"damage":10,"enemies":"3 Sentries","floor":11,"turns":6},{"damage":0,"enemies":"Blue Slaver","floor":13,"turns":3},{"damage":9,"enemies":"Fading Forest","floor":16,"turns":11},{"damage":22,"enemies":"3 Byrds","floor":18,"turns":5},{"damage":0,"enemies":"Spheric Guardian","floor":20,"turns":3},{"damage":36,"enemies":"Slavers","floor":23,"turns":5},{"damage":3,"enemies":"3 Cultists","floor":24,"turns":3},{"damage":14,"enemies":"Gremlin Leader","floor":25,"turns":5},{"damage":18,"enemies":"Snake Plant","floor":30,"turns":2},{"damage":4,"enemies":"Centurion and Healer","floor":31,"turns":4},{"damage":12,"enemies":"Pondfish","floor":33,"turns":8},{"damage":17,"enemies":"Orb Walker","floor":35,"turns":4},{"damage":0,"enemies":"3 Shapes","floor":37,"turns":4},{"damage":16,"enemies":"Transient","floor":38,"turns":5},{"damage":6,"enemies":"Spire Growth","floor":39,"turns":4},{"damage":18,"enemies":"Maw","floor":46,"turns":7},{"damage":5,"enemies":"4 Shapes","floor":47,"turns":3},{"damage":0,"enemies":"Spire Growth","floor":50,"turns":3},{"damage":36,"enemies":"Donu and Deca","floor":52,"turns":7}],"seed_played":"3994775320645921221","potions_obtained":[{"floor":1,"key":"Dexterity Potion"},{"floor":11,"key":"Swift Potion"},{"floor":18,"key":"Adrenaline Potion"},{"floor":30,"key":"PowerPotion"},{"floor":31,"key":"HeartOfIron"}],"is_trial":false,"path_per_floor":["M","M","?","$","M","R","?","T","T","?","E","R","M","$","R","B",null,"M","$","M","$","?","E","M","E","T","R","?","?","M","M","R","B",null,"M","$","M","M","M","R","PTL","PTL","R","?","T","M","M","R","?","M","R","B",null],"character_chosen":"IRONCLAD","items_purchased":["Membership Card","Vajra","ReplayTheSpireMod:Private Reserves","Reflective Coating","Gremlin Horn","Secret Weapon","Bottled Lightning","PrismaticShard","Pantograph"],"campfire_rested":2,"item_purchase_floors":[0,0,0,0,4,4,14,19,36],"current_hp_per_floor":[80,80,80,80,80,80,64,64,64,57,53,53,59,59,59,80,80,64,64,70,70,70,40,43,35,35,59,59,59,47,49,73,67,80,69,69,79,70,70,70,70,70,70,70,70,58,59,59,59,65,65,50],"gold":68,"neow_bonus":"","is_daily":false,"chose_seed":false,"campfire_upgraded":6,"win_rate":0.0,"timestamp":1607922923,"path_taken":["M","M","?","$","M","R","?","?","T","?","E","R","?","$","R","BOSS","M","$","M","$","?","E","?","E","T","R","?","?","M","M","R","BOSS","M","$","?","M","M","R","PTL","PTL","R","?","T","?","M","R","?","?","R","BOSS"],"items_purchased_type":["Relic","Relic","Card","Potion","Relic","Card","Relic","Relic","Relic"],"build_version":"2020-12-13","purchased_purges":3,"victory":true,"max_hp_per_floor":[80,80,80,80,80,80,80,80,80,80,80,80,80,80,80,80,80,80,80,80,80,80,80,80,80,80,80,80,80,80,80,80,80,80,80,80,80,80,80,80,80,80,80,80,80,80,80,80,80,80,80,80],"card_choices":[{"not_picked":["ReplayReversal","Shrug It Off"],"picked":"Heavy Blade","floor":1},{"not_picked":["Run Through","Clothesline"],"picked":"Shrug It Off","floor":2},{"not_picked":["Anger","Perfected Strike","Clothesline"],"picked":"SKIP","floor":5},{"not_picked":["Warcry","Seeing Red"],"picked":"Limit Break","floor":11},{"not_picked":["Pommel Strike","Cleave"],"picked":"Feel No Pain","floor":13},{"not_picked":["Brutality","Demonic Infusion"],"picked":"Berserk","floor":16},{"not_picked":["Replay:Undeath\u0027s Touch","Perfected Strike"],"picked":"Iron Wave+1","floor":18},{"not_picked":["Whirlwind+1","Protect+1","Searing Blow"],"picked":"SKIP","floor":20},{"not_picked":["Guardian:WalkerClaw","Replay:Hum+1","hexamod:Again+1"],"picked":"SKIP","floor":23},{"not_picked":["Cold Snap","Evaluate","SporeBomb"],"picked":"SKIP","floor":24},{"not_picked":["ChargeUpSpray+1","Guardian:Clone+1","Guardian:Incinerate+1"],"picked":"SKIP","floor":25},{"not_picked":["Go for the Eyes","sneckomod:UnknownCommonAttack","Clothesline"],"picked":"SKIP","floor":30},{"not_picked":["Orbital+1","hexamod:ThermalTransfer","Chronoelasticity"],"picked":"SKIP","floor":31},{"not_picked":["HandsUpC+1","Defy Death","Clash"],"picked":"SKIP","floor":35},{"not_picked":["SandsOfTime","Force Field"],"picked":"Perseverance+1","floor":37},{"not_picked":["ReapSow","WitchOfGreed+1","sneckomod:DiceCrush"],"picked":"SKIP","floor":38},{"not_picked":["Prepared+1","Slimebound:GoopSpray+1","hexamod:PhantomFireball"],"picked":"SKIP","floor":39},{"not_picked":["Scrape+1","Slimebound:GoopSpray+1","Guardian:TemporalStrike"],"picked":"SKIP","floor":46},{"not_picked":["BlueShift+1","Finesse"],"picked":"Tempo+1","floor":47},{"not_picked":["Toxin Wave","LockedOrichalcum","Break+1"],"picked":"SKIP","floor":50}],"player_experience":11079,"relics_obtained":[{"floor":8,"key":"Boot"},{"floor":9,"key":"ReplayTheSpireMod:TigerMarble"},{"floor":11,"key":"Mummified Hand"},{"floor":23,"key":"StoneCalendar"},{"floor":25,"key":"Replay:Mystery Machine"},{"floor":26,"key":"Centennial Puzzle"},{"floor":45,"key":"Unceasing Top"},{"floor":51,"key":"Replay:Bandana"}],"event_choices":[{"damage_healed":0,"gold_gain":175,"player_choice":"AGREE","damage_taken":0,"max_hp_gain":0,"max_hp_loss":0,"event_name":"Liars Game","floor":3,"gold_loss":0,"cards_obtained":["Doubt"]},{"damage_healed":0,"gold_gain":0,"player_choice":"Entered Light","damage_taken":16,"max_hp_gain":0,"max_hp_loss":0,"event_name":"Shining Light","floor":7,"gold_loss":0,"cards_upgraded":["Defend_R","Strike_R"]},{"damage_healed":0,"gold_gain":0,"player_choice":"Success","damage_taken":7,"relics_obtained":["Red Skull"],"max_hp_gain":0,"max_hp_loss":0,"event_name":"Scrap Ooze","floor":10,"gold_loss":0},{"damage_healed":0,"gold_gain":0,"player_choice":"1 cards matched","damage_taken":0,"max_hp_gain":0,"max_hp_loss":0,"event_name":"Match and Keep!","floor":22,"gold_loss":0,"cards_obtained":["Double Tap"]},{"damage_healed":0,"gold_gain":0,"player_choice":"Paid Fearfully","damage_taken":0,"max_hp_gain":0,"max_hp_loss":0,"event_name":"Masked Bandits","floor":28,"gold_loss":110},{"damage_healed":0,"gold_gain":0,"player_choice":"Upgraded","damage_taken":0,"max_hp_gain":0,"max_hp_loss":0,"event_name":"Upgrade Shrine","floor":29,"gold_loss":0,"cards_upgraded":["Berserk"]},{"cards_removed":["Strike_R"],"damage_healed":0,"gold_gain":0,"player_choice":"Card Removal","damage_taken":0,"max_hp_gain":0,"max_hp_loss":0,"event_name":"Wheel of Change","floor":44,"gold_loss":0},{"damage_healed":0,"gold_gain":0,"player_choice":"Paid Gold","damage_taken":0,"relics_obtained":["Ornamental Fan"],"max_hp_gain":0,"max_hp_loss":0,"event_name":"WeMeetAgain","floor":49,"gold_loss":66}],"is_beta":false,"boss_relics":[{"not_picked":["Replay:Fungal Core","Runic Cube"],"picked":"Ring of Chaos"},{"not_picked":["Mark of Pain","Runic Dome"],"picked":"Sozu"}],"items_purged_floors":[4,14,21],"is_endless":false,"potions_floor_spawned":[1,11,18,30,31,37,39],"ascension_level":0}}