{"host":"3a1ypf1irl30q4k8","time":1607970508,"event":{"mods":["AchievementEnabler","BaseMod","Bestiary","Colored Map","Minty Spire (QoL Compilation)","Relic Stats"],"gold_per_floor":[115,127,144,144,164,189,202,202,229,244,244,194,206,206,206,308,308,321,333,98,118,84,84,109,109,109,109,109],"floor_reached":27,"playtime":1225,"items_purged":["Strike_P"],"score":270,"play_id":"b22367fb-3422-4ff1-adfc-9f2c2ccd3251","local_time":"20201214182828","is_ascension_mode":true,"campfire_choices":[{"floor":8,"key":"REST"},{"floor":11,"key":"REST"},{"data":"DevaForm","floor":15,"key":"SMITH"},{"floor":23,"key":"REST"},{"data":"Adaptation","floor":25,"key":"SMITH"}],"circlet_count":0,"master_deck":["Strike_P","Strike_P","Defend_P","Defend_P","Defend_P","Defend_P","Eruption+1","Vigilance","EmptyFist","SashWhip+1","DevaForm+1","BattleHymn","FollowUp","Wallop","Blasphemy","Adaptation+1","Vault","Evaluate+1","SandsOfTime","FollowUp+1","Wallop","Conclude"],"relics":["PureWater","TeardropLocket","Ancient Tea Set","Black Star","Omamori","Blood Vial","White Beast Statue"],"acts_visited":["Exordium","TheCity"],"potions_floor_usage":[5,13,16,16,19,19,24,24],"damage_taken":[{"damage":6,"enemies":"Jaw Worm","floor":1,"turns":4},{"damage":0,"enemies":"Small Slimes","floor":2,"turns":2},{"damage":0,"enemies":"Cultist","floor":3,"turns":1},{"damage":6,"enemies":"Blue Slaver","floor":5,"turns":3},{"damage":43,"enemies":"Gremlin Nob","floor":6,"turns":5},{"damage":3,"enemies":"Large Slime","floor":7,"turns":4},{"damage":8,"enemies":"3 Louse","floor":10,"turns":3},{"damage":0,"enemies":"2 Fungi Beasts","floor":13,"turns":2},{"damage":9,"enemies":"Slime Boss","floor":16,"turns":7},{"damage":24,"enemies":"Spheric Guardian","floor":18,"turns":4},{"damage":14,"enemies":"2 Thieves","floor":19,"turns":3},{"damage":3,"enemies":"Centurion and Healer","floor":21,"turns":5},{"damage":5,"enemies":"Gremlin Leader","floor":24,"turns":4},{"damage":100026,"enemies":"Slavers","floor":27,"turns":4}],"seed_played":"3111797472159820020","potions_obtained":[{"floor":3,"key":"BottledMiracle"},{"floor":6,"key":"Swift Potion"},{"floor":7,"key":"Ambrosia"},{"floor":14,"key":"Explosive Potion"},{"floor":14,"key":"DistilledChaos"},{"floor":14,"key":"CultistPotion"},{"floor":16,"key":"BlessingOfTheForge"},{"floor":18,"key":"Explosive Potion"},{"floor":24,"key":"GamblersBrew"}],"is_trial":false,"path_per_floor":["M","M","M","?","M","E","M","R","T","M","R","?","M","?","R","B",null,"M","M","$","M","$","R","E","R","T","E"],"character_chosen":"WATCHER","items_purchased":["SandsOfTime","DuplicationPotion","Wallop"],"campfire_rested":3,"item_purchase_floors":[20,20,22],"current_hp_per_floor":[66,66,66,66,60,17,14,35,35,27,48,48,48,48,48,39,72,48,34,34,31,31,52,47,47,47,0,0],"gold":109,"neow_bonus":"UPGRADE_CARD","is_daily":false,"chose_seed":false,"campfire_upgraded":2,"win_rate":0.0,"timestamp":1607970508,"path_taken":["M","M","M","?","M","E","M","R","T","M","R","?","M","?","R","BOSS","M","M","$","M","$","R","E","R","T","E"],"items_purchased_type":["Card","Potion","Card"],"build_version":"2020-12-13","purchased_purges":1,"victory":false,"max_hp_per_floor":[72,72,72,72,72,72,72,72,72,72,72,72,72,72,72,72,72,72,72,72,72,72,72,72,72,72,72,72],"relic_stats":{"Blood Vial":2,"counters":[14,50],"Black Star":1,"obtain_stats":[{"Blood Vial":24,"Black Star":17,"Omamori":24,"TeardropLocket":6,"PureWater":0,"Ancient Tea Set":9,"White Beast Statue":26},{"Blood Vial":13,"Black Star":9,"Omamori":13,"TeardropLocket":5,"PureWater":0,"Ancient Tea Set":6,"White Beast Statue":13},{"Blood Vial":47,"Black Star":31,"Omamori":47,"TeardropLocket":15,"PureWater":0,"Ancient Tea Set":19,"White Beast Statue":47}]},"card_choices":[{"not_picked":["BowlingBash","JustLucky"],"picked":"EmptyFist","floor":1},{"not_picked":["Halt","CutThroughFate"],"picked":"SashWhip","floor":2},{"not_picked":["PathToVictory","SashWhip"],"picked":"DevaForm","floor":3},{"not_picked":["ThirdEye","Crescendo"],"picked":"BattleHymn","floor":5},{"not_picked":["SandsOfTime","EmptyMind"],"picked":"FollowUp","floor":6},{"not_picked":["PathToVictory","Halt"],"picked":"Wallop","floor":7},{"not_picked":["Collect","Crescendo"],"picked":"Blasphemy","floor":10},{"not_picked":["CrushJoints","Prostrate"],"picked":"Adaptation","floor":13},{"not_picked":["Blasphemy","Omniscience"],"picked":"Vault","floor":16},{"not_picked":["EmptyFist","Fasting2"],"picked":"Evaluate+1","floor":18},{"not_picked":["Crescendo+1","BattleHymn","PathToVictory"],"picked":"SKIP","floor":19},{"not_picked":["Protect","FlurryOfBlows"],"picked":"FollowUp+1","floor":21},{"not_picked":["DeusExMachina","EmptyBody"],"picked":"Conclude","floor":24}],"player_experience":844636,"relics_obtained":[{"floor":6,"key":"TeardropLocket"},{"floor":9,"key":"Ancient Tea Set"},{"floor":24,"key":"Omamori"},{"floor":24,"key":"Blood Vial"},{"floor":26,"key":"White Beast Statue"}],"event_choices":[{"damage_healed":0,"gold_gain":0,"player_choice":"Grow","damage_taken":0,"max_hp_gain":0,"max_hp_loss":0,"event_name":"Living Wall","floor":4,"gold_loss":0,"cards_upgraded":["SashWhip"]},{"cards_removed":["Strike_P"],"damage_healed":0,"gold_gain":0,"player_choice":"Card Removal","damage_taken":0,"max_hp_gain":0,"max_hp_loss":0,"event_name":"The Cleric","floor":12,"gold_loss":50},{"damage_healed":0,"gold_gain":0,"player_choice":"Got Potions","damage_taken":0,"max_hp_gain":0,"max_hp_loss":0,"event_name":"Lab","floor":14,"gold_loss":0}],"is_beta":false,"boss_relics":[{"not_picked":["Coffee Dripper","Calling Bell"],"picked":"Black Star"}],"items_purged_floors":[20],"is_endless":false,"potions_floor_spawned":[3,6,7,16,18,24],"killed_by":"Slavers","ascension_level":3}}