{"host":"0ojbcjhl22e0lupc","time":1607986611,"event":{"mods":["AchievementEnabler","BaseMod","Better Altar","Better Note","Better Sensory Stone","Better Skull","Better Third Choice","BetterRewards","Colored Map","Colored Powertips","Curses Come First","Custom Start","Friendly Minions","Gold Saver","Hermit","Highlight Path","Marked Mod","Minty Spire (QoL Compilation)","Permanent Neow","QueenMod","Random Character Button","Random Character Mod","Replay The Spire","Spicy Shops","StSLib","The Blue Laboratory","The Cursed","The Forsaken","The Hierophant","The Jungle","Transform Curses","Treasure Hunter"],"gold_per_floor":[1319,1319,666,676,77,121,121,169,204,267,267,276,329,347,347,469,469,481,490,440,462,9,56,56,107,116,163,11,11,11,48,57,173,173,199,199,199],"floor_reached":38,"playtime":3491,"items_purged":[],"score":1234,"play_id":"f0f0e94e-d419-4056-9e11-98454c91b2e6","local_time":"20201214175651","is_ascension_mode":true,"campfire_choices":[{"data":"theForsaken:StoreUp","floor":7,"key":"SMITH"},{"data":"theForsaken:StoreUp","floor":11,"key":"SMITH"},{"floor":15,"key":"REST"},{"floor":24,"key":"REST"},{"data":"1","floor":30,"key":"LIFT"},{"floor":32,"key":"REST"}],"circlet_count":0,"master_deck":["theForsaken:TheForsaken_Strike+1","theForsaken:TheForsaken_Strike+1","theForsaken:TheForsaken_Strike","theForsaken:TheForsaken_Strike","theForsaken:TheForsaken_Defend","theForsaken:TheForsaken_Defend","theForsaken:TheForsaken_Defend","theForsaken:TheForsaken_Defend","theForsaken:Smite","theForsaken:Penitence","theForsaken:QuickAttack","theForsaken:MagicWeapon","Violence","theForsaken:StoreUp+1","theForsaken:HymnOfPatience","theForsaken:DarkBargain+1","theForsaken:DarkBargain+1","theForsaken:ChargeAttack","TH:CursedSword","TH:PixieDust+1","theForsaken:StoreUp+1","TH:CursedSword+1","TH:CursedSword+1","Sickly","TH:Mimic+1","Terror","TH:DeckOfManyThings+1","Mayhem+1","Mind Blast+1","theForsaken:FatRoll","TH:Mimic+1","hermit:Dive","TH:CursedSword+1","Dagger Spray","TH:CursedSword+1","TH:PixieDust+1","theForsaken:Eulogy","TH:BikiniMail+1","hermit:FatalDesire+1","TH:Mimic+1","MarkedMod:NorthStar+1","Headbutt+1"],"relics":["theForsaken:ScalesOfTruth","Pantograph","Happy Flower","Dead Branch","CeramicFish","MealTicket","Boot","Frozen Egg 2","DollysMirror","Potion Belt","Bronze Scales","Golden Egg","Whetstone","Bag of Marbles","PrismaticShard","StrikeDummy","Frozen Eye","ReplayFunnel","Dream Catcher","Centennial Puzzle","Garlic","ReplayTheSpireMod:Ninjato","Girya","Membership Card","Anchor"],"acts_visited":["TheCity","TheBeyond"],"potions_floor_usage":[4,23,23,37,37,37,37],"damage_taken":[{"damage":0,"enemies":"Small Slimes","floor":1,"turns":4},{"damage":9,"enemies":"Cultist","floor":4,"turns":6},{"damage":5,"enemies":"Lagavulin","floor":6,"turns":5},{"damage":14,"enemies":"3 Sentries","floor":8,"turns":5},{"damage":18,"enemies":"Lagavulin","floor":13,"turns":5},{"damage":7,"enemies":"Jaw Worm","floor":14,"turns":2},{"damage":0,"enemies":"Slime Boss","floor":16,"turns":3},{"damage":2,"enemies":"2 Thieves","floor":18,"turns":3},{"damage":3,"enemies":"Chosen","floor":21,"turns":3},{"damage":26,"enemies":"Slavers","floor":23,"turns":4},{"damage":16,"enemies":"Book of Stabbing","floor":25,"turns":2},{"damage":25,"enemies":"Slavers","floor":27,"turns":3},{"damage":22,"enemies":"Replay:Snechameleon","floor":31,"turns":2},{"damage":37,"enemies":"Collector","floor":33,"turns":5},{"damage":2,"enemies":"3 Shapes","floor":35,"turns":2},{"damage":93,"enemies":"Awakened One","floor":37,"turns":8}],"seed_played":"6336716421123506258","potions_obtained":[{"floor":2,"key":"BlessingOfTheForge"},{"floor":2,"key":"blueLaboratory:BottledHope"},{"floor":2,"key":"Regen Potion"},{"floor":4,"key":"blueLaboratory:Moonshine"},{"floor":13,"key":"blueLaboratory:LouseDecoction"},{"floor":14,"key":"blueLaboratory:FruitPreserves"},{"floor":25,"key":"blueLaboratory:Moonshine"},{"floor":27,"key":"Elixir"},{"floor":33,"key":"blueLaboratory:PyrophylliteBrew"}],"is_trial":false,"path_per_floor":["M","?","$","M","$","E","R","E","T","T","R","?","E","M","R","B",null,"M","?","?","M","$","E","R","E","T","E","$","?","R","E","R","B",null,"M","?","B",null],"character_chosen":"THE_FORSAKEN","items_purchased":["theForsaken:QuickAttack","theForsaken:MagicWeapon","Pantograph","Happy Flower","Violence","CeramicFish","MealTicket","Boot","theForsaken:HymnOfPatience","Frozen Egg 2","theForsaken:DarkBargain+1","DollysMirror","Potion Belt","theForsaken:ChargeAttack","Frozen Eye","ReplayFunnel","Dream Catcher","Membership Card"],"campfire_rested":3,"item_purchase_floors":[0,0,0,0,0,3,3,3,3,3,5,5,5,5,22,22,22,28],"current_hp_per_floor":[65,65,65,60,65,60,60,51,51,51,51,51,36,29,48,65,65,63,63,63,60,65,39,58,45,45,49,64,64,64,42,61,30,56,59,59,30],"gold":199,"neow_bonus":"","is_daily":false,"chose_seed":false,"campfire_upgraded":2,"win_rate":0.0,"timestamp":1607986611,"path_taken":["M","?","$","?","$","E","R","E","T","?","R","?","E","M","R","BOSS","M","?","?","?","$","E","R","E","T","E","?","?","R","E","R","BOSS","M","?","BOSS"],"items_purchased_type":["Card","Card","Relic","Relic","Card","Relic","Relic","Relic","Card","Relic","Card","Relic","Relic","Card","Relic","Relic","Relic","Relic"],"build_version":"2020-12-13","purchased_purges":0,"victory":true,"max_hp_per_floor":[65,65,65,65,65,65,65,65,65,65,65,65,65,65,65,65,65,65,65,65,65,65,65,65,65,65,65,65,65,65,65,65,65,65,65,65,65],"card_choices":[{"not_picked":["theForsaken:Preservation","theForsaken:Bolster"],"picked":"theForsaken:StoreUp","floor":1},{"not_picked":["theForsaken:HorrifyingStrike","theForsaken:CreepingInfection","theForsaken:NobleSacrifice"],"picked":"SKIP","floor":4},{"not_picked":["TH:TreasureMap"],"picked":"TH:CursedSword","floor":6},{"not_picked":["theForsaken:Preservation","theForsaken:CreepingInfection","theForsaken:ScorchingSunlight"],"picked":"SKIP","floor":6},{"not_picked":["TH:BikiniMail"],"picked":"TH:PixieDust","floor":8},{"not_picked":["theForsaken:SacrificeSoul","theForsaken:CreepingInfection"],"picked":"theForsaken:StoreUp","floor":8},{"not_picked":["TH:BikiniMail"],"picked":"TH:CursedSword","floor":9},{"not_picked":["TH:ArmorSpikes"],"picked":"TH:CursedSword","floor":10},{"not_picked":["TH:CopperCoins"],"picked":"TH:Mimic","floor":13},{"not_picked":["QueenMod:ForcedMarch+1","Replay:BluntJabs"],"picked":"Terror","floor":13},{"not_picked":["Glacier","ReplayTheSpireMod:Exploit Weakness","theForsaken:PowerUp"],"picked":"SKIP","floor":14},{"not_picked":["TH:ArmorSpikes"],"picked":"TH:DeckOfManyThings","floor":16},{"not_picked":["QueenMod:TortureDance","hermit:HighNoon+1"],"picked":"Mayhem+1","floor":16},{"not_picked":["hierophant:HolyVerse","theForsaken:Terrorize","TheCursedMod:RapidMovement"],"picked":"SKIP","floor":18},{"not_picked":["hermit:LoneWolf","hermit:TrackingShot+1"],"picked":"theForsaken:FatRoll","floor":21},{"not_picked":["TH:ArmorSpikes"],"picked":"TH:Mimic","floor":23},{"not_picked":["Bane","theForsaken:ShieldBash"],"picked":"hermit:Dive","floor":23},{"not_picked":["TH:TreasureMap"],"picked":"TH:CursedSword","floor":25},{"not_picked":["QueenMod:Fleche+1","Thunderclap+1"],"picked":"Dagger Spray","floor":25},{"not_picked":["TH:ArmorSpikes"],"picked":"TH:CursedSword","floor":26},{"not_picked":["TH:ElvenBoots"],"picked":"TH:PixieDust","floor":27},{"not_picked":["hierophant:Remorse","ClearTheMind"],"picked":"theForsaken:Eulogy","floor":27},{"not_picked":["TH:CopperCoins"],"picked":"TH:BikiniMail","floor":31},{"not_picked":["FlurryOfBlows","theForsaken:ShieldBash","EmptyBody"],"picked":"SKIP","floor":31},{"not_picked":["Warcry","hierophant:TollTheBells+1"],"picked":"hermit:FatalDesire+1","floor":32},{"not_picked":["TH:EnergyPotion"],"picked":"TH:Mimic","floor":33},{"not_picked":["theForsaken:DivineGuidance","Doppelganger"],"picked":"MarkedMod:NorthStar","floor":33},{"not_picked":["Conserve Battery","hierophant:PassingBell+1"],"picked":"Headbutt+1","floor":35}],"player_experience":303274,"relics_obtained":[{"floor":6,"key":"Bronze Scales"},{"floor":8,"key":"Golden Egg"},{"floor":9,"key":"Whetstone"},{"floor":10,"key":"Bag of Marbles"},{"floor":13,"key":"StrikeDummy"},{"floor":23,"key":"Centennial Puzzle"},{"floor":25,"key":"Garlic"},{"floor":26,"key":"ReplayTheSpireMod:Ninjato"},{"floor":27,"key":"Girya"},{"floor":31,"key":"Anchor"}],"event_choices":[{"damage_healed":0,"gold_gain":0,"player_choice":"Got Potions","damage_taken":0,"max_hp_gain":0,"max_hp_loss":0,"event_name":"Lab","floor":2,"gold_loss":0},{"cards_removed":["theForsaken:DarkBargain"],"damage_healed":0,"gold_gain":0,"player_choice":"Take \u0026 Give","damage_taken":0,"max_hp_gain":0,"max_hp_loss":0,"event_name":"betterNote:BetterNote","floor":19,"gold_loss":0,"cards_obtained":["Mind Blast"]},{"damage_healed":0,"gold_gain":0,"player_choice":"Bet on Murderer","damage_taken":0,"max_hp_gain":0,"max_hp_loss":0,"event_name":"The Joust","floor":20,"gold_loss":50},{"damage_healed":0,"gold_gain":0,"player_choice":"Ignored","damage_taken":0,"max_hp_gain":0,"max_hp_loss":0,"event_name":"Ghosts","floor":29,"gold_loss":0},{"damage_healed":0,"gold_gain":0,"player_choice":"Portal","damage_taken":0,"max_hp_gain":0,"max_hp_loss":0,"event_name":"betterThird:BetterPortal","floor":36,"gold_loss":0}],"is_beta":false,"boss_relics":[{"not_picked":["Replay:Wanted Poster","Busted Crown","Kintsugi"]},{"not_picked":["Fusion Hammer","ChewingGum"],"picked":"theForsaken:ScalesOfTruth"}],"items_purged_floors":[],"is_endless":false,"potions_floor_spawned":[4,13,14,18,25,27,33],"ascension_level":5}}