{"host":"ul103bh19qas5vs8","time":1607941777,"event":{"mods":["BaseMod","Downfall","Googly Eyes","Minty Spire (QoL Compilation)","Replay The Spire","Shop Mod","StSLib"],"gold_per_floor":[99,99,128,140,166,183,237,237,329,329,347,361,361,346,366,366,366],"floor_reached":16,"playtime":715,"items_purged":[],"score":110,"play_id":"7833ae21-33ee-4487-a499-5b780e891e77","local_time":"20201214182937","is_ascension_mode":false,"campfire_choices":[{"data":"hexamod:Sear","floor":1.0,"key":"SMITH"},{"data":"hexamod:VolcanoVisage","floor":8.0,"key":"SMITH"},{"data":"hexamod:PowerFromBeyond","floor":10,"key":"SMITH"}],"circlet_count":0,"master_deck":["hexamod:Strike","hexamod:Strike","hexamod:Strike","hexamod:Defend","hexamod:Defend","hexamod:Defend","hexamod:Defend","hexamod:Sear+1","hexamod:Float","CurseOfTheBell","hexamod:StepThrough","hexamod:InspiringFlames","hexamod:ShieldOfDarkness","hexamod:VolcanoVisage+1","Pot Of Greed","Pot Of Greed","hexamod:PowerFromBeyond+1","hexamod:FourthSeal","hexamod:HeatCrush","hexamod:ThermalTransfer"],"relics":["Calling Bell","Blue Doll","HornCleat","Pocketwatch","Vajra","Sundial","Grinning Jar","Omamori","downfall:BrokenWingStatue"],"acts_visited":["Exordium"],"potions_floor_usage":[15],"damage_taken":[{"damage":20.0,"enemies":"3 Sentries","floor":3.0,"turns":11.0},{"damage":2.0,"enemies":"2 Louse","floor":4.0,"turns":2.0},{"damage":17.0,"enemies":"Lagavulin","floor":5.0,"turns":6.0},{"damage":0.0,"enemies":"Cultist","floor":6.0,"turns":3.0},{"damage":1,"enemies":"Jaw Worm","floor":11,"turns":3},{"damage":11,"enemies":"2 Fungi Beasts","floor":12,"turns":4},{"damage":0,"enemies":"downfall:FleeingMerchant","floor":14,"turns":4},{"damage":0,"enemies":"3 Louse","floor":15,"turns":2},{"damage":0,"enemies":"downfall:Ironclad","floor":16,"turns":1}],"seed_played":"929954364976928432","potions_obtained":[{"floor":3.0,"key":"AttackPotion"},{"floor":5.0,"key":"SteroidPotion"},{"floor":15,"key":"Strength Potion"}],"is_trial":false,"path_per_floor":["R","?","E","M","E","M","T","R","?","R","M","M","?","$","M","B"],"character_chosen":"THE_SPIRIT","items_purchased":[],"campfire_rested":0,"item_purchase_floors":[],"current_hp_per_floor":[70,70,50,48,31,31,31,31,14,14,13,2,2,2,2,2,2],"gold":366,"neow_bonus":"BOSS_RELIC","is_daily":false,"chose_seed":false,"campfire_upgraded":3,"win_rate":0.0,"timestamp":1607941777,"path_taken":["R","?","E","?","E","M","T","R","?","R","M","M","?","$","M","BOSS"],"items_purchased_type":[],"build_version":"2020-12-13","purchased_purges":0,"victory":false,"max_hp_per_floor":[70,70,70,70,70,70,70,70,70,70,70,70,70,70,70,70,70],"card_choices":[{"not_picked":["hexamod:ExtraCrispy","hexamod:EmpoweredFlame"],"picked":"hexamod:StepThrough","floor":3.0},{"not_picked":["hexamod:AdvancingGuard","hexamod:GhostOfSpireFuture"],"picked":"hexamod:InspiringFlames","floor":4.0},{"not_picked":["hexamod:HauntingEcho","hexamod:BurningTouch"],"picked":"hexamod:ShieldOfDarkness","floor":5.0},{"not_picked":["hexamod:SkipABeat","hexamod:FastForward"],"picked":"hexamod:VolcanoVisage","floor":6.0},{"not_picked":["hexamod:BacktrackSmack","hexamod:InspiringFlames"],"picked":"hexamod:PowerFromBeyond","floor":9},{"not_picked":["hexamod:VolcanoVisage","hexamod:SwordOfDarkness"],"picked":"hexamod:FourthSeal","floor":11},{"not_picked":["hexamod:Rewind","hexamod:GhostShield"],"picked":"hexamod:HeatCrush","floor":12},{"not_picked":["hexamod:EmpoweringStance","hexamod:Haunt","hexamod:RainOfEmbers"],"picked":"SKIP","floor":14},{"not_picked":["hexamod:NightmareGuise","hexamod:GhostflameBarrier"],"picked":"hexamod:ThermalTransfer","floor":15}],"player_experience":110063,"relics_obtained":[{"floor":0.0,"key":"Blue Doll"},{"floor":0.0,"key":"HornCleat"},{"floor":0.0,"key":"Pocketwatch"},{"floor":3.0,"key":"Vajra"},{"floor":5.0,"key":"Sundial"},{"floor":7.0,"key":"Grinning Jar"},{"floor":9,"key":"Omamori"}],"event_choices":[{"cards_removed":["hexamod:Strike"],"damage_healed":0.0,"max_hp_gain":0.0,"max_hp_loss":0.0,"gold_gain":0.0,"event_name":"Bonfire Elementals","player_choice":"Offered Basic","floor":2.0,"gold_loss":0.0,"damage_taken":0.0}],"is_beta":false,"boss_relics":[],"items_purged_floors":[],"is_endless":false,"potions_floor_spawned":[3,5,15],"killed_by":"downfall:Ironclad","ascension_level":0}}