{"host":"fflyk188z5ncxlup","time":1607935385,"event":{"mods":["AchievementEnabler","BaseMod","Bestiary","Better Third Choice","Block Reminder","Colored Map","Colored Powertips","DeckTracker","Googly Eyes","Minty Spire (QoL Compilation)","StSLib","SuperFastMode"],"gold_per_floor":[114,46,61,76,22,22,52,64,101,113,140,167,179,206,218,330,342,369,396,408,455,482,524,551,563,600,612,612],"floor_reached":27,"playtime":945,"items_purged":[],"score":387,"play_id":"841639e1-02e7-4bac-bed9-76dc5eb48a9c","local_time":"20201214174305","daily_mods":["Cursed Run","Diverse","DeadlyEvents"],"is_ascension_mode":false,"campfire_choices":[{"data":"Armaments","floor":6.0,"key":"SMITH"},{"data":"Evaluate","floor":8.0,"key":"SMITH"},{"floor":15.0,"key":"REST"}],"circlet_count":0,"master_deck":["Strike_B+1","Strike_B","Strike_B","Strike_B","Defend_B","Defend_B","Defend_B","Defend_B+1","Zap","Dualcast+1","Pommel Strike","Footwork","Evaluate+1","Armaments+1","Clumsy","ForeignInfluence","PiercingWail+1","Normality","Blade Dance","Regret","Electrodynamics","CurseOfTheBell","Terror","Bouncing Flask","Decay"],"relics":["Cursed Key","Darkstone Periapt","Du-Vu Doll","MawBank","Regal Pillow","Boot","Calling Bell","Nunchaku","InkBottle","Mango","War Paint","Vajra"],"acts_visited":["Exordium","TheCity"],"potions_floor_usage":[],"damage_taken":[{"damage":1.0,"enemies":"Cultist","floor":1.0,"turns":4.0},{"damage":5.0,"enemies":"Small Slimes","floor":3.0,"turns":4.0},{"damage":2.0,"enemies":"2 Louse","floor":4.0,"turns":3.0},{"damage":19.0,"enemies":"Gremlin Nob","floor":7.0,"turns":4.0},{"damage":3.0,"enemies":"Gremlin Gang","floor":11.0,"turns":4.0},{"damage":2.0,"enemies":"2 Fungi Beasts","floor":12.0,"turns":3.0},{"damage":0.0,"enemies":"Blue Slaver","floor":14.0,"turns":3.0},{"damage":18.0,"enemies":"Slime Boss","floor":16.0,"turns":10.0},{"damage":21.0,"enemies":"3 Byrds","floor":18.0,"turns":4.0},{"damage":15.0,"enemies":"Shell Parasite","floor":19.0,"turns":5.0},{"damage":16.0,"enemies":"Cultist and Chosen","floor":21.0,"turns":6.0},{"damage":27.0,"enemies":"Shelled Parasite and Fungi","floor":22.0,"turns":6.0},{"damage":7.0,"enemies":"Gremlin Leader","floor":23.0,"turns":6.0},{"damage":41.0,"enemies":"Snecko","floor":24.0,"turns":7.0},{"damage":9,"enemies":"3 Cultists","floor":27,"turns":3}],"seed_played":"1880613833527945180","potions_obtained":[{"floor":12.0,"key":"DistilledChaos"},{"floor":14.0,"key":"GamblersBrew"},{"floor":16.0,"key":"LiquidMemories"},{"floor":18.0,"key":"Regen Potion"},{"floor":19.0,"key":"Explosive Potion"},{"floor":23.0,"key":"Dexterity Potion"}],"is_trial":false,"path_per_floor":["M","$","M","M","$","R","E","R","T","?","M","M","T","M","R","B",null,"M","M","?","M","M","E","M","T","T","M"],"character_chosen":"DEFECT","items_purchased":["Footwork","Armaments"],"campfire_rested":1,"item_purchase_floors":[2,5],"current_hp_per_floor":[74,74,69,67,67,67,48,48,54,38,35,33,39,39,80,68,113,92,77,77,61,34,42,1,1,7,0,0],"gold":612,"neow_bonus":"","is_daily":true,"chose_seed":false,"campfire_upgraded":2,"win_rate":0.0,"timestamp":1607935385,"path_taken":["M","?","M","M","$","R","E","R","T","?","?","M","?","M","R","BOSS","M","?","?","M","M","E","?","?","T","M"],"items_purchased_type":["Card","Card"],"build_version":"2020-12-13","purchased_purges":0,"victory":false,"max_hp_per_floor":[75,75,75,75,75,75,75,75,81,81,81,81,87,87,87,93,113,113,113,113,113,113,113,113,113,119,119,119],"card_choices":[{"not_picked":["Thunderclap","Heavy Blade"],"picked":"Pommel Strike","floor":1.0},{"not_picked":["BattleHymn","Prostrate","Meditate"],"picked":"SKIP","floor":3.0},{"not_picked":["Hologram","Adaptation"],"picked":"Evaluate","floor":4.0},{"not_picked":["Rebound","Streamline","BattleHymn"],"picked":"SKIP","floor":7.0},{"not_picked":["FlyingSleeves","Backflip"],"picked":"ForeignInfluence","floor":11.0},{"not_picked":["Barrage","EmptyBody"],"picked":"PiercingWail","floor":12.0},{"not_picked":["Twin Strike","Poisoned Stab"],"picked":"Blade Dance","floor":14.0},{"not_picked":["Brilliance","DevaForm"],"picked":"Electrodynamics","floor":16.0},{"not_picked":["Perfected Strike+1","Redo+1","True Grit"],"picked":"SKIP","floor":18.0},{"not_picked":["Finisher","WindmillStrike","Skim"],"picked":"SKIP","floor":19.0},{"not_picked":["Acrobatics+1","Stack","Streamline"],"picked":"SKIP","floor":21.0},{"not_picked":["Doppelganger","Carnage"],"picked":"Terror","floor":22.0},{"not_picked":["Sucker Punch","Infinite Blades+1","JustLucky"],"picked":"SKIP","floor":23.0},{"not_picked":["Consecrate","MentalFortress"],"picked":"Bouncing Flask","floor":24.0}],"player_experience":368405,"relics_obtained":[{"floor":7.0,"key":"MawBank"},{"floor":9.0,"key":"Regal Pillow"},{"floor":13.0,"key":"Boot"},{"floor":17.0,"key":"Nunchaku"},{"floor":17.0,"key":"InkBottle"},{"floor":17.0,"key":"Mango"},{"floor":23.0,"key":"War Paint"},{"floor":26,"key":"Vajra"}],"event_choices":[{"damage_healed":54.0,"max_hp_gain":0.0,"max_hp_loss":81.0,"gold_gain":0.0,"event_name":"betterThird:BetterShining","player_choice":"Upgrade","floor":10.0,"gold_loss":0.0,"damage_taken":16.0,"cards_upgraded":["Dualcast","Strike_B"]},{"damage_healed":0.0,"max_hp_gain":0.0,"max_hp_loss":0.0,"gold_gain":0.0,"event_name":"Vampires","player_choice":"Ignored","floor":20.0,"gold_loss":0.0,"damage_taken":0.0}],"is_beta":false,"boss_relics":[{"not_picked":["Fusion Hammer","Inserter"],"picked":"Calling Bell"}],"items_purged_floors":[],"is_endless":false,"potions_floor_spawned":[12,14,16,18,19,23],"killed_by":"3 Cultists","ascension_level":0}}