{"host":"exlsoi54q6pc3sri","time":1607981504,"event":{"mods":["2.2 Compatiblity","AchievementEnabler","Act Like it!","Aspiration","BaseMod","Beaked The Cultist","Better Altar","Better Match","Better Note","Better Sensory Stone","Better Skull","Better Third Choice","BetterRewards","CCEM","Colored Map","Colored Powertips","Conspire","Downfall","Friendly Minions","GifTheSpireLib","Halation","Highlight Path","Hubris","Infinite Spire","Jedi Mod","Jorbs\u0027s Wanderer Trilogy","Marisa????????","Mimic Mod","Minty Spire (QoL Compilation)","Permanent Neow","Rare Cards Sparkle","Replay The Spire","Shop Mod","Spicy Shops","StSLib","Stuff the Spire","Unceasing Turn Reminder"],"gold_per_floor":[115,129,143,160,16,16,51,64,64,64,64,64,84,109,109,209,209,222,222,222,237,306,339,339,339,377,377,390,421,381,398,398,501,501,501,501],"floor_reached":35,"playtime":8369,"items_purged":[],"score":430,"play_id":"4fe40b61-14a6-4aa2-93ce-695dd4aa0ce7","local_time":"20201214213144","is_ascension_mode":false,"campfire_choices":[{"data":"Chill","floor":6,"key":"SMITH"},{"data":"StuffTheSpire:Synthwave","floor":10,"key":"SMITH"},{"data":"Zap","floor":12,"key":"SMITH"},{"data":"Dualcast","floor":15,"key":"SMITH"},{"floor":25,"key":"REST"},{"data":"Machine Learning","floor":27,"key":"SMITH"},{"floor":32,"key":"REST"}],"circlet_count":0,"master_deck":["Defend_B","Defend_B","Defend_B+1","Defend_B","Zap+1","Dualcast+1","Streamline","Chill+1","Cold Snap","Conserve Battery+1","Beam Cell","StuffTheSpire:Synthwave+1","Blizzard","StuffTheSpire:ShieldGenerator","jedi:blockon","Machine Learning+1","Defragment","Impatience+1","Bite","Bite","Bite","Bite","Bite","StuffTheSpire:Synthwave","Lockon","Redo","jedi:blockon+1","Ball Lightning","StuffTheSpire:Plugnplay","Cold Snap+1","Amplify"],"relics":["Cracked Core","MerchantsRug","CCEMRelics:Barrel","hubris:RGBLights","Mummified Hand","aspiration:Stellarator","CCEMRelics:TechnogenicHelmet","halation:AfternoonTea","Matryoshka","infinitespire:Beetle Shell","Fusion Hammer"],"acts_visited":["Exordium","TheCity","TheBeyond"],"potions_floor_usage":[16,16,18,29,33,33],"damage_taken":[{"damage":0,"enemies":"Small Slimes","floor":1,"turns":3},{"damage":1,"enemies":"Jaw Worm","floor":2,"turns":3},{"damage":2,"enemies":"2 Louse","floor":3,"turns":3},{"damage":9,"enemies":"Looter","floor":4,"turns":3},{"damage":12,"enemies":"3 Sentries","floor":7,"turns":9},{"damage":4,"enemies":"Large Slime","floor":8,"turns":6},{"damage":0,"enemies":"Blue Slaver","floor":13,"turns":3},{"damage":10,"enemies":"Gremlin Nob","floor":14,"turns":4},{"damage":30,"enemies":"Fading Forest","floor":16,"turns":11},{"damage":21,"enemies":"Spheric Guardian","floor":18,"turns":6},{"damage":31,"enemies":"Chosen","floor":21,"turns":6},{"damage":32,"enemies":"Replay:Snechameleon","floor":23,"turns":7},{"damage":0,"enemies":"Shelled Parasite and Fungi","floor":26,"turns":8},{"damage":15,"enemies":"Shelled Parasite and Fungi","floor":28,"turns":6},{"damage":7,"enemies":"Book of Stabbing","floor":29,"turns":5},{"damage":15,"enemies":"Snake Plant","floor":31,"turns":3},{"damage":57,"enemies":"Champ","floor":33,"turns":10},{"damage":0,"enemies":"3 Darklings","floor":35,"turns":2}],"seed_played":"7869332949211500955","potions_obtained":[{"floor":7,"key":"DistilledChaos"},{"floor":8,"key":"Swift Potion"},{"floor":13,"key":"jedi:mysterypotion"},{"floor":28,"key":"LiquidMemories"},{"floor":29,"key":"AttackPotion"},{"floor":31,"key":"DuplicationPotion"},{"floor":33,"key":"Block Potion"}],"is_trial":false,"path_per_floor":["M","M","M","M","$","R","E","M","T","R","?","R","M","E","R","B",null,"M","?","?","M","T","E","?","R","MIM","R","M","E","?","M","R","B",null,"M"],"character_chosen":"DEFECT","items_purchased":["MerchantsRug","Beam Cell"],"campfire_rested":2,"item_purchase_floors":[5,5],"current_hp_per_floor":[82,81,79,70,70,70,58,54,54,54,81,81,81,71,71,41,82,61,61,57,32,32,10,10,27,52,52,45,44,44,33,50,2,57,57,57],"gold":501,"neow_bonus":"RANDOM_COMMON_RELIC","is_daily":false,"chose_seed":false,"campfire_upgraded":5,"win_rate":0.0,"timestamp":1607981504,"path_taken":["M","M","M","M","$","R","E","M","T","R","?","R","M","E","R","BOSS","M","?","?","M","?","E","?","R","MIM","R","?","E","?","M","R","BOSS","M"],"items_purchased_type":["Relic","Card"],"build_version":"2020-12-13","purchased_purges":0,"victory":false,"max_hp_per_floor":[82,82,82,82,82,82,82,82,82,82,82,82,82,82,82,82,82,82,82,57,57,57,57,57,57,57,57,57,57,57,57,57,57,57,57,57],"card_choices":[{"not_picked":["ReplayTheSpireMod:System Scan","Panic Button"],"picked":"Streamline","floor":1},{"not_picked":["Panic Button","jedi:reiji"],"picked":"Chill","floor":2},{"not_picked":["Glacier","Panic Button"],"picked":"Cold Snap","floor":3},{"not_picked":["Coolheaded","jedi:overflow"],"picked":"Conserve Battery","floor":4},{"not_picked":["Defragment","StuffTheSpire:NuclearReactor"],"picked":"StuffTheSpire:Synthwave","floor":7},{"not_picked":["Fission","Steam Power"],"picked":"Blizzard","floor":8},{"not_picked":["Auto Shields","Force Field"],"picked":"StuffTheSpire:ShieldGenerator","floor":13},{"not_picked":["Panic Button","Storm"],"picked":"jedi:blockon","floor":14},{"not_picked":["All For One","jedi:bruteforce"],"picked":"Machine Learning","floor":16},{"not_picked":["jedi:blockon","Barrage"],"picked":"Defragment","floor":18},{"not_picked":["Hello World","StuffTheSpire:LoadUp"],"picked":"StuffTheSpire:Synthwave","floor":21},{"not_picked":["jedi:reiji","Hologram"],"picked":"Lockon","floor":23},{"not_picked":["jedi:reiji","jedi:BurstLightning"],"picked":"jedi:blockon+1","floor":26},{"not_picked":["StuffTheSpire:Synthwave","Barrage"],"picked":"Ball Lightning","floor":28},{"not_picked":["StuffTheSpire:Rend","Steam Power+1"],"picked":"StuffTheSpire:Plugnplay","floor":29},{"not_picked":["Crystallizer","StuffTheSpire:NuclearReactor+1"],"picked":"Cold Snap+1","floor":31},{"not_picked":["StuffTheSpire:Purify","Reboot"],"picked":"Amplify","floor":33}],"player_experience":71538,"relics_obtained":[{"floor":7,"key":"CCEMRelics:Barrel"},{"floor":9,"key":"hubris:RGBLights"},{"floor":14,"key":"Mummified Hand"},{"floor":22,"key":"CCEMRelics:TechnogenicHelmet"},{"floor":23,"key":"halation:AfternoonTea"},{"floor":26,"key":"Matryoshka"},{"floor":29,"key":"infinitespire:Beetle Shell"}],"event_choices":[{"damage_healed":27,"gold_gain":0,"player_choice":"Banana","damage_taken":0,"max_hp_gain":0,"max_hp_loss":0,"event_name":"Big Fish","floor":11,"gold_loss":0},{"cards_removed":["StuffTheSpire:ShieldGenerator"],"damage_healed":0,"gold_gain":0,"player_choice":"Take \u0026 Give","damage_taken":0,"max_hp_gain":0,"max_hp_loss":0,"event_name":"betterNote:BetterNote","floor":19,"gold_loss":0,"cards_obtained":["Impatience"]},{"damage_healed":0,"gold_gain":0,"player_choice":"Became a vampire","damage_taken":0,"max_hp_gain":0,"max_hp_loss":25,"event_name":"Vampires","floor":20,"gold_loss":0,"cards_obtained":["Bite","Bite","Bite","Bite","Bite"]},{"damage_healed":0,"gold_gain":0,"player_choice":"Read","damage_taken":0,"max_hp_gain":0,"max_hp_loss":0,"event_name":"The Library","floor":24,"gold_loss":0,"cards_obtained":["Redo"]},{"damage_healed":0,"gold_gain":0,"player_choice":"Upgraded Two","damage_taken":0,"max_hp_gain":0,"max_hp_loss":0,"event_name":"Designer","floor":30,"gold_loss":40,"cards_upgraded":["Conserve Battery","Defend_B"]}],"is_beta":false,"boss_relics":[{"not_picked":["halation:Risk","Replay:Grab Bag"],"picked":"aspiration:Stellarator"},{"not_picked":["hubris:GrandSneckoEye","halation:ForbiddenBikini"],"picked":"Fusion Hammer"}],"items_purged_floors":[],"is_endless":false,"potions_floor_spawned":[7,8,13,14,28,29,31,33],"killed_by":"3 Darklings","ascension_level":0}}