{"host":"3pyrf848gr42tovh","time":1607940463,"event":{"mods":["Aspiration","BaseMod","Better Altar","Better Match","Better Note","Better Sensory Stone","Better Skull","Better Third Choice","BetterRewards","Colored Map","Conspire","Curses Come First","Displayed Cursed Tome","Hubris","Infinite Spire","Marisa????????","Minty Spire (QoL Compilation)","Quick Restart","Relic Sorter","Relic Stats","Remilia??????","Replay The Spire","StSLib","Td1madao Mod","The Administrix","The Animator","The Cursed","The Hierophant","The Jungle","The Necromancer","The Servant 0.9.4","vexMod"],"gold_per_floor":[113,113,113,38,38,38,55,55,78,78,89,109,126,157,157,255,255,268,278,278,336,348,348,348,348,348,348,365,376,48,59,59,156,156,172,182,182,182],"floor_reached":37,"playtime":1046,"items_purged":[],"score":396,"play_id":"219866e9-66d9-4266-91e5-48c09f435b9b","local_time":"20201214120743","is_ascension_mode":false,"campfire_choices":[{"data":"Zap","floor":6.0,"key":"SMITH"},{"data":"Ball Lightning","floor":8.0,"key":"SMITH"},{"floor":10.0,"key":"REST"},{"floor":23.0,"key":"REST"},{"floor":25.0,"key":"REST"},{"floor":27.0,"key":"REST"},{"data":"Amplify","floor":32.0,"key":"SMITH"}],"circlet_count":0,"master_deck":["Strike_B+1","Strike_B","Strike_B+1","Strike_B","Defend_B","Defend_B","Defend_B","Zap+1","Dualcast","Capacitor+1","Defragment+1","Undo+1","Defragment+1","Ball Lightning+1","Redo","Redo","Amplify+1","Static Discharge","hubris:Ukulele","Decay","White Noise","Ball Lightning+1","Time Bomb+1","Storm","Electrodynamics","Ball Lightning+1"],"relics":["Cracked Core","Prayer Wheel","MealTicket","Whetstone","Replay:Bottled Eggs","infinitespire:Cupcake","aspiration:StickyExplosives_weak","vexMod:Dragonfruit","hubris:Reverence","Fusion Hammer"],"acts_visited":["Exordium","TheCity","TheBeyond"],"potions_floor_usage":[37],"damage_taken":[{"damage":10.0,"enemies":"Cultist","floor":1.0,"turns":4.0},{"damage":3.0,"enemies":"Jaw Worm","floor":7.0,"turns":3.0},{"damage":0.0,"enemies":"Small Slimes","floor":11.0,"turns":2.0},{"damage":10.0,"enemies":"Looter","floor":12.0,"turns":3.0},{"damage":1.0,"enemies":"2 Fungi Beasts","floor":13.0,"turns":3.0},{"damage":0.0,"enemies":"Lagavulin","floor":14.0,"turns":5.0},{"damage":14.0,"enemies":"The Guardian","floor":16.0,"turns":8.0},{"damage":3.0,"enemies":"3 Byrds","floor":18.0,"turns":4.0},{"damage":10.0,"enemies":"Chosen","floor":19.0,"turns":3.0},{"damage":29.0,"enemies":"3 Cultists","floor":22.0,"turns":4.0},{"damage":14.0,"enemies":"Snake Plant","floor":28.0,"turns":3.0},{"damage":27.0,"enemies":"Snecko","floor":29.0,"turns":4.0},{"damage":13.0,"enemies":"Cultist and Chosen","floor":31.0,"turns":4.0},{"damage":33.0,"enemies":"hubris:MusketHawk","floor":33.0,"turns":6.0},{"damage":30.0,"enemies":"Orb Walker","floor":35.0,"turns":3.0},{"damage":19,"enemies":"3 Darklings","floor":36,"turns":2},{"damage":34,"enemies":"Jaw Worm Horde","floor":37,"turns":2}],"seed_played":"-9027117206304167973","potions_obtained":[{"floor":7.0,"key":"Block Potion"},{"floor":12.0,"key":"Reflective Coating"},{"floor":14.0,"key":"GamblersBrew"},{"floor":15.0,"key":"SpeedPotion"},{"floor":15.0,"key":"Block Potion"},{"floor":28.0,"key":"PowerPotion"},{"floor":29.0,"key":"SkillPotion"},{"floor":31.0,"key":"LiquidBronze"},{"floor":33.0,"key":"Reflective Coating"},{"floor":35.0,"key":"FocusPotion"}],"is_trial":false,"path_per_floor":["M","?","?","?","T","R","M","R","T","R","M","M","M","E","R_BF","B",null,"M","M","?","?","M","R","?","R","T","R","M","M","$","M","R","B",null,"M","M","M"],"character_chosen":"DEFECT","items_purchased":["hubris:Reverence","Storm"],"campfire_rested":4,"item_purchase_floors":[30,30],"current_hp_per_floor":[58,58,51,51,51,51,48,48,48,68,68,58,57,57,57,43,68,65,55,55,38,9,29,29,49,54,73,59,32,47,34,34,1,73,43,24,0,0],"gold":182,"neow_bonus":"THREE_RARE_CARDS","is_daily":false,"chose_seed":false,"campfire_upgraded":3,"win_rate":0.0,"timestamp":1607940463,"path_taken":["M","?","?","?","?","R","M","R","T","R","M","M","M","E","R_BF","BOSS","M","M","?","?","M","R","?","R","T","R","M","?","?","?","R","BOSS","M","M","M"],"items_purchased_type":["Relic","Card"],"build_version":"2020-12-13","purchased_purges":0,"victory":false,"max_hp_per_floor":[68,68,68,68,68,68,68,68,68,68,68,68,68,68,68,68,68,68,68,68,68,68,68,68,68,73,73,73,73,73,73,73,73,73,73,73,73,73],"relic_stats":{"counters":[160,662],"Prayer Wheel":13,"MealTicket":15,"Whetstone":["Strike_B","Strike_B"],"obtain_stats":[{"Replay:Accelerometer":11,"hubris:BallOfYels":7,"ScarletDevilRocket":2,"Vampiric Spirits":0,"Whetstone":53,"Replay:Wanted Poster":17,"Blood Vial":29,"Replay:Ringing Soul":8,"infinitespire:ShieldingShard":9,"aspiration:EnhancedActuators":3,"hubris:AstralHammer":9,"MealTicket":42,"infinitespire:Golems Mask":43,"hubris:DeckOfHolding":30,"Fusion Hammer":34,"Kunai":24,"Replay:Wax Seal":46,"Pear":43,"Counterbalance":6,"Pen Nib":12,"vexMod:ImprovementManual":29,"infinitespire:PuzzleCube":40,"vexMod:BigBerry":17,"infinitespire:Cupcake":17,"hubris:Reverence":30,"aspiration:Lifesprig":3,"Regal Pillow":23,"Magic Flower":37,"Painkiller Herb":17,"Blue Doll":38,"Bag of Preparation":9,"hubris:EmptyBottle":31,"Pet Ghost":26,"Burning Blood":0,"Replay:Rubber Ducky":21,"vexMod:RedPlottingStone":42,"hubris:ScarierMask":34,"hubris:FunFungus":0,"Replay:Bottled Eggs":14,"InkBottle":26,"Ring of the Snake":0,"aspiration:ChemicalBlood":48,"NeowsBlessing":0,"Golden Idol":2,"hubris:64BitClover":2,"vexMod:BerryBomb":14,"conspire:RunicOctahedron":34,"Omamori":0,"infinitespire:Lucky Rock":3,"infinitespire:CheckeredPen":19,"Ring of Greed":38,"hubris:Towel":13,"MawBank":3,"Busted Crown":0,"betterThird:SlimedRelic":11,"Garlic":6,"hubris:CrackedHourglass":17,"ReplayTheSpireMod:Lightbulb":12,"hubris:CrystalStatue":38,"Gremlin Horn":28,"Vajra":7,"theJungle:Creamberry":25,"aspiration:Stabinomicon":19,"Centennial Puzzle":29,"HornCleat":13,"DollysMirror":0,"Strawberry":6,"Prayer Wheel":1,"conspire:Dentures":23,"Happy Flower":54,"vexMod:ScavengeHelm":9,"vexMod:PaidLearning":0,"War Paint":43,"hubris:Zylophone":21,"Du-Vu Doll":0,"Replay:Baseball":6,"Onion Ring":15,"hubris:ToyBattleship":48,"CatCart":47,"Grinning Jar":0,"ReplayFunnel":27,"ReplayTheSpireMod:Ring of Exchange":38,"Mango":0,"Juzu Bracelet":0,"hubris:SlimyHat":12,"hubris:RunicObelisk":34,"Replay:Mystery Machine":23,"Empty Cage":17,"aspiration:StickyExplosives_weak":38,"Pantograph":26,"Red Mask":48,"Cracked Core":0,"BargainBundle":0,"Replay:WaspNest":54,"vexMod:FocusSash":46,"Medical Kit":38,"Mercury Hourglass":39,"vexMod:Dragonfruit":13,"infinitespire:Satchel":12,"ChewingGum":0,"Coffee Dripper":34,"Membership Card":19,"hubris:OldNail":14},{"Replay:Accelerometer":38,"hubris:BallOfYels":114,"ScarletDevilRocket":88,"Vampiric Spirits":59,"Whetstone":57,"Replay:Wanted Poster":69,"Blood Vial":74,"Replay:Ringing Soul":36,"infinitespire:ShieldingShard":5,"aspiration:EnhancedActuators":107,"hubris:AstralHammer":24,"MealTicket":80,"infinitespire:Golems Mask":80,"hubris:DeckOfHolding":123,"Fusion Hammer":157,"Kunai":44,"Replay:Wax Seal":54,"Pear":53,"Counterbalance":132,"Pen Nib":67,"vexMod:ImprovementManual":74,"infinitespire:PuzzleCube":78,"vexMod:BigBerry":41,"infinitespire:Cupcake":150,"hubris:Reverence":155,"aspiration:Lifesprig":107,"Regal Pillow":121,"Magic Flower":101,"Painkiller Herb":8,"Blue Doll":101,"Bag of Preparation":36,"hubris:EmptyBottle":123,"Pet Ghost":72,"Burning Blood":0,"Replay:Rubber Ducky":43,"vexMod:RedPlottingStone":102,"hubris:ScarierMask":99,"hubris:FunFungus":106,"Replay:Bottled Eggs":149,"InkBottle":96,"Ring of the Snake":0,"aspiration:ChemicalBlood":105,"NeowsBlessing":32,"Golden Idol":20,"hubris:64BitClover":128,"vexMod:BerryBomb":7,"conspire:RunicOctahedron":75,"Omamori":87,"infinitespire:Lucky Rock":2,"infinitespire:CheckeredPen":42,"Ring of Greed":101,"hubris:Towel":25,"MawBank":112,"Busted Crown":27,"betterThird:SlimedRelic":90,"Garlic":4,"hubris:CrackedHourglass":138,"ReplayTheSpireMod:Lightbulb":6,"hubris:CrystalStatue":125,"Gremlin Horn":97,"Vajra":89,"theJungle:Creamberry":44,"aspiration:Stabinomicon":94,"Centennial Puzzle":97,"HornCleat":136,"DollysMirror":59,"Strawberry":64,"Prayer Wheel":144,"conspire:Dentures":13,"Happy Flower":86,"vexMod:ScavengeHelm":132,"vexMod:PaidLearning":106,"War Paint":102,"hubris:Zylophone":11,"Du-Vu Doll":87,"Replay:Baseball":23,"Onion Ring":68,"hubris:ToyBattleship":83,"CatCart":55,"Grinning Jar":87,"ReplayFunnel":97,"ReplayTheSpireMod:Ring of Exchange":101,"Mango":59,"Juzu Bracelet":87,"hubris:SlimyHat":116,"hubris:RunicObelisk":48,"Replay:Mystery Machine":141,"Empty Cage":93,"aspiration:StickyExplosives_weak":125,"Pantograph":122,"Red Mask":84,"Cracked Core":0,"BargainBundle":59,"Replay:WaspNest":58,"vexMod:FocusSash":82,"Medical Kit":125,"Mercury Hourglass":101,"vexMod:Dragonfruit":39,"infinitespire:Satchel":91,"ChewingGum":127,"Coffee Dripper":124,"Membership Card":118,"hubris:OldNail":26},{"Replay:Accelerometer":175,"hubris:BallOfYels":477,"ScarletDevilRocket":391,"Vampiric Spirits":287,"Whetstone":276,"Replay:Wanted Poster":327,"Blood Vial":344,"Replay:Ringing Soul":165,"infinitespire:ShieldingShard":24,"aspiration:EnhancedActuators":462,"hubris:AstralHammer":120,"MealTicket":363,"infinitespire:Golems Mask":363,"hubris:DeckOfHolding":515,"Fusion Hammer":655,"Kunai":215,"Replay:Wax Seal":259,"Pear":254,"Counterbalance":556,"Pen Nib":316,"vexMod:ImprovementManual":344,"infinitespire:PuzzleCube":357,"vexMod:BigBerry":193,"infinitespire:Cupcake":627,"hubris:Reverence":645,"aspiration:Lifesprig":462,"Regal Pillow":513,"Magic Flower":451,"Painkiller Herb":50,"Blue Doll":451,"Bag of Preparation":165,"hubris:EmptyBottle":515,"Pet Ghost":333,"Burning Blood":0,"Replay:Rubber Ducky":208,"vexMod:RedPlottingStone":454,"hubris:ScarierMask":445,"hubris:FunFungus":460,"Replay:Bottled Eggs":619,"InkBottle":430,"Ring of the Snake":0,"aspiration:ChemicalBlood":458,"NeowsBlessing":158,"Golden Idol":100,"hubris:64BitClover":537,"vexMod:BerryBomb":40,"conspire:RunicOctahedron":350,"Omamori":389,"infinitespire:Lucky Rock":11,"infinitespire:CheckeredPen":200,"Ring of Greed":451,"hubris:Towel":121,"MawBank":471,"Busted Crown":134,"betterThird:SlimedRelic":401,"Garlic":21,"hubris:CrackedHourglass":579,"ReplayTheSpireMod:Lightbulb":30,"hubris:CrystalStatue":524,"Gremlin Horn":434,"Vajra":397,"theJungle:Creamberry":215,"aspiration:Stabinomicon":422,"Centennial Puzzle":434,"HornCleat":568,"DollysMirror":287,"Strawberry":300,"Prayer Wheel":600,"conspire:Dentures":80,"Happy Flower":384,"vexMod:ScavengeHelm":556,"vexMod:PaidLearning":460,"War Paint":454,"hubris:Zylophone":72,"Du-Vu Doll":389,"Replay:Baseball":114,"Onion Ring":319,"hubris:ToyBattleship":370,"CatCart":267,"Grinning Jar":389,"ReplayFunnel":434,"ReplayTheSpireMod:Ring of Exchange":451,"Mango":287,"Juzu Bracelet":389,"hubris:SlimyHat":486,"hubris:RunicObelisk":234,"Replay:Mystery Machine":591,"Empty Cage":418,"aspiration:StickyExplosives_weak":524,"Pantograph":514,"Red Mask":373,"Cracked Core":0,"BargainBundle":287,"Replay:WaspNest":281,"vexMod:FocusSash":367,"Medical Kit":524,"Mercury Hourglass":451,"vexMod:Dragonfruit":180,"infinitespire:Satchel":405,"ChewingGum":534,"Coffee Dripper":520,"Membership Card":502,"hubris:OldNail":126}]},"card_choices":[{"not_picked":["hubris:Prefetch","Seek"],"picked":"ReplayTheSpireMod:Fabricate Wheel","floor":0.0},{"not_picked":["Beam Cell","Melter"],"picked":"Capacitor","floor":1.0},{"not_picked":["Sweeping Beam","Conserve Battery","ReplayTheSpireMod:Repulse"],"picked":"SKIP","floor":1.0},{"not_picked":["Storm+1","Steam Power+1"],"picked":"Defragment+1","floor":4.0},{"not_picked":["Reprogram+1","Melter+1"],"picked":"Undo+1","floor":4.0},{"not_picked":["Chaos+1","Fusion+1"],"picked":"Defragment+1","floor":4.0},{"not_picked":["Chaos","Gash"],"picked":"Ball Lightning","floor":7.0},{"not_picked":["Panic Button","ReplayTheSpireMod:Omega Cannon","Stack"],"picked":"SKIP","floor":7.0},{"not_picked":["Beam Cell","Go for the Eyes","Coolheaded"],"picked":"SKIP","floor":11.0},{"not_picked":["Reprogram","Barrage","ReplayTheSpireMod:GoodbyeWorld"],"picked":"SKIP","floor":11.0},{"not_picked":["Rebound","Sweeping Beam"],"picked":"Redo","floor":12.0},{"not_picked":["Cold Snap","Beam Cell","Blizzard"],"picked":"SKIP","floor":12.0},{"not_picked":["Beam Cell","Hologram","FIFO Queue"],"picked":"SKIP","floor":13.0},{"not_picked":["Buffer","Panic Button","BasicCrystalCard"],"picked":"SKIP","floor":13.0},{"not_picked":["Gash","Reprogram"],"picked":"Redo","floor":14.0},{"not_picked":["ReplayTheSpireMod:Fabricate Wheel","Mirror Shield"],"picked":"Amplify","floor":16.0},{"not_picked":["Self Repair+1","Skim","Hologram"],"picked":"SKIP","floor":18.0},{"not_picked":["BasicCrystalCard","Auto Shields+1","Redo"],"picked":"SKIP","floor":18.0},{"not_picked":["Hologram","Go for the Eyes","Steam"],"picked":"SKIP","floor":19.0},{"not_picked":["Cold Snap+1","BasicCrystalCard","Hologram"],"picked":"SKIP","floor":19.0},{"not_picked":["Steam","Stack"],"picked":"hubris:Ukulele","floor":22.0},{"not_picked":["Coolheaded","Chaos","Hello World"],"picked":"SKIP","floor":22.0},{"not_picked":["Lockon","Go for the Eyes+1"],"picked":"White Noise","floor":28.0},{"not_picked":["Auto Shields","ReplayTheSpireMod:Dual Polarity"],"picked":"Ball Lightning+1","floor":28.0},{"not_picked":["BasicCrystalCard","Stack"],"picked":"Time Bomb+1","floor":29.0},{"not_picked":["Stack","Coolheaded","Undo"],"picked":"SKIP","floor":29.0},{"not_picked":["Coolheaded","Panic Button","Hologram+1"],"picked":"SKIP","floor":31.0},{"not_picked":["Steam Power","Conserve Battery","Sweeping Beam"],"picked":"SKIP","floor":31.0},{"not_picked":["ReplayTheSpireMod:Fabricate Wheel","Amplify"],"picked":"Electrodynamics","floor":33.0},{"not_picked":["BasicCrystalCard","Self Repair","Panic Button"],"picked":"SKIP","floor":35.0},{"not_picked":["Melter+1","Sweeping Beam+1","Compile Driver+1"],"picked":"SKIP","floor":35.0},{"not_picked":["Cold Snap","Reprogram"],"picked":"Ball Lightning+1","floor":36},{"not_picked":["Steam","Hologram+1","Panic Button"],"picked":"SKIP","floor":36}],"player_experience":109443,"relics_obtained":[{"floor":5.0,"key":"MealTicket"},{"floor":9.0,"key":"Whetstone"},{"floor":14.0,"key":"Replay:Bottled Eggs"},{"floor":21.0,"key":"aspiration:StickyExplosives_weak"},{"floor":26.0,"key":"vexMod:Dragonfruit"}],"event_choices":[{"cards_removed":["Defend_B"],"damage_healed":0.0,"max_hp_gain":0.0,"max_hp_loss":0.0,"gold_gain":0.0,"event_name":"Golden Wing","player_choice":"Card Removal","floor":3.0,"gold_loss":0.0,"damage_taken":7.0},{"damage_healed":0.0,"max_hp_gain":0.0,"max_hp_loss":0.0,"gold_gain":0.0,"event_name":"betterMatch:BetterMatch","player_choice":"3","floor":4.0,"gold_loss":0.0,"damage_taken":0.0,"cards_obtained":["betterMatch:UncommonCard"]},{"cards_removed":["Defragment"],"damage_healed":0.0,"max_hp_gain":0.0,"max_hp_loss":0.0,"gold_gain":0.0,"event_name":"betterNote:BetterNote","player_choice":"Take \u0026 Give","floor":20.0,"gold_loss":0.0,"damage_taken":0.0,"cards_obtained":["Static Discharge"]},{"damage_healed":0.0,"max_hp_gain":0.0,"max_hp_loss":0.0,"gold_gain":0.0,"event_name":"betterAltar:BetterAltar","player_choice":" Defy","floor":24.0,"gold_loss":0.0,"damage_taken":0.0,"cards_obtained":["Decay"]}],"is_beta":false,"boss_relics":[{"not_picked":["hubris:TerracottaHorce","aspiration:IroncladSkillbook"],"picked":"infinitespire:Cupcake"},{"not_picked":["conspire:SlowCooker","aspiration:PoetsPen_weak"],"picked":"Fusion Hammer"}],"items_purged_floors":[],"is_endless":false,"potions_floor_spawned":[7,12,14,28,29,31,33,35],"killed_by":"Jaw Worm Horde","ascension_level":0}}