{"host":"5pvsezzv96u4cz40","time":1607971723,"event":{"mods":["Act Like it!","BaseMod","BetterRewards","CapriCore","Colored Map","Colored Powertips","GifTheSpireLib","Hermit","Hubris","Infinite Spire","Menagerie","Minty Spire (QoL Compilation)","Replay The Spire","Shop Mod","StSLib","The Construct","The Necromancer","The Servant 0.9.4","The Vixen","??????REMEMod"],"gold_per_floor":[109,109,8,19,19,44,44,58,108,118,132,151,0,16,16,121,121,141,141,34,46,46,75,75,75,75,88,88,117,136,156,156,255,255,265,284,298,311,311,311,338,353,353,353,367,367,393,393,393,489,489,493,493,501,501,494,494,496,495,522,518,518,518,522,532,532,598,698,683,683,678,678,678],"floor_reached":72,"playtime":18545,"items_purged":["Clumsy","Hallucinations","Defend_S","Strike_S"],"score":1166,"play_id":"a97e77c0-100c-4c82-a4e9-4ff67a923df6","local_time":"20201214194843","is_ascension_mode":false,"campfire_choices":[{"data":"Snipe","floor":7,"key":"SMITH"},{"floor":15,"key":"REST"},{"floor":24,"key":"REST"},{"floor":28,"key":"REST"},{"floor":32,"key":"REST"},{"floor":40,"key":"REST"},{"floor":49,"key":"REST"},{"data":"Purity","floor":57,"key":"SMITH"},{"data":"Secret Weapon","floor":63,"key":"SMITH"},{"data":"infinitespire:Collect","floor":66,"key":"SMITH"}],"circlet_count":0,"master_deck":["Strike_S","Strike_S","Defend_S","Defend_S","Defend_S","KidneyShot","Exchange","Juggernaut","Defy","Ricochet+1","GearUp","Potential","Snipe+1","FastForward","Defy","Barrier","Potential","MurderousAura","MurderousAura","ShatteredReality","FlawlessForm","Ricochet","MurderousAura+1","Contraction+1","ReturningBlade","BottledTime","SurpressingFire+1","Dilation","Enlightenment+1","Bandage Up","Defy+1","Defy+1","Iron Wave","Desolation+1","Sabotage","infinitespire:Collect+1","PanicButton+1","Good Instincts+1","Bandage Up+1","Secret Weapon+1","Purity+1","Swift Strike","Revamp","SoulSculpture","infinitespire:SealOfDarkness+","ReplayTheSpireMod:Brewmster","infinitespire:SealOfDarkness+","infinitespire:SealOfDarkness+","Secret Technique"],"relics":["Uniform","REME_ComplimentaryCards","NeowsBlessing","Nunchaku","Ancient Tea Set","Replay:Ancient Bell","Blue Doll","hubris:PeanutButter","Ice Cream","Spirit Poop","Potion Belt","REME_HandOfSuture","Bag of Marbles","hubris:SphereOfDissonance","Replay:Rubber Ducky","REME_LowDesire","Centennial Puzzle","Bag of Preparation","Dream Catcher","Pen Nib","Ornamental Fan","Runic Pyramid","infinitespire:FocusingShard","Replay:Baseball","hubris:ToyBattleship","Quantum Egg","Replay:Wanted Poster","Blood Vial"],"acts_visited":["Exordium","TheCity","TheBeyond","Menagerie:Menagerie","TheCity"],"potions_floor_usage":[10,16,16,16,18,21,23,23,27,42,42,50,52,65,67,67,69],"damage_taken":[{"damage":0,"enemies":"Jaw Worm","floor":1,"turns":1},{"damage":0,"enemies":"Cultist","floor":4,"turns":1},{"damage":0,"enemies":"Replay:BlueRogue","floor":6,"turns":1},{"damage":3,"enemies":"infinitespire:Voidling","floor":8,"turns":3},{"damage":0,"enemies":"Looter","floor":10,"turns":4},{"damage":9,"enemies":"Lots of Slimes","floor":11,"turns":5},{"damage":0,"enemies":"Large Slime","floor":12,"turns":7},{"damage":10,"enemies":"Exordium Thugs","floor":14,"turns":4},{"damage":0,"enemies":"Slime Boss","floor":16,"turns":10},{"damage":1,"enemies":"Spheric Guardian","floor":18,"turns":6},{"damage":7,"enemies":"3 Byrds","floor":21,"turns":5},{"damage":26,"enemies":"Book of Stabbing","floor":23,"turns":7},{"damage":14,"enemies":"Snake Plant","floor":27,"turns":6},{"damage":1,"enemies":"Nightmare","floor":29,"turns":8},{"damage":0,"enemies":"3 Cultists","floor":30,"turns":4},{"damage":29,"enemies":"Shelled Parasite and Fungi","floor":31,"turns":6},{"damage":38,"enemies":"Collector","floor":33,"turns":12},{"damage":0,"enemies":"3 Shapes","floor":35,"turns":7},{"damage":17,"enemies":"3 Darklings","floor":36,"turns":6},{"damage":2,"enemies":"4 Shapes","floor":37,"turns":7},{"damage":17,"enemies":"Spire Growth","floor":38,"turns":8},{"damage":0,"enemies":"R_Hoarder","floor":41,"turns":11},{"damage":47,"enemies":"Sphere and 2 Shapes","floor":42,"turns":8},{"damage":13,"enemies":"Jaw Worm Horde","floor":45,"turns":4},{"damage":0,"enemies":"Nightmare","floor":47,"turns":1},{"damage":24,"enemies":"Replay:Hell Engine","floor":50,"turns":12},{"damage":0,"enemies":"Menagerie:MonstrousExperiment","floor":52,"turns":5},{"damage":0,"enemies":"Menagerie:2_RABBITS","floor":54,"turns":2},{"damage":0,"enemies":"Menagerie:WhisperingWraith","floor":56,"turns":4},{"damage":0,"enemies":"Menagerie:MaskedSummoner","floor":58,"turns":6},{"damage":0,"enemies":"Menagerie:EntropyWarlock","floor":59,"turns":3},{"damage":0,"enemies":"Menagerie:RedMage","floor":61,"turns":4},{"damage":0,"enemies":"Menagerie:MENAGERIE_WILDLIFE","floor":64,"turns":3},{"damage":0,"enemies":"Menagerie:VoidReaper","floor":65,"turns":5},{"damage":7,"enemies":"Menagerie:AVATARS","floor":67,"turns":6},{"damage":0,"enemies":"2 Thieves","floor":69,"turns":5},{"damage":0,"enemies":"Chosen","floor":71,"turns":3}],"seed_played":"2402147049091623109","potions_obtained":[{"floor":6,"key":"construct:ShiftPotion"},{"floor":8,"key":"Block Potion"},{"floor":11,"key":"Toxic Potion"},{"floor":14,"key":"EntropicBrew"},{"floor":16,"key":"Venom Potion"},{"floor":18,"key":"Fire Potion"},{"floor":21,"key":"Weak Potion"},{"floor":23,"key":"Swift Potion"},{"floor":38,"key":"SteroidPotion"},{"floor":41,"key":"Adrenaline Potion"},{"floor":42,"key":"Strength Potion"},{"floor":50,"key":"PowerPotion"},{"floor":52,"key":"Energy Potion"},{"floor":58,"key":"SteroidPotion"},{"floor":61,"key":"FearPotion"},{"floor":67,"key":"BlessingOfTheForge"}],"is_trial":false,"path_per_floor":["M","?","$","M","$","E","R","M","T","M","M","M","$","M","R","B",null,"M","?","$","M","?","E","R","AVR","T","M","R","NM","M","M","R","B",null,"M","M","M","M","?","R","E","M","T","AVR","M","?","NM","?","R","B",null,"M","AVR","M","?","M","R","E","M","T","M","?","R","M","E","R","B",null,"M","AVR","M","$"],"character_chosen":"THE_SERVANT","items_purchased":["Ricochet+1","GearUp","MurderousAura","ShatteredReality","MurderousAura+1"],"campfire_rested":6,"item_purchase_floors":[3,3,13,13,20],"current_hp_per_floor":[65,65,65,65,65,65,65,62,62,62,53,53,53,43,62,62,65,64,64,64,57,57,31,50,50,50,36,55,54,54,25,44,6,65,65,48,50,37,37,56,60,17,17,17,4,4,4,4,23,9,65,65,65,65,65,65,65,65,65,65,65,70,70,70,70,70,67,70,70,70,70,70,70],"gold":678,"neow_bonus":"THREE_ENEMY_KILL","is_daily":false,"chose_seed":false,"campfire_upgraded":4,"win_rate":0.0,"timestamp":1607971723,"path_taken":["M","?","$","M","?","E","R","M","T","M","?","M","$","M","R","BOSS","M","?","$","?","?","E","R","AVR","T","M","R","NM","?","M","R","BOSS","M","?","M","M","?","R","E","?","T","AVR","M","?","NM","?","R","BOSS","M","AVR","M","?","M","R","E","M","T","M","?","R","?","E","R","BOSS","M","AVR","M","$"],"items_purchased_type":["Card","Card","Card","Card","Card"],"build_version":"2020-12-13","purchased_purges":4,"victory":false,"max_hp_per_floor":[65,65,65,65,65,65,65,65,65,65,65,65,65,65,65,65,65,65,65,65,65,65,65,65,65,65,65,65,65,65,65,65,65,65,65,65,65,65,65,65,65,65,65,65,65,65,65,65,65,65,65,65,65,65,65,65,65,65,65,65,65,70,70,70,70,70,70,70,70,70,70,70,70],"card_choices":[{"not_picked":["Revamp","Rearm"],"picked":"Defy","floor":1},{"not_picked":["TimeWarp","Replace"],"picked":"Potential","floor":4},{"not_picked":["ShatteredReality","TimeWarp"],"picked":"Snipe","floor":6},{"not_picked":["DoubleEdge","BottledTime"],"picked":"FastForward","floor":8},{"not_picked":["Luminosity","Read"],"picked":"Defy","floor":10},{"not_picked":["DualDimension","Luminosity"],"picked":"Barrier","floor":11},{"not_picked":["Foresight","Spin"],"picked":"Potential","floor":12},{"not_picked":["Alleviate","TimeWarp"],"picked":"FlawlessForm","floor":14},{"not_picked":["Normality","ReplayTheSpireMod:Restless Dread"],"picked":"Menagerie:BloodySpellbook","floor":17},{"not_picked":["ReplayTheSpireMod:IOU","Sickly"],"picked":"Hallucinations","floor":17},{"not_picked":["Writhe","hubris:Disease"],"picked":"Clumsy","floor":17},{"not_picked":["Solidify","Rewind"],"picked":"Ricochet","floor":18},{"not_picked":["Replace","Ricochet"],"picked":"Rearm","floor":21},{"not_picked":["ForgedInTime","Rearm+1","Snipe"],"picked":"SKIP","floor":23},{"not_picked":["Shuttle","Hightail+1"],"picked":"Contraction+1","floor":27},{"not_picked":["Rewind","Sunlight"],"picked":"ReturningBlade","floor":29},{"not_picked":["Potential+1","Unruled"],"picked":"BottledTime","floor":30},{"not_picked":["TimeWarp","Spin+1"],"picked":"SurpressingFire+1","floor":31},{"not_picked":["Solidify","PendulumOfEternity"],"picked":"Dilation","floor":33},{"not_picked":["GearUp","Rearm+1","Spin"],"picked":"Enlightenment+1","floor":35},{"not_picked":["ShatteredReality+1","Rearm+1","Spin+1"],"picked":"Bandage Up","floor":36},{"not_picked":["Shuttle","Moonlight","Jack Of All Trades"],"picked":"Defy+1","floor":37},{"not_picked":["Read","ShatteredReality","Replay:Parry+1"],"picked":"Defy+1","floor":38},{"not_picked":["DoubleEdge","MurderousAura","Mayhem"],"picked":"Desolation+1","floor":41},{"not_picked":["DoubleEdge","Potential+1","Replay:Sssssssssshield+1"],"picked":"Sabotage","floor":42},{"not_picked":["StarChef+1","Rearm+1","Alleviate"],"picked":"PanicButton+1","floor":45},{"not_picked":["DoubleEdge","Starlight","Rewind"],"picked":"Good Instincts+1","floor":47},{"not_picked":["Hightail","Ricochet+1","Rearm"],"picked":"Bandage Up+1","floor":49},{"not_picked":["SpecialFormula","ShatteredReality","FanOfKnives","REME_BattleFury"],"picked":"SKIP","floor":52},{"not_picked":["FanOfKnives","Rearm","Replace"],"picked":"Secret Weapon","floor":54},{"not_picked":["Contraction","BestPractice","Rearm"],"picked":"Purity","floor":56},{"not_picked":["ForgedInTime","Advance","TimeWarp"],"picked":"Swift Strike","floor":58},{"not_picked":["Unruled","BottledTime","Defy","REME_MagicPocketWatch"],"picked":"SKIP","floor":59},{"not_picked":["Replace","TimeWarp","ReplayTheSpireMod:Necrogeddon"],"picked":"Revamp","floor":61},{"not_picked":["MoonPhase","Replace","WasteNot","Flash of Steel"],"picked":"SKIP","floor":64},{"not_picked":["SurpressingFire","Defy","Finesse"],"picked":"SoulSculpture","floor":65},{"not_picked":["ReplayTheSpireMod:Echoes of Time","infinitespire:Oblivion"],"picked":"infinitespire:SealOfDarkness+","floor":67},{"not_picked":["Dilation","Solidify","FlawlessForm"],"picked":"ReplayTheSpireMod:Brewmster","floor":67},{"not_picked":["Replace+1","BestPractice","Rewind","HandOfGreed"],"picked":"SKIP","floor":69},{"not_picked":["TimeWarp+1","Revamp","FanOfKnives"],"picked":"Secret Technique","floor":71}],"player_experience":80779,"relics_obtained":[{"floor":6,"key":"Nunchaku"},{"floor":9,"key":"Ancient Tea Set"},{"floor":23,"key":"REME_HandOfSuture"},{"floor":26,"key":"hubris:SphereOfDissonance"},{"floor":29,"key":"Replay:Rubber Ducky"},{"floor":34,"key":"Centennial Puzzle"},{"floor":34,"key":"Bag of Preparation"},{"floor":41,"key":"Dream Catcher"},{"floor":43,"key":"Pen Nib"},{"floor":47,"key":"Ornamental Fan"},{"floor":58,"key":"Replay:Baseball"},{"floor":60,"key":"hubris:ToyBattleship"},{"floor":65,"key":"Quantum Egg"}],"event_choices":[{"cards_removed":["Strike_S"],"damage_healed":0,"gold_gain":0,"player_choice":"Purged","damage_taken":0,"max_hp_gain":0,"max_hp_loss":0,"event_name":"Purifier","floor":2,"gold_loss":0},{"cards_removed":["Menagerie:BloodySpellbook"],"damage_healed":0,"gold_gain":0,"player_choice":"Offered Curse","damage_taken":0,"relics_obtained":["Spirit Poop"],"max_hp_gain":0,"max_hp_loss":0,"event_name":"Bonfire Elementals","floor":19,"gold_loss":0},{"damage_healed":0,"gold_gain":0,"player_choice":"Gave Potion","damage_taken":0,"relics_obtained":["Potion Belt"],"max_hp_gain":0,"max_hp_loss":0,"event_name":"WeMeetAgain","floor":22,"gold_loss":0},{"cards_removed":["Rearm"],"damage_healed":0,"gold_gain":0,"player_choice":"Took Card","damage_taken":0,"max_hp_gain":0,"max_hp_loss":0,"event_name":"NoteForYourself","floor":39,"gold_loss":0,"cards_obtained":["Iron Wave"]},{"damage_healed":0,"gold_gain":0,"player_choice":"Ignored","damage_taken":0,"max_hp_gain":0,"max_hp_loss":0,"event_name":"Tomb of Lord Red Mask","floor":46,"gold_loss":0},{"damage_healed":0,"gold_gain":0,"player_choice":"Ignored","damage_taken":0,"max_hp_gain":0,"max_hp_loss":0,"event_name":"Menagerie:BigGameHunter","floor":55,"gold_loss":0},{"damage_healed":0,"gold_gain":0,"player_choice":"Shield","damage_taken":0,"max_hp_gain":5,"max_hp_loss":0,"event_name":"Menagerie:HarrowingRitual","floor":62,"gold_loss":0}],"is_beta":false,"boss_relics":[{"not_picked":["hubris:CrackedHourglass","Ring of Chaos"],"picked":"Replay:Ancient Bell"},{"not_picked":["Tiny Chest","infinitespire:Satchel"],"picked":"Blue Doll"},{"not_picked":["infinitespire:CheckeredPen","infinitespire:BottledMercury"],"picked":"hubris:PeanutButter"},{"not_picked":["StoneCalendar","Du-Vu Doll"],"picked":"Ice Cream"},{"not_picked":["MysterySword","hubris:ScarierMask"],"picked":"REME_LowDesire"},{"not_picked":["hubris:GrandSneckoEye","Velvet Choker"],"picked":"Runic Pyramid"},{"not_picked":["Tiny House","Busted Crown"],"picked":"Replay:Wanted Poster"}],"items_purged_floors":[25,44,53,70],"is_endless":true,"potions_floor_spawned":[6,8,11,14,16,18,21,23,38,41,42,50,52,58,61,67],"ascension_level":0}}