{"host":"m6aaltr68g9tvoay","time":1607916145,"event":{"mods":["AchievementEnabler","BaseMod","Colored Map","Downfall","Minty Spire (QoL Compilation)","StSLib"],"gold_per_floor":[99,118,118,103,103,136,136,149,74,108,123,142,51,66,86,187,237,162,196,212,224,128,140,140,65,92,92,92,103,123,123,139,139,139],"floor_reached":33,"playtime":3585,"items_purged":[],"score":339,"play_id":"dd340330-6d6f-4b37-9c7c-0c6689bab7fc","local_time":"20201213192225","is_ascension_mode":true,"campfire_choices":[{"floor":1,"key":"RECALL"},{"floor":9,"key":"REST"},{"data":"champ:SteelEdge","floor":18,"key":"SMITH"},{"floor":25,"key":"REST"},{"floor":27,"key":"REST"}],"circlet_count":0,"master_deck":["champ:Strike","champ:Strike","champ:Strike","champ:Defend","champ:Defend","champ:Defend","champ:Execute","champ:Taunt","champ:RisingSlash","champ:CalledShot","champ:GutPunch","champ:PerfectForm","champ:BladeFlurry","champ:GladiatorsShout","champ:SteelEdge+1","champ:DefensiveShout","champ:ViciousMockery","champ:PreciseThrust+1","champ:Haymaker","champ:EnchantSword","champ:EnchantCrown","champ:ShieldWall","champ:LastStand","champ:BringItOn+1","champ:EnchantShield","champ:Lariat","champ:Backstep","champ:TornadoPunch","champ:FlashCut+1"],"relics":["champ:ChampionCrown","Anchor","Toy Ornithopter","downfall:HeartBlessingGreen","Smiling Mask","Tiny House","downfall:HeartBlessingRed","Blood Vial","downfall:HeartBlessingBlue","Thread and Needle"],"acts_visited":["Exordium","TheCity"],"potions_floor_usage":[16,16,26,26,33,33],"damage_taken":[{"damage":5,"enemies":"Small Slimes","floor":2,"turns":3},{"damage":27,"enemies":"downfall:FleeingMerchant","floor":4,"turns":4},{"damage":63,"enemies":"3 Sentries","floor":6,"turns":10},{"damage":10,"enemies":"Cultist","floor":8,"turns":4},{"damage":52,"enemies":"Gremlin Nob","floor":10,"turns":5},{"damage":0,"enemies":"2 Louse","floor":11,"turns":3},{"damage":6,"enemies":"Red Slaver","floor":12,"turns":3},{"damage":10,"enemies":"downfall:FleeingMerchant","floor":13,"turns":4},{"damage":16,"enemies":"Lots of Slimes","floor":14,"turns":5},{"damage":5,"enemies":"2 Fungi Beasts","floor":15,"turns":2},{"damage":35,"enemies":"downfall:Ironclad","floor":16,"turns":5},{"damage":41,"enemies":"Book of Stabbing","floor":19,"turns":5},{"damage":20,"enemies":"Chosen","floor":20,"turns":6},{"damage":58,"enemies":"Cultist and Chosen","floor":21,"turns":7},{"damage":8,"enemies":"downfall:FleeingMerchant","floor":22,"turns":4},{"damage":3,"enemies":"Snake Plant","floor":23,"turns":3},{"damage":45,"enemies":"Gremlin Leader","floor":26,"turns":5},{"damage":55,"enemies":"Sentry and Sphere","floor":29,"turns":7},{"damage":13,"enemies":"Snecko","floor":30,"turns":7},{"damage":23,"enemies":"Centurion and Healer","floor":32,"turns":6},{"damage":71,"enemies":"downfall:Silent","floor":33,"turns":9}],"seed_played":"3844320819417083691","potions_obtained":[{"floor":6,"key":"PowerPotion"},{"floor":8,"key":"FairyPotion"},{"floor":11,"key":"sneckomod:MuddlingPotion"},{"floor":15,"key":"DistilledChaos"},{"floor":16,"key":"Weak Potion"},{"floor":17,"key":"champ:TechniquePotion"},{"floor":19,"key":"LiquidMemories"},{"floor":20,"key":"DuplicationPotion"},{"floor":29,"key":"champ:OpenerPotion"},{"floor":32,"key":"Explosive Potion"}],"is_trial":false,"path_per_floor":["R","M","?","$","?","E","T","M","R","E","M","M","$","M","M","B",null,"R","E","M","M","$","M","T","R","E","R","?","M","M","?","M","B"],"character_chosen":"THE_CHAMP","items_purchased":["champ:PreciseThrust","champ:Lariat"],"campfire_rested":3,"item_purchase_floors":[13,22],"current_hp_per_floor":[90,90,90,85,85,45,45,53,80,49,49,43,53,42,42,37,95,95,78,71,20,19,21,21,62,43,74,69,34,31,31,17,0,0],"gold":139,"neow_bonus":"TRANSFORM_CARD","is_daily":false,"chose_seed":false,"campfire_upgraded":1,"win_rate":0.0,"timestamp":1607916145,"path_taken":["R","M","?","?","?","E","T","M","R","E","M","M","$","M","M","BOSS","R","E","M","M","$","M","T","R","E","R","?","?","?","?","M","BOSS"],"items_purchased_type":["Card","Card"],"build_version":"2020-12-13","purchased_purges":0,"victory":false,"max_hp_per_floor":[90,90,90,90,90,90,90,90,90,90,90,90,90,90,90,90,95,95,95,95,95,95,95,95,105,105,105,105,105,105,105,105,105,105],"card_choices":[{"not_picked":["champ:RageSigil","champ:BladeFlurry"],"picked":"champ:CalledShot","floor":2},{"not_picked":["champ:AdrenalArmor","champ:GladiatorsShout"],"picked":"champ:PerfectForm","floor":4},{"not_picked":["champ:Control","champ:FlashCut"],"picked":"champ:BladeFlurry","floor":6},{"not_picked":["champ:BladeFlurry","champ:FocusedBerserking"],"picked":"champ:GladiatorsShout","floor":8},{"not_picked":["champ:Circumvent","champ:EndlessRage"],"picked":"champ:SteelEdge","floor":10},{"not_picked":["champ:Circumvent","champ:CrookedStrike"],"picked":"champ:DefensiveShout","floor":11},{"not_picked":["champ:RageSigil","champ:SwordSigil"],"picked":"champ:ViciousMockery","floor":12},{"not_picked":["champ:GutPunch","champ:PerfectedStrike","champ:BerserkersShout"],"picked":"SKIP","floor":13},{"not_picked":["champ:ShieldSigil","champ:Circumvent"],"picked":"champ:Haymaker","floor":14},{"not_picked":["champ:Encircle","champ:PerfectedStrike"],"picked":"champ:EnchantSword","floor":15},{"not_picked":["champ:ShieldSlam","champ:ShieldThrow"],"picked":"champ:EnchantCrown","floor":16},{"not_picked":["champ:DefensiveShout","champ:Encircle"],"picked":"champ:ShieldWall","floor":17},{"not_picked":["champ:Encircle","champ:RageSigil"],"picked":"champ:LastStand","floor":19},{"not_picked":["champ:FightOn","champ:DefensiveShout"],"picked":"champ:BringItOn+1","floor":20},{"not_picked":["champ:BerserkerStyle+1","champ:BladeFlurry","champ:Haymaker+1"],"picked":"SKIP","floor":21},{"not_picked":["champ:ShieldThrow","champ:RageSigil+1"],"picked":"champ:EnchantShield","floor":22},{"not_picked":["champ:Encircle+1","champ:FocusedBerserking","champ:BladeFlurry+1"],"picked":"SKIP","floor":23},{"not_picked":["champ:EndlessRage","champ:EnGarde"],"picked":"champ:Backstep","floor":26},{"not_picked":["champ:Backstep","champ:GladiatorsShout"],"picked":"champ:TornadoPunch","floor":29},{"not_picked":["champ:HeavySlash","champ:BringItOn","champ:ShieldWall"],"picked":"SKIP","floor":30},{"not_picked":["champ:GladiatorsShout","champ:FalseCounter"],"picked":"champ:FlashCut+1","floor":32}],"player_experience":1610380,"relics_obtained":[{"floor":6,"key":"Anchor"},{"floor":7,"key":"Toy Ornithopter"},{"floor":10,"key":"Smiling Mask"},{"floor":19,"key":"Blood Vial"},{"floor":26,"key":"Thread and Needle"}],"event_choices":[{"damage_healed":0,"gold_gain":0,"cards_transformed":["champ:Strike"],"player_choice":"Transformed","damage_taken":0,"max_hp_gain":0,"max_hp_loss":0,"event_name":"Transmorgrifier","floor":3,"gold_loss":0,"cards_obtained":["champ:GutPunch"]},{"damage_healed":0,"gold_gain":0,"player_choice":"Ignored","damage_taken":0,"max_hp_gain":0,"max_hp_loss":0,"event_name":"NoteForYourself","floor":5,"gold_loss":0}],"is_beta":false,"boss_relics":[{"not_picked":["Sozu","Runic Pyramid"],"picked":"Tiny House"}],"items_purged_floors":[],"is_endless":false,"potions_floor_spawned":[6,8,11,15,16,19,20,21,29,32],"killed_by":"downfall:Silent","ascension_level":1}}