{"host":"xb2tau8pgi8aflss","time":1607953440,"event":{"mods":["AchievementEnabler","BaseMod","Hermit","Minty Spire (QoL Compilation)","StSLib","SuperFastMode"],"gold_per_floor":[119,130,130,150,127,155,8,19,65,65,80,80,132,165,165,264,264,274,274,274,194,205,237,237,237,237,250,250,250],"floor_reached":28,"playtime":1113,"items_purged":[],"score":312,"play_id":"09053fe1-aa11-4f23-be4b-cf73bf80d3b7","local_time":"20201214224400","is_ascension_mode":true,"campfire_choices":[{"data":"Apotheosis","floor":10,"key":"SMITH"},{"floor":12,"key":"REST"},{"data":"hermit:Maintenance","floor":15,"key":"SMITH"},{"floor":24,"key":"REST"}],"circlet_count":0,"master_deck":["hermit:Strike_Hermit","hermit:Strike_Hermit","hermit:Strike_Hermit","hermit:Strike_Hermit+1","hermit:Defend_Hermit","hermit:Defend_Hermit","hermit:Defend_Hermit","hermit:Defend_Hermit","hermit:Snapshot","hermit:Covet","Writhe","Apotheosis+1","hermit:Maintenance+1","hermit:Misfire","hermit:HighCaliber","hermit:CalledShot+1","hermit:GhostlyPresence","hermit:LoneWolf","hermit:HighNoon","hermit:EyeOfTheStorm","Writhe","Shame","hermit:FatalDesire","hermit:LowProfile"],"relics":["hermit:ClaspedLocket","Question Card","hermit:PetGhost","Happy Flower","Bag of Marbles","Gremlin Horn","WingedGreaves","Whetstone","CultistMask","Pear"],"acts_visited":["Exordium","TheCity"],"potions_floor_usage":[6,22,23],"damage_taken":[{"damage":0,"enemies":"Small Slimes","floor":1,"turns":3},{"damage":0,"enemies":"Cultist","floor":2,"turns":3},{"damage":9,"enemies":"Jaw Worm","floor":4,"turns":4},{"damage":20,"enemies":"3 Sentries","floor":6,"turns":6},{"damage":2,"enemies":"2 Fungi Beasts","floor":8,"turns":3},{"damage":8,"enemies":"Blue Slaver","floor":11,"turns":4},{"damage":0,"enemies":"Lagavulin","floor":14,"turns":8},{"damage":30,"enemies":"Hexaghost","floor":16,"turns":9},{"damage":0,"enemies":"Spheric Guardian","floor":18,"turns":4},{"damage":10,"enemies":"Chosen","floor":22,"turns":6},{"damage":45,"enemies":"Gremlin Leader","floor":23,"turns":7},{"damage":56,"enemies":"Shelled Parasite and Fungi","floor":27,"turns":7},{"damage":100023,"enemies":"Book of Stabbing","floor":28,"turns":4}],"seed_played":"8763544459947450240","potions_obtained":[{"floor":2,"key":"Explosive Potion"},{"floor":4,"key":"PowerPotion"},{"floor":11,"key":"FairyPotion"},{"floor":14,"key":"Strength Potion"}],"is_trial":false,"path_per_floor":["M","M","?","M","$","E","$","M","T","R","M","R","?","E","R","B",null,"M","?","?","$","M","E","R","?","T","M","E"],"character_chosen":"HERMIT","items_purchased":["hermit:CalledShot","hermit:PetGhost","hermit:FatalDesire"],"campfire_rested":2,"item_purchase_floors":[5,7,21],"current_hp_per_floor":[75,75,75,66,66,46,46,44,44,44,36,58,58,58,58,28,75,75,75,75,75,65,20,42,42,52,22,0,0],"gold":250,"neow_bonus":"RANDOM_COLORLESS_2","is_daily":false,"chose_seed":false,"campfire_upgraded":2,"win_rate":0.0,"timestamp":1607953440,"path_taken":["M","M","?","M","$","E","?","M","T","R","?","R","?","E","R","BOSS","M","?","?","$","M","E","R","?","T","M","E"],"items_purchased_type":["Card","Relic","Card"],"build_version":"2020-11-30","purchased_purges":0,"victory":false,"max_hp_per_floor":[75,75,75,75,75,75,75,75,75,75,75,75,75,75,75,75,75,75,75,75,75,75,75,75,75,85,85,85,85],"card_choices":[{"not_picked":["Thinking Ahead","Master of Strategy"],"picked":"Apotheosis","floor":0},{"not_picked":["hermit:Desperado","hermit:TakeCover"],"picked":"hermit:Maintenance","floor":1},{"not_picked":["hermit:Quickdraw","hermit:PistolWhip"],"picked":"hermit:Misfire","floor":2},{"not_picked":["hermit:CursedWeapon","hermit:FullyLoaded"],"picked":"hermit:HighCaliber","floor":4},{"not_picked":["hermit:Spite","hermit:Vantage","hermit:Desperado"],"picked":"SKIP","floor":6},{"not_picked":["hermit:Vantage","hermit:Desperado","hermit:Ricochet"],"picked":"hermit:GhostlyPresence","floor":8},{"not_picked":["hermit:SprayPray","hermit:CalledShot","hermit:Glare"],"picked":"hermit:LoneWolf","floor":11},{"not_picked":["hermit:Horror","hermit:Roulette","hermit:Feint","hermit:SprayPray"],"picked":"SKIP","floor":14},{"not_picked":["hermit:Gambit","hermit:RoundhouseKick","hermit:Purgatory"],"picked":"hermit:HighNoon","floor":16},{"not_picked":["hermit:NoHoldsBarred","hermit:TrackingShot","hermit:SprayPray"],"picked":"hermit:EyeOfTheStorm","floor":18},{"not_picked":["hermit:Roulette","hermit:TrackingShot","hermit:PistolWhip"],"picked":"hermit:LowProfile","floor":22},{"not_picked":["hermit:Combo","hermit:TrackingShot","hermit:OverwhelmingPower","hermit:Roulette"],"picked":"SKIP","floor":23},{"not_picked":["hermit:Combo","hermit:TrackingShot","hermit:OverwhelmingPower","hermit:Roulette"],"picked":"SKIP","floor":23},{"not_picked":["hermit:SprayPray+1","hermit:Roulette","hermit:Ricochet+1","hermit:Misfire"],"picked":"SKIP","floor":27}],"player_experience":741598,"relics_obtained":[{"floor":6,"key":"Question Card"},{"floor":9,"key":"Happy Flower"},{"floor":14,"key":"Bag of Marbles"},{"floor":23,"key":"Whetstone"},{"floor":26,"key":"Pear"}],"event_choices":[{"damage_healed":0,"gold_gain":0,"player_choice":"Full Heal","damage_taken":0,"max_hp_gain":0,"max_hp_loss":0,"event_name":"Wheel of Change","floor":3,"gold_loss":0},{"damage_healed":0,"gold_gain":52,"player_choice":"Gained Gold","damage_taken":0,"max_hp_gain":0,"max_hp_loss":0,"event_name":"Golden Wing","floor":13,"gold_loss":0},{"damage_healed":0,"gold_gain":0,"player_choice":"Opened","damage_taken":0,"relics_obtained":["Gremlin Horn"],"max_hp_gain":0,"max_hp_loss":0,"event_name":"The Mausoleum","floor":19,"gold_loss":0,"cards_obtained":["Writhe"]},{"damage_healed":0,"gold_gain":0,"player_choice":"Stole Relic","damage_taken":0,"relics_obtained":["WingedGreaves"],"max_hp_gain":0,"max_hp_loss":0,"event_name":"Addict","floor":20,"gold_loss":0,"cards_obtained":["Shame"]},{"damage_healed":0,"gold_gain":0,"player_choice":"Trade","damage_taken":0,"relics_obtained":["CultistMask"],"max_hp_gain":0,"max_hp_loss":0,"event_name":"FaceTrader","floor":25,"gold_loss":0}],"is_beta":false,"boss_relics":[{"not_picked":["Ectoplasm","Runic Pyramid"],"picked":"hermit:ClaspedLocket"}],"items_purged_floors":[],"is_endless":false,"potions_floor_spawned":[2,4,11,14,18],"killed_by":"Book of Stabbing","ascension_level":3}}