{"host":"6fbjdsiu9jij34p7","time":1607951184,"event":{"mods":["2.2 Compatiblity","AchievementEnabler","BaseMod","Colored Map","DeckTracker","Highlight Path","Keyboard Shortcuts","Minty Spire (QoL Compilation)","Permanent Neow","Quick Restart","StSLib","SuperFastMode"],"gold_per_floor":[118,136,17,17,37,37,63,63,63,94,94,112,37,49,49,153,153,168,168,168,179,35,46,46,46,46,46,46,56,56,67,67,163,163,183,230,230,230],"floor_reached":37,"playtime":957,"items_purged":["Strike_R"],"score":477,"play_id":"a75c8482-0321-4e58-a12a-eabffb0e68be","local_time":"20201214220624","is_ascension_mode":true,"campfire_choices":[{"data":"Demon Form","floor":6,"key":"SMITH"},{"floor":8,"key":"REST"},{"data":"Shrug It Off","floor":11,"key":"SMITH"},{"data":"Armaments","floor":15,"key":"SMITH"},{"floor":24,"key":"REST"},{"floor":27,"key":"REST"},{"floor":32,"key":"REST"}],"circlet_count":0,"master_deck":["Bash","Shrug It Off+1","Twin Strike","Flex","Inflame+1","Demon Form+1","Intimidate","Feed","Cleave","Cleave+1","Writhe","Heavy Blade","Seeing Red+1","Ghostly Armor+1","Warcry+1","Pummel","Feed","Reaper","Battle Trance+1","Warcry+1","Uppercut","Body Slam"],"relics":["Burning Blood","Toy Ornithopter","Bottled Lightning","Eternal Feather","Snecko Eye","MutagenicStrength","Red Skull","Toxic Egg 2","WingedGreaves","Shovel","Pandora\u0027s Box","Champion Belt"],"acts_visited":["Exordium","TheCity","TheBeyond"],"potions_floor_usage":[10,12,12,12,12,16,23],"damage_taken":[{"damage":1,"enemies":"Cultist","floor":1,"turns":3},{"damage":4,"enemies":"Jaw Worm","floor":2,"turns":3},{"damage":0,"enemies":"2 Louse","floor":5,"turns":2},{"damage":45,"enemies":"3 Sentries","floor":10,"turns":7},{"damage":23,"enemies":"Lots of Slimes","floor":12,"turns":5},{"damage":13,"enemies":"Large Slime","floor":14,"turns":6},{"damage":56,"enemies":"Hexaghost","floor":16,"turns":7},{"damage":39,"enemies":"3 Byrds","floor":18,"turns":7},{"damage":0,"enemies":"Chosen","floor":21,"turns":3},{"damage":37,"enemies":"Shelled Parasite and Fungi","floor":23,"turns":5},{"damage":24,"enemies":"Snake Plant","floor":29,"turns":3},{"damage":47,"enemies":"Chosen and Byrds","floor":31,"turns":7},{"damage":88,"enemies":"Automaton","floor":33,"turns":7},{"damage":0,"enemies":"3 Shapes","floor":35,"turns":2},{"damage":73,"enemies":"2 Orb Walkers","floor":36,"turns":4},{"damage":40,"enemies":"Orb Walker","floor":37,"turns":3}],"seed_played":"4901753221628389407","potions_obtained":[{"floor":0,"key":"Ancient Potion"},{"floor":0,"key":"Regen Potion"},{"floor":0,"key":"Weak Potion"},{"floor":5,"key":"EntropicBrew"},{"floor":16,"key":"Fire Potion"},{"floor":21,"key":"FairyPotion"},{"floor":29,"key":"DuplicationPotion"},{"floor":33,"key":"DistilledChaos"}],"is_trial":false,"path_per_floor":["M","M","$","?","M","R","T","R","T","E","R","M","$","M","R","B",null,"M","?","?","M","$","M","R","?","T","R","$","M","T","M","R","B",null,"M","?","M"],"character_chosen":"IRONCLAD","items_purchased":["Flex","Inflame","Red Skull"],"campfire_rested":4,"item_purchase_floors":[3,3,22],"current_hp_per_floor":[77,79,79,63,69,69,69,80,80,61,70,80,80,73,80,35,69,39,39,44,50,50,27,61,61,61,86,86,68,68,27,64,31,72,81,37,0,0],"gold":230,"neow_bonus":"THREE_SMALL_POTIONS","is_daily":false,"chose_seed":false,"campfire_upgraded":3,"win_rate":0.0,"timestamp":1607951184,"path_taken":["M","M","?","?","M","R","?","R","T","E","R","M","?","M","R","BOSS","M","?","?","M","$","?","R","?","T","R","?","M","?","M","R","BOSS","M","?","M"],"items_purchased_type":["Card","Card","Relic"],"build_version":"2020-12-13","purchased_purges":1,"victory":false,"max_hp_per_floor":[80,80,80,80,80,80,80,80,80,80,80,80,80,80,80,80,80,83,83,83,83,83,86,86,86,86,86,86,86,86,86,86,86,86,89,89,89,89],"card_choices":[{"not_picked":["Clash","Sever Soul"],"picked":"Shrug It Off","floor":1},{"not_picked":["Heavy Blade","Burning Pact"],"picked":"Twin Strike","floor":2},{"not_picked":["Evolve","Carnage"],"picked":"Demon Form","floor":5},{"not_picked":["Wild Strike","Reckless Charge"],"picked":"Armaments","floor":10},{"not_picked":["Iron Wave","Reckless Charge"],"picked":"Intimidate","floor":12},{"not_picked":["Rage","Clothesline","Perfected Strike"],"picked":"SKIP","floor":14},{"not_picked":["Corruption","Berserk"],"picked":"Feed","floor":16},{"not_picked":["Wild Strike","Dropkick+1"],"picked":"Cleave","floor":18},{"not_picked":["Clothesline","Dropkick","Warcry"],"picked":"SKIP","floor":21},{"not_picked":["Wild Strike","Evolve"],"picked":"Cleave+1","floor":23},{"not_picked":["Body Slam","Havoc+1"],"picked":"Heavy Blade","floor":29},{"not_picked":["Wild Strike","Clothesline"],"picked":"Seeing Red+1","floor":31},{"not_picked":["Warcry+1","Evolve+1"],"picked":"Body Slam","floor":35}],"player_experience":236028,"relics_obtained":[{"floor":7,"key":"Toy Ornithopter"},{"floor":9,"key":"Bottled Lightning"},{"floor":10,"key":"Eternal Feather"},{"floor":26,"key":"WingedGreaves"},{"floor":30,"key":"Shovel"},{"floor":36,"key":"Champion Belt"}],"event_choices":[{"damage_healed":0,"gold_gain":0,"player_choice":"Entered Light","damage_taken":16,"max_hp_gain":0,"max_hp_loss":0,"event_name":"Shining Light","floor":4,"gold_loss":0,"cards_upgraded":["Inflame","Strike_R"]},{"damage_healed":0,"gold_gain":0,"player_choice":"Inject Mutagens","damage_taken":0,"relics_obtained":["MutagenicStrength"],"max_hp_gain":0,"max_hp_loss":0,"event_name":"Drug Dealer","floor":19,"gold_loss":0},{"cards_removed":["Armaments"],"damage_healed":5,"gold_gain":0,"player_choice":"Offered Common","damage_taken":0,"max_hp_gain":0,"max_hp_loss":0,"event_name":"Bonfire Elementals","floor":20,"gold_loss":0},{"cards_removed":["Armaments"],"damage_healed":5,"gold_gain":0,"player_choice":"Offered Special","damage_taken":0,"max_hp_gain":0,"max_hp_loss":0,"event_name":"Bonfire Elementals","floor":20,"gold_loss":0},{"damage_healed":0,"gold_gain":0,"player_choice":"Opened","damage_taken":0,"relics_obtained":["Toxic Egg 2"],"max_hp_gain":0,"max_hp_loss":0,"event_name":"The Mausoleum","floor":25,"gold_loss":0,"cards_obtained":["Writhe"]},{"damage_healed":0,"gold_gain":0,"player_choice":"Fight","damage_taken":0,"max_hp_gain":0,"max_hp_loss":0,"event_name":"Mysterious Sphere","floor":36,"gold_loss":0}],"is_beta":false,"boss_relics":[{"not_picked":["Velvet Choker","SlaversCollar"],"picked":"Snecko Eye"},{"not_picked":["Tiny House","Busted Crown"],"picked":"Pandora\u0027s Box"}],"items_purged_floors":[13],"is_endless":false,"potions_floor_spawned":[2,5,16,21,29,33],"killed_by":"Orb Walker","ascension_level":6}}