{"host":"cz3p2o9n3b1gdmkz","time":1607948676,"event":{"mods":["AchievementEnabler","BaseMod","CapriCore","GungeonMod","Hermit","Lobotomy","Minty Spire (QoL Compilation)","Replay The Spire","Shop Mod","StSLib","SuperFastMode","The Cursed","The Dragon Tamer","The Gatherer","The Jungle","The Poker Player","The Runesmith"],"gold_per_floor":[116,166,137,155,40,75,75,95,95,95,111,32,61,110,110,185,185,201,121,36,36,48,48,48,77,77,131,162,199,252,177,177,333,333,355,384,384,384,384,444,444,444,444,495,522,580,325,325,363,391,391,431,431,431,431,124,181,261],"floor_reached":59,"playtime":4016,"items_purged":["PokerPlayerMod:Diamond1","PokerPlayerMod:Club1"],"score":3375,"play_id":"4183c320-16de-4353-9c2c-84e712c44c9b","local_time":"20201214212436","is_ascension_mode":true,"metric_token":1118,"campfire_choices":[{"data":"PokerPlayerMod:Mulligan","floor":7.0,"key":"SMITH"},{"data":"Pot Of Greed","floor":10.0,"key":"SMITH"},{"floor":15.0,"key":"DIG"},{"data":"Pot Of Greed","floor":23.0,"key":"SMITH"},{"data":"Pot Of Greed","floor":24.0,"key":"SMITH"},{"data":"PokerPlayerMod:SecretDealer","floor":32.0,"key":"SMITH"},{"floor":43,"key":"RECALL"},{"data":"PokerPlayerMod:TrumpStrike","floor":51,"key":"SMITH"},{"data":"PokerPlayerMod:Spade1","floor":55,"key":"SMITH"}],"circlet_count":0,"master_deck":["AscendersBane","PokerPlayerMod:Diamond2","PokerPlayerMod:Diamond4","PokerPlayerMod:Diamond5","PokerPlayerMod:Spade2","PokerPlayerMod:Spade2","PokerPlayerMod:Spade3","PokerPlayerMod:Spade4","PokerPlayerMod:Club2","PokerPlayerMod:Heart2","PokerPlayerMod:TrumpStrike+1","PokerPlayerMod:BadJoker","PokerPlayerMod:Mulligan+1","PokerPlayerMod:Trickery+1","PokerPlayerMod:Trickery","PokerPlayerMod:Trickery","Flash of Steel+1","PokerPlayerMod:Heart10+","Pot Of Greed+1","Pot Of Greed+1","PokerPlayerMod:HotShotCut","CurseOfTheBell","PokerPlayerMod:Raise+1","Pot Of Greed+1","PokerPlayerMod:Extraction+1","PokerPlayerMod:SecretDealer+1","Purity","PokerPlayerMod:Trickery","PokerPlayerMod:Fold+1"],"relics":["Black Star","Pantograph","PokerPlayerMod:CoolBox","Grinning Jar","DemoMod:WeirdEgg","MealTicket","ReplayTheSpireMod:Lightbulb","Question Card","Calling Bell","Bronze Scales","Onion Ring","WingedGreaves","Tiny Chest","Boot","DemoMod:GreenGuonStone","Whetstone","Replay:Bandana","Runesmith:Nanobots","Garlic","Kunai","PokerPlayerMod:Splitter","Philosopher\u0027s Stone","Ring of Fury","DemoMod:GundromedaStrain","Happy Flower","Lantern","Bag of Marbles","DemoMod:Metronome","Replay:Ringing Soul","Iron Hammer","Pen Nib","Bottled Flame","Nunchaku","DemoMod:WhiteGuonStone","PokerPlayerMod:StuffedPocket","Toy Ornithopter"],"acts_visited":["Exordium","TheCity","TheBeyond","TheEnding"],"potions_floor_usage":[58],"damage_taken":[{"damage":6.0,"enemies":"Cultist","floor":1.0,"turns":3.0},{"damage":0.0,"enemies":"Jaw Worm","floor":4.0,"turns":2.0},{"damage":22.0,"enemies":"3 Sentries","floor":6.0,"turns":7.0},{"damage":0.0,"enemies":"Small Slimes","floor":8.0,"turns":2.0},{"damage":0.0,"enemies":"Exordium Wildlife","floor":11.0,"turns":3.0},{"damage":7.0,"enemies":"Lagavulin","floor":13.0,"turns":4.0},{"damage":21.0,"enemies":"Hexaghost","floor":16.0,"turns":7.0},{"damage":5.0,"enemies":"2 Thieves","floor":18.0,"turns":2.0},{"damage":0.0,"enemies":"Chosen","floor":22.0,"turns":1.0},{"damage":0.0,"enemies":"Gremlin Leader","floor":25.0,"turns":4.0},{"damage":7.0,"enemies":"Book of Stabbing","floor":27.0,"turns":4.0},{"damage":5.0,"enemies":"Shelled Parasite and Fungi","floor":28.0,"turns":2.0},{"damage":0.0,"enemies":"Chosen and Byrds","floor":29.0,"turns":5.0},{"damage":12.0,"enemies":"Slavers","floor":30.0,"turns":2.0},{"damage":0.0,"enemies":"Pondfish","floor":33.0,"turns":3.0},{"damage":0.0,"enemies":"3 Darklings","floor":35.0,"turns":1.0},{"damage":0.0,"enemies":"Orb Walker","floor":36.0,"turns":1.0},{"damage":13,"enemies":"R_Hoarder","floor":40,"turns":4},{"damage":0,"enemies":"Nemesis","floor":44,"turns":1},{"damage":6,"enemies":"R_Hoarder","floor":46,"turns":4},{"damage":0,"enemies":"Reptomancer","floor":49,"turns":1},{"damage":0,"enemies":"Jaw Worm Horde","floor":50,"turns":1},{"damage":0,"enemies":"Donu and Deca","floor":52,"turns":1},{"damage":0,"enemies":"Shield and Spear","floor":57,"turns":2},{"damage":66,"enemies":"The Heart","floor":58,"turns":3}],"seed_played":"-780787144701724712","potions_obtained":[{"floor":1.0,"key":"PowerPotion"},{"floor":4.0,"key":"PowerPotion"},{"floor":8.0,"key":"ColorlessPotion"},{"floor":11.0,"key":"Block Potion"},{"floor":22.0,"key":"FairyPotion"},{"floor":29.0,"key":"ColorlessPotion"},{"floor":33.0,"key":"DuplicationPotion"}],"is_trial":false,"path_per_floor":["M","?","$","M","$","E","R","M","T","R","M","$","E","?","R","B",null,"M","?","?","?","M","R","R","E","T","E","M","M","E","$","R","B",null,"M","M","?","T","?","E","PTL","PTL","R","E","T","E","$","?","E","M","R","B",null,null,"R","$","E","B",null],"character_chosen":"THE_POKER_PLAYER","items_purchased":["PokerPlayerMod:Trickery","PokerPlayerMod:Trickery","Flash of Steel","PokerPlayerMod:HotShotCut","Pen Nib","Purity","Elixir","DemoMod:WhiteGuonStone"],"campfire_rested":0,"item_purchase_floors":[3,5,5,12,47,47,56,56],"current_hp_per_floor":[39,35,35,35,35,15,15,15,15,15,35,35,40,21,21,35,45,40,40,40,40,40,40,40,48,48,41,43,48,36,48,48,48,48,48,48,48,48,46,35,35,35,35,35,35,39,49,52,52,55,55,55,55,55,55,55,55,10],"gold":261,"neow_bonus":"BOSS_RELIC","is_daily":false,"chose_seed":false,"campfire_upgraded":7,"win_rate":0.0,"timestamp":1607948676,"path_taken":["M","?","$","M","$","E","R","M","T","R","?","$","E","?","R","BOSS","M","?","?","?","?","R","R","E","T","E","M","M","E","$","R","BOSS","M","M","?","?","?","E","PTL","PTL","R","E","T","E","$","?","E","M","R","BOSS","R","$","E","BOSS"],"items_purchased_type":["Card","Card","Card","Card","Relic","Card","Potion","Relic"],"build_version":"2020-12-13","purchased_purges":2,"victory":true,"max_hp_per_floor":[48,48,48,48,48,48,48,48,48,48,48,48,48,48,48,48,48,48,48,48,48,48,48,48,48,48,48,48,48,48,48,48,48,48,48,48,48,48,46,46,46,46,46,46,46,46,49,52,52,55,55,55,55,55,55,55,55,55],"card_choices":[{"not_picked":["PokerPlayerMod:DamnStraight","PokerPlayerMod:Club1","PokerPlayerMod:ClubsClub"],"picked":"SKIP","floor":1.0},{"not_picked":["PokerPlayerMod:Overdeal","PokerPlayerMod:ClubsClub"],"picked":"PokerPlayerMod:Trickery","floor":4.0},{"not_picked":["PokerPlayerMod:Club2","PokerPlayerMod:Diamond4"],"picked":"PokerPlayerMod:Heart10+","floor":6.0},{"not_picked":["PokerPlayerMod:Raise","PokerPlayerMod:Spade4","PokerPlayerMod:CloakAndDiamond"],"picked":"SKIP","floor":8.0},{"not_picked":["PokerPlayerMod:Raise","PokerPlayerMod:ClubsClub","PokerPlayerMod:Spade5"],"picked":"SKIP","floor":11.0},{"not_picked":["PokerPlayerMod:Spade9","PokerPlayerMod:Club5","PokerPlayerMod:Raise"],"picked":"SKIP","floor":13.0},{"not_picked":["PokerPlayerMod:Diamond1","PokerPlayerMod:Spade3","PokerPlayerMod:Spade8"],"picked":"PokerPlayerMod:Raise+1","floor":18.0},{"not_picked":["PokerPlayerMod:Heart4","PokerPlayerMod:Diamond4","PokerPlayerMod:Spade2","PokerPlayerMod:Diamond2"],"picked":"SKIP","floor":22.0},{"not_picked":["PokerPlayerMod:Diamond2","PokerPlayerMod:Club7","PokerPlayerMod:Spade2"],"picked":"PokerPlayerMod:Extraction+1","floor":25.0},{"not_picked":["PokerPlayerMod:ClubsClub","PokerPlayerMod:Diamond2","PokerPlayerMod:Diamond3","PokerPlayerMod:Club1"],"picked":"SKIP","floor":27.0},{"not_picked":["PokerPlayerMod:HiddenCard","PokerPlayerMod:Club2","PokerPlayerMod:Manipulation","PokerPlayerMod:CloakAndDiamond"],"picked":"SKIP","floor":28.0},{"not_picked":["PokerPlayerMod:Club3","PokerPlayerMod:MagicTrick","PokerPlayerMod:Manipulation","PokerPlayerMod:CardBurn"],"picked":"SKIP","floor":29.0},{"not_picked":["PokerPlayerMod:Diamond1","PokerPlayerMod:DiamondStrike","PokerPlayerMod:Club4"],"picked":"PokerPlayerMod:SecretDealer","floor":30.0},{"not_picked":["PokerPlayerMod:Spade6","PokerPlayerMod:Diamond2","PokerPlayerMod:Manipulation","PokerPlayerMod:Spade4"],"picked":"SKIP","floor":35.0},{"not_picked":["PokerPlayerMod:Club6","PokerPlayerMod:SpadeStrike","PokerPlayerMod:Heart4","PokerPlayerMod:Diamond3"],"picked":"SKIP","floor":36.0},{"not_picked":["PokerPlayerMod:HiddenCard","PokerPlayerMod:Diamond4","PokerPlayerMod:Diamond2","PokerPlayerMod:Club3"],"picked":"SKIP","floor":40},{"not_picked":["PokerPlayerMod:Spade1","PokerPlayerMod:HotShotCut","PokerPlayerMod:Club8","PokerPlayerMod:MagicTrick+1"],"picked":"SKIP","floor":44},{"not_picked":["PokerPlayerMod:Diamond2","PokerPlayerMod:PoorCopy","PokerPlayerMod:DartThrow","PokerPlayerMod:Spade6"],"picked":"SKIP","floor":46},{"not_picked":["PokerPlayerMod:WasteCollection","PokerPlayerMod:Diamond9","PokerPlayerMod:Harden+1","PokerPlayerMod:Spade1"],"picked":"SKIP","floor":49},{"not_picked":["PokerPlayerMod:Raise","PokerPlayerMod:Spade1","PokerPlayerMod:Spade2"],"picked":"PokerPlayerMod:Fold+1","floor":50},{"not_picked":["PokerPlayerMod:Diamond3","PokerPlayerMod:Club4","PokerPlayerMod:Fold","PokerPlayerMod:Spade3"],"picked":"SKIP","floor":57}],"player_experience":924270,"relics_obtained":[{"floor":6.0,"key":"Pantograph"},{"floor":6.0,"key":"PokerPlayerMod:CoolBox"},{"floor":9.0,"key":"Grinning Jar"},{"floor":13.0,"key":"DemoMod:WeirdEgg"},{"floor":13.0,"key":"MealTicket"},{"floor":14.0,"key":"ReplayTheSpireMod:Lightbulb"},{"floor":15.0,"key":"Question Card"},{"floor":17.0,"key":"Bronze Scales"},{"floor":17.0,"key":"Onion Ring"},{"floor":17.0,"key":"WingedGreaves"},{"floor":25.0,"key":"DemoMod:GreenGuonStone"},{"floor":25.0,"key":"Whetstone"},{"floor":26.0,"key":"Replay:Bandana"},{"floor":27.0,"key":"Runesmith:Nanobots"},{"floor":27.0,"key":"Garlic"},{"floor":30.0,"key":"Kunai"},{"floor":30.0,"key":"PokerPlayerMod:Splitter"},{"floor":37,"key":"Ring of Fury"},{"floor":40,"key":"DemoMod:GundromedaStrain"},{"floor":40,"key":"Happy Flower"},{"floor":44,"key":"Lantern"},{"floor":44,"key":"Bag of Marbles"},{"floor":45,"key":"DemoMod:Metronome"},{"floor":46,"key":"Replay:Ringing Soul"},{"floor":46,"key":"Iron Hammer"},{"floor":49,"key":"Bottled Flame"},{"floor":49,"key":"Nunchaku"},{"floor":57,"key":"PokerPlayerMod:StuffedPocket"},{"floor":57,"key":"Toy Ornithopter"}],"event_choices":[{"damage_healed":0.0,"max_hp_gain":0.0,"max_hp_loss":0.0,"gold_gain":50.0,"event_name":"FaceTrader","player_choice":"Touch","floor":2.0,"gold_loss":0.0,"damage_taken":4.0},{"damage_healed":0.0,"max_hp_gain":0.0,"max_hp_loss":0.0,"gold_gain":0.0,"event_name":"Addict","player_choice":"Obtained Relic","floor":20.0,"gold_loss":85.0,"damage_taken":0.0,"relics_obtained":["Tiny Chest"]},{"cards_removed":["PokerPlayerMod:Diamond3"],"damage_healed":0.0,"max_hp_gain":0.0,"max_hp_loss":0.0,"gold_gain":0.0,"event_name":"WeMeetAgain","player_choice":"Gave Card","floor":21.0,"gold_loss":0.0,"damage_taken":0.0,"relics_obtained":["Boot"]},{"damage_healed":0,"gold_gain":0,"player_choice":"Max HP","damage_taken":0,"max_hp_gain":0,"max_hp_loss":2,"event_name":"Winding Halls","floor":39,"gold_loss":0},{"damage_healed":0,"gold_gain":0,"player_choice":"1 cards matched","damage_taken":0,"max_hp_gain":0,"max_hp_loss":0,"event_name":"Match and Keep!","floor":48,"gold_loss":0,"cards_obtained":["PokerPlayerMod:Trickery"]}],"is_beta":false,"boss_relics":[{"not_picked":["Coffee Dripper","Cursed Key"],"picked":"Calling Bell"},{"not_picked":["ChewingGum","Runesmith:UraniumAnvil"],"picked":"Philosopher\u0027s Stone"}],"items_purged_floors":[31,56],"is_endless":false,"potions_floor_spawned":[1,4,8,11,22,29,33,44,50],"ascension_level":18}}