{"host":"qwttrqaysb380yri","time":1607982474,"event":{"mods":["BaseMod","Custom Start","Minty Spire (QoL Compilation)","Puzzle Mod","Relic Stats","StSLib","The Cursed","The Hierophant"],"gold_per_floor":[117,127,144,163,163,163,192,18,18,41,76,76,100,118,118,197,197,267,25,25,92,162,162,162,162,162,229,55,168,168,218,218,355,355,436,133,133,221,554,647,647,742,742,742,837,909,507,517,517,513,513],"floor_reached":50,"playtime":3100,"items_purged":["hierophant:Strike_Hierophant","hierophant:DisplayOfPower","hierophant:Punish","hierophant:PassingBell","hierophant:BulkyChest"],"score":1056,"play_id":"eb406ced-133e-4f6f-99fe-4c315b984df2","local_time":"20201214224754","is_ascension_mode":true,"campfire_choices":[{"data":"hierophant:ChurchCoffers","floor":6,"key":"SMITH"},{"data":"hierophant:Exaltation","floor":12,"key":"SMITH"},{"floor":15,"key":"REST"},{"data":"hierophant:MirrorShield","floor":23,"key":"SMITH"},{"floor":25,"key":"REST"},{"data":"hierophant:Exaltation","floor":30,"key":"SMITH"},{"floor":32,"key":"REST"},{"floor":41,"key":"REST"},{"floor":49,"key":"REST"}],"circlet_count":0,"master_deck":["AscendersBane","hierophant:ChurchCoffers+1","hierophant:HolyVerse","hierophant:Smite","hierophant:MorningPrayer","hierophant:HammerAndAnvil","hierophant:Exaltation+1","hierophant:HolyVerse","hierophant:HammerAndAnvil","hierophant:Smite","hierophant:HolyVerse","hierophant:HolyVerse","hierophant:Empathy","hierophant:Community","hierophant:MorningPrayer+1","hierophant:OrnateJavelin","hierophant:MirrorShield+1","Trip","hierophant:Exaltation+1","hierophant:HammerAndAnvil","hierophant:MorningPrayer+1","hierophant:RustyCrate+1","hierophant:Doubloon","hierophant:Invocation","hierophant:OrnateBuckler+1"],"relics":["hierophant:PropheticMaskRelic","Smiling Mask","HornCleat","Lizard Tail","Pandora\u0027s Box","Membership Card","hierophant:DonationBoxRelic","War Paint","Happy Flower","Ginger","Philosopher\u0027s Stone","HandDrill","Gremlin Horn","Question Card","Ice Cream","Pen Nib","Mummified Hand","TungstenRod","Sling"],"acts_visited":["Exordium","TheCity","TheBeyond"],"potions_floor_usage":[7,18,22,27,29,29,50,50],"damage_taken":[{"damage":0,"enemies":"2 Louse","floor":1,"turns":2},{"damage":11,"enemies":"Jaw Worm","floor":2,"turns":4},{"damage":1,"enemies":"Cultist","floor":3,"turns":3},{"damage":0,"enemies":"Blue Slaver","floor":4,"turns":2},{"damage":8,"enemies":"Gremlin Nob","floor":7,"turns":3},{"damage":0,"enemies":"3 Louse","floor":10,"turns":2},{"damage":29,"enemies":"Lagavulin","floor":11,"turns":6},{"damage":6,"enemies":"Exordium Thugs","floor":13,"turns":3},{"damage":0,"enemies":"Exordium Wildlife","floor":14,"turns":3},{"damage":21,"enemies":"Slime Boss","floor":16,"turns":4},{"damage":6,"enemies":"3 Byrds","floor":18,"turns":4},{"damage":12,"enemies":"Chosen","floor":21,"turns":4},{"damage":15,"enemies":"Shelled Parasite and Fungi","floor":22,"turns":5},{"damage":27,"enemies":"Book of Stabbing","floor":27,"turns":4},{"damage":29,"enemies":"Gremlin Leader","floor":29,"turns":5},{"damage":21,"enemies":"Collector","floor":33,"turns":3},{"damage":1,"enemies":"3 Darklings","floor":35,"turns":3},{"damage":6,"enemies":"3 Shapes","floor":38,"turns":2},{"damage":78,"enemies":"Nemesis","floor":40,"turns":7},{"damage":8,"enemies":"Jaw Worm Horde","floor":42,"turns":2},{"damage":10,"enemies":"Giant Head","floor":45,"turns":4},{"damage":7,"enemies":"Spire Growth","floor":46,"turns":3},{"damage":4,"enemies":"Writhing Mass","floor":48,"turns":3},{"damage":36,"enemies":"Donu and Deca","floor":50,"turns":3}],"seed_played":"1055992263198828485","potions_obtained":[{"floor":3,"key":"Strength Potion"},{"floor":4,"key":"CultistPotion"},{"floor":21,"key":"Explosive Potion"},{"floor":33,"key":"SteroidPotion"},{"floor":38,"key":"LiquidBronze"},{"floor":45,"key":"GamblersBrew"},{"floor":46,"key":"Strength Potion"}],"is_trial":false,"path_per_floor":["M","M","M","M","?","R","E","$","T","M","E","R","M","M","R","B",null,"M","$","?","M","M","R","?","R","T","E","$","E","R","?","R","B",null,"M","$","?","M","?","E","R","M","T","?","E","M","$","M","R","B"],"character_chosen":"HIEROPHANT","items_purchased":["hierophant:HolyVerse","hierophant:HammerAndAnvil","Fire Potion","Membership Card","Trip","Happy Flower","FearPotion","SkillPotion","HandDrill","FairyPotion","Gremlin Horn","Mummified Hand","TungstenRod","Sling"],"campfire_rested":5,"item_purchase_floors":[8,8,8,19,19,28,28,28,36,36,36,47,47,47],"current_hp_per_floor":[75,64,63,63,63,63,55,55,55,55,26,26,20,20,42,21,61,55,55,55,43,28,28,28,50,50,23,23,37,37,37,59,38,65,64,64,69,63,63,22,44,36,36,25,15,8,8,4,26,0,0],"gold":513,"neow_bonus":"TEN_PERCENT_HP_BONUS","is_daily":false,"chose_seed":false,"campfire_upgraded":4,"win_rate":0.0,"timestamp":1607982474,"path_taken":["M","M","M","M","?","R","E","$","T","M","E","R","M","M","R","BOSS","M","$","?","M","M","R","?","R","T","E","$","E","R","?","R","BOSS","M","$","?","?","?","E","R","M","T","?","E","M","$","M","R","BOSS"],"items_purchased_type":["Card","Card","Potion","Relic","Card","Relic","Potion","Potion","Relic","Potion","Relic","Relic","Relic","Relic"],"build_version":"2020-12-13","purchased_purges":5,"victory":false,"max_hp_per_floor":[82,82,82,82,74,74,74,74,74,74,74,74,74,74,74,74,74,74,74,74,74,74,74,74,74,74,74,74,74,74,74,74,74,74,74,74,74,74,74,74,74,74,74,74,74,74,74,74,74,74,74],"relic_stats":{"Happy Flower":[11],"Gremlin Horn":[2,2],"counters":[24,84],"Pen Nib":[0],"Ginger":[4],"War Paint":["hierophant:MorningPrayer","hierophant:MorningPrayer"],"Smiling Mask":101,"Question Card":8,"Lizard Tail":37,"Mummified Hand":[2],"Pandora\u0027s Box":["hierophant:HolyVerse","hierophant:HolyVerse","hierophant:Empathy","hierophant:Community","hierophant:MorningPrayer","hierophant:DisplayOfPower","hierophant:OrnateJavelin"],"HandDrill":[10],"obtain_stats":[{"Ice Cream":43,"Happy Flower":28,"Gremlin Horn":36,"Golden Idol":5,"hierophant:PropheticMaskRelic":0,"Pen Nib":45,"Ginger":29,"War Paint":27,"Smiling Mask":7,"Question Card":40,"Sling":47,"Lizard Tail":11,"HornCleat":9,"Mummified Hand":47,"hierophant:DonationBoxRelic":26,"Pandora\u0027s Box":17,"Philosopher\u0027s Stone":34,"HandDrill":36,"Membership Card":19,"TungstenRod":47},{"Ice Cream":20,"Happy Flower":14,"Gremlin Horn":17,"Golden Idol":4,"hierophant:PropheticMaskRelic":0,"Pen Nib":21,"Ginger":15,"War Paint":14,"Smiling Mask":5,"Question Card":19,"Sling":22,"Lizard Tail":7,"HornCleat":5,"Mummified Hand":22,"hierophant:DonationBoxRelic":13,"Pandora\u0027s Box":10,"Philosopher\u0027s Stone":16,"HandDrill":17,"Membership Card":11,"TungstenRod":22},{"Ice Cream":71,"Happy Flower":49,"Gremlin Horn":60,"Golden Idol":11,"hierophant:PropheticMaskRelic":0,"Pen Nib":75,"Ginger":54,"War Paint":49,"Smiling Mask":14,"Question Card":69,"Sling":78,"Lizard Tail":22,"HornCleat":14,"Mummified Hand":78,"hierophant:DonationBoxRelic":45,"Pandora\u0027s Box":32,"Philosopher\u0027s Stone":57,"HandDrill":60,"Membership Card":36,"TungstenRod":78}],"TungstenRod":4},"card_choices":[{"not_picked":["hierophant:PassingBell","hierophant:Racketeering"],"picked":"hierophant:HolyVerse","floor":1},{"not_picked":["hierophant:FlamingChariot","hierophant:Purify"],"picked":"hierophant:Smite","floor":2},{"not_picked":["hierophant:OrnateBuckler","hierophant:HammerAndAnvil"],"picked":"hierophant:MorningPrayer","floor":3},{"not_picked":["hierophant:Encroach","hierophant:RepressedViolence"],"picked":"hierophant:HammerAndAnvil","floor":4},{"not_picked":["hierophant:DivineIntervention","hierophant:ArchangelShield"],"picked":"hierophant:Exaltation","floor":7},{"not_picked":["hierophant:Shelter","hierophant:Rebuild","hierophant:HolyVerse"],"picked":"SKIP","floor":10},{"not_picked":["hierophant:TollTheBells","hierophant:RecallFunds"],"picked":"hierophant:Smite","floor":11},{"not_picked":["hierophant:HolyVerse","hierophant:Remorse","hierophant:SealAway"],"picked":"SKIP","floor":13},{"not_picked":["hierophant:Remorse","hierophant:SealAway"],"picked":"hierophant:PassingBell","floor":14},{"not_picked":["hierophant:Invocation","hierophant:Anathema"],"picked":"hierophant:BulkyChest","floor":16},{"not_picked":["hierophant:FieryStrike+1","hierophant:Repentance"],"picked":"hierophant:MirrorShield","floor":18},{"not_picked":["hierophant:EyeForCoin","hierophant:ConvertCurrency"],"picked":"hierophant:Exaltation","floor":21},{"not_picked":["hierophant:PassingBell","hierophant:SolarFlare"],"picked":"hierophant:HammerAndAnvil","floor":22},{"not_picked":["hierophant:MintersHammer","hierophant:Remorse"],"picked":"hierophant:MorningPrayer","floor":27},{"not_picked":["hierophant:Embezzle","hierophant:Encroach"],"picked":"hierophant:RustyCrate+1","floor":29},{"not_picked":["hierophant:Batter","hierophant:Generosity"],"picked":"hierophant:Invocation","floor":33},{"not_picked":["hierophant:Charity","hierophant:Zeal","hierophant:RecallFunds"],"picked":"SKIP","floor":35},{"not_picked":["hierophant:OrnateJavelin","hierophant:HammerAndAnvil+1","hierophant:Purify"],"picked":"SKIP","floor":38},{"not_picked":["hierophant:Determination","hierophant:Doomsaying","hierophant:FaithHealing"],"picked":"SKIP","floor":40},{"not_picked":["hierophant:Chorus","hierophant:HolyVerse","hierophant:ThreeLashes","hierophant:Sermon"],"picked":"SKIP","floor":42},{"not_picked":["hierophant:Sermon","hierophant:Blessing","hierophant:ThreeLashes+1","hierophant:DeathKnell"],"picked":"SKIP","floor":45},{"not_picked":["hierophant:OrnateJavelin","hierophant:Shelter","hierophant:Purify"],"picked":"hierophant:OrnateBuckler+1","floor":46},{"not_picked":["hierophant:HammerAndAnvil","hierophant:RustyCrate+1","hierophant:Zeal","hierophant:Remorse"],"picked":"SKIP","floor":48}],"player_experience":1842508,"relics_obtained":[{"floor":7,"key":"Smiling Mask"},{"floor":9,"key":"HornCleat"},{"floor":11,"key":"Lizard Tail"},{"floor":26,"key":"hierophant:DonationBoxRelic"},{"floor":27,"key":"War Paint"},{"floor":29,"key":"Ginger"},{"floor":40,"key":"Question Card"},{"floor":43,"key":"Ice Cream"},{"floor":45,"key":"Pen Nib"}],"event_choices":[{"damage_healed":0,"gold_gain":0,"player_choice":"Lose Max HP","damage_taken":0,"relics_obtained":["Golden Idol"],"max_hp_gain":0,"max_hp_loss":8,"event_name":"Golden Idol","floor":5,"gold_loss":0},{"damage_healed":0,"gold_gain":0,"player_choice":"Ignored","damage_taken":0,"max_hp_gain":0,"max_hp_loss":0,"event_name":"The Mausoleum","floor":20,"gold_loss":0},{"damage_healed":0,"gold_gain":0,"player_choice":"Ignored","damage_taken":0,"max_hp_gain":0,"max_hp_loss":0,"event_name":"Ghosts","floor":24,"gold_loss":0},{"damage_healed":0,"gold_gain":50,"player_choice":"Stole From Cult","damage_taken":0,"max_hp_gain":0,"max_hp_loss":0,"event_name":"Nest","floor":31,"gold_loss":0},{"cards_removed":["hierophant:Doubloon"],"damage_healed":5,"gold_gain":0,"player_choice":"Offered Common","damage_taken":0,"max_hp_gain":0,"max_hp_loss":0,"event_name":"Bonfire Elementals","floor":37,"gold_loss":0},{"cards_removed":["hierophant:Doubloon"],"damage_healed":5,"gold_gain":0,"player_choice":"Offered Special","damage_taken":0,"max_hp_gain":0,"max_hp_loss":0,"event_name":"Bonfire Elementals","floor":37,"gold_loss":0},{"damage_healed":0,"gold_gain":333,"player_choice":"Gave Idol","damage_taken":0,"max_hp_gain":0,"max_hp_loss":0,"event_name":"The Moai Head","floor":39,"relics_lost":["Golden Idol"],"gold_loss":0},{"damage_healed":0,"gold_gain":0,"player_choice":"Damaged","damage_taken":11,"max_hp_gain":0,"max_hp_loss":0,"event_name":"Wheel of Change","floor":44,"gold_loss":0}],"is_beta":false,"boss_relics":[{"not_picked":["Empty Cage","Black Star"],"picked":"Pandora\u0027s Box"},{"not_picked":["Coffee Dripper","Fusion Hammer"],"picked":"Philosopher\u0027s Stone"}],"items_purged_floors":[8,19,28,36,47],"is_endless":false,"potions_floor_spawned":[3,4,16,21,33,38,45,46,48],"killed_by":"Donu and Deca","ascension_level":15}}