{"host":"y94psiiulyl24n05","time":1607921266,"event":{"mods":["AchievementEnabler","Aspiration","BaseMod","Better Altar","Better Match","Better Note","Better Sensory Stone","Better Skull","Better Third Choice","BetterRewards","Colored Map","Colored Powertips","Downfall","GifTheSpireLib","Googly Eyes","Halation","Highlight Path","Hubris","Mimic Mod","Minty Spire (QoL Compilation)","Replay The Spire","Shop Mod","Spicy Shops","StSLib","Stuff the Spire","Unceasing Turn Reminder","everything is the same but u backflip on backflip","slay the spire mod where everything is the same but ironclad has a cowboy hat"],"gold_per_floor":[109,127,145,145,160,160,186,197,242,242,254,269,269,280,280,280,280],"floor_reached":16,"playtime":1054,"items_purged":[],"score":131,"play_id":"89e2be7f-04c4-43d7-9195-ee329a3769eb","local_time":"20201214054746","is_ascension_mode":false,"campfire_choices":[{"data":"LessonLearned","floor":6.0,"key":"SMITH"},{"floor":10.0,"key":"REST"},{"floor":15.0,"key":"REST"}],"circlet_count":1,"master_deck":["Strike_P+1","Strike_P+1","Strike_P","Strike_P+1","Defend_P","Defend_P","Defend_P+1","Defend_P+1","Eruption+1","Vigilance","LessonLearned+1","Madness+1","Prostrate","Tantrum+1","Meditate","Madness","TalkToTheHand+1","SandsOfTime+1","Madness+1","Madness"],"relics":["PureWater","Circlet","Molten Egg 2"],"acts_visited":[],"potions_floor_usage":[],"damage_taken":[{"damage":2.0,"enemies":"Jaw Worm","floor":1.0,"turns":4.0},{"damage":0.0,"enemies":"Small Slimes","floor":2.0,"turns":5.0},{"damage":4.0,"enemies":"2 Louse","floor":3.0,"turns":2.0},{"damage":0.0,"enemies":"Looter","floor":5.0,"turns":1.0},{"damage":22.0,"enemies":"3 Sentries","floor":7.0,"turns":8.0},{"damage":20.0,"enemies":"Large Slime","floor":8.0,"turns":7.0},{"damage":1.0,"enemies":"2 Fungi Beasts","floor":11.0,"turns":2.0},{"damage":3.0,"enemies":"Gremlin Gang","floor":12.0,"turns":3.0},{"damage":8.0,"enemies":"Red Slaver","floor":14.0,"turns":3.0},{"damage":0,"enemies":"Fading Forest","floor":16,"turns":2}],"seed_played":"-4762115386042921332","potions_obtained":[{"floor":1.0,"key":"Fire Potion"},{"floor":3.0,"key":"FearPotion"},{"floor":7.0,"key":"EntropicBrew"},{"floor":14.0,"key":"PowerPotion"}],"is_trial":false,"path_per_floor":["M","M","M","?","M","R","E","M","T","R","M","M","?","M","R","B"],"character_chosen":"WATCHER","items_purchased":[],"campfire_rested":2,"item_purchase_floors":[],"current_hp_per_floor":[70,70,66,66,66,66,44,24,24,45,44,41,41,33,54,54,54],"gold":280,"neow_bonus":"ONE_RANDOM_RARE_CARD","is_daily":false,"chose_seed":false,"campfire_upgraded":1,"win_rate":0.0,"timestamp":1607921266,"path_taken":["M","M","M","?","M","R","E","M","T","R","M","M","?","M","R","BOSS"],"items_purchased_type":[],"build_version":"2020-12-13","purchased_purges":0,"victory":false,"max_hp_per_floor":[72,72,72,72,72,72,72,72,72,72,72,72,72,72,72,72,72],"card_choices":[{"not_picked":["JustLucky","Halt"],"picked":"Replay:Vibes","floor":1.0},{"not_picked":["JustLucky","Consecrate"],"picked":"Prostrate","floor":2.0},{"not_picked":["JustLucky","Protect"],"picked":"Tantrum","floor":3.0},{"not_picked":["TalkToTheHand","EmptyBody"],"picked":"Meditate","floor":5.0},{"not_picked":["Consecrate","Crescendo"],"picked":"Replay:AtTheReady","floor":7.0},{"not_picked":["Replay:Anticipation","ThirdEye"],"picked":"TalkToTheHand+1","floor":8.0},{"not_picked":["Replay:ManipulateFuture","Worship"],"picked":"SandsOfTime+1","floor":11.0},{"not_picked":["InnerPeace","Replay:Anticipation"],"picked":"Replay:BluntJabs+1","floor":12.0},{"not_picked":["LikeWater","Halt"],"picked":"Replay:Hum","floor":14.0}],"player_experience":152555,"relics_obtained":[{"floor":7.0,"key":"Molten Egg 2"},{"floor":9.0,"key":"ReplayFunnel"}],"event_choices":[],"is_beta":false,"boss_relics":[],"items_purged_floors":[],"is_endless":false,"potions_floor_spawned":[1,3,7,14],"killed_by":"Fading Forest","ascension_level":0}}