{"host":"og6lam4kt3nibbw0","time":1607906155,"event":{"mods":["AchievementEnabler","BaseMod","Colored Map","DeckTracker","Highlight Path","Keyboard Shortcuts","Minty Spire (QoL Compilation)","Permanent Neow","Quick Restart","StSLib","SuperFastMode"],"gold_per_floor":[118,131,56,56,106,141,141,159,184,184,213,230,248,261,261,261,261],"floor_reached":16,"playtime":334,"items_purged":["Strike_G"],"score":274,"play_id":"f33b272a-ab17-494b-bc81-757b1bf27018","local_time":"20201214093555","is_ascension_mode":true,"campfire_choices":[{"data":"Flechettes","floor":7.0,"key":"SMITH"},{"data":"Dagger Throw","floor":10.0,"key":"SMITH"},{"floor":15.0,"key":"REST"}],"circlet_count":0,"master_deck":["AscendersBane","Strike_G","Strike_G","Strike_G","Strike_G","Defend_G","Defend_G","Defend_G","Defend_G","Defend_G","Survivor","Neutralize","Escape Plan","Dagger Throw+1","Flechettes+1","Tactician"],"relics":["Ring of the Snake","NeowsBlessing","Bag of Preparation","Lantern","Art of War"],"acts_visited":["Exordium"],"potions_floor_usage":[16,16],"damage_taken":[{"damage":0.0,"enemies":"Jaw Worm","floor":1.0,"turns":1.0},{"damage":0.0,"enemies":"Small Slimes","floor":2.0,"turns":1.0},{"damage":0.0,"enemies":"Lagavulin","floor":6.0,"turns":1.0},{"damage":0.0,"enemies":"Cultist","floor":8.0,"turns":2.0},{"damage":30.0,"enemies":"3 Sentries","floor":11.0,"turns":12.0},{"damage":0.0,"enemies":"2 Fungi Beasts","floor":12.0,"turns":2.0},{"damage":0.0,"enemies":"Looter","floor":13.0,"turns":1.0},{"damage":2.0,"enemies":"Red Slaver","floor":14.0,"turns":3.0},{"damage":38,"enemies":"Slime Boss","floor":16,"turns":5}],"seed_played":"-6499356298474673799","potions_obtained":[{"floor":2.0,"key":"Explosive Potion"},{"floor":6.0,"key":"Dexterity Potion"},{"floor":13.0,"key":"FearPotion"},{"floor":14.0,"key":"Poison Potion"}],"is_trial":false,"path_per_floor":["M","M","$","?","?","E","R","M","T","R","E","M","M","M","R","B"],"character_chosen":"THE_SILENT","items_purchased":[],"campfire_rested":1,"item_purchase_floors":[],"current_hp_per_floor":[59,59,59,59,59,59,59,59,59,59,29,29,29,27,46,8,8],"gold":261,"neow_bonus":"THREE_ENEMY_KILL","is_daily":false,"chose_seed":false,"campfire_upgraded":2,"win_rate":0.0,"timestamp":1607906155,"path_taken":["M","M","$","?","?","E","R","M","T","R","E","M","?","M","R","BOSS"],"items_purchased_type":[],"build_version":"2020-12-13","purchased_purges":1,"victory":false,"max_hp_per_floor":[66,66,66,66,66,66,66,66,66,66,66,66,66,66,66,66,66],"card_choices":[{"not_picked":["Quick Slash","Dagger Spray"],"picked":"Escape Plan","floor":1.0},{"not_picked":["Finisher","Sucker Punch"],"picked":"Dagger Throw","floor":2.0},{"not_picked":["All Out Attack","Tools of the Trade"],"picked":"Flechettes","floor":6.0},{"not_picked":["Dodge and Roll","Accuracy","Underhanded Strike"],"picked":"SKIP","floor":8.0},{"not_picked":["PiercingWail","Acrobatics"],"picked":"Tactician","floor":11.0},{"not_picked":["Slice","Dodge and Roll","PiercingWail"],"picked":"SKIP","floor":12.0},{"not_picked":["PiercingWail","Blade Dance","Bane"],"picked":"SKIP","floor":13.0},{"not_picked":["Footwork","Dash","Dodge and Roll"],"picked":"SKIP","floor":14.0}],"player_experience":738909,"relics_obtained":[{"floor":6.0,"key":"Bag of Preparation"},{"floor":9.0,"key":"Lantern"},{"floor":11.0,"key":"Art of War"}],"event_choices":[{"damage_healed":0.0,"max_hp_gain":0.0,"max_hp_loss":0.0,"gold_gain":0.0,"event_name":"Scrap Ooze","player_choice":"Fled","floor":4.0,"gold_loss":0.0,"damage_taken":0.0},{"damage_healed":0.0,"max_hp_gain":0.0,"max_hp_loss":0.0,"gold_gain":50.0,"event_name":"Golden Shrine","player_choice":"Pray","floor":5.0,"gold_loss":0.0,"damage_taken":0.0}],"is_beta":false,"boss_relics":[],"items_purged_floors":[3],"is_endless":false,"potions_floor_spawned":[2,6,11,13,14],"killed_by":"Slime Boss","ascension_level":20}}