{"host":"a8v0czv88scrgx5i","time":1607921113,"event":{"mods":["2.2 Compatiblity","Act Like it!","Aspiration","Astrologer","Bard","BaseMod","Beaked The Cultist","Better Third Choice","BetterRewards","Colored Map","Colored Powertips","Dota2Spire","Downfall","Friendly Minions","GifTheSpireLib","GungeonMod","Hermit","Hubris","Infinite Spire","Luminous","Marisa????????","Minty Spire (QoL Compilation)","READ ME - Guardian Mod","Rare Cards Sparkle","Relic Sorter","Replay The Spire","Shade Mod","Shop Mod","StSLib","The Animator","The Blackbeard","The Bug Knight","The Construct","The Cursed","The Disciple","The Elementalist","The Hierophant","The Jungle","The Mystic","The Necromancer","The Runesmith","The Servant 0.9.4","The Spell Scribe","vexMod"],"gold_per_floor":[99,119,44,44,60,89,89,89,116,41,56,156,173,193,206,206,206],"floor_reached":16,"playtime":675,"items_purged":[],"score":112,"play_id":"e61a25a7-29a1-43c5-a27d-6ea495053ac0","local_time":"20201213234513","is_ascension_mode":false,"campfire_choices":[{"floor":1,"key":"RECALL"},{"data":"Guardian:Emergency","floor":3,"key":"SMITH"},{"floor":8,"key":"REST"},{"floor":10,"key":"REST"}],"circlet_count":0,"master_deck":["Guardian:Strike_Guardian","Guardian:Strike_Guardian","Guardian:Strike_Guardian","Guardian:Strike_Guardian","Guardian:Defend_Guardian","Guardian:Defend_Guardian","Guardian:Defend_Guardian","Guardian:Defend_Guardian","Guardian:CurlUp","Guardian:TwinSlam","Guardian:Emergency+1","Guardian:Clone","Guardian:FuturePlans","Guardian:TimeCapacitor","Guardian:ChargeUp","Guardian:TimeCapacitor","Guardian:MultiBeam","Guardian:ChargeCore"],"relics":["Velvet Choker","downfall:HeartBlessingRed","Dream Catcher","InkBottle","hubris:MedicalManual","Bronze Scales","downfall:HeartBlessingGreen"],"acts_visited":["Exordium"],"potions_floor_usage":[6,14,15,16],"damage_taken":[{"damage":1,"enemies":"Jaw Worm","floor":2,"turns":4},{"damage":0,"enemies":"2 Louse","floor":5,"turns":3},{"damage":42,"enemies":"Lagavulin","floor":6,"turns":7},{"damage":54,"enemies":"Gremlin Nob","floor":9,"turns":6},{"damage":0,"enemies":"Cultist","floor":11,"turns":4},{"damage":0,"enemies":"Large Slime","floor":13,"turns":6},{"damage":0,"enemies":"3 Louse","floor":14,"turns":2},{"damage":1,"enemies":"Exordium Wildlife","floor":15,"turns":4},{"damage":32,"enemies":"downfall:Defect","floor":16,"turns":6}],"seed_played":"-5777119505655094976","potions_obtained":[{"floor":5,"key":"hexamod:EctoCoolerPotion"},{"floor":11,"key":"hexamod:EctoCoolerPotion"},{"floor":13,"key":"Explosive Potion"},{"floor":14,"key":"Dexterity Potion"}],"is_trial":false,"path_per_floor":["R","M","R","?","M","E","T","R","E","R","M","?","M","M","M","B"],"character_chosen":"GUARDIAN","items_purchased":[],"campfire_rested":2,"item_purchase_floors":[],"current_hp_per_floor":[80,79,79,79,79,37,37,61,7,31,31,31,31,31,30,0,0],"gold":206,"neow_bonus":"BOSS_RELIC","is_daily":false,"chose_seed":false,"campfire_upgraded":1,"win_rate":0.0,"timestamp":1607921113,"path_taken":["R","M","R","?","M","E","T","R","E","R","M","?","?","M","M","BOSS"],"items_purchased_type":[],"build_version":"2020-12-13","purchased_purges":0,"victory":false,"max_hp_per_floor":[80,80,80,80,80,80,80,80,80,80,80,80,80,80,80,80,80],"card_choices":[{"not_picked":["Guardian:Suspension","Guardian:PiercingHide"],"picked":"Guardian:Emergency","floor":2},{"not_picked":["Guardian:PrismaticBarrier","Guardian:RollAttack"],"picked":"Guardian:Clone","floor":5},{"not_picked":["Guardian:Emergency","Guardian:Incinerate"],"picked":"Guardian:FuturePlans","floor":6},{"not_picked":["Guardian:Gem_Cyan","Guardian:Recover"],"picked":"Guardian:TimeCapacitor","floor":8},{"not_picked":["Guardian:Recover","Guardian:RollAttack"],"picked":"Guardian:ChargeUp","floor":9},{"not_picked":["Guardian:RefractedBeam","Guardian:CrystalBeam"],"picked":"Guardian:TimeCapacitor","floor":10},{"not_picked":["Guardian:Preprogram","Guardian:Gem_Blue","Guardian:PiercingHide"],"picked":"SKIP","floor":11},{"not_picked":["Guardian:CrystalBeam","Guardian:PiercingHide","Guardian:RollAttack"],"picked":"SKIP","floor":13},{"not_picked":["Guardian:RollAttack","Guardian:Reroute"],"picked":"Guardian:MultiBeam","floor":14},{"not_picked":["Guardian:GuardianWhirl","Guardian:FloatingOrbs"],"picked":"Guardian:ChargeCore","floor":15}],"player_experience":930937,"relics_obtained":[{"floor":4,"key":"Dream Catcher"},{"floor":6,"key":"InkBottle"},{"floor":7,"key":"hubris:MedicalManual"},{"floor":9,"key":"Bronze Scales"}],"event_choices":[],"is_beta":false,"boss_relics":[],"items_purged_floors":[],"is_endless":false,"potions_floor_spawned":[5,11,13,14],"killed_by":"downfall:Defect","ascension_level":0}}