{"host":"Fredi","time":1607931897,"event":{"mods":["AchievementEnabler","Act Like it!","BaseMod","Better Altar","Better Match","Better Note","Better Sensory Stone","Better Skull","Better Third Choice","Block Reminder","Colored Map","Colored Powertips","Custom Start","Downfall","Gensokyo","Hermit","Highlight Path","Mimic Mod","Minty Spire (QoL Compilation)","Permanent Neow","Quick Restart","Rare Cards Sparkle","Relic Stats","Shop Mod","StSLib","The Cursed","The Runesmith","Transform Curses","Wandering Minibosses","everything is the same but u backflip on backflip"],"gold_per_floor":[112,129,143,156,81,81,99,99,132,162,162,189,189,189,189],"floor_reached":14,"playtime":1024,"items_purged":["Injury"],"score":105,"play_id":"0eace8f5-acc9-4893-97d3-578d81e60501","local_time":"20201213234457","is_ascension_mode":true,"campfire_choices":[{"floor":6,"key":"RECALL"},{"floor":8,"key":"REST"}],"circlet_count":0,"master_deck":["Strike_R","Strike_R","Strike_R","Strike_R","Strike_R","Defend_R","Defend_R","Defend_R","Defend_R","Bash","expansioncontent:Corrupt","Dark Embrace","Pummel","Dark Embrace","Infernal Blade","Feel No Pain","Disarm","Seek"],"relics":["Burning Blood","Strawberry","White Beast Statue"],"acts_visited":["Exordium"],"potions_floor_usage":[9,10],"damage_taken":[{"damage":0,"enemies":"Small Slimes","floor":1,"turns":4},{"damage":0,"enemies":"2 Louse","floor":2,"turns":3},{"damage":32,"enemies":"Jaw Worm","floor":3,"turns":8},{"damage":24,"enemies":"Blue Slaver","floor":4,"turns":8},{"damage":34,"enemies":"Lots of Slimes","floor":7,"turns":7},{"damage":13,"enemies":"Gremlin Gang","floor":9,"turns":9},{"damage":23,"enemies":"Lagavulin","floor":10,"turns":7},{"damage":35,"enemies":"Gremlin Nob","floor":12,"turns":5},{"damage":22,"enemies":"Lagavulin","floor":14,"turns":8}],"seed_played":"-521232871079050722","potions_obtained":[{"floor":3,"key":"Regen Potion"},{"floor":4,"key":"champ:CounterPotion"}],"is_trial":false,"path_per_floor":["M","M","M","M","$","R","M","R","MIM","E","?","E","?","E"],"character_chosen":"IRONCLAD","items_purchased":[],"campfire_rested":1,"item_purchase_floors":[],"current_hp_per_floor":[80,80,54,36,36,36,8,32,40,30,59,30,21,0,0],"gold":189,"neow_bonus":"RANDOM_COLORLESS_2","is_daily":false,"chose_seed":false,"campfire_upgraded":0,"win_rate":0.0,"timestamp":1607931897,"path_taken":["M","M","M","M","$","R","M","R","MIM","E","?","E","?","E"],"items_purchased_type":[],"build_version":"2020-12-07","purchased_purges":1,"victory":false,"max_hp_per_floor":[80,80,80,80,80,80,80,80,80,87,87,87,87,87,87],"relic_stats":{"counters":[9,59],"obtain_stats":[{"Strawberry":10,"Burning Blood":0,"White Beast Statue":12},{"Strawberry":7,"Burning Blood":0,"White Beast Statue":8},{"Strawberry":46,"Burning Blood":0,"White Beast Statue":51}],"Burning Blood":36},"card_choices":[{"not_picked":["Mayhem","Transmutation"],"picked":"expansioncontent:Corrupt","floor":0},{"not_picked":["Shrug It Off","Flex"],"picked":"Dark Embrace","floor":1},{"not_picked":["Carnage","Dropkick"],"picked":"Pummel","floor":2},{"not_picked":["Perfected Strike","Heavy Blade"],"picked":"Dark Embrace","floor":3},{"not_picked":["Wild Strike","Shrug It Off","Heavy Blade"],"picked":"SKIP","floor":4},{"not_picked":["Rupture","Shrug It Off","Clash"],"picked":"SKIP","floor":7},{"not_picked":["Sword Boomerang","Sentinel"],"picked":"Infernal Blade","floor":9},{"not_picked":["Havoc","Infernal Blade"],"picked":"Feel No Pain","floor":10},{"not_picked":["Pommel Strike","Wild Strike"],"picked":"Disarm","floor":12}],"player_experience":224417,"relics_obtained":[{"floor":10,"key":"Strawberry"},{"floor":12,"key":"White Beast Statue"}],"event_choices":[{"damage_healed":29,"gold_gain":0,"player_choice":"Banana","damage_taken":0,"max_hp_gain":0,"max_hp_loss":0,"event_name":"Big Fish","floor":11,"gold_loss":0},{"damage_healed":0,"gold_gain":0,"player_choice":"Card ","damage_taken":9,"max_hp_gain":0,"max_hp_loss":0,"event_name":"betterThird:BetterScrap","floor":13,"gold_loss":0,"cards_obtained":["Seek"]}],"is_beta":true,"boss_relics":[],"items_purged_floors":[5],"is_endless":false,"potions_floor_spawned":[3,4],"killed_by":"Lagavulin","ascension_level":1}}