{"host":"lstuuc6roym1046h","time":1607971347,"event":{"mods":["AchievementEnabler","BaseMod","Minty Spire (QoL Compilation)","Relic Stats","StSLib"],"gold_per_floor":[118,118,138,154,154,188,213,213,213],"floor_reached":8,"playtime":428,"items_purged":[],"score":116,"play_id":"d4c461ff-6bed-4a36-965f-6fed7a52684e","local_time":"20201214184227","is_ascension_mode":true,"campfire_choices":[],"circlet_count":0,"master_deck":["AscendersBane","Strike_G","Strike_G","Strike_G","Strike_G","Strike_G","Defend_G","Defend_G","Defend_G","Defend_G","Defend_G","Survivor","Neutralize+1","Riddle With Holes+1","Deadly Poison","Sucker Punch","PiercingWail"],"relics":["Ring of the Snake","Golden Idol","Pear"],"acts_visited":["Exordium"],"potions_floor_usage":[8,8],"damage_taken":[{"damage":0,"enemies":"Cultist","floor":1,"turns":4},{"damage":2,"enemies":"Small Slimes","floor":3,"turns":5},{"damage":4,"enemies":"Jaw Worm","floor":4,"turns":3},{"damage":32,"enemies":"3 Sentries","floor":6,"turns":9},{"damage":14,"enemies":"Exordium Thugs","floor":7,"turns":5},{"damage":19,"enemies":"Lagavulin","floor":8,"turns":5}],"seed_played":"7791483039840135467","potions_obtained":[{"floor":1,"key":"SpeedPotion"},{"floor":7,"key":"SteroidPotion"}],"is_trial":false,"path_per_floor":["M","?","M","M","?","E","M","E"],"character_chosen":"THE_SILENT","items_purchased":[],"campfire_rested":0,"item_purchase_floors":[],"current_hp_per_floor":[59,59,57,53,53,31,17,0,0],"gold":213,"neow_bonus":"UPGRADE_CARD","is_daily":false,"chose_seed":false,"campfire_upgraded":0,"win_rate":0.0,"timestamp":1607971347,"path_taken":["M","?","M","?","?","E","M","E"],"items_purchased_type":[],"build_version":"2020-12-13","purchased_purges":0,"victory":false,"max_hp_per_floor":[66,66,66,66,60,70,70,70,70],"relic_stats":{"counters":[6,31],"Golden Idol":12,"obtain_stats":[{"Pear":6,"Golden Idol":5,"Ring of the Snake":0},{"Pear":4,"Golden Idol":3,"Ring of the Snake":0},{"Pear":21,"Golden Idol":12,"Ring of the Snake":0}],"Ring of the Snake":[12]},"card_choices":[{"not_picked":["PiercingWail","Flying Knee"],"picked":"Riddle With Holes","floor":1},{"not_picked":["Terror","Flying Knee"],"picked":"Deadly Poison","floor":3},{"not_picked":["Deflect","Riddle With Holes"],"picked":"Sucker Punch","floor":4},{"not_picked":["Night Terror","Accuracy","Escape Plan"],"picked":"SKIP","floor":6},{"not_picked":["Escape Plan","Outmaneuver"],"picked":"PiercingWail","floor":7}],"player_experience":818909,"relics_obtained":[{"floor":6,"key":"Pear"}],"event_choices":[{"damage_healed":0,"gold_gain":0,"player_choice":"Upgraded","damage_taken":0,"max_hp_gain":0,"max_hp_loss":0,"event_name":"Upgrade Shrine","floor":2,"gold_loss":0,"cards_upgraded":["Riddle With Holes"]},{"damage_healed":0,"gold_gain":0,"player_choice":"Lose Max HP","damage_taken":0,"relics_obtained":["Golden Idol"],"max_hp_gain":0,"max_hp_loss":6,"event_name":"Golden Idol","floor":5,"gold_loss":0}],"is_beta":false,"boss_relics":[],"items_purged_floors":[],"is_endless":false,"potions_floor_spawned":[1,7],"killed_by":"Lagavulin","ascension_level":20}}