{"host":"tknto047uabgu3zm","time":1607908317,"event":{"mods":["AchievementEnabler","BaseMod","Bestiary","Block Reminder","Colored Map","Colored Powertips","Highlight Path","Minty Spire (QoL Compilation)","MonsterHotkey","Permanent Neow","Random Character Button","Rare Cards Sparkle","Relic Sorter","Relic Stats","StSLib"],"gold_per_floor":[119,69,69,88,158,158,191,210,210,210,222,222,252,252,252,329,329,342,359,45,45,45,45,62,62,62,81,81,181,210,227,227,306,606,616,616,632,632,211,221,30,30,102,102,133,133,153,168,168,168],"floor_reached":51,"playtime":2787,"items_purged":["Strike_R"],"score":1253,"play_id":"4dc8f917-f333-40b2-a934-8eafa67eb182","local_time":"20201213171156","is_ascension_mode":true,"campfire_choices":[{"floor":6,"key":"REST"},{"data":"Uppercut","floor":10,"key":"SMITH"},{"data":"Inflame","floor":12,"key":"SMITH"},{"data":"Havoc","floor":15,"key":"SMITH"},{"floor":23,"key":"REST"},{"data":"Warcry","floor":25,"key":"SMITH"},{"data":"Carnage","floor":28,"key":"SMITH"},{"data":"Limit Break","floor":32,"key":"SMITH"},{"data":"Feel No Pain","floor":42,"key":"SMITH"},{"data":"Barricade","floor":49,"key":"SMITH"}],"circlet_count":0,"master_deck":["AscendersBane","Strike_R","Strike_R","Strike_R","Strike_R","Defend_R","Defend_R","Defend_R","Bash","Reaper","Carnage+1","Uppercut+1","Inflame+1","Fire Breathing","Dropkick","Havoc+1","Feed","True Grit+1","Warcry+1","Feel No Pain+1","Necronomicurse","Shrug It Off","Disarm","Limit Break+1","Barricade+1","CurseOfTheBell","Evolve","Dark Shackles","Feel No Pain+1","Barricade+1","Juggernaut+1","Madness","Madness","Feel No Pain+1"],"relics":["Burning Blood","StrikeDummy","Ornamental Fan","Bottled Flame","Blue Candle","Mark of Pain","Membership Card","Kunai","Necronomicon","CaptainsWheel","FossilizedHelix","Molten Egg 2","Strawberry","Calling Bell","Orichalcum","Mercury Hourglass","Old Coin","Frozen Egg 2","Medical Kit","Torii","Singing Bowl","Ice Cream","Sundial","Mummified Hand"],"acts_visited":["Exordium","TheCity","TheBeyond"],"potions_floor_usage":[16,18,27,29,37,45,50],"damage_taken":[{"damage":14,"enemies":"2 Louse","floor":1,"turns":4},{"damage":12,"enemies":"Small Slimes","floor":4,"turns":3},{"damage":8,"enemies":"Gremlin Nob","floor":7,"turns":3},{"damage":11,"enemies":"Jaw Worm","floor":8,"turns":3},{"damage":11,"enemies":"Red Slaver","floor":11,"turns":3},{"damage":25,"enemies":"Lagavulin","floor":13,"turns":5},{"damage":48,"enemies":"The Guardian","floor":16,"turns":9},{"damage":22,"enemies":"Shell Parasite","floor":18,"turns":4},{"damage":39,"enemies":"2 Thieves","floor":19,"turns":4},{"damage":0,"enemies":"Cultist and Chosen","floor":24,"turns":3},{"damage":15,"enemies":"Shelled Parasite and Fungi","floor":27,"turns":4},{"damage":17,"enemies":"Colosseum Slavers","floor":29,"turns":4},{"damage":6,"enemies":"Colosseum Nobs","floor":29,"turns":4},{"damage":13,"enemies":"Slavers","floor":30,"turns":4},{"damage":10,"enemies":"Snake Plant","floor":31,"turns":4},{"damage":34,"enemies":"Champ","floor":33,"turns":9},{"damage":0,"enemies":"3 Shapes","floor":35,"turns":6},{"damage":14,"enemies":"3 Darklings","floor":37,"turns":5},{"damage":13,"enemies":"4 Shapes","floor":40,"turns":6},{"damage":19,"enemies":"Giant Head","floor":45,"turns":8},{"damage":0,"enemies":"Maw","floor":47,"turns":7},{"damage":1,"enemies":"Writhing Mass","floor":48,"turns":6},{"damage":90,"enemies":"Awakened One","floor":50,"turns":11}],"seed_played":"469735289985151550","potions_obtained":[{"floor":4,"key":"Swift Potion"},{"floor":11,"key":"Fire Potion"},{"floor":19,"key":"BlessingOfTheForge"},{"floor":24,"key":"FearPotion"},{"floor":27,"key":"Block Potion"},{"floor":30,"key":"Dexterity Potion"},{"floor":31,"key":"Block Potion"},{"floor":37,"key":"ElixirPotion"},{"floor":40,"key":"Weak Potion"}],"is_trial":false,"path_per_floor":["M","?","?","M","?","R","E","M","T","R","M","R","E","?","R","B",null,"M","M","$","?","?","R","M","R","T","M","R","?","E","M","R","B",null,"M","T","M","?","$","M","$","R","T","?","E","?","M","M","R","B",null],"character_chosen":"IRONCLAD","items_purchased":["Membership Card","Feel No Pain","Kunai","Feel No Pain+1","Medical Kit","Torii","Singing Bowl","Ice Cream","Juggernaut+1"],"campfire_rested":2,"item_purchase_floors":[20,20,20,39,39,39,39,41,41],"current_hp_per_floor":[50,50,38,40,40,62,60,61,61,61,65,65,46,51,51,16,64,50,28,28,12,12,36,76,76,76,83,83,79,93,92,92,81,95,102,102,97,97,97,105,105,105,105,92,100,100,110,112,112,107],"gold":168,"neow_bonus":"THREE_RARE_CARDS","is_daily":false,"chose_seed":false,"campfire_upgraded":8,"win_rate":0.0,"timestamp":1607908316,"path_taken":["M","?","?","M","?","R","E","M","T","R","M","R","E","?","R","BOSS","M","M","$","?","?","R","M","R","T","M","R","?","E","?","R","BOSS","M","?","M","?","$","M","$","R","T","?","E","?","M","M","R","BOSS"],"items_purchased_type":["Relic","Card","Relic","Card","Relic","Relic","Relic","Relic","Card"],"build_version":"2020-12-13","purchased_purges":1,"victory":true,"max_hp_per_floor":[75,75,75,75,75,75,75,75,75,75,75,75,75,80,80,80,80,80,80,80,80,80,80,80,80,80,83,83,83,93,96,96,99,99,102,102,105,105,105,105,105,105,105,105,105,105,110,112,112,115],"relic_stats":{"Torii":8,"Singing Bowl":4,"counters":[23,119],"Blue Candle":[53],"Orichalcum":[18],"Medical Kit":[6],"Burning Blood":121,"Mercury Hourglass":[207],"Ornamental Fan":[132],"Sundial":[2],"Mummified Hand":[27],"Necronomicon":[42],"Kunai":[28],"obtain_stats":[{"Ice Cream":41,"Torii":39,"Singing Bowl":39,"Blue Candle":13,"Orichalcum":34,"Frozen Egg 2":36,"Medical Kit":39,"Burning Blood":0,"Mercury Hourglass":34,"Old Coin":34,"Calling Bell":34,"Bottled Flame":9,"CaptainsWheel":26,"Ornamental Fan":7,"Sundial":43,"Mummified Hand":45,"Strawberry":30,"Molten Egg 2":29,"Mark of Pain":17,"Necronomicon":21,"Membership Card":20,"Kunai":20,"StrikeDummy":3,"FossilizedHelix":29},{"Ice Cream":19,"Torii":18,"Singing Bowl":18,"Blue Candle":6,"Orichalcum":16,"Frozen Egg 2":17,"Medical Kit":18,"Burning Blood":0,"Mercury Hourglass":16,"Old Coin":16,"Calling Bell":16,"Bottled Flame":4,"CaptainsWheel":10,"Ornamental Fan":3,"Sundial":19,"Mummified Hand":20,"Strawberry":14,"Molten Egg 2":13,"Mark of Pain":7,"Necronomicon":9,"Membership Card":9,"Kunai":9,"StrikeDummy":1,"FossilizedHelix":13},{"Ice Cream":87,"Torii":81,"Singing Bowl":81,"Blue Candle":21,"Orichalcum":70,"Frozen Egg 2":76,"Medical Kit":81,"Burning Blood":0,"Mercury Hourglass":70,"Old Coin":70,"Calling Bell":70,"Bottled Flame":13,"CaptainsWheel":41,"Ornamental Fan":10,"Sundial":87,"Mummified Hand":95,"Strawberry":57,"Molten Egg 2":53,"Mark of Pain":30,"Necronomicon":38,"Membership Card":38,"Kunai":38,"StrikeDummy":4,"FossilizedHelix":53}]},"card_choices":[{"not_picked":["Offering","Berserk"],"picked":"Reaper","floor":0},{"not_picked":["Thunderclap","Clash"],"picked":"Carnage","floor":1},{"not_picked":["Cleave","Havoc"],"picked":"Uppercut","floor":4},{"not_picked":["Wild Strike","Perfected Strike"],"picked":"Inflame","floor":7},{"not_picked":["Rupture","Clothesline"],"picked":"Fire Breathing","floor":8},{"not_picked":["Carnage","Rupture"],"picked":"Dropkick","floor":11},{"not_picked":["Fire Breathing","Clash"],"picked":"Havoc","floor":13},{"not_picked":["Offering","Brutality"],"picked":"Feed","floor":16},{"not_picked":["Body Slam","Thunderclap"],"picked":"True Grit+1","floor":18},{"not_picked":["Wild Strike","Anger+1"],"picked":"Warcry","floor":19},{"not_picked":["Dropkick","Iron Wave","Rupture"],"picked":"SKIP","floor":24},{"not_picked":["Perfected Strike","Uppercut","Flex"],"picked":"SKIP","floor":27},{"not_picked":["Warcry","Pummel+1"],"picked":"Shrug It Off","floor":29},{"not_picked":["Dropkick+1","Pommel Strike+1"],"picked":"Disarm","floor":30},{"not_picked":["Perfected Strike+1","Armaments"],"picked":"Limit Break","floor":31},{"not_picked":["Fiend Fire+1","Exhume"],"picked":"Barricade","floor":33},{"not_picked":["Thunderclap+1","Headbutt+1"],"picked":"Evolve","floor":35},{"not_picked":["Iron Wave+1","Flex","Bloodletting"],"picked":"SKIP","floor":37},{"not_picked":["Impatience","Madness"],"picked":"Dark Shackles","floor":38},{"not_picked":["Wild Strike+1","Twin Strike+1"],"picked":"Barricade+1","floor":40},{"not_picked":["Second Wind","Searing Blow+1"],"picked":"Feel No Pain+1","floor":45},{"not_picked":["Anger+1","Perfected Strike+1","Iron Wave+1"],"picked":"Singing Bowl","floor":47},{"not_picked":["Armaments","Anger+1","Searing Blow+1"],"picked":"Singing Bowl","floor":48}],"player_experience":438979,"relics_obtained":[{"floor":7,"key":"Ornamental Fan"},{"floor":9,"key":"Bottled Flame"},{"floor":13,"key":"Blue Candle"},{"floor":21,"key":"Necronomicon"},{"floor":26,"key":"CaptainsWheel"},{"floor":29,"key":"FossilizedHelix"},{"floor":29,"key":"Molten Egg 2"},{"floor":30,"key":"Strawberry"},{"floor":34,"key":"Orichalcum"},{"floor":34,"key":"Mercury Hourglass"},{"floor":34,"key":"Old Coin"},{"floor":36,"key":"Frozen Egg 2"},{"floor":43,"key":"Sundial"},{"floor":45,"key":"Mummified Hand"}],"event_choices":[{"cards_removed":["Defend_R"],"damage_healed":0,"gold_gain":0,"player_choice":"Card Removal","damage_taken":0,"max_hp_gain":0,"max_hp_loss":0,"event_name":"The Cleric","floor":2,"gold_loss":50},{"damage_healed":0,"gold_gain":0,"player_choice":"Success","damage_taken":12,"relics_obtained":["StrikeDummy"],"max_hp_gain":0,"max_hp_loss":0,"event_name":"Scrap Ooze","floor":3,"gold_loss":0},{"damage_healed":0,"gold_gain":70,"player_choice":"Gained Gold","damage_taken":0,"max_hp_gain":0,"max_hp_loss":0,"event_name":"Golden Wing","floor":5,"gold_loss":0},{"damage_healed":0,"gold_gain":0,"player_choice":"Donut","damage_taken":0,"max_hp_gain":5,"max_hp_loss":0,"event_name":"Big Fish","floor":14,"gold_loss":0},{"damage_healed":0,"gold_gain":0,"player_choice":"Obtained Book","damage_taken":16,"max_hp_gain":0,"max_hp_loss":0,"event_name":"Cursed Tome","floor":21,"gold_loss":0},{"damage_healed":0,"gold_gain":0,"player_choice":"Smashed Altar","damage_taken":0,"max_hp_gain":0,"max_hp_loss":0,"event_name":"Forgotten Altar","floor":22,"gold_loss":0,"cards_obtained":["Decay"]},{"damage_healed":0,"gold_gain":0,"player_choice":"Fight","damage_taken":0,"max_hp_gain":0,"max_hp_loss":0,"event_name":"Colosseum","floor":29,"gold_loss":0},{"damage_healed":0,"gold_gain":0,"player_choice":"Fought Nobs","damage_taken":0,"max_hp_gain":0,"max_hp_loss":0,"event_name":"Colosseum","floor":29,"gold_loss":0},{"damage_healed":0,"gold_gain":0,"player_choice":"Memory 1","damage_taken":0,"max_hp_gain":0,"max_hp_loss":0,"event_name":"SensoryStone","floor":38,"gold_loss":0},{"damage_healed":0,"gold_gain":0,"player_choice":"Embrace Madness","damage_taken":13,"max_hp_gain":0,"max_hp_loss":0,"event_name":"Winding Halls","floor":44,"gold_loss":0,"cards_obtained":["Madness","Madness"]},{"cards_removed":["Decay"],"damage_healed":0,"gold_gain":0,"player_choice":"Removed Curses","damage_taken":0,"max_hp_gain":0,"max_hp_loss":0,"event_name":"Fountain of Cleansing","floor":46,"gold_loss":0}],"is_beta":false,"boss_relics":[{"not_picked":["Black Blood","Black Star"],"picked":"Mark of Pain"},{"not_picked":["Pandora\u0027s Box","SacredBark"],"picked":"Calling Bell"}],"items_purged_floors":[39],"is_endless":false,"potions_floor_spawned":[4,11,19,24,27,30,31,37,40],"ascension_level":14}}