{"host":"rylkjufw9dlhr07b","time":1607977470,"event":{"mods":["AchievementEnabler","BaseMod","Better Note","BetterRewards","Hubris","Minty Spire (QoL Compilation)","Quick Restart","Replay The Spire","StSLib"],"gold_per_floor":[217,217,217,217,217,228,240,240,260,103,103,120,120,143,143,157,157,253,253,295,295,350,385,385,385,460,545,545,545,628,29,137,237,237,367,367],"floor_reached":35,"playtime":1549,"items_purged":[],"score":442,"play_id":"506caef2-d05d-4490-87e1-84acce086f66","local_time":"20201214212430","is_ascension_mode":true,"campfire_choices":[{"data":"Fusion","floor":8,"key":"SMITH"},{"floor":15,"key":"REST"},{"data":"Storm","floor":17,"key":"SMITH"},{"data":"Sunder","floor":25,"key":"SMITH"},{"floor":29,"key":"REST"},{"floor":34,"key":"REST"}],"circlet_count":0,"master_deck":["AscendersBane","Strike_B","Strike_B","Strike_B","Strike_B","Defend_B","Defend_B","Defend_B","Defend_B","Zap","Dualcast","Redo","Fusion+1","Storm+1","hubris:Ukulele","FIFO Queue","Swift Strike","Sunder+1","Undo","Ball Lightning","Compile Driver","Iron Wave","Chill","Melter","Beam Cell","Stack","Storm","Barrage","Glacier","Darkness","ReplayUltimateDefense","Leap","Storm"],"relics":["Cracked Core","hubris:Icosahedron","Centennial Puzzle","MealTicket","hubris:Backtick","Replay:Bandana","Prayer Wheel","Pen Nib","CeramicFish","FossilizedHelix","Blood Vial"],"acts_visited":["Exordium","TheCity"],"potions_floor_usage":[9,12,12,18,22,23,23,27,35,35],"damage_taken":[{"damage":6.0,"enemies":"2 Louse","floor":1.0,"turns":2.0},{"damage":7,"enemies":"Jaw Worm","floor":6,"turns":2},{"damage":1,"enemies":"Cultist","floor":7,"turns":3},{"damage":18,"enemies":"Large Slime","floor":9,"turns":8},{"damage":10,"enemies":"Gremlin Gang","floor":12,"turns":4},{"damage":1,"enemies":"Exordium Thugs","floor":16,"turns":3},{"damage":15,"enemies":"Hexaghost","floor":18,"turns":9},{"damage":25,"enemies":"Spheric Guardian","floor":20,"turns":5},{"damage":2,"enemies":"Chosen","floor":22,"turns":4},{"damage":31,"enemies":"Snake Plant","floor":23,"turns":3},{"damage":10,"enemies":"3 Cultists","floor":26,"turns":5},{"damage":40,"enemies":"Slavers","floor":27,"turns":5},{"damage":20,"enemies":"Chosen and Byrds","floor":30,"turns":6},{"damage":9,"enemies":"Cultist and Chosen","floor":32,"turns":5},{"damage":75,"enemies":"Pondfish","floor":35,"turns":10}],"seed_played":"516746928215138530","potions_obtained":[{"floor":1.0,"key":"SkillPotion"},{"floor":6,"key":"ColorlessPotion"},{"floor":12,"key":"FairyPotion"},{"floor":18,"key":"PowerPotion"},{"floor":20,"key":"AttackPotion"},{"floor":22,"key":"SkillPotion"},{"floor":26,"key":"Strength Potion"},{"floor":30,"key":"FearPotion"},{"floor":32,"key":"BlessingOfTheForge"}],"is_trial":false,"path_per_floor":["M","?","PTL","PTL","?","M","M","R","M","$","T","M","?","T","R","M","R","B",null,"M","?","M","M","?","R","M","E","T","R","M","$","M","?","R","B"],"character_chosen":"DEFECT","items_purchased":["FIFO Queue","Swift Strike","FossilizedHelix","Blood Vial","ReplayUltimateDefense"],"campfire_rested":3,"item_purchase_floors":[10,10,31,31,31],"current_hp_per_floor":[62,65,65,65,65,58,57,57,39,39,39,29,34,34,58,57,57,42,73,48,48,46,15,83,83,73,33,33,57,37,52,45,45,69,0,0],"gold":367,"neow_bonus":"HUNDRED_GOLD","is_daily":false,"chose_seed":false,"campfire_upgraded":3,"win_rate":0.0,"timestamp":1607977470,"path_taken":["M","?","PTL","PTL","?","M","M","R","M","$","T","?","?","?","R","?","R","BOSS","M","?","M","M","?","R","M","E","T","R","?","?","M","?","R","BOSS"],"items_purchased_type":["Card","Card","Relic","Relic","Card"],"build_version":"2020-12-13","purchased_purges":0,"victory":false,"max_hp_per_floor":[75,78,78,78,78,78,78,78,78,78,78,78,83,83,83,83,83,83,83,83,83,83,83,83,83,83,83,83,83,83,83,83,83,83,83,83],"card_choices":[{"not_picked":["ReplayTheSpireMod:System Scan","Time Bomb"],"picked":"Redo","floor":1.0},{"not_picked":["BasicCrystalCard","Rebound"],"picked":"Fusion","floor":6},{"not_picked":["Gash","Ball Lightning"],"picked":"Storm","floor":7},{"not_picked":["Genetic Algorithm","Coolheaded"],"picked":"hubris:Ukulele","floor":9},{"not_picked":["Genetic Algorithm","Double Energy"],"picked":"Sunder","floor":12},{"not_picked":["Steam","ReplaySort"],"picked":"Undo","floor":16},{"not_picked":["Seek","Fission"],"picked":"ReplayTheSpireMod:Fabricate Wheel","floor":18},{"not_picked":["Compile Driver","Gash"],"picked":"Ball Lightning","floor":20},{"not_picked":["BasicCrystalCard","Turbo+1"],"picked":"Compile Driver","floor":20},{"not_picked":["Redo","Stack"],"picked":"Chill","floor":22},{"not_picked":["Turbo","Beam Cell"],"picked":"Melter","floor":22},{"not_picked":["Beam Cell","Panic Button"],"picked":"ReplayGash","floor":23},{"not_picked":["Sweeping Beam","Biased Cognition"],"picked":"Beam Cell","floor":23},{"not_picked":["Capacitor","Barrage"],"picked":"Stack","floor":26},{"not_picked":["Hello World+1","Compile Driver"],"picked":"Storm","floor":26},{"not_picked":["Fusion+1","Rebound"],"picked":"Barrage","floor":27},{"not_picked":["Hyperbeam","Hologram"],"picked":"Glacier","floor":30},{"not_picked":["Hologram+1","Go for the Eyes"],"picked":"Darkness","floor":30},{"not_picked":["Compile Driver+1","Streamline"],"picked":"Leap","floor":32},{"not_picked":["Stack","Turbo"],"picked":"Storm","floor":32}],"player_experience":486686,"relics_obtained":[{"floor":11,"key":"Centennial Puzzle"},{"floor":14,"key":"MealTicket"},{"floor":27,"key":"Pen Nib"},{"floor":28,"key":"CeramicFish"}],"event_choices":[{"damage_healed":0,"gold_gain":0,"player_choice":"Donut","damage_taken":0,"max_hp_gain":5,"max_hp_loss":0,"event_name":"Big Fish","floor":13,"gold_loss":0},{"cards_removed":["Fusion"],"damage_healed":0,"gold_gain":0,"player_choice":"Take \u0026 Give","damage_taken":0,"max_hp_gain":0,"max_hp_loss":0,"event_name":"betterNote:BetterNote","floor":21,"gold_loss":0,"cards_obtained":["Iron Wave"]},{"cards_removed":["ReplayGash"],"damage_healed":68,"gold_gain":0,"player_choice":"Offered Uncommon","damage_taken":0,"max_hp_gain":0,"max_hp_loss":0,"event_name":"Bonfire Elementals","floor":24,"gold_loss":0},{"damage_healed":0,"gold_gain":100,"player_choice":"Pray","damage_taken":0,"max_hp_gain":0,"max_hp_loss":0,"event_name":"Golden Shrine","floor":33,"gold_loss":0}],"is_beta":false,"boss_relics":[{"not_picked":["Calling Bell","Ectoplasm"],"picked":"hubris:Backtick"}],"items_purged_floors":[],"is_endless":false,"potions_floor_spawned":[1,6,12,16,18,20,22,26,30,32],"killed_by":"Pondfish","ascension_level":11}}