{"host":"q9718omregw4er46","time":1607976232,"event":{"mods":["BaseMod","Bestiary","Colored Powertips","Custom Start","Highlight Path","Minty Spire (QoL Compilation)","Practice Mode","Quick Restart","Relic Stats"],"gold_per_floor":[119,136,150,150,75,101,101,112,112,8,34,49,67,81,81,159,159,179,197,207,223,223,223,223],"floor_reached":23,"playtime":1033,"items_purged":["Strike_B"],"score":404,"play_id":"6662a553-e79c-43f4-9f57-f2326a4dfeba","local_time":"20201215010352","is_ascension_mode":true,"campfire_choices":[{"floor":7.0,"key":"REST"},{"floor":15.0,"key":"REST"}],"circlet_count":0,"master_deck":["AscendersBane","Strike_B","Defend_B","Defend_B","Defend_B","Zap","Dualcast","Cold Snap","Melter","Go for the Eyes","Reboot","Coolheaded","Chill","Ball Lightning","Seek","Recycle+1","Loop","Biased Cognition"],"relics":["Cracked Core","NeowsBlessing","The Courier","Question Card","InkBottle","Bottled Lightning","Runic Pyramid"],"acts_visited":["Exordium","TheCity"],"potions_floor_usage":[20,21],"damage_taken":[{"damage":0.0,"enemies":"Cultist","floor":1.0,"turns":1.0},{"damage":0.0,"enemies":"Jaw Worm","floor":2.0,"turns":1.0},{"damage":0.0,"enemies":"2 Louse","floor":3.0,"turns":1.0},{"damage":24.0,"enemies":"Lagavulin","floor":6.0,"turns":8.0},{"damage":5.0,"enemies":"2 Fungi Beasts","floor":8.0,"turns":3.0},{"damage":33.0,"enemies":"Gremlin Nob","floor":11.0,"turns":4.0},{"damage":0.0,"enemies":"Looter","floor":12.0,"turns":3.0},{"damage":0.0,"enemies":"Large Slime","floor":13.0,"turns":6.0},{"damage":0.0,"enemies":"Blue Slaver","floor":14.0,"turns":6.0},{"damage":3.0,"enemies":"The Guardian","floor":16.0,"turns":14.0},{"damage":6.0,"enemies":"Chosen","floor":18.0,"turns":5.0},{"damage":0.0,"enemies":"Spheric Guardian","floor":19.0,"turns":3.0},{"damage":16,"enemies":"Chosen and Byrds","floor":20,"turns":4},{"damage":32,"enemies":"3 Cultists","floor":21,"turns":6},{"damage":13,"enemies":"Slavers","floor":23,"turns":1}],"seed_played":"-8506867382932855294","potions_obtained":[{"floor":1.0,"key":"Dexterity Potion"},{"floor":11.0,"key":"PotionOfCapacity"},{"floor":12.0,"key":"SteroidPotion"},{"floor":19.0,"key":"PowerPotion"},{"floor":20,"key":"ColorlessPotion"}],"is_trial":false,"path_per_floor":["M","M","M","?","?","E","R","M","T","$","E","M","M","M","R","B",null,"M","M","M","M","?","E"],"character_chosen":"DEFECT","items_purchased":["FocusPotion"],"campfire_rested":2,"item_purchase_floors":[10],"current_hp_per_floor":[64,64,64,53,53,29,50,45,45,45,12,12,12,12,33,30,61,55,55,39,7,7,0,0],"gold":223,"neow_bonus":"THREE_ENEMY_KILL","is_daily":false,"chose_seed":false,"campfire_upgraded":0,"win_rate":0.0,"timestamp":1607976232,"path_taken":["M","M","?","?","?","E","R","M","T","$","E","M","M","M","R","BOSS","M","M","M","M","?","E"],"items_purchased_type":["Potion"],"build_version":"2020-12-13","purchased_purges":1,"victory":false,"max_hp_per_floor":[71,71,71,71,71,71,71,71,71,71,71,71,71,71,71,71,71,71,71,71,71,71,71,71],"relic_stats":{"counters":[15,66],"Question Card":10,"obtain_stats":[{"NeowsBlessing":0,"The Courier":4,"Bottled Lightning":11,"Cracked Core":0,"Question Card":6,"InkBottle":9,"Runic Pyramid":17},{"NeowsBlessing":0,"The Courier":3,"Bottled Lightning":6,"Cracked Core":0,"Question Card":4,"InkBottle":5,"Runic Pyramid":10},{"NeowsBlessing":0,"The Courier":3,"Bottled Lightning":18,"Cracked Core":0,"Question Card":11,"InkBottle":14,"Runic Pyramid":47}],"InkBottle":[19]},"card_choices":[{"not_picked":["Storm","Sweeping Beam"],"picked":"Cold Snap","floor":1.0},{"not_picked":["Redo","Conserve Battery"],"picked":"Melter","floor":2.0},{"not_picked":["Turbo","Rebound"],"picked":"Go for the Eyes","floor":3.0},{"not_picked":["Conserve Battery","Heatsinks"],"picked":"Reboot","floor":6.0},{"not_picked":["Steam","Gash","Storm","Stack"],"picked":"SKIP","floor":8.0},{"not_picked":["Steam","Gash","Recycle"],"picked":"Coolheaded","floor":11.0},{"not_picked":["Aggregate","Blizzard","Double Energy"],"picked":"Chill","floor":12.0},{"not_picked":["Go for the Eyes","Rip and Tear","BootSequence"],"picked":"Ball Lightning","floor":13.0},{"not_picked":["Cold Snap","Sweeping Beam","Stack","Rebound"],"picked":"SKIP","floor":14.0},{"not_picked":["All For One","Meteor Strike","Buffer"],"picked":"Seek","floor":16.0},{"not_picked":["Tempest","Static Discharge","Streamline"],"picked":"Recycle+1","floor":18.0},{"not_picked":["Melter","Barrage","Steam","Heatsinks"],"picked":"SKIP","floor":19.0},{"not_picked":["Auto Shields","Conserve Battery","Rebound","Fusion"],"picked":"SKIP","floor":20},{"not_picked":["Consume","Beam Cell","Go for the Eyes","Melter"],"picked":"SKIP","floor":21}],"player_experience":1010985,"relics_obtained":[{"floor":6.0,"key":"Question Card"},{"floor":9.0,"key":"InkBottle"},{"floor":11.0,"key":"Bottled Lightning"}],"event_choices":[{"damage_healed":0.0,"max_hp_gain":0.0,"max_hp_loss":0.0,"gold_gain":0.0,"event_name":"Scrap Ooze","player_choice":"Success","floor":4.0,"gold_loss":0.0,"damage_taken":11.0,"relics_obtained":["The Courier"]},{"cards_removed":["Strike_B"],"damage_healed":0.0,"max_hp_gain":0.0,"max_hp_loss":0.0,"gold_gain":0.0,"event_name":"The Cleric","player_choice":"Card Removal","floor":5.0,"gold_loss":75.0,"damage_taken":0.0},{"damage_healed":0,"gold_gain":0,"cards_transformed":["Strike_B","Defend_B"],"player_choice":"Became Test Subject","damage_taken":0,"max_hp_gain":0,"max_hp_loss":0,"event_name":"Drug Dealer","floor":22,"gold_loss":0,"cards_obtained":["Loop","Biased Cognition"]}],"is_beta":false,"boss_relics":[{"not_picked":["Runic Dome","Calling Bell"],"picked":"Runic Pyramid"}],"items_purged_floors":[10],"is_endless":false,"potions_floor_spawned":[1,11,12,13,19,20],"killed_by":"Slavers","ascension_level":19}}