{"host":"28p8ce41sjwa6lzf","time":1607986955,"event":{"mods":["BaseMod","Colored Map","Colored Powertips","Highlight Path","Minty Spire (QoL Compilation)","Permanent Neow","Quick Restart","Random Character Button","Rare Cards Sparkle","Relic Stats","StSLib","Unceasing Turn Reminder"],"gold_per_floor":[365,365,515,528,35,65,65,96,96,112,112,125,125,140,140,140,140],"floor_reached":16,"playtime":705,"items_purged":["Doubt"],"score":220,"play_id":"75f04945-a5a4-4c0e-8c5c-205ed7ca99f2","local_time":"20201214170235","is_ascension_mode":true,"campfire_choices":[{"data":"Eruption","floor":11.0,"key":"SMITH"},{"data":"SashWhip","floor":13.0,"key":"SMITH"},{"data":"JustLucky","floor":15.0,"key":"SMITH"}],"circlet_count":0,"master_deck":["AscendersBane","Strike_P","Strike_P","Strike_P","Strike_P","Defend_P","Defend_P","Defend_P","Defend_P","Eruption+1","Vigilance","Shame","FlurryOfBlows","InnerPeace","Protect+1","CutThroughFate+1","Collect+1","JustLucky+1","SashWhip+1","DeusExMachina+1"],"relics":["PureWater","Toxic Egg 2","Oddly Smooth Stone","Blood Vial","Eternal Feather"],"acts_visited":["Exordium"],"potions_floor_usage":[16,16],"damage_taken":[{"damage":6.0,"enemies":"Cultist","floor":1.0,"turns":3.0},{"damage":4.0,"enemies":"Small Slimes","floor":4.0,"turns":4.0},{"damage":36.0,"enemies":"Gremlin Nob","floor":6.0,"turns":4.0},{"damage":13.0,"enemies":"Lagavulin","floor":8.0,"turns":6.0},{"damage":0.0,"enemies":"2 Louse","floor":10.0,"turns":2.0},{"damage":3.0,"enemies":"Looter","floor":12.0,"turns":3.0},{"damage":1.0,"enemies":"Gremlin Gang","floor":14.0,"turns":4.0},{"damage":36,"enemies":"Hexaghost","floor":16,"turns":10}],"seed_played":"8877002805242030516","potions_obtained":[{"floor":6.0,"key":"Block Potion"},{"floor":8.0,"key":"EssenceOfSteel"},{"floor":12.0,"key":"DistilledChaos"}],"is_trial":false,"path_per_floor":["M","?","?","M","$","E","?","E","T","M","R","M","R","M","R","B"],"character_chosen":"WATCHER","items_purchased":["Toxic Egg 2","Protect+1","LiquidMemories"],"campfire_rested":0,"item_purchase_floors":[5,5,5],"current_hp_per_floor":[55,55,55,51,51,15,15,2,2,4,13,12,21,22,34,0,0],"gold":140,"neow_bonus":"TWO_FIFTY_GOLD","is_daily":false,"chose_seed":false,"campfire_upgraded":3,"win_rate":0.0,"timestamp":1607986955,"path_taken":["M","?","?","M","$","E","?","E","T","M","R","M","R","M","R","BOSS"],"items_purchased_type":["Relic","Card","Potion"],"build_version":"2020-12-13","purchased_purges":1,"victory":false,"max_hp_per_floor":[68,68,68,68,68,68,68,68,68,68,68,68,68,68,68,68,68],"relic_stats":{"Blood Vial":8,"counters":[8,36],"Eternal Feather":30,"obtain_stats":[{"Blood Vial":8,"Oddly Smooth Stone":6,"Eternal Feather":9,"PureWater":0,"Toxic Egg 2":5},{"Blood Vial":4,"Oddly Smooth Stone":3,"Eternal Feather":4,"PureWater":0,"Toxic Egg 2":2},{"Blood Vial":17,"Oddly Smooth Stone":11,"Eternal Feather":17,"PureWater":0,"Toxic Egg 2":7}]},"card_choices":[{"not_picked":["Prostrate","ThirdEye"],"picked":"FlurryOfBlows","floor":1.0},{"not_picked":["Study","Sanctity"],"picked":"InnerPeace","floor":4.0},{"not_picked":["PathToVictory+1","CrushJoints"],"picked":"CutThroughFate","floor":6.0},{"not_picked":["CrushJoints","ClearTheMind+1"],"picked":"Collect+1","floor":8.0},{"not_picked":["LikeWater","Fasting2"],"picked":"JustLucky","floor":10.0},{"not_picked":["Consecrate","PathToVictory+1"],"picked":"SashWhip","floor":12.0},{"not_picked":["FlurryOfBlows","Worship+1"],"picked":"DeusExMachina+1","floor":14.0}],"player_experience":990872,"relics_obtained":[{"floor":6.0,"key":"Oddly Smooth Stone"},{"floor":8.0,"key":"Blood Vial"},{"floor":9.0,"key":"Eternal Feather"}],"event_choices":[{"damage_healed":0.0,"max_hp_gain":0.0,"max_hp_loss":0.0,"gold_gain":0.0,"event_name":"Scrap Ooze","player_choice":"Fled","floor":2.0,"gold_loss":0.0,"damage_taken":0.0},{"damage_healed":0.0,"max_hp_gain":0.0,"max_hp_loss":0.0,"gold_gain":150.0,"event_name":"Liars Game","player_choice":"AGREE","floor":3.0,"gold_loss":0.0,"damage_taken":0.0,"cards_obtained":["Doubt"]},{"damage_healed":0.0,"max_hp_gain":0.0,"max_hp_loss":0.0,"gold_gain":0.0,"event_name":"Living Wall","player_choice":"Grow","floor":7.0,"gold_loss":0.0,"damage_taken":0.0,"cards_upgraded":["CutThroughFate"]}],"is_beta":false,"boss_relics":[],"items_purged_floors":[5],"is_endless":false,"potions_floor_spawned":[6,8,12],"killed_by":"Hexaghost","ascension_level":20}}