{"host":"i344ixtilokuekwt","time":1607965944,"event":{"mods":["BaseMod","Card Forge","Colored Powertips","Minty Spire (QoL Compilation)","Quick Restart","Relic Stats","StSLib"],"gold_per_floor":[113,126,146,165,181,181,192,219,219,219,219,254,271,289,289,389,389,409,427,444,467,484,484,517,517,517,517,552,569,204,223,223,320,320,333,333,378,405,416,416,428,94,94,129,143,143,154,173,173,173,173,173,22,49,49,49],"floor_reached":55,"playtime":2543,"items_purged":["Strike_G"],"score":830,"play_id":"194d32cd-29ae-433f-871e-248656341275","local_time":"20201214121224","is_ascension_mode":false,"campfire_choices":[{"data":"Leg Sweep","floor":6,"key":"SMITH"},{"data":"Poisoned Stab","floor":11,"key":"SMITH"},{"data":"Leg Sweep","floor":15,"key":"SMITH"},{"data":"Deadly Poison","floor":23,"key":"SMITH"},{"data":"Crippling Poison","floor":25,"key":"SMITH"},{"data":"Wraith Form v2","floor":32,"key":"SMITH"},{"data":"Corpse Explosion","floor":40,"key":"SMITH"},{"floor":49,"key":"RECALL"},{"data":"Well Laid Plans","floor":52,"key":"SMITH"}],"circlet_count":0,"master_deck":["Strike_G+1","Strike_G+1","Strike_G","Defend_G","Defend_G","Defend_G","Defend_G","Defend_G","Survivor","Neutralize","Adrenaline","Leg Sweep+1","Slice","Poisoned Stab+1","Dash","Leg Sweep+1","Heel Hook","PiercingWail","Bouncing Flask","Deadly Poison","Adrenaline","Deadly Poison+1","Catalyst+1","Crippling Poison+1","Adrenaline","Wraith Form v2+1","Corpse Explosion+1","Well Laid Plans+1","Crippling Poison+1","Deadly Poison+1"],"relics":["Ring of the Snake","Hammer of Thor","Seething Fire","Anvil of the Gods","Centennial Puzzle","Kunai","MealTicket","SlaversCollar","Tiny Chest","Whetstone","Mummified Hand","Incense Burner","Busted Crown","Mango","Pen Nib","Bottled Tornado","Question Card","Sundial","Medical Kit","Ginger"],"acts_visited":["Exordium","TheCity","TheBeyond","TheEnding"],"potions_floor_usage":[16,16,33,55,55],"damage_taken":[{"damage":4,"enemies":"Cultist","floor":1,"turns":4},{"damage":0,"enemies":"Small Slimes","floor":2,"turns":3},{"damage":0,"enemies":"2 Louse","floor":3,"turns":3},{"damage":0,"enemies":"Looter","floor":4,"turns":3},{"damage":5,"enemies":"Lots of Slimes","floor":5,"turns":4},{"damage":0,"enemies":"2 Fungi Beasts","floor":7,"turns":3},{"damage":13,"enemies":"Lagavulin","floor":8,"turns":9},{"damage":5,"enemies":"3 Sentries","floor":12,"turns":8},{"damage":0,"enemies":"Blue Slaver","floor":13,"turns":3},{"damage":3,"enemies":"Red Slaver","floor":14,"turns":3},{"damage":16,"enemies":"Slime Boss","floor":16,"turns":17},{"damage":4,"enemies":"3 Byrds","floor":18,"turns":7},{"damage":3,"enemies":"Shell Parasite","floor":19,"turns":4},{"damage":4,"enemies":"Centurion and Healer","floor":20,"turns":6},{"damage":0,"enemies":"Snake Plant","floor":22,"turns":4},{"damage":6,"enemies":"Gremlin Leader","floor":24,"turns":6},{"damage":0,"enemies":"Book of Stabbing","floor":28,"turns":4},{"damage":0,"enemies":"Chosen and Byrds","floor":29,"turns":3},{"damage":12,"enemies":"Centurion and Healer","floor":31,"turns":10},{"damage":0,"enemies":"Collector","floor":33,"turns":2},{"damage":0,"enemies":"3 Shapes","floor":35,"turns":3},{"damage":15,"enemies":"2 Orb Walkers","floor":37,"turns":4},{"damage":2,"enemies":"Orb Walker","floor":39,"turns":2},{"damage":0,"enemies":"Maw","floor":41,"turns":5},{"damage":0,"enemies":"Nemesis","floor":44,"turns":5},{"damage":0,"enemies":"4 Shapes","floor":45,"turns":2},{"damage":0,"enemies":"Transient","floor":47,"turns":5},{"damage":0,"enemies":"Maw","floor":48,"turns":5},{"damage":4,"enemies":"Donu and Deca","floor":50,"turns":5},{"damage":24,"enemies":"Shield and Spear","floor":54,"turns":4},{"damage":51,"enemies":"The Heart","floor":55,"turns":3}],"seed_played":"-8391284071423189935","potions_obtained":[{"floor":4,"key":"Fire Potion"},{"floor":12,"key":"BlessingOfTheForge"},{"floor":13,"key":"AttackPotion"},{"floor":14,"key":"Block Potion"},{"floor":16,"key":"AttackPotion"},{"floor":18,"key":"DuplicationPotion"},{"floor":19,"key":"GamblersBrew"},{"floor":24,"key":"Explosive Potion"},{"floor":35,"key":"EssenceOfSteel"},{"floor":41,"key":"Ancient Potion"},{"floor":44,"key":"Poison Potion"}],"is_trial":false,"path_per_floor":["M","M","M","M","M","R","M","E","T","?","R","E","M","M","R","B",null,"M","M","M","T","M","R","E","R","T","?","E","M","$","M","R","B",null,"M","?","?","T","M","R","M","$","T","E","M","?","M","M","R","B",null,"R","$","E","B"],"character_chosen":"THE_SILENT","items_purchased":["Incense Burner","Well Laid Plans","Bottled Tornado","Medical Kit"],"campfire_rested":0,"item_purchase_floors":[30,42,42,53],"current_hp_per_floor":[59,59,59,59,54,54,54,41,41,41,41,36,36,33,33,17,63,59,56,52,52,52,52,46,46,46,46,46,46,61,49,49,49,63,63,63,62,62,60,60,60,75,75,75,75,73,73,73,73,69,73,73,73,49,0,0],"gold":49,"neow_bonus":"THREE_RARE_CARDS","is_daily":false,"chose_seed":false,"campfire_upgraded":8,"win_rate":0.0,"timestamp":1607965944,"path_taken":["M","M","M","M","M","R","?","E","T","?","R","E","M","M","R","BOSS","M","?","M","?","M","R","E","R","T","?","E","M","$","M","R","BOSS","M","?","?","?","M","R","M","$","T","E","?","?","M","M","R","BOSS","R","$","E","BOSS"],"items_purchased_type":["Relic","Card","Relic","Relic"],"build_version":"2020-12-13","purchased_purges":1,"victory":false,"max_hp_per_floor":[63,63,63,63,63,63,63,63,63,63,63,63,63,63,63,63,63,63,63,63,63,63,63,63,63,63,63,63,63,63,63,63,63,63,63,63,77,77,77,77,77,77,77,77,77,73,73,73,73,73,73,73,73,73,73,73],"relic_stats":{"counters":[31,149],"Pen Nib":[5],"Whetstone":["Strike_G","Strike_G"],"Ginger":[2],"Question Card":5,"Medical Kit":[3],"Centennial Puzzle":[39],"Busted Crown":18,"Mummified Hand":[10],"Sundial":[2],"MealTicket":30,"Tiny Chest":1,"Kunai":[30],"obtain_stats":[{"Mango":37,"Hammer of Thor":0,"Pen Nib":38,"Incense Burner":30,"Seething Fire":0,"Whetstone":26,"Ginger":54,"Bottled Tornado":42,"Question Card":43,"Medical Kit":53,"SlaversCollar":17,"Centennial Puzzle":8,"Busted Crown":34,"Anvil of the Gods":0,"Mummified Hand":28,"Sundial":44,"MealTicket":12,"Tiny Chest":24,"Kunai":9,"Ring of the Snake":0},{"Mango":22,"Hammer of Thor":0,"Pen Nib":22,"Incense Burner":18,"Seething Fire":0,"Whetstone":16,"Ginger":30,"Bottled Tornado":24,"Question Card":24,"Medical Kit":29,"SlaversCollar":11,"Centennial Puzzle":7,"Busted Crown":20,"Anvil of the Gods":0,"Mummified Hand":17,"Sundial":25,"MealTicket":8,"Tiny Chest":16,"Kunai":7,"Ring of the Snake":0},{"Mango":113,"Hammer of Thor":0,"Pen Nib":113,"Incense Burner":94,"Seething Fire":0,"Whetstone":87,"Ginger":146,"Bottled Tornado":120,"Question Card":120,"Medical Kit":142,"SlaversCollar":60,"Centennial Puzzle":29,"Busted Crown":106,"Anvil of the Gods":0,"Mummified Hand":91,"Sundial":125,"MealTicket":37,"Tiny Chest":87,"Kunai":29,"Ring of the Snake":0}],"Ring of the Snake":[62]},"card_choices":[{"not_picked":["Burst","Malaise"],"picked":"Adrenaline","floor":0},{"not_picked":["Backflip","Acrobatics"],"picked":"Leg Sweep","floor":1},{"not_picked":["Sucker Punch","Eviscerate"],"picked":"Slice","floor":2},{"not_picked":["Blade Dance","Footwork"],"picked":"Poisoned Stab","floor":3},{"not_picked":["Reflex","PiercingWail","Blade Dance"],"picked":"SKIP","floor":4},{"not_picked":["Escape Plan","Dodge and Roll"],"picked":"Dash","floor":5},{"not_picked":["Bane","Backflip"],"picked":"Leg Sweep","floor":7},{"not_picked":["Finisher","Eviscerate","Sucker Punch"],"picked":"SKIP","floor":8},{"not_picked":["All Out Attack","Infinite Blades"],"picked":"PiercingWail","floor":12},{"not_picked":["Slice","After Image"],"picked":"Bouncing Flask","floor":13},{"not_picked":["Dagger Throw","Dagger Spray"],"picked":"Deadly Poison","floor":14},{"not_picked":["Phantasmal Killer","Night Terror"],"picked":"Adrenaline","floor":16},{"not_picked":["Bouncing Flask","Eviscerate+1"],"picked":"Deadly Poison","floor":18},{"not_picked":["Quick Slash","Slice"],"picked":"Catalyst+1","floor":19},{"not_picked":["Skewer","Bouncing Flask","Reflex"],"picked":"SKIP","floor":20},{"not_picked":["Acrobatics","Masterful Stab","Underhanded Strike"],"picked":"SKIP","floor":22},{"not_picked":["Deadly Poison","Backflip+1"],"picked":"Crippling Poison","floor":24},{"not_picked":["Cloak And Dagger","Leg Sweep+1","Concentrate"],"picked":"SKIP","floor":28},{"not_picked":["Distraction","All Out Attack"],"picked":"Wraith Form v2","floor":29},{"not_picked":["Expertise+1","Setup+1","Prepared"],"picked":"SKIP","floor":31},{"not_picked":["Phantasmal Killer","Grand Finale"],"picked":"Corpse Explosion","floor":33},{"not_picked":["Sucker Punch"],"picked":"SKIP","floor":35},{"not_picked":["Prepared"],"picked":"SKIP","floor":39},{"not_picked":["Cloak And Dagger"],"picked":"SKIP","floor":41},{"not_picked":["Bullet Time"],"picked":"Crippling Poison+1","floor":44},{"not_picked":["Deflect","Distraction"],"picked":"SKIP","floor":45},{"not_picked":["Dagger Spray+1","Outmaneuver"],"picked":"SKIP","floor":47},{"not_picked":["Terror","Flechettes+1"],"picked":"SKIP","floor":48},{"not_picked":["Dagger Throw"],"picked":"Deadly Poison+1","floor":54}],"player_experience":661336,"relics_obtained":[{"floor":8,"key":"Centennial Puzzle"},{"floor":9,"key":"Kunai"},{"floor":12,"key":"MealTicket"},{"floor":24,"key":"Tiny Chest"},{"floor":26,"key":"Whetstone"},{"floor":28,"key":"Mummified Hand"},{"floor":37,"key":"Mango"},{"floor":38,"key":"Pen Nib"},{"floor":43,"key":"Question Card"},{"floor":44,"key":"Sundial"},{"floor":54,"key":"Ginger"}],"event_choices":[{"damage_healed":0,"gold_gain":0,"cards_transformed":["Strike_G"],"player_choice":"Transformed","damage_taken":0,"max_hp_gain":0,"max_hp_loss":0,"event_name":"Transmorgrifier","floor":10,"gold_loss":0,"cards_obtained":["Heel Hook"]},{"damage_healed":0,"gold_gain":0,"player_choice":"Read","damage_taken":0,"max_hp_gain":0,"max_hp_loss":0,"event_name":"The Library","floor":27,"gold_loss":0,"cards_obtained":["Adrenaline"]},{"damage_healed":0,"gold_gain":0,"player_choice":"Ignored","damage_taken":0,"max_hp_gain":0,"max_hp_loss":0,"event_name":"Tomb of Lord Red Mask","floor":36,"gold_loss":0},{"damage_healed":0,"gold_gain":0,"player_choice":"Fight","damage_taken":0,"max_hp_gain":0,"max_hp_loss":0,"event_name":"Mysterious Sphere","floor":37,"gold_loss":0},{"damage_healed":0,"gold_gain":0,"player_choice":"Max HP","damage_taken":0,"max_hp_gain":0,"max_hp_loss":4,"event_name":"Winding Halls","floor":46,"gold_loss":0}],"is_beta":false,"boss_relics":[{"not_picked":["SacredBark","Calling Bell"],"picked":"SlaversCollar"},{"not_picked":["Astrolabe","Runic Dome"],"picked":"Busted Crown"}],"items_purged_floors":[30],"is_endless":false,"potions_floor_spawned":[4,12,13,14,16,18,19,24,29,35,41,44,48],"killed_by":"The Heart","ascension_level":0}}