{"host":"ipcfr4ajj2jkxvg7","time":1607938424,"event":{"mods":["BaseMod","Colored Powertips","GifTheSpireLib","Marisa（F雨　魔理沙）","Minty Spire (QoL Compilation)","Quick Restart","Remilia（蕾米莉亚）","Replay The Spire","RumiaBox-露米娅的神秘盒子","StSLib"],"gold_per_floor":[110,110,110,127,141,141,173,173,173,203,70,82,108,52,52,129,129,147,178,68,80,90,90,116,116,143,68,97,116,131,163,163,242,242,262,277,101,119,131,164,176,204,204,233,245,120,120,130,130,130,130,130,130,130,164,164],"floor_reached":57,"playtime":2418,"items_purged":["Strike_RM","Defend_RM","Strike_RM"],"score":2494,"play_id":"01d87eda-b780-4b84-9691-245b9b6eaff2","local_time":"20201214173344","is_ascension_mode":true,"campfire_choices":[{"data":"VampireKiss","floor":6.0,"key":"SMITH"},{"data":"BloodHunter","floor":8.0,"key":"SMITH"},{"data":"VampireClaw","floor":15.0,"key":"SMITH"},{"data":"BloodySeventeenLaser","floor":23.0,"key":"SMITH"},{"data":"DiffusionOfMisfortune","floor":25.0,"key":"SMITH"},{"data":"EternalNight","floor":32.0,"key":"SMITH"},{"floor":49,"key":"RECALL"},{"data":"CurseOfVladTepes","floor":53,"key":"SMITH"}],"circlet_count":0,"master_deck":["AscendersBane","Strike_RM","Strike_RM","Defend_RM","Defend_RM","RedMoon+1","ScarletShoot+1","BloodHunter+1","VampireKiss+1","BombardNight","BloodHunter+1","VampirishNight+1","ScarletDevilSign","DiffusionOfMisfortune+1","VampireClaw+1","NightDance","BloodySeventeenLaser+1","VampireKiss+1","TwelveNightmare+1","ChainGang","BatForm","EternalNight+1","CurseOfVladTepes+1","NightLord","RedNightlessCastle","ScarletCoffin","LeisurelyOfLord"],"relics":["ScarletHat","AddBug","SecretRecord","SecretRecord","SecretRecord","SecretRecord","SecretRecord","SecretRecord","SecretRecord","SecretRecord"],"acts_visited":["Exordium","TheCity","TheBeyond","TheEnding"],"potions_floor_usage":[45],"damage_taken":[{"damage":2.0,"enemies":"Jaw Worm","floor":1.0,"turns":3.0},{"damage":0.0,"enemies":"Cultist","floor":4.0,"turns":3.0},{"damage":0.0,"enemies":"2 Louse","floor":5.0,"turns":3.0},{"damage":19.0,"enemies":"Lagavulin","floor":7.0,"turns":4.0},{"damage":9.0,"enemies":"Gremlin Nob","floor":10.0,"turns":3.0},{"damage":0.0,"enemies":"Looter","floor":12.0,"turns":2.0},{"damage":6.0,"enemies":"Lagavulin","floor":13.0,"turns":4.0},{"damage":49.0,"enemies":"Fading Forest","floor":16.0,"turns":13.0},{"damage":47.0,"enemies":"Chosen","floor":18.0,"turns":7.0},{"damage":16.0,"enemies":"Shell Parasite","floor":21.0,"turns":3.0},{"damage":5.0,"enemies":"Chosen and Byrds","floor":22.0,"turns":4.0},{"damage":29.0,"enemies":"Book of Stabbing","floor":24.0,"turns":4.0},{"damage":0.0,"enemies":"Slavers","floor":28.0,"turns":1.0},{"damage":14.0,"enemies":"Snake Plant","floor":29.0,"turns":3.0},{"damage":25.0,"enemies":"Shelled Parasite and Fungi","floor":30.0,"turns":3.0},{"damage":0.0,"enemies":"Gremlin Leader","floor":31.0,"turns":6.0},{"damage":14.0,"enemies":"Collector","floor":33.0,"turns":3.0},{"damage":23.0,"enemies":"3 Shapes","floor":35.0,"turns":2.0},{"damage":0.0,"enemies":"3 Darklings","floor":36.0,"turns":1.0},{"damage":4.0,"enemies":"Maw","floor":38.0,"turns":3.0},{"damage":0.0,"enemies":"Writhing Mass","floor":39.0,"turns":1.0},{"damage":10.0,"enemies":"Giant Head","floor":40.0,"turns":4.0},{"damage":0,"enemies":"Sphere and 2 Shapes","floor":41,"turns":2},{"damage":16,"enemies":"Nemesis","floor":42,"turns":3},{"damage":1,"enemies":"Giant Head","floor":44,"turns":3},{"damage":0,"enemies":"Transient","floor":45,"turns":6},{"damage":0,"enemies":"Writhing Mass","floor":48,"turns":1},{"damage":23,"enemies":"Donu and Deca","floor":50,"turns":4},{"damage":114,"enemies":"Replay:Hell Engine","floor":51,"turns":9},{"damage":57,"enemies":"Shield and Spear","floor":55,"turns":5},{"damage":127,"enemies":"The Heart","floor":56,"turns":6}],"seed_played":"4760893371146518847","potions_obtained":[{"floor":7.0,"key":"SteroidPotion"},{"floor":10.0,"key":"Energy Potion"},{"floor":13.0,"key":"GamblersBrew"},{"floor":19.0,"key":"Swift Potion"},{"floor":19.0,"key":"Explosive Potion"},{"floor":31.0,"key":"Energy Potion"},{"floor":48,"key":"FearPotion"}],"is_trial":false,"path_per_floor":["M","?","?","M","M","R","E","R","T","E","$","M","E","$","R","B",null,"M","?","?","M","M","R","E","R","T","$","E","M","M","E","R","B",null,"M","M","$","M","M","E","M","E","T","E","M","$","?","M","R","B","B",null,"R","$","E","B",null],"character_chosen":"REMILIA","items_purchased":["ScarletDevilSign","DiffusionOfMisfortune","NightDance","NightLord"],"campfire_rested":0,"item_purchase_floors":[11,11,14,37],"current_hp_per_floor":[61,61,61,64,64,64,54,54,54,51,51,51,54,54,54,32,61,26,26,26,15,24,24,9,9,9,9,27,23,12,20,20,48,92,87,101,101,114,116,127,138,133,133,138,149,149,149,149,149,138,55,135,135,135,95,88],"gold":164,"neow_bonus":"REMOVE_CARD","is_daily":false,"chose_seed":false,"campfire_upgraded":7,"win_rate":0.0,"timestamp":1607938424,"path_taken":["M","?","?","?","M","R","E","R","T","E","$","M","E","?","R","BOSS","M","?","?","M","M","R","E","R","T","$","E","M","M","E","R","BOSS","M","M","$","M","M","E","M","E","T","E","M","?","?","M","R","BOSS","BOSS","R","$","E","BOSS"],"items_purchased_type":["Card","Card","Card","Card"],"build_version":"2020-12-13","purchased_purges":3,"victory":true,"max_hp_per_floor":[70,70,70,70,70,70,70,70,70,70,70,70,70,70,70,70,70,77,77,77,77,86,86,86,86,86,86,86,86,96,96,96,106,106,116,116,116,116,116,127,138,138,138,138,149,149,149,149,149,149,162,162,162,162,175,175],"card_choices":[{"not_picked":["EndlessAdversity","CharismaGuard"],"picked":"BloodHunter","floor":1.0},{"not_picked":["StarOfDavid","AfternoonTea"],"picked":"VampireKiss","floor":4.0},{"not_picked":["MiserableFate","EndlessAdversity"],"picked":"BombardNight","floor":5.0},{"not_picked":["UnderTheZenith","BloodAndWine"],"picked":"BloodHunter","floor":7.0},{"not_picked":["ScarletImprint","ForbiddenFruit"],"picked":"VampirishNight","floor":10.0},{"not_picked":["BloodRain","EndlessAdversity","Stigmanizer"],"picked":"SKIP","floor":12.0},{"not_picked":["BloodHunter","VampireKiss"],"picked":"VampireClaw","floor":13.0},{"not_picked":["BloodyCatastrophe","DemonKingCradle"],"picked":"BloodySeventeenLaser","floor":16.0},{"not_picked":["ScarletNetherworld+1","BombardNight"],"picked":"VampireKiss","floor":18.0},{"not_picked":["EndlessAdversity+1","BombardNight","UnderTheZenith+1"],"picked":"SKIP","floor":21.0},{"not_picked":["NightDance","UnstableMagic","Maim+1"],"picked":"SKIP","floor":22.0},{"not_picked":["FavorOfDestiny","BombardNight+1"],"picked":"TwelveNightmare+1","floor":24.0},{"not_picked":["TwelveNightmare","Septette"],"picked":"ChainGang","floor":28.0},{"not_picked":["UnderTheZenith","MastersStateliness"],"picked":"BatForm","floor":29.0},{"not_picked":["EndlessAdversity","UnderTheZenith","TwelveNightmare"],"picked":"SKIP","floor":30.0},{"not_picked":["BloodAndWine","AfternoonTea"],"picked":"EternalNight","floor":31.0},{"not_picked":["BloodyCatastrophe","KillingBlow"],"picked":"CurseOfVladTepes","floor":33.0},{"not_picked":["VampireKiss","Maim+1","BlasphemousPunishment"],"picked":"SKIP","floor":35.0},{"not_picked":["UnderTheZenith","Stigmanizer+1","RedRainbow"],"picked":"SKIP","floor":36.0},{"not_picked":["UnderTheZenith+1","FitfulNightmare","ScarletDream"],"picked":"SKIP","floor":38.0},{"not_picked":["BombardNight+1","FitfulNightmare+1","NightDance"],"picked":"SKIP","floor":39.0},{"not_picked":["ChainGang+1","BloodHunter","ScarletImprint"],"picked":"SKIP","floor":40.0},{"not_picked":["GlobalNightmare","RedMagic","MastersStateliness"],"picked":"SKIP","floor":41},{"not_picked":["BloodHunter+1","HunterOfTheNight"],"picked":"RedNightlessCastle","floor":42},{"not_picked":["BombardNight+1","EndlessAdversity"],"picked":"ScarletCoffin","floor":44},{"not_picked":["NightDance","ScarletDream","TwelveNightmare"],"picked":"SKIP","floor":45},{"not_picked":["ScarletDevil","MastersStateliness+1","ForbiddenFruit"],"picked":"SKIP","floor":48},{"not_picked":["CharismaGuard+1","ScarletGensokyo","NightDance"],"picked":"SKIP","floor":55}],"player_experience":357591,"relics_obtained":[{"floor":1.0,"key":"AddBug"},{"floor":7.0,"key":"SecretRecord"},{"floor":7.0,"key":"Frozen Egg 2"},{"floor":10.0,"key":"Ccalipers"},{"floor":13.0,"key":"SecretRecord"},{"floor":13.0,"key":"SumBook"},{"floor":18.0,"key":"SecretRecord"},{"floor":19.0,"key":"Replay:Baseball"},{"floor":21.0,"key":"SecretRecord"},{"floor":24.0,"key":"Bronze Scales"},{"floor":26.0,"key":"Simple Rune"},{"floor":28.0,"key":"Bottled Flame"},{"floor":29.0,"key":"SecretRecord"},{"floor":31.0,"key":"Incense Burner"},{"floor":36.0,"key":"SecretRecord"},{"floor":40.0,"key":"Boot"},{"floor":42,"key":"Pet Ghost"},{"floor":43,"key":"Divine Protection"},{"floor":44,"key":"Bag of Preparation"},{"floor":45,"key":"SecretRecord"},{"floor":55,"key":"Blood Vial"}],"event_choices":[{"damage_healed":0.0,"max_hp_gain":0.0,"max_hp_loss":0.0,"gold_gain":0.0,"event_name":"Living Wall","player_choice":"Grow","floor":2.0,"gold_loss":0.0,"damage_taken":0.0,"cards_upgraded":["BloodHunter"]},{"damage_healed":0.0,"max_hp_gain":0.0,"max_hp_loss":0.0,"gold_gain":0.0,"event_name":"Upgrade Shrine","player_choice":"Upgraded","floor":3.0,"gold_loss":0.0,"damage_taken":0.0,"cards_upgraded":["ScarletShoot"]},{"cards_removed":["Pain"],"damage_healed":0.0,"max_hp_gain":0.0,"max_hp_loss":0.0,"gold_gain":0.0,"event_name":"Designer","player_choice":"Upgrade and Remove","floor":20.0,"gold_loss":110.0,"damage_taken":0.0,"cards_upgraded":["RedMoon"]},{"damage_healed":0,"gold_gain":0,"player_choice":"1 cards matched","damage_taken":0,"max_hp_gain":0,"max_hp_loss":0,"event_name":"Match and Keep!","floor":47,"gold_loss":0,"cards_obtained":["LeisurelyOfLord"]}],"is_beta":false,"boss_relics":[{"not_picked":["Replay:Drink Me","Replay:Wanted Poster"],"picked":"Honey Jar"},{"not_picked":["SoulBox","Velvet Choker"],"picked":"EasyGame_NEW"}],"items_purged_floors":[27,37,46],"is_endless":false,"potions_floor_spawned":[7,10,13,22,28,29,31,36,39,42,48],"ascension_level":20}}