{"host":"h0b8dilyfeaztzpe","time":1607971694,"event":{"mods":["BaseMod","Better Third Choice","Challenge The Spire","Dota2Spire","Hermit","Minty Spire (QoL Compilation)","StSLib","WarShipGirlsR/战舰少女R mod","【东方二次创作】八云紫mod","【遗物卡牌】REMEMod","篝火指南"],"gold_per_floor":[219,219,231,201,201,201,222,222,222],"floor_reached":8,"playtime":261,"items_purged":[],"score":46,"play_id":"efeea9e9-a546-48bf-a859-7dcca6e14b4d","local_time":"20201215024814","is_ascension_mode":true,"campfire_choices":[{"data":"hermit:Dive","floor":6,"key":"SMITH"}],"circlet_count":0,"master_deck":["hermit:Strike_Hermit","hermit:Strike_Hermit","hermit:Strike_Hermit","hermit:Strike_Hermit","hermit:Defend_Hermit","hermit:Defend_Hermit","hermit:Defend_Hermit","hermit:Defend_Hermit","hermit:Snapshot","hermit:Covet","Mirror_TwoAndThreeElementRealm_purple+1","hermit:BodyArmor","Caltrops","hermit:Dive+1","hermit:BigShot"],"relics":["hermit:Momento","REME_ComplimentaryCards","CaptainsWheel","REME_HourglassOfDeath","betterThird:SlimedRelic","Odd Mushroom"],"acts_visited":["Exordium"],"potions_floor_usage":[],"damage_taken":[{"damage":1,"enemies":"Jaw Worm","floor":1,"turns":3},{"damage":14,"enemies":"Small Slimes","floor":3,"turns":3},{"damage":15,"enemies":"The Mushroom Lair","floor":7,"turns":4},{"damage":47,"enemies":"Gremlin Nob","floor":8,"turns":5}],"seed_played":"-331805176678996980","potions_obtained":[],"is_trial":false,"path_per_floor":["M","?","M","?","?","R","?","E"],"character_chosen":"HERMIT","items_purchased":[],"campfire_rested":0,"item_purchase_floors":[],"current_hp_per_floor":[74,60,58,47,47,47,32,0,0],"gold":222,"neow_bonus":"HUNDRED_GOLD","is_daily":false,"chose_seed":false,"campfire_upgraded":1,"win_rate":0.0,"timestamp":1607971694,"path_taken":["M","?","M","?","?","R","?","E"],"items_purchased_type":[],"build_version":"2020-12-13","purchased_purges":0,"victory":false,"max_hp_per_floor":[75,75,75,75,75,75,75,75,75],"card_choices":[{"not_picked":["hermit:Quickdraw","hermit:Headshot"],"picked":"hermit:BodyArmor","floor":1},{"not_picked":["hermit:Brawl","hermit:LoneWolf"],"picked":"hermit:Dive","floor":3},{"not_picked":["hermit:Quickdraw","hermit:TakeCover"],"picked":"hermit:BigShot","floor":7}],"player_experience":367602,"relics_obtained":[{"floor":7,"key":"Odd Mushroom"}],"event_choices":[{"damage_healed":0,"gold_gain":1,"player_choice":"Relic Relic Card ","damage_taken":14,"max_hp_gain":0,"max_hp_loss":0,"event_name":"betterThird:BetterScrap","floor":2,"gold_loss":0,"cards_obtained":["Caltrops","Thunder Strike"]},{"damage_healed":0,"gold_gain":0,"player_choice":"Slimed","damage_taken":11,"max_hp_gain":0,"max_hp_loss":0,"event_name":"betterThird:BetterGoop","floor":4,"gold_loss":30},{"damage_healed":0,"gold_gain":0,"player_choice":"Grow","damage_taken":0,"max_hp_gain":0,"max_hp_loss":0,"event_name":"Living Wall","floor":5,"gold_loss":0,"cards_upgraded":["Mirror_TwoAndThreeElementRealm_purple"]},{"damage_healed":0,"gold_gain":0,"player_choice":"Fought Mushrooms","damage_taken":0,"max_hp_gain":0,"max_hp_loss":0,"event_name":"Mushrooms","floor":7,"gold_loss":0}],"is_beta":false,"boss_relics":[],"items_purged_floors":[],"is_endless":false,"potions_floor_spawned":[],"killed_by":"Gremlin Nob","ascension_level":1}}