{"host":"g76rhe4j5kh9hdf9","time":1607904447,"event":{"mods":["Act Like it!","BaseMod","Better Third Choice","Downfall","GifTheSpireLib","Minty Spire (QoL Compilation)","Relic Stats","Spicy Shops","StSLib"],"gold_per_floor":[99,99,128,53,80,80,156,156,183,108,119,13,24,41,58,162,162,162,173,173,186,186,217,217,31,58,58,74,74,138,138,157,254,254,179,213,213,246,258,17,85,101,118,149,149,165,215,228,240,240,240,266,5,5,5],"floor_reached":56,"playtime":3720,"items_purged":["champ:Defend","champ:Execute+1","champ:Strike","champ:Strike","champ:PerfectedStrike+1"],"score":1549,"play_id":"e42b1377-e82f-4f2f-9515-578117996a23","local_time":"20201213160727","is_ascension_mode":true,"campfire_choices":[{"floor":1,"key":"RECALL"},{"data":"champ:PerfectedStrike","floor":4,"key":"SMITH"},{"data":"champ:Taunt","floor":8,"key":"SMITH"},{"data":"champ:PerfectForm","floor":10,"key":"SMITH"},{"data":"champ:MurderStrike","floor":18,"key":"SMITH"},{"data":"champ:Duel","floor":20,"key":"SMITH"},{"data":"champ:Strike","floor":22,"key":"SMITH"},{"floor":27,"key":"REST"},{"data":"champ:Devastate","floor":35,"key":"SMITH"},{"data":"champ:Devastate","floor":37,"key":"SMITH"},{"data":"expansioncontent:Hexaburn","floor":54,"key":"SMITH"}],"circlet_count":0,"master_deck":["champ:Strike+1","champ:Strike+1","champ:Taunt+1","champ:PerfectForm+1","champ:LastStand+1","expansioncontent:StudyTheSpire+1","champ:MurderStrike+1","champ:IronFortress+1","champ:PerfectForm+1","champ:GutPunch+1","champ:Duel+1","champ:ShieldWall+1","expansioncontent:StudyTheSpire+1","champ:GutPunch+1","Necronomicurse","champ:Devastate+1","champ:Devastate+1","champ:Haymaker+1","champ:AdrenalArmor+1","expansioncontent:Hexaburn+1","expansioncontent:TimeRipple","expansioncontent:BronzeBeam","champ:HoldFirm+1"],"relics":["champ:ChampionCrown","Ancient Tea Set","Whetstone","downfall:HeartBlessingRed","sneckomod:BlankCard","Frozen Egg 2","Incense Burner","downfall:HeartBlessingGreen","Astrolabe","Shuriken","DollysMirror","Happy Flower","Necronomicon","Membership Card","Letter Opener","Busted Crown","downfall:HeartBlessingBlue","Dream Catcher","Vajra","Mango","Guardian:PocketSentry","Question Card","PreservedInsect","Ginger","champ:BerserkersGuideToSlaughter","Oddly Smooth Stone","Centennial Puzzle","War Paint","Bag of Preparation"],"acts_visited":["Exordium","TheCity","TheBeyond","TheEnding"],"potions_floor_usage":[9,9,16,19,23,23,33,38],"damage_taken":[{"damage":52,"enemies":"Gremlin Nob","floor":3,"turns":5},{"damage":21,"enemies":"Lagavulin","floor":5,"turns":5},{"damage":5,"enemies":"Gremlin Nob","floor":9,"turns":3},{"damage":5,"enemies":"Jaw Worm","floor":11,"turns":1},{"damage":20,"enemies":"downfall:FleeingMerchant","floor":12,"turns":4},{"damage":1,"enemies":"Small Slimes","floor":13,"turns":2},{"damage":0,"enemies":"Cultist","floor":14,"turns":1},{"damage":5,"enemies":"2 Fungi Beasts","floor":15,"turns":2},{"damage":10,"enemies":"downfall:Watcher","floor":16,"turns":4},{"damage":17,"enemies":"Spheric Guardian","floor":19,"turns":3},{"damage":17,"enemies":"Chosen","floor":21,"turns":3},{"damage":24,"enemies":"Gremlin Leader","floor":23,"turns":8},{"damage":17,"enemies":"downfall:FleeingMerchant","floor":25,"turns":4},{"damage":69,"enemies":"Slavers","floor":26,"turns":7},{"damage":7,"enemies":"Sentry and Sphere","floor":28,"turns":5},{"damage":0,"enemies":"downfall:FleeingMerchant","floor":30,"turns":3},{"damage":13,"enemies":"Snecko","floor":32,"turns":3},{"damage":66,"enemies":"downfall:Defect","floor":33,"turns":9},{"damage":35,"enemies":"Giant Head","floor":36,"turns":5},{"damage":43,"enemies":"Reptomancer","floor":38,"turns":5},{"damage":51,"enemies":"3 Shapes","floor":39,"turns":6},{"damage":20,"enemies":"3 Darklings","floor":42,"turns":6},{"damage":34,"enemies":"4 Shapes","floor":43,"turns":5},{"damage":51,"enemies":"Giant Head","floor":44,"turns":6},{"damage":16,"enemies":"Jaw Worm Horde","floor":46,"turns":3},{"damage":26,"enemies":"Mind Bloom Boss Battle","floor":47,"turns":7},{"damage":22,"enemies":"Spire Growth","floor":48,"turns":4},{"damage":14,"enemies":"Transient","floor":49,"turns":5},{"damage":21,"enemies":"downfall:Silent","floor":50,"turns":3},{"damage":26,"enemies":"downfall:CharBossMerchant","floor":52,"turns":3},{"damage":140,"enemies":"downfall:NeowBoss","floor":55,"turns":26}],"seed_played":"-6905152152184061353","potions_obtained":[{"floor":5,"key":"EntropicBrew"},{"floor":13,"key":"Explosive Potion"},{"floor":14,"key":"Guardian:BlockOnCardUsePotion"},{"floor":16,"key":"DistilledChaos"},{"floor":21,"key":"Explosive Potion"},{"floor":26,"key":"Guardian:BlockOnCardUsePotion"},{"floor":32,"key":"champ:TechniquePotion"},{"floor":33,"key":"DuplicationPotion"},{"floor":38,"key":"Fire Potion"}],"is_trial":false,"path_per_floor":["R","?","E","R","E","?","T","R","E","R","M","$","M","M","M","B",null,"R","M","R","M","R","E","T","$","E","R","M","?","$","?","M","B",null,"R","E","R","E","M","$","T","M","M","E","?","M","?","M","M","B",null,"E","$","R","B",null],"character_chosen":"THE_CHAMP","items_purchased":["expansioncontent:StudyTheSpire+1","DollysMirror","Membership Card","Letter Opener","Mango","Guardian:PocketSentry","Centennial Puzzle","champ:HoldFirm","War Paint","Bag of Preparation"],"campfire_rested":1,"item_purchase_floors":[12,25,30,30,40,40,53,53,53,53],"current_hp_per_floor":[99,99,57,57,41,41,41,41,41,41,41,31,35,35,35,35,99,99,99,99,99,99,99,99,99,49,78,99,83,83,83,99,92,104,114,114,114,114,85,99,99,119,128,114,104,118,128,128,128,128,128,128,128,128,128],"gold":5,"neow_bonus":"TEN_PERCENT_HP_BONUS","is_daily":false,"chose_seed":false,"campfire_upgraded":9,"win_rate":0.0,"timestamp":1607904447,"path_taken":["R","?","E","R","E","?","T","R","E","R","M","?","?","M","M","BOSS","R","M","R","M","R","E","T","$","E","R","M","?","$","?","M","BOSS","R","E","R","E","M","$","T","M","M","E","?","M","?","M","M","BOSS","E","$","R","BOSS"],"items_purchased_type":["Card","Relic","Relic","Relic","Relic","Relic","Relic","Card","Relic","Relic"],"build_version":"2020-11-30","purchased_purges":5,"victory":true,"max_hp_per_floor":[99,99,99,99,99,99,99,99,99,99,99,99,99,99,99,99,99,99,99,99,99,99,99,99,99,99,99,99,99,99,99,99,104,104,114,114,114,114,114,128,128,128,128,128,128,128,128,128,128,128,128,128,128,128,128],"relic_stats":{"Happy Flower":[35],"counters":[31,155],"Astrolabe":["champ:IronFortress","champ:PerfectForm","champ:GutPunch"],"PreservedInsect":100,"Bag of Preparation":[2],"Whetstone":["champ:Strike","champ:Execute"],"Letter Opener":[33],"Ginger":[3],"War Paint":["champ:HoldFirm"],"Question Card":14,"Dream Catcher":0,"Centennial Puzzle":[3],"Busted Crown":34,"Shuriken":[40],"Necronomicon":[58],"obtain_stats":[{"sneckomod:BlankCard":5,"Vajra":38,"champ:ChampionCrown":0,"downfall:HeartBlessingGreen":10,"Mango":40,"Incense Burner":9,"Bag of Preparation":53,"Whetstone":3,"Ginger":47,"Ancient Tea Set":2,"Dream Catcher":36,"Centennial Puzzle":53,"DollysMirror":25,"downfall:HeartBlessingBlue":35,"Necronomicon":29,"champ:BerserkersGuideToSlaughter":52,"downfall:HeartBlessingRed":4,"Happy Flower":26,"Astrolabe":17,"Oddly Smooth Stone":52,"PreservedInsect":44,"Guardian:PocketSentry":40,"Letter Opener":30,"Frozen Egg 2":7,"War Paint":53,"Question Card":41,"Busted Crown":34,"Shuriken":23,"Membership Card":30},{"sneckomod:BlankCard":2,"Vajra":20,"champ:ChampionCrown":0,"downfall:HeartBlessingGreen":3,"Mango":21,"Incense Burner":3,"Bag of Preparation":30,"Whetstone":1,"Ginger":26,"Ancient Tea Set":0,"Dream Catcher":19,"Centennial Puzzle":30,"DollysMirror":13,"downfall:HeartBlessingBlue":18,"Necronomicon":15,"champ:BerserkersGuideToSlaughter":30,"downfall:HeartBlessingRed":1,"Happy Flower":14,"Astrolabe":9,"Oddly Smooth Stone":30,"PreservedInsect":24,"Guardian:PocketSentry":21,"Letter Opener":16,"Frozen Egg 2":2,"War Paint":30,"Question Card":21,"Busted Crown":18,"Shuriken":12,"Membership Card":16},{"sneckomod:BlankCard":10,"Vajra":82,"champ:ChampionCrown":0,"downfall:HeartBlessingGreen":13,"Mango":88,"Incense Burner":13,"Bag of Preparation":129,"Whetstone":5,"Ginger":114,"Ancient Tea Set":0,"Dream Catcher":77,"Centennial Puzzle":129,"DollysMirror":45,"downfall:HeartBlessingBlue":72,"Necronomicon":57,"champ:BerserkersGuideToSlaughter":129,"downfall:HeartBlessingRed":5,"Happy Flower":52,"Astrolabe":27,"Oddly Smooth Stone":129,"PreservedInsect":104,"Guardian:PocketSentry":88,"Letter Opener":60,"Frozen Egg 2":10,"War Paint":129,"Question Card":88,"Busted Crown":72,"Shuriken":41,"Membership Card":60}]},"card_choices":[{"not_picked":["champ:FlashCut","champ:ArenaPreparation"],"picked":"champ:PerfectedStrike","floor":3},{"not_picked":["champ:CheapShot","champ:Encircle"],"picked":"champ:PerfectForm","floor":5},{"not_picked":["champ:Aggression","champ:Lariat"],"picked":"champ:LastStand+1","floor":9},{"not_picked":["champ:GladiatorsShout","champ:DefensiveShout","champ:Balance"],"picked":"SKIP","floor":11},{"not_picked":["champ:Haymaker","champ:BladeFlurry","champ:Backstep"],"picked":"SKIP","floor":12},{"not_picked":["champ:AdrenalArmor","champ:Circumvent","champ:Haymaker"],"picked":"SKIP","floor":13},{"not_picked":["champ:HeartStrike","champ:FanOfKnives","champ:RapidStrikes"],"picked":"SKIP","floor":14},{"not_picked":["champ:Circumvent","champ:FocusedGladiator","champ:BerserkersShout"],"picked":"SKIP","floor":15},{"not_picked":["champ:CrownThrow","champ:ShieldSlam"],"picked":"champ:MurderStrike","floor":16},{"not_picked":["champ:FalseCounter","champ:Duel","champ:Backstep+1"],"picked":"SKIP","floor":19},{"not_picked":["champ:FalseCounter","champ:Duel","champ:Backstep+1"],"picked":"SKIP","floor":19},{"not_picked":["champ:FalseCounter","champ:Backstep+1"],"picked":"champ:Duel","floor":19},{"not_picked":["champ:Haymaker+1","champ:HeartStrike+1"],"picked":"champ:ShieldWall+1","floor":21},{"not_picked":["champ:Shatter","champ:FocusedDefense","champ:Backstep+1"],"picked":"SKIP","floor":23},{"not_picked":["champ:RapidStrikes","champ:StanceDance","champ:FlashCut"],"picked":"SKIP","floor":25},{"not_picked":["champ:MurderStrike","champ:ShieldSlam"],"picked":"champ:GutPunch+1","floor":26},{"not_picked":["champ:Control","champ:Backstep+1","champ:CrookedStrike+1"],"picked":"SKIP","floor":28},{"not_picked":["champ:Backstep","champ:FlashCut"],"picked":"champ:Devastate","floor":30},{"not_picked":["champ:Circumvent","champ:FlashCut+1"],"picked":"champ:FightOn","floor":32},{"not_picked":["champ:DancingMaster+1","champ:Improvising+1"],"picked":"champ:Devastate","floor":33},{"not_picked":["champ:GladiatorStyle+1"],"picked":"SKIP","floor":36},{"not_picked":[],"picked":"champ:Haymaker+1","floor":38},{"not_picked":["champ:BringItOn+1"],"picked":"SKIP","floor":39},{"not_picked":["champ:PerfectedStrike"],"picked":"champ:AdrenalArmor+1","floor":42},{"not_picked":["champ:FanOfKnives+1","champ:Backstep"],"picked":"SKIP","floor":43},{"not_picked":["champ:Backstep+1","champ:HeavySlash"],"picked":"SKIP","floor":44},{"not_picked":["expansioncontent:HyperBeam"],"picked":"expansioncontent:Hexaburn","floor":45},{"not_picked":["expansioncontent:ChargeUp"],"picked":"expansioncontent:TimeRipple","floor":45},{"not_picked":["expansioncontent:FaceSlap"],"picked":"expansioncontent:BronzeBeam","floor":45},{"not_picked":["champ:Riposte+1","champ:TornadoPunch+1"],"picked":"SKIP","floor":46},{"not_picked":["champ:PerfectedStrike+1","champ:Backstep+1"],"picked":"SKIP","floor":48},{"not_picked":["champ:FlashCut","champ:Backstep"],"picked":"SKIP","floor":49},{"not_picked":["champ:GladiatorsShout+1","champ:FanOfKnives"],"picked":"SKIP","floor":52}],"player_experience":583692,"relics_obtained":[{"floor":3,"key":"Whetstone"},{"floor":5,"key":"sneckomod:BlankCard"},{"floor":7,"key":"Frozen Egg 2"},{"floor":9,"key":"Incense Burner"},{"floor":23,"key":"Shuriken"},{"floor":26,"key":"Happy Flower"},{"floor":29,"key":"Necronomicon"},{"floor":36,"key":"Dream Catcher"},{"floor":38,"key":"Vajra"},{"floor":41,"key":"Question Card"},{"floor":44,"key":"PreservedInsect"},{"floor":47,"key":"Ginger"},{"floor":52,"key":"champ:BerserkersGuideToSlaughter"},{"floor":52,"key":"Oddly Smooth Stone"}],"event_choices":[{"damage_healed":0,"gold_gain":0,"player_choice":"Ignored","damage_taken":0,"max_hp_gain":0,"max_hp_loss":0,"event_name":"Vampires","floor":31,"gold_loss":0}],"is_beta":false,"boss_relics":[{"not_picked":["Pandora\u0027s Box","SlaversCollar"],"picked":"Astrolabe"},{"not_picked":["Tiny House","Velvet Choker"],"picked":"Busted Crown"}],"items_purged_floors":[12,25,30,40,40],"is_endless":false,"potions_floor_spawned":[5,13,14,15,16,21,26,32,33,38,39,43,44,47],"ascension_level":1}}