{"host":"i09pxcjttd31eh4q","time":1607910735,"event":{"mods":["AchievementEnabler","BaseMod","Colored Map","Keyboard Shortcuts","Minty Spire (QoL Compilation)","StSLib","SuperFastMode"],"gold_per_floor":[119,134,134,144,69,69,103,103,103,119,134,134,166,179,179,251,251,268,285,46,46,46],"floor_reached":21,"playtime":628,"items_purged":["Strike_P","Defend_P"],"score":470,"play_id":"5e01f8cd-9750-48e9-b6da-beebe7cfa167","local_time":"20201214105215","is_ascension_mode":true,"campfire_choices":[{"data":"Apotheosis","floor":6.0,"key":"SMITH"},{"data":"Eruption","floor":8.0,"key":"SMITH"},{"data":"TalkToTheHand","floor":12.0,"key":"SMITH"},{"data":"Wallop","floor":15.0,"key":"SMITH"}],"circlet_count":0,"master_deck":["AscendersBane","Strike_P","Strike_P","Defend_P","Defend_P","Defend_P","Eruption+1","Vigilance","Apotheosis+1","Wallop","Wallop+1","TalkToTheHand+1","Sanctity","Adaptation","Purity"],"relics":["PureWater","Matryoshka","Lizard Tail","VioletLotus"],"acts_visited":["TheCity"],"potions_floor_usage":[],"damage_taken":[{"damage":0.0,"enemies":"Small Slimes","floor":1.0,"turns":3.0},{"damage":0.0,"enemies":"Cultist","floor":2.0,"turns":2.0},{"damage":0.0,"enemies":"Jaw Worm","floor":4.0,"turns":6.0},{"damage":0.0,"enemies":"3 Sentries","floor":7.0,"turns":9.0},{"damage":4.0,"enemies":"3 Louse","floor":10.0,"turns":4.0},{"damage":4.0,"enemies":"Large Slime","floor":11.0,"turns":4.0},{"damage":0.0,"enemies":"Lagavulin","floor":13.0,"turns":4.0},{"damage":0.0,"enemies":"Looter","floor":14.0,"turns":2.0},{"damage":20.0,"enemies":"Slime Boss","floor":16.0,"turns":10.0},{"damage":6.0,"enemies":"3 Byrds","floor":18.0,"turns":6.0},{"damage":32.0,"enemies":"Chosen","floor":19.0,"turns":7.0},{"damage":62,"enemies":"Sentry and Sphere","floor":21,"turns":5}],"seed_played":"932714228194246676","potions_obtained":[{"floor":7.0,"key":"Swift Potion"},{"floor":10.0,"key":"DistilledChaos"},{"floor":11.0,"key":"EntropicBrew"},{"floor":14.0,"key":"SneckoOil"}],"is_trial":false,"path_per_floor":["M","M","?","M","$","R","E","R","T","M","M","R","E","M","R","B",null,"M","M","$","M"],"character_chosen":"WATCHER","items_purchased":["Adaptation","Purity"],"campfire_rested":0,"item_purchase_floors":[20,20],"current_hp_per_floor":[43,43,43,43,43,43,43,43,43,39,35,35,35,35,35,15,55,49,17,17,8,8],"gold":46,"neow_bonus":"RANDOM_COLORLESS_2","is_daily":false,"chose_seed":false,"campfire_upgraded":4,"win_rate":0.0,"timestamp":1607910735,"path_taken":["M","M","?","M","$","R","E","R","T","?","M","R","E","M","R","BOSS","M","M","$","M"],"items_purchased_type":["Card","Card"],"build_version":"2020-12-13","purchased_purges":2,"victory":false,"max_hp_per_floor":[68,68,68,68,68,68,68,68,68,68,68,68,68,68,68,68,68,68,68,68,68,68],"card_choices":[{"not_picked":["Secret Technique","Thinking Ahead"],"picked":"Apotheosis","floor":0.0},{"not_picked":["Evaluate","ClearTheMind"],"picked":"Wallop","floor":1.0},{"not_picked":["Prostrate","Evaluate"],"picked":"Wallop","floor":2.0},{"not_picked":["WaveOfTheHand","Prostrate","TalkToTheHand"],"picked":"SKIP","floor":4.0},{"not_picked":["WaveOfTheHand","Prostrate"],"picked":"TalkToTheHand","floor":4.0},{"not_picked":["Omniscience","ForeignInfluence","FollowUp"],"picked":"SKIP","floor":7.0},{"not_picked":["FollowUp","FlyingSleeves","EmptyBody"],"picked":"SKIP","floor":10.0},{"not_picked":["ClearTheMind","BowlingBash","EmptyMind"],"picked":"SKIP","floor":11.0},{"not_picked":["Consecrate","Protect","Vengeance"],"picked":"SKIP","floor":13.0},{"not_picked":["Vengeance","Protect","CarveReality"],"picked":"SKIP","floor":14.0},{"not_picked":["ClearTheMind+1","ThirdEye"],"picked":"Sanctity","floor":18.0},{"not_picked":["Collect","CutThroughFate","Evaluate"],"picked":"SKIP","floor":19.0}],"player_experience":725633,"relics_obtained":[{"floor":9.0,"key":"Matryoshka"},{"floor":13.0,"key":"Lizard Tail"}],"event_choices":[{"cards_removed":["Strike_P"],"damage_healed":0.0,"max_hp_gain":0.0,"max_hp_loss":0.0,"gold_gain":0.0,"event_name":"Purifier","player_choice":"Purged","floor":3.0,"gold_loss":0.0,"damage_taken":0.0}],"is_beta":false,"boss_relics":[{"not_picked":["Empty Cage","Pandora\u0027s Box"],"picked":"VioletLotus"}],"items_purged_floors":[5,20],"is_endless":false,"potions_floor_spawned":[7,10,11,14],"killed_by":"Sentry and Sphere","ascension_level":19}}