{"host":"Justin","time":1607959355,"event":{"mods":["Act Like it!","Ascension Reborn","BaseMod","BetterRewards","Colored Map","Colored Powertips","DeckTracker","Duelist Mod","GifTheSpireLib","Hermit","Highlight Path","Hubris","Infinite Spire","KomeijiMod","Minty Spire (QoL Compilation)","Rare Cards Sparkle","Replay The Spire","Shop Mod","StSLib","The Animator","The Bug Knight","The Construct","The Cursed","The Disciple","The Forsaken","The Gatherer","The Jungle","The Necromancer"],"gold_per_floor":[109,109,109,109,109,135,148,159,236,236,411,425,440,470,470,470,470],"floor_reached":16,"playtime":751,"items_purged":[],"score":135,"play_id":"106e5789-e1d6-4275-ab56-6bf5a8896442","local_time":"20201214162235","is_ascension_mode":true,"campfire_choices":[{"floor":15,"key":"RECALL"}],"circlet_count":0,"master_deck":["Strike_R+1","Strike_R+1","Strike_R+1","Strike_R+1","Strike_R+1","Defend_R","Defend_R","Defend_R","Defend_R","Bash","Perfected Strike+1","Perfected Strike","Infernal Blade+1","Iron Wave","Doubt","Barricade+1","Sword Boomerang","Metallicize+1"],"relics":["Burning Blood","NeowsBlessing","Replay:Mystery Machine","Frozen Egg 2","hubris:OldNail","Replay:Bottled Eggs"],"acts_visited":["Exordium"],"potions_floor_usage":[8,14,16],"damage_taken":[{"damage":0,"enemies":"Small Slimes","floor":1,"turns":1},{"damage":0,"enemies":"Gremlin Nob","floor":6,"turns":1},{"damage":0,"enemies":"Cultist","floor":7,"turns":1},{"damage":0,"enemies":"Jaw Worm","floor":8,"turns":1},{"damage":13,"enemies":"Lots of Slimes","floor":12,"turns":4},{"damage":0,"enemies":"2 Fungi Beasts","floor":13,"turns":1},{"damage":30,"enemies":"Lagavulin","floor":14,"turns":4},{"damage":69,"enemies":"Fading Forest","floor":16,"turns":10}],"seed_played":"-5886076210165042755","potions_obtained":[{"floor":6,"key":"AttackPotion"},{"floor":7,"key":"LiquidBronze"},{"floor":13,"key":"GamblersBrew"}],"is_trial":false,"path_per_floor":["M","?","T","$","?","E","M","M","T","?","?","M","M","E","R","B"],"character_chosen":"IRONCLAD","items_purchased":[],"campfire_rested":0,"item_purchase_floors":[],"current_hp_per_floor":[80,80,80,80,80,80,80,80,80,80,80,73,79,55,55,0,0],"gold":470,"neow_bonus":"THREE_ENEMY_KILL","is_daily":false,"chose_seed":false,"campfire_upgraded":0,"win_rate":0.0,"timestamp":1607959355,"path_taken":["M","?","?","$","?","E","M","?","T","?","?","M","M","E","R","BOSS"],"items_purchased_type":[],"build_version":"2020-11-17","purchased_purges":0,"victory":false,"max_hp_per_floor":[80,80,80,80,80,80,80,80,80,80,80,80,80,80,80,80,80],"card_choices":[{"not_picked":["Body Slam","Sword Boomerang"],"picked":"Perfected Strike","floor":1},{"not_picked":["ReplayTheSpireMod:LeadingStrike","Sword Boomerang"],"picked":"Perfected Strike","floor":6},{"not_picked":["Pommel Strike","Rampage"],"picked":"Infernal Blade","floor":7},{"not_picked":["Warcry","Armaments"],"picked":"Iron Wave","floor":8},{"not_picked":["Sword Boomerang","Defy Death"],"picked":"Barricade+1","floor":12},{"not_picked":["Replay:Undeath\u0027s Touch","Power Through"],"picked":"Sword Boomerang","floor":13},{"not_picked":["Twin Strike","Iron Wave"],"picked":"Metallicize+1","floor":14}],"player_experience":193,"relics_obtained":[{"floor":2,"key":"Replay:Mystery Machine"},{"floor":3,"key":"Frozen Egg 2"},{"floor":6,"key":"hubris:OldNail"},{"floor":14,"key":"Replay:Bottled Eggs"}],"event_choices":[{"damage_healed":0,"gold_gain":0,"player_choice":"Upgraded","damage_taken":0,"max_hp_gain":0,"max_hp_loss":0,"event_name":"Upgrade Shrine","floor":5,"gold_loss":0,"cards_upgraded":["Perfected Strike"]},{"damage_healed":0,"gold_gain":175,"player_choice":"AGREE","damage_taken":0,"max_hp_gain":0,"max_hp_loss":0,"event_name":"Liars Game","floor":11,"gold_loss":0,"cards_obtained":["Doubt"]}],"is_beta":true,"boss_relics":[],"items_purged_floors":[],"is_endless":false,"potions_floor_spawned":[6,7,13],"killed_by":"Fading Forest","ascension_level":0}}