{"host":"acw864156wjp8gcv","time":1607957934,"event":{"mods":["2.2 Compatiblity","AchievementEnabler","Ascension Reborn","Aspiration","BaseMod","Beaked The Cultist","Better Altar","Better Match","Better Note","Better Sensory Stone","Better Silent Start","Better Skull","Better Third Choice","Better Vampires","Challenge The Spire","Colored Map","Colored Powertips","Conspire","Downfall","Energized Spire","Halation","Hubris","Infinite Spire","Ironclad Rager","Jedi Mod","Mimic Mod","Minty Spire (QoL Compilation)","Relic Sorter","Replay The Spire","Shade Mod","Shop Mod","Spicy Shops","Spikes Relics","StSLib","The Construct","The Jungle","UnlockEverythingMod","Wandering Minibosses","everything is the same but u backflip on backflip","vexMod"],"gold_per_floor":[114,62,77,92,92,92,122,222,253,283,298,298,298,313,313,413,413,428,443,458,458,473,473,488,488,513,528,543,543,453,468,468,568,568,583,583,598,598,598,598,613,628,628,628,643,643,14,29,29,29],"floor_reached":51,"playtime":1640,"items_purged":["construct:Defend_Gold","construct:Defend_Gold","construct:Strike_Gold"],"score":788,"play_id":"097ddd26-d89d-459e-8a4c-f562e4d4a4f2","local_time":"20201214085854","daily_mods":["Specialized","Time Dilation","downfall:WorldOfGoo"],"is_ascension_mode":false,"campfire_choices":[{"data":"construct:Autoturret","floor":6,"key":"SMITH"},{"data":"construct:Autoturret+1","floor":12,"key":"SMITH"},{"data":"construct:FlameCore","floor":15,"key":"SMITH"},{"data":"construct:FlameCore+1","floor":23,"key":"SMITH"},{"data":"construct:Autoturret+1","floor":25,"key":"SMITH"},{"data":"construct:Tumble+1","floor":29,"key":"SMITH"},{"data":"construct:Analyze+1","floor":32,"key":"SMITH"},{"data":"construct:PanicFire","floor":40,"key":"SMITH"},{"data":"construct:PanicFire+1","floor":44,"key":"SMITH"},{"data":"construct:FlameCore+1","floor":46,"key":"SMITH"},{"data":"construct:BatteryCore","floor":49,"key":"SMITH"}],"circlet_count":0,"master_deck":["construct:Strike_Gold","construct:Strike_Gold+2","construct:Strike_Gold+2","construct:Strike_Gold+2","construct:Defend_Gold+1","construct:Defend_Gold+2","construct:AttackMode+2","construct:FlameCore+2","construct:FlameCore","construct:FlameCore+2","construct:FlameCore+2","construct:FlameCore+2","construct:ScopeCore+2","construct:Autoturret+2","construct:Analyze+2","construct:Tumble+2","construct:Reserves+2","construct:Autoturret+2","construct:Tumble+2","construct:PanicFire+2","construct:BatteryCore+1"],"relics":["construct:ClockworkPhoenix","halation:PinkSoulGem","infinitespire:Lucky Rock","infinitespire:Satchel","conspire:GiftBox","Sozu","wanderingMiniBosses:ThiefScarf","halation:HeavySnake","Enchiridion","Bag of Preparation","Busted Crown","StoneCalendar","Toy Ornithopter","halation:PromiseList","infinitespire:Bottled Soul"],"acts_visited":["Exordium","TheCity","TheBeyond"],"potions_floor_usage":[],"damage_taken":[{"damage":0,"enemies":"Cultist","floor":1,"turns":3},{"damage":0,"enemies":"conspire:RoseBush","floor":3,"turns":4},{"damage":0,"enemies":"Small Slimes","floor":4,"turns":3},{"damage":14,"enemies":"Gremlin Nob","floor":7,"turns":3},{"damage":0,"enemies":"3 Louse","floor":9,"turns":3},{"damage":0,"enemies":"Lagavulin","floor":10,"turns":3},{"damage":12,"enemies":"3 Louse","floor":11,"turns":3},{"damage":10,"enemies":"Gremlin Gang","floor":14,"turns":4},{"damage":9,"enemies":"The Guardian","floor":16,"turns":3},{"damage":6,"enemies":"conspire:FuzzyDice","floor":18,"turns":6},{"damage":27,"enemies":"3 Byrds","floor":19,"turns":3},{"damage":0,"enemies":"Snecko","floor":20,"turns":2},{"damage":6,"enemies":"Cultist and Chosen","floor":22,"turns":3},{"damage":11,"enemies":"Snake Plant","floor":24,"turns":2},{"damage":2,"enemies":"Chosen and Byrds","floor":27,"turns":2},{"damage":0,"enemies":"3 Cultists","floor":28,"turns":2},{"damage":0,"enemies":"Cultist and Chosen","floor":31,"turns":3},{"damage":0,"enemies":"Collector","floor":33,"turns":3},{"damage":18,"enemies":"3 Shapes","floor":35,"turns":2},{"damage":2,"enemies":"Orb Walker","floor":37,"turns":2},{"damage":16,"enemies":"Jaw Worm Horde","floor":41,"turns":3},{"damage":5,"enemies":"Sphere and 2 Shapes","floor":42,"turns":2},{"damage":0,"enemies":"Transient","floor":45,"turns":3},{"damage":0,"enemies":"3 Darklings","floor":48,"turns":1},{"damage":4,"enemies":"Donu and Deca","floor":50,"turns":2}],"seed_played":"1880613833527945180","potions_obtained":[{"floor":3,"key":"Toxic Potion"},{"floor":11,"key":"Regen Potion"},{"floor":14,"key":"DuplicationPotion"}],"is_trial":false,"path_per_floor":["M","$","M","M","?","R","E","?","MIM","E","M","R","?","M","R","B",null,"M","M","M","?","M","R","M","R","T","M","M","R","?","M","R","B",null,"M","AVR","M","?","?","R","M","M","T","R","M","R","$","M","R","B",null],"character_chosen":"THE_CONSTRUCT_MOD","items_purchased":["construct:Autoturret","halation:PromiseList","infinitespire:Bottled Soul","construct:BatteryCore"],"campfire_rested":0,"item_purchase_floors":[2,47,47,47],"current_hp_per_floor":[85,85,85,85,85,85,71,71,71,71,59,59,59,49,49,40,85,79,52,52,36,30,30,19,19,19,17,17,17,17,17,17,17,85,67,67,65,65,65,65,49,44,44,44,44,44,44,44,44,40],"gold":29,"neow_bonus":"","is_daily":true,"chose_seed":false,"campfire_upgraded":11,"win_rate":0.0,"timestamp":1607957934,"path_taken":["M","?","M","M","?","R","E","?","MIM","E","M","R","?","M","R","BOSS","M","M","M","?","M","R","M","R","T","M","M","R","?","M","R","BOSS","M","AVR","?","?","?","R","M","M","T","R","M","R","?","?","R","BOSS"],"items_purchased_type":["Card","Relic","Relic","Card"],"build_version":"2020-12-13","purchased_purges":3,"victory":true,"max_hp_per_floor":[85,85,85,85,85,85,85,85,85,85,85,85,85,85,85,85,85,85,85,85,85,85,85,85,85,85,85,85,85,85,85,85,85,85,85,85,85,85,85,85,85,85,85,85,85,85,85,85,85,85],"card_choices":[{"not_picked":["construct:Anticipate","construct:SyphonStrike"],"picked":"construct:ScopeCore","floor":1},{"not_picked":["construct:Backfire","construct:HeavyBolt"],"picked":"construct:Analyze","floor":3},{"not_picked":["construct:Enhance","construct:Backup"],"picked":"construct:Tumble","floor":4},{"not_picked":["construct:VentSteam","construct:ModeShift","construct:FocusedBeam"],"picked":"SKIP","floor":7},{"not_picked":["construct:HastyRepair","construct:ClockworkEgg"],"picked":"construct:Reserves","floor":10},{"not_picked":["construct:MemoryTap","construct:FierceBash","construct:ClusterMines"],"picked":"SKIP","floor":10},{"not_picked":["construct:FocusedBeam","construct:ModeShift","construct:ElectricArmor"],"picked":"SKIP","floor":11},{"not_picked":["construct:ScrapCannon","construct:PowerUp","construct:ShiftingStance"],"picked":"SKIP","floor":14},{"not_picked":["construct:ScrapCannon+1","construct:SweepLaser+1","construct:SaveState"],"picked":"SKIP","floor":18},{"not_picked":["construct:ScopeCore","construct:Accumulate"],"picked":"construct:Autoturret","floor":19},{"not_picked":["construct:SuppressiveFire","construct:ScrapCannon"],"picked":"construct:Tumble+1","floor":20},{"not_picked":["construct:SuppressiveFire","construct:BatteryAcid+1","construct:Boost"],"picked":"SKIP","floor":22},{"not_picked":["construct:Isolate","construct:Chainstrike","construct:SaveState"],"picked":"SKIP","floor":24},{"not_picked":["construct:ScopeCore","construct:Accumulate","construct:QuickAttack"],"picked":"SKIP","floor":27},{"not_picked":["construct:MetalShell","construct:ShiftStrike+1","construct:Accumulate"],"picked":"SKIP","floor":28},{"not_picked":["construct:Chainstrike","construct:SiegeForm","construct:Versatility"],"picked":"SKIP","floor":31},{"not_picked":["construct:ShieldGenerator","construct:HastyRepair"],"picked":"construct:PanicFire","floor":33},{"not_picked":["construct:Antimatter+1"],"picked":"SKIP","floor":35},{"not_picked":["construct:ShiftGuard+1"],"picked":"SKIP","floor":37},{"not_picked":["construct:Reinforce+1"],"picked":"SKIP","floor":41},{"not_picked":["construct:Forcefield"],"picked":"SKIP","floor":42},{"not_picked":["construct:SuppressiveFire"],"picked":"SKIP","floor":45},{"not_picked":["construct:Versatility"],"picked":"SKIP","floor":48}],"player_experience":116249,"relics_obtained":[{"floor":7,"key":"infinitespire:Lucky Rock"},{"floor":9,"key":"infinitespire:Satchel"},{"floor":10,"key":"conspire:GiftBox"},{"floor":19,"key":"wanderingMiniBosses:ThiefScarf"},{"floor":21,"key":"Enchiridion"},{"floor":26,"key":"Bag of Preparation"},{"floor":43,"key":"Toy Ornithopter"}],"event_choices":[{"damage_healed":0,"gold_gain":0,"player_choice":"Disagree","damage_taken":0,"max_hp_gain":0,"max_hp_loss":0,"event_name":"conspire:LoneGhost","floor":5,"gold_loss":0},{"damage_healed":0,"gold_gain":100,"player_choice":"Pray","damage_taken":0,"max_hp_gain":0,"max_hp_loss":0,"event_name":"Golden Shrine","floor":8,"gold_loss":0},{"damage_healed":0,"gold_gain":0,"player_choice":"Obtained Book","damage_taken":16,"max_hp_gain":0,"max_hp_loss":0,"event_name":"Cursed Tome","floor":21,"gold_loss":0},{"cards_removed":["construct:Defend_Gold"],"damage_healed":0,"gold_gain":0,"player_choice":"Upgrade and Remove","damage_taken":0,"max_hp_gain":0,"max_hp_loss":0,"event_name":"Designer","floor":30,"gold_loss":90,"cards_upgraded":["construct:Tumble"]},{"damage_healed":0,"gold_gain":3,"player_choice":"1","damage_taken":0,"max_hp_gain":0,"max_hp_loss":0,"event_name":"betterStone:BetterStone","floor":38,"gold_loss":0},{"damage_healed":0,"gold_gain":0,"player_choice":"Ignored","damage_taken":0,"max_hp_gain":0,"max_hp_loss":0,"event_name":"Tomb of Lord Red Mask","floor":39,"gold_loss":0}],"is_beta":false,"boss_relics":[{"not_picked":["halation:CatFaceCupcake","vexMod:EndlessSickness","Runic Pyramid"]},{"not_picked":["vexMod:MysteryBossChallenge","aspiration:SilentSkillbook"],"picked":"Busted Crown"}],"items_purged_floors":[36,47,47],"is_endless":false,"potions_floor_spawned":[3,10,11,14,18,19,31,35,37,48],"ascension_level":0}}