{"host":"jtxptf9isiqyc7jm","time":1607972851,"event":{"mods":["Act Like it!","BaseMod","Bestiary","BetterRewards","Colored Powertips","Custom Start","Downfall","Friendly Minions","Hermit","Hubris","Infinite Spire","Jorbs\u0027s Wanderer Trilogy","Kiyohime????","Koishi","Lobotomy","Marisa????????","Minty Spire (QoL Compilation)","Prisma Mod","Remilia??????","Replay The Spire","Shop Mod","StSLib","The Construct","The Cursed","The Disciple","The Hierophant","The Jungle","The Runesmith","The Senshi","The Servant 0.9.4"],"gold_per_floor":[470,482,494,287,323,323,428,460,460,460,547,630,630,814,823,1153,1153,1209,1291,1291,1300,1368,1377,1377,1763,1808,1817,1925,2036,2036,2079,2079],"floor_reached":31,"playtime":3575,"items_purged":[],"score":602,"play_id":"11868ad4-4e34-4a4e-b756-cbda9736820c","local_time":"20201214190731","daily_mods":["Vintage","Heirloom","Time Dilation","DeadlyEvents","Elite Swarm","Lethality","Midas"],"is_ascension_mode":false,"campfire_choices":[{"data":"Zap","floor":6.0,"key":"SMITH"},{"data":"Strike_B+1","floor":6.0,"key":"SMITH"},{"data":"Strike_B+3","floor":10.0,"key":"SMITH"},{"data":"Strike_B+4","floor":10.0,"key":"SMITH"},{"floor":13.0,"key":"DIG"},{"floor":23,"key":"DIG"},{"floor":27,"key":"DIG"}],"circlet_count":0,"master_deck":["Strike_B+6","Strike_B+1","Strike_B+3","Strike_B+4","Defend_B+4","Defend_B+1","Defend_B+4","Zap+1","Dualcast+1","Zap+1","Machine Learning+1","Crystallizer+1","Doubt","Panic Button+1","Amplify+1","ReplayRNGCard+1","BasicCrystalCard+1","Reinforced Body+1","ReplayGash+1","Sweeping Beam+1","Chill+1","Hologram+1","Creative AI+1","Echo Form+1","Pot Of Greed+1","Pot Of Greed+1","Pot Of Greed+1","Seek+1"],"relics":["Cracked Core","replay:Trail_Library","Pocketwatch","Replay:Wax Seal","hubris:TenFootPole","Anchor","Replay:Arrowhead","hubris:BallOfYels","Replay:Bandana","Bag of Preparation","infinitespire:Beetle Shell","Black Star","Blood Vial","Koishi:BloodstainedWhiteRose","Bronze Scales","Burning Blood","Byrd Skull","Calipers","Carrot","CaptainsWheel","Chemical X","Champion Belt","hubris:ChampionShield","Counterbalance","Cracked Core","hubris:CuriousFeather","hierophant:DonationBoxRelic","Dream Catcher","Durian","infinitespire:EmpoweringShard","hubris:EmptyBottle","Eternal Feather","theSenshi:FeatherClipsRelic","construct:FoamFinger","infinitespire:FocusingShard","FossilizedHelix","infinitespire:Freezer","FrozenCore","Frozen Egg 2","Frozen Eye","Replay:Frozen Program","hubris:FunFungus","ReplayFunnel","Fusion Hammer","Garlic","Ginger","Girya","hubris:GlazedTorus","Golden Egg","Gremlin Food","ReplayTheSpireMod:Onyx Gauntlets","HandDrill","Mirror","Happy Flower","Ice Cream","HornCleat","hermit:Horseshoe","hubris:IronBody","Inserter","Iron Core","Iron Hammer","infinitespire:Joker Card","Juzu Bracelet","Replay:Kaleidoscope","PrismaMod:PrismaTraceOn","King of Hearts","Kunai","Lantern","Lee\u0027s Waffle","Letter Opener","ReplayTheSpireMod:Lightbulb","Koishi:LettersToReimu","Lizard Tail","sneckomod:LoadedDie","infinitespire:Lucky Rock","Magic Flower","Mango","Matryoshka","MawBank","MealTicket","Meat on the Bone","Medical Kit","hubris:MedicalManual","Melange","GoldenEye","Membership Card","Mercury Hourglass","hubris:Metronome","infinitespire:Midas Blood","Molten Egg 2","Replay:Multitool","Mummified Hand","hubris:MobiusCoin","Nunchaku","Nuclear Battery","ReplayTheSpireMod:Ninjato","Oddly Smooth Stone","Old Coin","hubris:OldNail","Onion Ring","OrangePellets","Orichalcum","Ornamental Fan","Paper Crane","Paper Frog","Paper Turtyl","Peace Pipe","hubris:PeanutButter","Pear","Pen Nib","Replay:PocketPolymizer","Pocketwatch","Pondfish Scales","hubris:Potato","Potion Belt","PreservedInsect","Quantum Egg","Question Card","Raider\u0027s Mask","Regal Pillow","hubris:RGBLights","Ring of the Snake","sneckomod:ConfusingCodex","Replay:Ringing Soul","construct:RocketBooster","Replay:Rubber Ducky","PrismaMod:PrismaRuby","PrismaMod:PrismaSapphire","Simple Rune","Runic Cube","SacredBark","hubris:ScarierMask","Shuriken","ReplayTheSpireMod:Shallot","infinitespire:ShieldingShard","Sizzling Blood","SlaversCollar","hubris:SlimyHat","Sling","SlipperyGoo","Smiling Mask","Snack Pack","hubris:SoftwareUpdate","infinitespire:SolderingIron","Solar Panel","m_SpellCore","hubris:SphereOfDissonance","StoneMask","StoneCalendar","Strange Spoon","Strawberry","Blue Doll","Sundial","TheAbacus","Boot","Torii","Thread and Needle","Tiny Chest","Replay:Towering Pillar of Hats","Toxic Egg 2","White Beast Statue","Replay:WaspNest","Vampiric Spirits","Vajra","Unceasing Top","TungstenRod","hubris:Zylophone","MerchantsRug","champ:Barbells","Pet Ghost","Replay:Bottled Steam","Art of War","Turnip","Gremlin Horn","DataDisk","StrikeDummy","infinitespire:Eraser","CeramicFish","sneckomod:BlankCard","infinitespire:Bottled Soul","Prayer Wheel","Snecko Heart","Bag of Marbles","Replay:Antivirus Software","The Courier","Blue Candle","hubris:MysteriousPyramids","theSenshi:SpiralHeartMoonRodRelic","Replay:Mystery Machine","ReplayTheSpireMod:TigerMarble","hubris:BundleOfHerbs","Cables","infinitespire:Satchel","Grinning Jar","theSenshi:SailorFukuRelic"],"acts_visited":["Exordium","TheCity"],"potions_floor_usage":[],"damage_taken":[{"damage":0.0,"enemies":"Jaw Worm","floor":1.0,"turns":1.0},{"damage":0.0,"enemies":"Cultist","floor":5.0,"turns":1.0},{"damage":0.0,"enemies":"Gremlin Nob","floor":7.0,"turns":1.0},{"damage":0.0,"enemies":"Small Slimes","floor":8.0,"turns":1.0},{"damage":0.0,"enemies":"Lagavulin","floor":11.0,"turns":1.0},{"damage":0.0,"enemies":"Exordium Wildlife","floor":12.0,"turns":1.0},{"damage":0,"enemies":"Hexaghost","floor":16,"turns":2},{"damage":0,"enemies":"Spheric Guardian","floor":18,"turns":1},{"damage":0,"enemies":"Gremlin Leader","floor":28,"turns":1},{"damage":0,"enemies":"Replay:Snechameleon","floor":29,"turns":2},{"damage":0,"enemies":"3 Byrds","floor":31,"turns":1}],"seed_played":"-6394511443623726684","potions_obtained":[{"floor":1.0,"key":"LifebloodPotion"},{"floor":5.0,"key":"Venom Potion"},{"floor":7.0,"key":"Strength Potion"},{"floor":8.0,"key":"Elixir"},{"floor":11.0,"key":"SpeedPotion"},{"floor":12.0,"key":"Adrenaline Potion"},{"floor":16,"key":"construct:ShiftPotion"},{"floor":18,"key":"ColorlessPotion"}],"is_trial":true,"path_per_floor":["M","?","?","$","M","R","E","M","T","R","E","M","R","?","R","B",null,"M","T","?","?","T","R","T","R","T","R","E","E","R","M"],"character_chosen":"DEFECT","items_purchased":["MerchantsRug","champ:Barbells","Pet Ghost"],"campfire_rested":0,"item_purchase_floors":[4,4,4],"current_hp_per_floor":[123,126,126,126,127,127,131,132,132,135,139,140,140,143,146,150,150,151,151,151,154,154,157,157,141,141,156,167,171,171,173,173],"gold":2079,"neow_bonus":"","is_daily":false,"chose_seed":false,"campfire_upgraded":4,"win_rate":0.0,"timestamp":1607972851,"path_taken":["M","?","?","$","M","R","E","M","T","R","E","M","R","?","R","BOSS","M","?","?","?","?","R","?","R","T","R","?","E","R","M"],"items_purchased_type":["Relic","Relic","Relic"],"build_version":"2020-12-13","purchased_purges":0,"victory":false,"max_hp_per_floor":[123,126,126,126,127,127,131,132,132,135,139,140,140,143,146,150,150,151,151,151,154,154,157,157,160,160,163,167,171,171,173,173],"card_choices":[{"not_picked":["Fission+1","hubris:SpecializedCircuitry+1","Meteor Strike+1"],"picked":"Machine Learning+1","floor":7.0},{"not_picked":["Double Tap+1","Thunder Strike+1","Reaper+1"],"picked":"ReplayTheSpireMod:Fabricate Wheel+1","floor":11.0},{"not_picked":["hubris:Prefetch+1","Offering+1","Firewall+1"],"picked":"ReplayRNGCard+1","floor":16},{"not_picked":["Cold Snap+1","BasicCrystalCard+1","Aggregate+1"],"picked":"Sweeping Beam+1","floor":25},{"not_picked":["Redo+1","Aggregate+1","Doom and Gloom+1"],"picked":"Chill","floor":25},{"not_picked":["Steam+1","Capacitor+1","Rebound+1"],"picked":"Hologram+1","floor":25},{"not_picked":["Core Surge+1","Machine Learning+1","Meteor Strike+1"],"picked":"Echo Form+1","floor":28},{"not_picked":["Hyperbeam+1","ReplayTheSpireMod:Omega Cannon+1","Rainbow+1"],"picked":"Seek+1","floor":29}],"player_experience":89339,"relics_obtained":[{"floor":1.0,"key":"hubris:Zylophone"},{"floor":5.0,"key":"Replay:Bottled Steam"},{"floor":7.0,"key":"Art of War"},{"floor":7.0,"key":"Turnip"},{"floor":8.0,"key":"Gremlin Horn"},{"floor":9.0,"key":"DataDisk"},{"floor":9.0,"key":"StrikeDummy"},{"floor":11.0,"key":"infinitespire:Eraser"},{"floor":11.0,"key":"CeramicFish"},{"floor":12.0,"key":"sneckomod:BlankCard"},{"floor":13.0,"key":"infinitespire:Bottled Soul"},{"floor":18,"key":"Bag of Marbles"},{"floor":19,"key":"Replay:Antivirus Software"},{"floor":19,"key":"The Courier"},{"floor":22,"key":"Blue Candle"},{"floor":23,"key":"hubris:MysteriousPyramids"},{"floor":24,"key":"theSenshi:SpiralHeartMoonRodRelic"},{"floor":26,"key":"Replay:Mystery Machine"},{"floor":27,"key":"ReplayTheSpireMod:TigerMarble"},{"floor":28,"key":"hubris:BundleOfHerbs"},{"floor":28,"key":"Cables"},{"floor":29,"key":"infinitespire:Satchel"},{"floor":29,"key":"Grinning Jar"},{"floor":31,"key":"theSenshi:SailorFukuRelic"}],"event_choices":[{"damage_healed":0.0,"max_hp_gain":0.0,"max_hp_loss":0.0,"gold_gain":0.0,"event_name":"Match and Keep!","player_choice":"1 cards matched","floor":2.0,"gold_loss":0.0,"damage_taken":0.0,"cards_obtained":["Zap"]},{"damage_healed":0.0,"max_hp_gain":0.0,"max_hp_loss":0.0,"gold_gain":0.0,"event_name":"The Cleric","player_choice":"Leave","floor":3.0,"gold_loss":0.0,"damage_taken":0.0},{"damage_healed":0.0,"max_hp_gain":0.0,"max_hp_loss":0.0,"gold_gain":175.0,"event_name":"Liars Game","player_choice":"AGREE","floor":14.0,"gold_loss":0.0,"damage_taken":0.0,"cards_obtained":["Doubt"]},{"cards_removed":["Melter"],"damage_healed":0,"gold_gain":0,"player_choice":"Elegance","damage_taken":0,"max_hp_gain":0,"max_hp_loss":0,"event_name":"Back to Basics","floor":20,"gold_loss":0},{"damage_healed":0,"gold_gain":0,"player_choice":"Simplicity","damage_taken":0,"max_hp_gain":0,"max_hp_loss":0,"event_name":"Back to Basics","floor":20,"gold_loss":0,"cards_upgraded":["Strike_B","Strike_B","Strike_B","Strike_B","Defend_B","Defend_B","Defend_B"]},{"damage_healed":0,"gold_gain":0,"player_choice":"Upgraded","damage_taken":0,"max_hp_gain":0,"max_hp_loss":0,"event_name":"Upgrade Shrine","floor":30,"gold_loss":0,"cards_upgraded":["Strike_B"]}],"is_beta":false,"boss_relics":[{"not_picked":["hubris:CrackedHourglass","Runic Dome"],"picked":"Snecko Heart"}],"items_purged_floors":[],"is_endless":false,"potions_floor_spawned":[1,5,7,8,11,12,16,18,28,29,31],"killed_by":"3 Byrds","ascension_level":0}}