{"host":"p9t7qd83igtcp2bh","time":1607921749,"event":{"mods":["2.2 Compatiblity","AchievementEnabler","BaseMod","Colored Map","Colored Powertips","Custom Start","DeckTracker","Keyboard Shortcuts","Minty Spire (QoL Compilation)","Permanent Neow","Spicy Shops","StSLib","SuperFastMode","everything is the same but u backflip on backflip"],"gold_per_floor":[13,13,27,27,27,27,67,90,90,90,90,111,111,135,135,259,259,284,209,223,68,68,68,82,113,138,156,156,156,81,206,206,206,206],"floor_reached":33,"playtime":803,"items_purged":["Fasting2+1"],"score":485,"play_id":"b617bc8d-017f-4061-8d43-0808c5f7431f","local_time":"20201214135549","is_ascension_mode":true,"campfire_choices":[{"data":"Eruption","floor":6.0,"key":"SMITH"},{"floor":11.0,"key":"REST"},{"data":"FlurryOfBlows","floor":13.0,"key":"SMITH"},{"floor":15.0,"key":"REST"},{"data":"WheelKick","floor":23.0,"key":"SMITH"},{"floor":28.0,"key":"REST"},{"floor":32,"key":"REST"}],"circlet_count":0,"master_deck":["AscendersBane","Defend_P","Defend_P","Eruption+1","Vigilance","Panache+1","FlurryOfBlows+1","EmptyFist","SashWhip+1","Scrawl","FlurryOfBlows+1","WheelKick+1","LessonLearned+1","WreathOfFlame+1","CrushJoints+1","FollowUp+1","Tantrum+1","EmptyBody+1","Evaluate","Protect"],"relics":["PureWater","Golden Idol","Mummified Hand","Bronze Scales","Pocketwatch","Astrolabe","Orrery","Akabeko","Thread and Needle","Blue Candle"],"acts_visited":["Exordium","TheCity"],"potions_floor_usage":[],"damage_taken":[{"damage":0.0,"enemies":"2 Louse","floor":1.0,"turns":2.0},{"damage":0.0,"enemies":"Small Slimes","floor":3.0,"turns":3.0},{"damage":16.0,"enemies":"Gremlin Nob","floor":7.0,"turns":3.0},{"damage":8.0,"enemies":"Jaw Worm","floor":8.0,"turns":4.0},{"damage":5.0,"enemies":"Red Slaver","floor":12.0,"turns":2.0},{"damage":0.0,"enemies":"Looter","floor":14.0,"turns":2.0},{"damage":0.0,"enemies":"Slime Boss","floor":16.0,"turns":2.0},{"damage":11.0,"enemies":"Chosen","floor":18.0,"turns":4.0},{"damage":23.0,"enemies":"2 Thieves","floor":20.0,"turns":3.0},{"damage":19.0,"enemies":"Snake Plant","floor":24.0,"turns":2.0},{"damage":2.0,"enemies":"Slavers","floor":25.0,"turns":3.0},{"damage":0.0,"enemies":"Chosen and Byrds","floor":27.0,"turns":2.0},{"damage":16,"enemies":"Colosseum Slavers","floor":31,"turns":4},{"damage":3,"enemies":"Colosseum Nobs","floor":31,"turns":2},{"damage":44,"enemies":"Champ","floor":33,"turns":7}],"seed_played":"-808714979113376236","potions_obtained":[{"floor":3.0,"key":"Energy Potion"},{"floor":8.0,"key":"FearPotion"},{"floor":16.0,"key":"Fruit Juice"},{"floor":18.0,"key":"Block Potion"},{"floor":25.0,"key":"Explosive Potion"}],"is_trial":false,"path_per_floor":["M","?","M","?","$","R","E","M","T","?","R","M","R","M","R","B",null,"M","?","M","$","?","R","M","E","T","M","R","?","$","?","R","B"],"character_chosen":"WATCHER","items_purchased":["Orrery"],"campfire_rested":4,"item_purchase_floors":[21],"current_hp_per_floor":[65,47,47,40,40,40,24,16,16,9,30,25,25,25,46,46,66,60,60,37,37,37,37,18,16,16,16,39,39,39,20,43,0,0],"gold":206,"neow_bonus":"RANDOM_COLORLESS_2","is_daily":false,"chose_seed":false,"campfire_upgraded":3,"win_rate":0.0,"timestamp":1607921749,"path_taken":["M","?","M","?","$","R","E","M","T","?","R","M","R","M","R","BOSS","M","?","M","$","?","R","?","E","T","M","R","?","?","?","R","BOSS"],"items_purchased_type":["Relic"],"build_version":"2020-12-13","purchased_purges":1,"victory":false,"max_hp_per_floor":[72,72,72,72,72,72,72,72,72,72,72,72,72,72,72,72,72,77,77,77,77,77,77,77,77,77,77,77,77,77,77,77,77,77],"card_choices":[{"not_picked":["Master of Strategy","Secret Weapon"],"picked":"Panache","floor":0.0},{"not_picked":["CutThroughFate","BowlingBash"],"picked":"FlurryOfBlows","floor":1.0},{"not_picked":["Fasting2","CrushJoints"],"picked":"EmptyFist","floor":3.0},{"not_picked":["PathToVictory","Nirvana"],"picked":"SashWhip","floor":7.0},{"not_picked":["CrushJoints","WaveOfTheHand"],"picked":"Scrawl","floor":8.0},{"not_picked":["Prostrate","Wallop"],"picked":"FlurryOfBlows","floor":12.0},{"not_picked":["Study","JustLucky"],"picked":"WheelKick","floor":14.0},{"not_picked":["Blasphemy","Brilliance"],"picked":"LessonLearned","floor":16.0},{"not_picked":["Wireheading","Worship"],"picked":"FollowUp+1","floor":18.0},{"not_picked":["BowlingBash","ThirdEye","Study"],"picked":"SKIP","floor":20.0},{"not_picked":["ReachHeaven","ForeignInfluence+1"],"picked":"Tantrum+1","floor":21.0},{"not_picked":["BowlingBash+1","Pray"],"picked":"EmptyBody+1","floor":24.0},{"not_picked":["Fasting2","EmptyFist+1","Wireheading"],"picked":"SKIP","floor":25.0},{"not_picked":["Fasting2","Crescendo+1"],"picked":"Evaluate","floor":27.0},{"not_picked":["FlyingSleeves","SandsOfTime"],"picked":"Protect","floor":31}],"player_experience":544760,"relics_obtained":[{"floor":7.0,"key":"Mummified Hand"},{"floor":9.0,"key":"Bronze Scales"},{"floor":25.0,"key":"Akabeko"},{"floor":31,"key":"Thread and Needle"},{"floor":31,"key":"Blue Candle"}],"event_choices":[{"damage_healed":0.0,"max_hp_gain":0.0,"max_hp_loss":0.0,"gold_gain":0.0,"event_name":"Golden Idol","player_choice":"Take Damage","floor":2.0,"gold_loss":0.0,"damage_taken":18.0,"relics_obtained":["Golden Idol"]},{"cards_removed":["Defend_P"],"damage_healed":0.0,"max_hp_gain":0.0,"max_hp_loss":0.0,"gold_gain":0.0,"event_name":"Golden Wing","player_choice":"Card Removal","floor":4.0,"gold_loss":0.0,"damage_taken":7.0},{"damage_healed":0.0,"max_hp_gain":0.0,"max_hp_loss":0.0,"gold_gain":0.0,"event_name":"Scrap Ooze","player_choice":"Success","floor":10.0,"gold_loss":0.0,"damage_taken":7.0,"relics_obtained":["Pocketwatch"]},{"cards_removed":["Strike_P"],"damage_healed":0.0,"max_hp_gain":0.0,"max_hp_loss":0.0,"gold_gain":0.0,"event_name":"Beggar","player_choice":"Gave Gold","floor":19.0,"gold_loss":75.0,"damage_taken":0.0},{"damage_healed":0.0,"max_hp_gain":0.0,"max_hp_loss":0.0,"gold_gain":0.0,"event_name":"Upgrade Shrine","player_choice":"Upgraded","floor":22.0,"gold_loss":0.0,"damage_taken":0.0,"cards_upgraded":["LessonLearned"]},{"cards_removed":["Strike_P"],"damage_healed":0,"gold_gain":0,"player_choice":"Elegance","damage_taken":0,"max_hp_gain":0,"max_hp_loss":0,"event_name":"Back to Basics","floor":29,"gold_loss":0},{"damage_healed":0,"gold_gain":0,"player_choice":"Fight","damage_taken":0,"max_hp_gain":0,"max_hp_loss":0,"event_name":"Colosseum","floor":31,"gold_loss":0},{"damage_healed":0,"gold_gain":0,"player_choice":"Fought Nobs","damage_taken":0,"max_hp_gain":0,"max_hp_loss":0,"event_name":"Colosseum","floor":31,"gold_loss":0}],"is_beta":false,"boss_relics":[{"not_picked":["Pandora\u0027s Box","Calling Bell"],"picked":"Astrolabe"}],"items_purged_floors":[30],"is_endless":false,"potions_floor_spawned":[3,8,12,14,16,18,25,31],"killed_by":"Champ","ascension_level":11}}