{"host":"swphzoo6hmc78epl","time":1607921498,"event":{"mods":["BaseMod","Highlight Path","Minty Spire (QoL Compilation)","Quick Restart"],"gold_per_floor":[111,128,141,154,172,198,198,231,282,282,282,305,335,335,335,466,466,481,494,494,494,510,510,520,520,520,520,520],"floor_reached":27,"playtime":915,"items_purged":[],"score":355,"play_id":"7ae4624a-b491-4081-93fe-d0f8b61ae905","local_time":"20201213235138","is_ascension_mode":true,"campfire_choices":[{"data":"Judgement","floor":7,"key":"SMITH"},{"data":"ForeignInfluence","floor":10,"key":"SMITH"},{"data":"Tantrum","floor":15,"key":"SMITH"},{"data":"Devotion","floor":23,"key":"SMITH"}],"circlet_count":0,"master_deck":["Defend_P","Defend_P","Defend_P","Defend_P","Eruption","Vigilance","Judgement+1","FlyingSleeves","Weave","Consecrate","Tantrum+1","JustLucky","Halt","ForeignInfluence+1","Protect","Devotion+1","JustLucky","FlurryOfBlows","FollowUp+1","EmptyBody","ClearTheMind","Halt+1","Bite","Bite","Bite","Bite","Bite"],"relics":["PureWater","Ancient Tea Set","Prayer Wheel","Nunchaku","Eternal Feather","Black Star","Nloth\u0027s Gift","Molten Egg 2"],"acts_visited":["Exordium","TheCity"],"potions_floor_usage":[4,6,7,8,24,27],"damage_taken":[{"damage":0,"enemies":"Jaw Worm","floor":1,"turns":2},{"damage":0,"enemies":"2 Louse","floor":2,"turns":3},{"damage":0,"enemies":"Cultist","floor":3,"turns":3},{"damage":0,"enemies":"3 Louse","floor":4,"turns":2},{"damage":5,"enemies":"Large Slime","floor":5,"turns":2},{"damage":10,"enemies":"3 Sentries","floor":6,"turns":3},{"damage":40,"enemies":"Lagavulin","floor":8,"turns":3},{"damage":0,"enemies":"Gremlin Gang","floor":12,"turns":3},{"damage":0,"enemies":"Slime Boss","floor":16,"turns":4},{"damage":59,"enemies":"Shell Parasite","floor":18,"turns":7},{"damage":1,"enemies":"2 Thieves","floor":19,"turns":3},{"damage":18,"enemies":"Snecko","floor":22,"turns":3},{"damage":20,"enemies":"Chosen and Byrds","floor":24,"turns":4},{"damage":22,"enemies":"Snake Plant","floor":27,"turns":1}],"seed_played":"-5704064695926056674","potions_obtained":[{"floor":1,"key":"PowerPotion"},{"floor":2,"key":"SkillPotion"},{"floor":5,"key":"FearPotion"},{"floor":6,"key":"Fruit Juice"},{"floor":19,"key":"SpeedPotion"},{"floor":24,"key":"AttackPotion"}],"is_trial":false,"path_per_floor":["M","M","M","M","M","E","R","E","T","R","?","M","?","?","R","B",null,"M","M","?","?","M","R","M","?","T","M"],"character_chosen":"WATCHER","items_purchased":[],"campfire_rested":0,"item_purchase_floors":[],"current_hp_per_floor":[72,72,72,72,67,57,62,22,22,22,22,22,22,22,31,31,77,18,17,42,42,24,39,19,19,19,0,0],"gold":520,"neow_bonus":"ONE_RANDOM_RARE_CARD","is_daily":false,"chose_seed":false,"campfire_upgraded":4,"win_rate":0.0,"timestamp":1607921498,"path_taken":["M","M","M","M","M","E","R","E","T","R","?","M","?","?","R","BOSS","M","?","?","?","?","R","M","?","T","M"],"items_purchased_type":[],"build_version":"2020-12-13","purchased_purges":0,"victory":false,"max_hp_per_floor":[72,72,72,72,72,72,77,77,77,77,77,77,77,77,77,77,77,77,77,77,77,77,77,77,53,53,53,53],"card_choices":[{"not_picked":["Meditate","WaveOfTheHand"],"picked":"FlyingSleeves","floor":1},{"not_picked":["Prostrate","CrushJoints"],"picked":"Weave","floor":2},{"not_picked":["InnerPeace","EmptyFist"],"picked":"Consecrate","floor":3},{"not_picked":["Evaluate","EmptyFist"],"picked":"Tantrum","floor":4},{"not_picked":["Wireheading","FlurryOfBlows"],"picked":"JustLucky","floor":5},{"not_picked":["SpiritShield","Brilliance"],"picked":"Halt","floor":6},{"not_picked":["SignatureMove","Indignation"],"picked":"ForeignInfluence","floor":8},{"not_picked":["Crescendo","Pray"],"picked":"Protect","floor":12},{"not_picked":["Tantrum","Protect","CrushJoints"],"picked":"SKIP","floor":12},{"not_picked":["MasterReality","Judgement"],"picked":"Devotion","floor":16},{"not_picked":["Evaluate","Meditate"],"picked":"JustLucky","floor":18},{"not_picked":["SashWhip","ForeignInfluence"],"picked":"FlurryOfBlows","floor":18},{"not_picked":["JustLucky+1","Halt"],"picked":"FollowUp+1","floor":19},{"not_picked":["LikeWater","SpiritShield","CrushJoints+1"],"picked":"SKIP","floor":19},{"not_picked":["FollowUp+1","Tantrum+1"],"picked":"EmptyBody","floor":22},{"not_picked":["Halt","FollowUp+1"],"picked":"ClearTheMind","floor":22},{"not_picked":["EmptyBody+1","FlyingSleeves"],"picked":"Halt+1","floor":24},{"not_picked":["Protect","SashWhip+1","EmptyFist"],"picked":"SKIP","floor":24}],"player_experience":734810,"relics_obtained":[{"floor":6,"key":"Ancient Tea Set"},{"floor":8,"key":"Prayer Wheel"},{"floor":9,"key":"Nunchaku"},{"floor":26,"key":"Molten Egg 2"}],"event_choices":[{"damage_healed":0,"gold_gain":0,"player_choice":"Take Wound","damage_taken":0,"relics_obtained":["Golden Idol"],"max_hp_gain":0,"max_hp_loss":0,"event_name":"Golden Idol","floor":11,"gold_loss":0,"cards_obtained":["Injury"]},{"damage_healed":0,"gold_gain":30,"player_choice":"Searched \u00273\u0027 times","damage_taken":0,"relics_obtained":["Eternal Feather"],"max_hp_gain":0,"max_hp_loss":0,"event_name":"Dead Adventurer","floor":13,"gold_loss":0},{"cards_removed":["Injury"],"damage_healed":0,"gold_gain":0,"player_choice":"Purged","damage_taken":0,"max_hp_gain":0,"max_hp_loss":0,"event_name":"Purifier","floor":14,"gold_loss":0},{"damage_healed":25,"gold_gain":0,"player_choice":"Heal","damage_taken":0,"max_hp_gain":0,"max_hp_loss":0,"event_name":"The Library","floor":20,"gold_loss":0},{"damage_healed":0,"gold_gain":0,"player_choice":"Traded Relic","damage_taken":0,"relics_obtained":["Nloth\u0027s Gift"],"max_hp_gain":0,"max_hp_loss":0,"event_name":"N\u0027loth","floor":21,"relics_lost":["Golden Idol"],"gold_loss":0},{"damage_healed":0,"gold_gain":0,"player_choice":"Became a vampire","damage_taken":0,"max_hp_gain":0,"max_hp_loss":24,"event_name":"Vampires","floor":25,"gold_loss":0,"cards_obtained":["Bite","Bite","Bite","Bite","Bite"]}],"is_beta":false,"boss_relics":[{"not_picked":["HolyWater","Velvet Choker"],"picked":"Black Star"}],"items_purged_floors":[],"is_endless":false,"potions_floor_spawned":[1,2,5,6,19,24],"killed_by":"Snake Plant","ascension_level":4}}