{"host":"qw1m3zcvi888b4j7","time":1607977584,"event":{"mods":["AchievementEnabler","BaseMod","Block Reminder","Colored Map","Colored Powertips","DeckTracker","Highlight Path","Minty Spire (QoL Compilation)","Quick Restart","Rare Cards Sparkle","Relic Sorter","Relic Stats"],"gold_per_floor":[119,133,133,147,3,3,31,31,31,78,90,152,164,188,200,311,323,347,359,390,415,446,458,482,494,506,536,575,587,587],"floor_reached":29,"playtime":1751,"items_purged":[],"score":268,"play_id":"25732ae2-f471-431e-983e-174e167e41c1","local_time":"20201214212624","is_ascension_mode":true,"campfire_choices":[{"floor":6,"key":"RECALL"},{"floor":11,"key":"REST"},{"data":"Armaments","floor":13,"key":"SMITH"},{"data":"Uppercut","floor":15,"key":"SMITH"},{"floor":23,"key":"REST"},{"floor":25,"key":"REST"}],"circlet_count":0,"master_deck":["Strike_R","Strike_R","Strike_R","Strike_R","Strike_R","Defend_R","Defend_R+1","Defend_R","Bash","Spot Weakness","Intimidate+1","Armaments+1","Pommel Strike","Uppercut+1","Searing Blow","Barricade","Body Slam","Headbutt+1","True Grit+1","Thunderclap","Flex","True Grit","Iron Wave"],"relics":["Burning Blood","Regal Pillow","Matryoshka","MawBank","White Beast Statue","Art of War","War Paint","Mark of Pain","NlothsMask","Mummified Hand"],"acts_visited":["Exordium","TheCity"],"potions_floor_usage":[7,10,10,10,14,21,27,28,28,28,29],"damage_taken":[{"damage":8,"enemies":"Small Slimes","floor":1,"turns":3},{"damage":6,"enemies":"Cultist","floor":2,"turns":4},{"damage":3,"enemies":"Jaw Worm","floor":4,"turns":3},{"damage":14,"enemies":"Gremlin Nob","floor":7,"turns":3},{"damage":53,"enemies":"Lagavulin","floor":10,"turns":9},{"damage":6,"enemies":"Exordium Wildlife","floor":14,"turns":3},{"damage":20,"enemies":"The Guardian","floor":16,"turns":10},{"damage":31,"enemies":"2 Thieves","floor":18,"turns":5},{"damage":14,"enemies":"3 Byrds","floor":20,"turns":7},{"damage":30,"enemies":"Shelled Parasite and Fungi","floor":21,"turns":4},{"damage":10,"enemies":"Snecko","floor":22,"turns":4},{"damage":45,"enemies":"Sentry and Sphere","floor":24,"turns":6},{"damage":33,"enemies":"Snake Plant","floor":27,"turns":5},{"damage":36,"enemies":"Book of Stabbing","floor":28,"turns":5},{"damage":12,"enemies":"3 Cultists","floor":29,"turns":2}],"seed_played":"1470196842953839619","potions_obtained":[{"floor":0,"key":"EntropicBrew"},{"floor":0,"key":"ColorlessPotion"},{"floor":0,"key":"ColorlessPotion"},{"floor":14,"key":"Fruit Juice"},{"floor":16,"key":"DuplicationPotion"},{"floor":18,"key":"DuplicationPotion"},{"floor":20,"key":"DuplicationPotion"},{"floor":21,"key":"Weak Potion"},{"floor":22,"key":"PowerPotion"},{"floor":27,"key":"Weak Potion"},{"floor":28,"key":"Fire Potion"}],"is_trial":false,"path_per_floor":["M","M","?","M","$","R","E","?","T","E","R","T","R","M","R","B",null,"M","?","M","M","M","R","M","R","T","M","E","M"],"character_chosen":"IRONCLAD","items_purchased":["Regal Pillow"],"campfire_rested":3,"item_purchase_floors":[5],"current_hp_per_floor":[78,78,78,80,80,80,72,72,72,34,73,73,73,78,78,64,85,60,60,52,28,24,64,25,65,65,38,8,0,0],"gold":587,"neow_bonus":"THREE_SMALL_POTIONS","is_daily":false,"chose_seed":false,"campfire_upgraded":2,"win_rate":0.0,"timestamp":1607977584,"path_taken":["M","M","?","?","$","R","E","?","T","E","R","?","R","M","R","BOSS","M","?","M","?","M","R","M","R","T","M","E","M"],"items_purchased_type":["Relic"],"build_version":"2020-12-13","purchased_purges":0,"victory":false,"max_hp_per_floor":[80,80,80,80,80,80,80,80,80,80,80,80,80,85,85,85,85,85,85,85,85,85,85,85,85,85,85,85,85,85],"relic_stats":{"Regal Pillow":45,"counters":[15,73],"Mummified Hand":[1],"Art of War":[8],"War Paint":["Intimidate","Defend_R"],"MawBank":240,"obtain_stats":[{"Regal Pillow":5,"Matryoshka":7,"Mummified Hand":28,"Mark of Pain":17,"Art of War":12,"War Paint":12,"MawBank":9,"Burning Blood":0,"White Beast Statue":10,"NlothsMask":19},{"Regal Pillow":3,"Matryoshka":4,"Mummified Hand":14,"Mark of Pain":7,"Art of War":5,"War Paint":5,"MawBank":4,"Burning Blood":0,"White Beast Statue":5,"NlothsMask":8},{"Regal Pillow":10,"Matryoshka":13,"Mummified Hand":71,"Mark of Pain":35,"Art of War":22,"War Paint":22,"MawBank":13,"Burning Blood":0,"White Beast Statue":22,"NlothsMask":40}],"Burning Blood":83},"card_choices":[{"not_picked":["Body Slam","Second Wind"],"picked":"Spot Weakness","floor":1},{"not_picked":["Inflame","Searing Blow"],"picked":"Intimidate","floor":2},{"not_picked":["Ghostly Armor","Pummel"],"picked":"Armaments","floor":4},{"not_picked":["Armaments","True Grit"],"picked":"Pommel Strike","floor":7},{"not_picked":["Sword Boomerang","Dark Embrace"],"picked":"Uppercut","floor":10},{"not_picked":["Limit Break","Evolve"],"picked":"Searing Blow","floor":14},{"not_picked":["Double Tap","Demon Form"],"picked":"Barricade","floor":16},{"not_picked":["Warcry","Whirlwind+1"],"picked":"Body Slam","floor":18},{"not_picked":["Clash+1","Rampage"],"picked":"Headbutt+1","floor":20},{"not_picked":["Armaments","Impervious"],"picked":"True Grit+1","floor":21},{"not_picked":["Pommel Strike+1","Shockwave+1"],"picked":"Thunderclap","floor":22},{"not_picked":["Perfected Strike","Clash"],"picked":"Flex","floor":24},{"not_picked":["Sword Boomerang","Pummel"],"picked":"True Grit","floor":27},{"not_picked":["Sword Boomerang","Pummel"],"picked":"Iron Wave","floor":28}],"player_experience":69303,"relics_obtained":[{"floor":7,"key":"Matryoshka"},{"floor":9,"key":"MawBank"},{"floor":10,"key":"White Beast Statue"},{"floor":12,"key":"Art of War"},{"floor":12,"key":"War Paint"},{"floor":28,"key":"Mummified Hand"}],"event_choices":[{"cards_removed":["Defend_R"],"damage_healed":0,"gold_gain":0,"player_choice":"Purged","damage_taken":0,"max_hp_gain":0,"max_hp_loss":0,"event_name":"Purifier","floor":3,"gold_loss":0},{"damage_healed":0,"gold_gain":0,"player_choice":"Ignored","damage_taken":0,"max_hp_gain":0,"max_hp_loss":0,"event_name":"Golden Wing","floor":8,"gold_loss":0},{"damage_healed":0,"gold_gain":0,"player_choice":"Trade","damage_taken":0,"relics_obtained":["NlothsMask"],"max_hp_gain":0,"max_hp_loss":0,"event_name":"FaceTrader","floor":19,"gold_loss":0}],"is_beta":false,"boss_relics":[{"not_picked":["Runic Dome","Coffee Dripper"],"picked":"Mark of Pain"}],"items_purged_floors":[],"is_endless":false,"potions_floor_spawned":[1,14,16,18,20,21,22,24,27,28],"killed_by":"3 Cultists","ascension_level":1}}