{"host":"keq0h3zgiuz4rmh9","time":1607937635,"event":{"mods":["AchievementEnabler","BaseMod","BetterRewards","Downfall","Duelist Mod","GifTheSpireLib","Hermit","Minty Spire (QoL Compilation)","Replay The Spire","StSLib","The Cursed","The Necromancer"],"gold_per_floor":[135,135,36,55,66,66,93,103,130,140,221,250,263,263,263,361,361,375,375,108,121,121,149,149,168,250,250,450,482,494,505,505,610,610,630,114,114,114,114,114,148,160,160,195,210,210,222,235,235,235],"floor_reached":51,"playtime":5258,"items_purged":["theDuelist:CastleWalls"],"score":812,"play_id":"93c313c9-326b-4ce0-85cb-b10d505742f0","local_time":"20201214042035","is_ascension_mode":false,"campfire_choices":[{"data":"theDuelist:Raigeki","floor":6,"key":"SMITH"},{"floor":15,"key":"REST"},{"floor":24,"key":"RECALL"},{"floor":27,"key":"REST"},{"floor":32,"key":"REST"},{"floor":40,"key":"REST"},{"floor":46,"key":"REST"},{"floor":49,"key":"REST"}],"circlet_count":0,"master_deck":["theDuelist:BabyDragon+1","theDuelist:CaveDragon","theDuelist:CaveDragon","theDuelist:LesserDragon","theDuelist:LesserDragon","theDuelist:Sparks","theDuelist:Sparks","theDuelist:YamataDragon","theDuelist:AxeDespair","theDuelist:BabyDragon","theDuelist:Raigeki+1","theDuelist:SliferSky","theDuelist:BlackPtera","theDuelist:Earthquake","theDuelist:DarkHorus","theDuelist:ArmageddonDragonEmp","theDuelist:Kabazauls","theDuelist:BusterBlader","theDuelist:WaterDragon","theDuelist:BerserkScales+1","theDuelist:FrostflameDragon","theDuelist:Raigeki+1","theDuelist:BusterBladerDDS","theDuelist:MadFlameKaiju+1","theDuelist:Mountain","Hallucinations","theDuelist:BlackBrachios+1","theDuelist:PotGreed"],"relics":["theDuelist:MillenniumPuzzle","theDuelist:CardPoolRelic","theDuelist:CardPoolBasicRelic","theDuelist:BoosterPackPoolRelic","theDuelist:CardPoolAddRelic","theDuelist:CardPoolMinusRelic","theDuelist:CardPoolSaveRelic","theDuelist:CardPoolOptionsRelic","CultistMask","Blood Vial","King of Hearts","Onion Ring","War Paint","Fusion Hammer","Toy Ornithopter","MutagenicStrength","theDuelist:WhiteBowlRelic","ReplayTheSpireMod:Shallot","Tough Bandages","theDuelist:MillenniumCoin","Runic Pyramid","Vampiric Spirits","theDuelist:DuelistOrichalcum","theDuelist:SpellMaxHPRelic","Ring of Fury","ReplayTheSpireMod:Ring of Exchange","Potion Belt","theDuelist:MonsterEggRelic","Basket Of Snakes"],"acts_visited":["Exordium","TheCity","TheBeyond"],"potions_floor_usage":[12,21,21,25,31,42,45,50,50],"damage_taken":[{"damage":0,"enemies":"2 Louse","floor":1,"turns":2},{"damage":0,"enemies":"Cultist","floor":4,"turns":2},{"damage":6,"enemies":"Jaw Worm","floor":5,"turns":3},{"damage":17,"enemies":"Replay:BlueRogue","floor":7,"turns":7},{"damage":5,"enemies":"Exordium Thugs","floor":8,"turns":6},{"damage":13,"enemies":"Exordium Wildlife","floor":10,"turns":5},{"damage":23,"enemies":"Lagavulin","floor":12,"turns":6},{"damage":4,"enemies":"Looter","floor":13,"turns":2},{"damage":14,"enemies":"Slime Boss","floor":16,"turns":9},{"damage":13,"enemies":"Spheric Guardian","floor":18,"turns":5},{"damage":12,"enemies":"3 Byrds","floor":21,"turns":4},{"damage":0,"enemies":"theDuelist:KaibaA2","floor":23,"turns":3},{"damage":18,"enemies":"Snake Plant","floor":25,"turns":2},{"damage":5,"enemies":"Colosseum Slavers","floor":28,"turns":3},{"damage":12,"enemies":"Colosseum Nobs","floor":28,"turns":4},{"damage":0,"enemies":"Centurion and Healer","floor":30,"turns":4},{"damage":0,"enemies":"Cultist and Chosen","floor":31,"turns":4},{"damage":38,"enemies":"Automaton","floor":33,"turns":9},{"damage":0,"enemies":"3 Shapes","floor":35,"turns":2},{"damage":12,"enemies":"Giant Head","floor":41,"turns":8},{"damage":40,"enemies":"3 Darklings","floor":42,"turns":3},{"damage":28,"enemies":"R_Hoarder","floor":44,"turns":7},{"damage":7,"enemies":"Maw","floor":45,"turns":5},{"damage":16,"enemies":"Transient","floor":47,"turns":5},{"damage":0,"enemies":"3 Darklings","floor":48,"turns":3},{"damage":50,"enemies":"Donu and Deca","floor":50,"turns":8}],"seed_played":"780616700628550977","potions_obtained":[{"floor":1,"key":"theDuelist:SolderPotionB"},{"floor":10,"key":"FearPotion"},{"floor":12,"key":"hexamod:EctoCoolerPotion"},{"floor":18,"key":"theDuelist:SolderPotionB"},{"floor":23,"key":"LiquidMemories"},{"floor":25,"key":"theDuelist:FireBottle"},{"floor":41,"key":"Fruit Juice"},{"floor":44,"key":"Strength Potion"},{"floor":47,"key":"Adrenaline Potion"}],"is_trial":false,"path_per_floor":["M","?","$","M","M","R","E","M","T","M","T","E","M","?","R","B",null,"M","?","$","M","?","E","R","M","T","R","?","?","M","M","R","B",null,"M","$","?","?","?","R","E","M","T","E","M","R","M","M","R","B",null],"character_chosen":"THE_DUELIST","items_purchased":["theDuelist:BabyDragon","theDuelist:BusterBlader","Toy Ornithopter","theDuelist:WaterDragon","Vampiric Spirits","theDuelist:DuelistOrichalcum","theDuelist:Mountain"],"campfire_rested":6,"item_purchase_floors":[3,20,20,20,36,36,36],"current_hp_per_floor":[80,80,80,80,74,74,57,54,54,43,43,22,20,13,37,25,80,67,67,67,67,67,69,69,58,58,80,65,65,67,74,80,42,80,80,80,74,74,74,76,64,46,46,28,33,57,62,79,82,37],"gold":235,"neow_bonus":"","is_daily":false,"chose_seed":false,"campfire_upgraded":1,"win_rate":0.0,"timestamp":1607937635,"path_taken":["M","?","?","M","M","R","E","M","T","M","?","E","?","?","R","BOSS","M","?","$","M","?","E","R","M","T","R","?","?","M","M","R","BOSS","M","$","?","?","?","R","E","M","T","E","M","R","M","M","R","BOSS"],"items_purchased_type":["Card","Card","Relic","Card","Relic","Relic","Card"],"build_version":"2020-12-13","purchased_purges":1,"victory":true,"max_hp_per_floor":[80,80,80,80,80,80,80,80,80,80,80,80,80,80,80,80,80,80,80,80,80,80,80,80,80,80,80,80,80,80,80,80,80,80,80,80,80,80,76,76,76,81,81,81,81,81,82,82,82,82],"card_choices":[{"not_picked":["theDuelist:StampingDestruction","theDuelist:SpiralSpearStrike","theDuelist:GoldSarcophagus","theDuelist:Dracocension"],"picked":"theDuelist:AxeDespair","floor":1},{"not_picked":["theDuelist:GiantRex","theDuelist:BlackStego","theDuelist:BarrelDragon","theDuelist:MadFlameKaiju","theDuelist:BlackTyranno"],"picked":"SKIP","floor":4},{"not_picked":["theDuelist:BigFire","theDuelist:LightningDarts","theDuelist:RainbowOverdragon","theDuelist:ForbiddenLance"],"picked":"theDuelist:Raigeki","floor":5},{"not_picked":["theDuelist:MythicWaterDragon","theDuelist:MegafleetDragon","theDuelist:AutorokketDragon","theDuelist:Frostosaurus"],"picked":"theDuelist:SliferSky","floor":7},{"not_picked":["theDuelist:YamataDragon","theDuelist:Hydrogeddon","theDuelist:DarkDriceratops","theDuelist:LesserDragon"],"picked":"theDuelist:BlackPtera","floor":8},{"not_picked":["theDuelist:SafeZone","theDuelist:AncientPixieDragon","theDuelist:BabyDragon","theDuelist:FrozenFitzgerald"],"picked":"theDuelist:Earthquake","floor":10},{"not_picked":["theDuelist:YamataDragon","theDuelist:Hydrogeddon","theDuelist:CurseDragon","theDuelist:BlackBrutdrago"],"picked":"theDuelist:DarkHorus","floor":12},{"not_picked":["theDuelist:WhiteHowling","theDuelist:JurassicImpact","theDuelist:DragonTreasure"],"picked":"theDuelist:BoosterDragon","floor":13},{"not_picked":["theDuelist:SeismicShockwave","theDuelist:Scapegoat","theDuelist:Lancephorhynchus","theDuelist:BerserkScales"],"picked":"theDuelist:ArmageddonDragonEmp","floor":16},{"not_picked":["theDuelist:Pyrorex","theDuelist:DarkDriceratops+1","theDuelist:CyberValley","theDuelist:CyberDinosaur"],"picked":"theDuelist:Kabazauls","floor":18},{"not_picked":["theDuelist:TailSwipe+1","theDuelist:SpiralSpearStrike","theDuelist:SuperStridentBlaze","theDuelist:FluteSummoning"],"picked":"theDuelist:BerserkScales+1","floor":21},{"not_picked":["theDuelist:DarkDriceratops","theDuelist:HazyFlameHydra","theDuelist:SilverDragon","theDuelist:BarrelDragon+1"],"picked":"theDuelist:FrostflameDragon","floor":23},{"not_picked":["theDuelist:TrihornedDragon+1","theDuelist:CyberTwinDragon","theDuelist:BarrelDragon","theDuelist:Kabazauls","theDuelist:BlackBrachios"],"picked":"SKIP","floor":25},{"not_picked":["theDuelist:BigFire","theDuelist:DianKeto","theDuelist:YellowBelliedOni+1","theDuelist:TheCreator"],"picked":"theDuelist:Raigeki+1","floor":30},{"not_picked":["theDuelist:TwinHeadedFire+1","theDuelist:MirageDragon","theDuelist:CyberDragonCore+1","theDuelist:AncientPixieDragon","theDuelist:SauropodBrachion"],"picked":"SKIP","floor":31},{"not_picked":["theDuelist:WaterDragon","theDuelist:VoidOgreDragon","theDuelist:SeismicShockwave","theDuelist:GravityLash"],"picked":"theDuelist:BusterBladerDDS","floor":33},{"not_picked":["theDuelist:GiantRex+1","theDuelist:BlackTyranno","theDuelist:MadSwordBeast","theDuelist:BarrelDragon"],"picked":"theDuelist:MadFlameKaiju+1","floor":35},{"not_picked":["theDuelist:TwinBarrelDragon+1","theDuelist:BusterDrake","theDuelist:CaveDragon","theDuelist:Earthquake+1","theDuelist:Pyrorex"],"picked":"SKIP","floor":41},{"not_picked":["theDuelist:WaterDragon","theDuelist:StardustDragon+1","theDuelist:SliferSky+1","theDuelist:LostWorld","theDuelist:GaiaDragonChamp"],"picked":"SKIP","floor":42},{"not_picked":["theDuelist:CyberTwinDragon","theDuelist:BlackPtera","theDuelist:TrihornedDragon","theDuelist:Kabazauls+1"],"picked":"theDuelist:BlackBrachios+1","floor":44},{"not_picked":["theDuelist:CurseDragon+1","theDuelist:BlasterDragonInfernos","theDuelist:ArmageddonDragonEmp+1","theDuelist:AncientGearGadjiltron+1","theDuelist:VoidOgreDragon"],"picked":"SKIP","floor":45},{"not_picked":["theDuelist:BigFire+1","theDuelist:PurplePainOni+1","theDuelist:BlueBloodedOni+1","theDuelist:GreyGreedOni"],"picked":"theDuelist:PotGreed","floor":47},{"not_picked":["theDuelist:LightningDarts+1","theDuelist:BigKoala","theDuelist:PreventRat","theDuelist:JamBreeding","theDuelist:RainbowBridge+1"],"picked":"SKIP","floor":48}],"player_experience":139962,"relics_obtained":[{"floor":7,"key":"Blood Vial"},{"floor":9,"key":"King of Hearts"},{"floor":11,"key":"Onion Ring"},{"floor":12,"key":"War Paint"},{"floor":23,"key":"theDuelist:WhiteBowlRelic"},{"floor":26,"key":"ReplayTheSpireMod:Shallot"},{"floor":28,"key":"Tough Bandages"},{"floor":28,"key":"theDuelist:MillenniumCoin"},{"floor":38,"key":"Ring of Fury"},{"floor":38,"key":"ReplayTheSpireMod:Ring of Exchange"},{"floor":41,"key":"Potion Belt"},{"floor":43,"key":"theDuelist:MonsterEggRelic"},{"floor":44,"key":"Basket Of Snakes"}],"event_choices":[{"damage_healed":0,"gold_gain":0,"player_choice":"Trade","damage_taken":0,"relics_obtained":["CultistMask"],"max_hp_gain":0,"max_hp_loss":0,"event_name":"FaceTrader","floor":2,"gold_loss":0},{"cards_removed":["theDuelist:CastleWalls"],"damage_healed":0,"gold_gain":0,"player_choice":"Card Removal","damage_taken":7,"max_hp_gain":0,"max_hp_loss":0,"event_name":"Golden Wing","floor":14,"gold_loss":0},{"damage_healed":0,"gold_gain":0,"player_choice":"Ignored","damage_taken":0,"max_hp_gain":0,"max_hp_loss":0,"event_name":"Ghosts","floor":19,"gold_loss":0},{"damage_healed":0,"gold_gain":0,"player_choice":"Inject Mutagens","damage_taken":0,"relics_obtained":["MutagenicStrength"],"max_hp_gain":0,"max_hp_loss":0,"event_name":"Drug Dealer","floor":22,"gold_loss":0},{"damage_healed":0,"gold_gain":0,"player_choice":"Fight","damage_taken":0,"max_hp_gain":0,"max_hp_loss":0,"event_name":"Colosseum","floor":28,"gold_loss":0},{"damage_healed":0,"gold_gain":0,"player_choice":"Fought Nobs","damage_taken":0,"max_hp_gain":0,"max_hp_loss":0,"event_name":"Colosseum","floor":28,"gold_loss":0},{"damage_healed":0,"gold_gain":0,"player_choice":"Sold Booster Dragon for 32 Gold.","duelist":true,"damage_taken":0,"max_hp_gain":0,"max_hp_loss":0,"event_name":"Card Trader","floor":29,"gold_loss":0},{"damage_healed":0,"gold_gain":0,"player_choice":"Dig - random Duelist relic","duelist":true,"damage_taken":0,"max_hp_gain":0,"max_hp_loss":0,"event_name":"Aknamkanon\u0027s Tomb","floor":37,"gold_loss":0},{"damage_healed":0,"gold_gain":0,"player_choice":"Max HP","damage_taken":0,"max_hp_gain":0,"max_hp_loss":4,"event_name":"Winding Halls","floor":39,"gold_loss":0}],"is_beta":false,"boss_relics":[{"not_picked":["Calling Bell","Empty Cage"],"picked":"Fusion Hammer"},{"not_picked":["Snecko Eye","Sozu"],"picked":"Runic Pyramid"}],"items_purged_floors":[3],"is_endless":false,"potions_floor_spawned":[1,10,12,18,23,25,28,41,44,47],"ascension_level":0}}