{"host":"3yynf0dn84873kbr","time":1607959983,"event":{"mods":["BaseMod","Minty Spire (QoL Compilation)","Robot Space Explorer","StSLib","The Dragon Tamer"],"gold_per_floor":[118,218,138,60,74,108,108,121,197,197,209,209,219,184,184,287,287,307,288,288,203,213,213,213,213],"floor_reached":24,"playtime":1042,"items_purged":[],"score":221,"play_id":"8a08020a-2620-4efd-98f1-b13d8b4d4468","local_time":"20201214233303","is_ascension_mode":false,"campfire_choices":[{"data":"RobotSpaceExplorer:Pulsar","floor":7,"key":"SMITH"},{"data":"RobotSpaceExplorer:MiniBoosters","floor":12,"key":"SMITH"},{"data":"RobotSpaceExplorer:ScrapToss","floor":15,"key":"SMITH"}],"circlet_count":0,"master_deck":["RobotSpaceExplorer:Strike","RobotSpaceExplorer:Strike","RobotSpaceExplorer:Strike","RobotSpaceExplorer:Strike","RobotSpaceExplorer:Defend","RobotSpaceExplorer:Defend","RobotSpaceExplorer:Defend","RobotSpaceExplorer:Defend","RobotSpaceExplorer:Scan","RobotSpaceExplorer:MiniLasers","RobotSpaceExplorer:SurgingStrike","RobotSpaceExplorer:FreezeRay","RobotSpaceExplorer:ScrapToss+1","RobotSpaceExplorer:MiniBoosters+1","RobotSpaceExplorer:Pulsar+1","RobotSpaceExplorer:GlueShot","RobotSpaceExplorer:MiniDrones","RobotSpaceExplorer:GlueShot","RobotSpaceExplorer:Scanner","CurseOfTheBell","RobotSpaceExplorer:Pulsar","RobotSpaceExplorer:ShovelStrike","RobotSpaceExplorer:MetalStrike"],"relics":["RobotSpaceExplorer:RoboCore","NeowsBlessing","MealTicket","Shuriken","Calling Bell","Smiling Mask","Question Card","Girya","White Beast Statue"],"acts_visited":["Exordium","TheCity"],"potions_floor_usage":[18,24],"damage_taken":[{"damage":0,"enemies":"2 Louse","floor":1,"turns":1},{"damage":0,"enemies":"Cultist","floor":5,"turns":1},{"damage":0,"enemies":"3 Sentries","floor":6,"turns":1},{"damage":0,"enemies":"Small Slimes","floor":8,"turns":4},{"damage":5,"enemies":"3 Louse","floor":11,"turns":4},{"damage":6,"enemies":"Blue Slaver","floor":13,"turns":4},{"damage":11,"enemies":"Slime Boss","floor":16,"turns":10},{"damage":11,"enemies":"Spheric Guardian","floor":18,"turns":5},{"damage":7,"enemies":"2 Thieves","floor":19,"turns":4},{"damage":43,"enemies":"3 Cultists","floor":22,"turns":6},{"damage":6,"enemies":"Snake Plant","floor":24,"turns":1}],"seed_played":"4165959655846997659","potions_obtained":[{"floor":6,"key":"LiquidBronze"},{"floor":8,"key":"FearPotion"},{"floor":16,"key":"SneckoOil"},{"floor":18,"key":"Fruit Juice"},{"floor":22,"key":"ColorlessPotion"}],"is_trial":false,"path_per_floor":["M","?","$","$","M","E","R","M","T","?","M","R","M","?","R","B",null,"M","M","?","?","M","?","M"],"character_chosen":"RobotSpaceExplorer","items_purchased":["RobotSpaceExplorer:FreezeRay","RobotSpaceExplorer:ScrapToss"],"campfire_rested":0,"item_purchase_floors":[3,4],"current_hp_per_floor":[75,75,75,75,75,75,75,75,75,75,70,70,64,75,75,64,75,69,62,62,62,19,4,0,0],"gold":213,"neow_bonus":"THREE_ENEMY_KILL","is_daily":false,"chose_seed":false,"campfire_upgraded":3,"win_rate":0.0,"timestamp":1607959983,"path_taken":["M","?","?","$","M","E","R","?","T","?","M","R","M","?","R","BOSS","M","M","?","?","M","?","M"],"items_purchased_type":["Card","Card"],"build_version":"2020-12-13","purchased_purges":0,"victory":false,"max_hp_per_floor":[75,75,75,75,75,75,75,75,75,75,75,75,75,75,75,75,75,80,80,80,80,80,85,85,85],"card_choices":[{"not_picked":["RobotSpaceExplorer:SlimeMissile","RobotSpaceExplorer:SwiftStep"],"picked":"RobotSpaceExplorer:SurgingStrike","floor":1},{"not_picked":["RobotSpaceExplorer:BigMissile","RobotSpaceExplorer:FrostMissile"],"picked":"RobotSpaceExplorer:MiniBoosters","floor":5},{"not_picked":["RobotSpaceExplorer:ImprovisedAttack","RobotSpaceExplorer:Counterblock"],"picked":"RobotSpaceExplorer:Pulsar","floor":6},{"not_picked":["RobotSpaceExplorer:DualCore","RobotSpaceExplorer:ImprovisedAttack"],"picked":"RobotSpaceExplorer:GlueShot","floor":8},{"not_picked":["RobotSpaceExplorer:FranticSearch","RobotSpaceExplorer:GlueShot"],"picked":"RobotSpaceExplorer:MiniDrones","floor":11},{"not_picked":["RobotSpaceExplorer:FreezingShield","RobotSpaceExplorer:Wormhole"],"picked":"RobotSpaceExplorer:GlueShot","floor":13},{"not_picked":["RobotSpaceExplorer:Wormhole","RobotSpaceExplorer:Asteroid"],"picked":"RobotSpaceExplorer:Scanner","floor":16},{"not_picked":["RobotSpaceExplorer:FranticSearch","RobotSpaceExplorer:ShockKick+1","RobotSpaceExplorer:FrostMissile"],"picked":"RobotSpaceExplorer:Pulsar","floor":18},{"not_picked":["RobotSpaceExplorer:BlastShield","RobotSpaceExplorer:DoubleFind","RobotSpaceExplorer:FreezingShield"],"picked":"RobotSpaceExplorer:ShovelStrike","floor":19},{"not_picked":["RobotSpaceExplorer:StunGrenade+1","RobotSpaceExplorer:SwiftStep","RobotSpaceExplorer:FreezeRay","RobotSpaceExplorer:Electroshield+1"],"picked":"SKIP","floor":22}],"player_experience":107666,"relics_obtained":[{"floor":6,"key":"MealTicket"},{"floor":9,"key":"Shuriken"},{"floor":17,"key":"Smiling Mask"},{"floor":17,"key":"Question Card"},{"floor":17,"key":"Girya"}],"event_choices":[{"damage_healed":0,"gold_gain":100,"player_choice":"Pray","damage_taken":0,"max_hp_gain":0,"max_hp_loss":0,"event_name":"Golden Shrine","floor":2,"gold_loss":0},{"damage_healed":0,"gold_gain":0,"player_choice":"Ignored","damage_taken":0,"max_hp_gain":0,"max_hp_loss":0,"event_name":"Liars Game","floor":10,"gold_loss":0},{"damage_healed":18,"gold_gain":0,"player_choice":"Healed","damage_taken":0,"max_hp_gain":0,"max_hp_loss":0,"event_name":"The Cleric","floor":14,"gold_loss":35},{"damage_healed":0,"gold_gain":0,"player_choice":"Read","damage_taken":0,"max_hp_gain":0,"max_hp_loss":0,"event_name":"The Library","floor":20,"gold_loss":0,"cards_obtained":["RobotSpaceExplorer:MetalStrike"]},{"damage_healed":0,"gold_gain":0,"player_choice":"Obtained Relic","damage_taken":0,"relics_obtained":["White Beast Statue"],"max_hp_gain":0,"max_hp_loss":0,"event_name":"Addict","floor":21,"gold_loss":85},{"damage_healed":0,"gold_gain":0,"player_choice":"Shed Blood","damage_taken":20,"max_hp_gain":5,"max_hp_loss":0,"event_name":"Forgotten Altar","floor":23,"gold_loss":0}],"is_beta":false,"boss_relics":[{"not_picked":["Philosopher\u0027s Stone","Astrolabe"],"picked":"Calling Bell"}],"items_purged_floors":[],"is_endless":false,"potions_floor_spawned":[6,8,16,18,22],"killed_by":"Snake Plant","ascension_level":0}}