{"host":"nox","time":1607942402,"event":{"mods":["BaseMod","Colored Powertips","Minty Spire (QoL Compilation)","Quick Restart","Replay The Spire","StSLib"],"gold_per_floor":[110,128,147,147,166,199,199,199,199],"floor_reached":8,"playtime":261,"items_purged":[],"score":73,"play_id":"006504a8-3925-4458-a88e-2ed9b1691700","local_time":"20201214174002","is_ascension_mode":true,"campfire_choices":[],"circlet_count":0,"master_deck":["Strike_R","Strike_R","Strike_R","Strike_R","Strike_R","Defend_R","Defend_R","Defend_R","Defend_R","Bash","Strike_R","Defend_B","Crow Ritual","Bash","Sentinel","Offering","Clash","Rampage"],"relics":["Burning Blood","Art of War","Paper Frog"],"acts_visited":["Exordium"],"potions_floor_usage":[8],"damage_taken":[{"damage":1,"enemies":"2 Louse","floor":1,"turns":3},{"damage":1,"enemies":"Cultist","floor":2,"turns":3},{"damage":18,"enemies":"Jaw Worm","floor":3,"turns":4},{"damage":23,"enemies":"Red Slaver","floor":5,"turns":4},{"damage":37,"enemies":"Gremlin Nob","floor":6,"turns":4},{"damage":36,"enemies":"3 Sentries","floor":8,"turns":4}],"seed_played":"7361088582367342672","potions_obtained":[{"floor":3,"key":"BloodPotion"}],"is_trial":false,"path_per_floor":["M","M","M","?","M","E","T","E"],"character_chosen":"IRONCLAD","items_purchased":[],"campfire_rested":0,"item_purchase_floors":[],"current_hp_per_floor":[80,80,68,68,51,20,20,0,0],"gold":199,"neow_bonus":"RANDOM_COLORLESS_2","is_daily":false,"chose_seed":false,"campfire_upgraded":0,"win_rate":0.0,"timestamp":1607942402,"path_taken":["M","M","M","?","?","E","?","E"],"items_purchased_type":[],"build_version":"2020-11-17","purchased_purges":0,"victory":false,"max_hp_per_floor":[80,80,80,80,80,80,80,80,80],"card_choices":[{"not_picked":["Panache","Secret Technique"],"picked":"Crow Ritual","floor":0},{"not_picked":["Bloodletting","Run Through","Rupture"],"picked":"SKIP","floor":1},{"not_picked":["Sword Boomerang","Shrug It Off","Sever Soul"],"picked":"SKIP","floor":2},{"not_picked":["Shrug It Off","Cleave","Anger"],"picked":"SKIP","floor":3},{"not_picked":["Replay:Undeath\u0027s Touch","Sword Boomerang"],"picked":"Clash","floor":5},{"not_picked":["Heavy Blade","Body Slam"],"picked":"Rampage","floor":6}],"player_experience":94412,"relics_obtained":[{"floor":6,"key":"Art of War"},{"floor":7,"key":"Paper Frog"}],"event_choices":[{"damage_healed":0,"gold_gain":0,"player_choice":"3 cards matched","damage_taken":0,"max_hp_gain":0,"max_hp_loss":0,"event_name":"Match and Keep!","floor":4,"gold_loss":0,"cards_obtained":["Bash","Sentinel","Offering"]}],"is_beta":true,"boss_relics":[],"items_purged_floors":[],"is_endless":false,"potions_floor_spawned":[3],"killed_by":"3 Sentries","ascension_level":5}}