{"host":"fbqvzfq8f1yzoo4u","time":1607951440,"event":{"mods":["BaseMod","Minty Spire (QoL Compilation)","Replay The Spire","StSLib"],"gold_per_floor":[118,59,59,59,77,152,152,152,186,186,186,198,63,63,63,74,74,148,148,168,185,203,41,54,89,89,117,117,144,144,161,161,172,172,249,249,267,286,286,24,42,42,42],"floor_reached":42,"playtime":1815,"items_purged":[],"score":812,"play_id":"6880bbbe-87ef-46b1-b6ee-7c87c7cc96cd","local_time":"20201214211040","is_ascension_mode":true,"campfire_choices":[{"data":"Eruption","floor":8.0,"key":"SMITH"},{"floor":10.0,"key":"REST"},{"floor":17.0,"key":"REST"},{"data":"Vault","floor":26.0,"key":"SMITH"},{"floor":32.0,"key":"REST"},{"data":"LikeWater","floor":34.0,"key":"SMITH"}],"circlet_count":1,"master_deck":["AscendersBane","Strike_P","Strike_P+1","Strike_P+1","Defend_P","Defend_P","Defend_P","Defend_P+1","Eruption+1","Vigilance","Ragnarok","ReachHeaven+1","Crescendo","LikeWater","ReachHeaven","Judgement","Protect","Establishment+1","Collect","LikeWater+1","Vault+1","ClearTheMind","Crescendo","Protect","EmptyFist","AbeCurse","Replay:LoomingThreat+1","SandsOfTime+1"],"relics":["PureWater","Toy Ornithopter","TeardropLocket","Busted Crown","Whetstone","Oddly Smooth Stone","Golden Egg","Gremlin Food","Circlet","Fusion Hammer","Anchor","Eternal Feather"],"acts_visited":["Exordium","TheCity","TheBeyond"],"potions_floor_usage":[],"damage_taken":[{"damage":0.0,"enemies":"Small Slimes","floor":1.0,"turns":2.0},{"damage":5.0,"enemies":"2 Louse","floor":5.0,"turns":3.0},{"damage":43.0,"enemies":"3 Sentries","floor":9.0,"turns":7.0},{"damage":0.0,"enemies":"Cultist","floor":12.0,"turns":2.0},{"damage":6.0,"enemies":"Looter","floor":16.0,"turns":2.0},{"damage":0.0,"enemies":"Hexaghost","floor":18.0,"turns":8.0},{"damage":0.0,"enemies":"3 Byrds","floor":20.0,"turns":5.0},{"damage":0.0,"enemies":"Chosen","floor":21.0,"turns":6.0},{"damage":13.0,"enemies":"3 Cultists","floor":22.0,"turns":5.0},{"damage":0.0,"enemies":"Snake Plant","floor":24.0,"turns":2.0},{"damage":1.0,"enemies":"Slavers","floor":25.0,"turns":9.0},{"damage":2.0,"enemies":"Gremlin Leader","floor":27.0,"turns":10.0},{"damage":18.0,"enemies":"Replay:Snechameleon","floor":29.0,"turns":6.0},{"damage":0.0,"enemies":"Centurion and Healer","floor":31.0,"turns":5.0},{"damage":0.0,"enemies":"Chosen and Byrds","floor":33.0,"turns":4.0},{"damage":51.0,"enemies":"Pondfish","floor":35.0,"turns":16.0},{"damage":7,"enemies":"Orb Walker","floor":37,"turns":4},{"damage":0,"enemies":"3 Shapes","floor":38,"turns":5},{"damage":10,"enemies":"Maw","floor":41,"turns":8},{"damage":8,"enemies":"Giant Head","floor":42,"turns":5}],"seed_played":"3530391983559781045","potions_obtained":[{"floor":12.0,"key":"BlessingOfTheForge"},{"floor":16.0,"key":"PowerPotion"},{"floor":18.0,"key":"Dexterity Potion"},{"floor":22.0,"key":"AttackPotion"},{"floor":24.0,"key":"Toxic Potion"},{"floor":27.0,"key":"Adrenaline Potion"},{"floor":31.0,"key":"BottledMiracle"},{"floor":33.0,"key":"Energy Potion"},{"floor":41,"key":"Energy Potion"}],"is_trial":false,"path_per_floor":["M","$","PTL","PTL","M","?","?","R","E","R","T","M","$","?","?","M","R","B",null,"M","M","M","$","M","E","R","E","T","E","?","M","R","M","R","B",null,"M","M","?","$","M","E"],"character_chosen":"WATCHER","items_purchased":["Protect","Judgement","Protect","Whetstone","Eternal Feather"],"campfire_rested":3,"item_purchase_floors":[2,13,13,23,40],"current_hp_per_floor":[61,61,61,61,56,45,45,45,2,20,20,20,20,20,20,14,32,42,57,57,57,44,44,49,53,53,56,56,43,43,43,61,62,62,16,51,44,44,44,44,34,26,26],"gold":42,"neow_bonus":"THREE_RARE_CARDS","is_daily":false,"chose_seed":false,"campfire_upgraded":3,"win_rate":0.0,"timestamp":1607951440,"path_taken":["M","$","PTL","PTL","M","?","?","R","E","R","T","M","$","?","?","M","R","BOSS","M","M","?","$","M","E","R","E","T","E","?","M","R","M","R","BOSS","BOSS","M","M","?","$","?","E"],"items_purchased_type":["Card","Card","Card","Relic","Relic"],"build_version":"2020-12-13","purchased_purges":0,"victory":false,"max_hp_per_floor":[62,62,62,62,62,62,62,62,62,62,62,62,62,62,62,62,62,62,62,62,62,62,62,62,62,62,62,62,62,62,62,62,62,62,62,62,62,62,62,62,62,62,62],"card_choices":[{"not_picked":["Alpha","Devotion"],"picked":"Ragnarok","floor":0.0},{"not_picked":["Replay:ManipulateFuture","Halt"],"picked":"ReachHeaven","floor":1.0},{"not_picked":["Replay:Cycle","SashWhip"],"picked":"Crescendo","floor":5.0},{"not_picked":["Replay:AtTheReady","Replay:Anticipation"],"picked":"LikeWater","floor":9.0},{"not_picked":["Replay:BluntJabs","Replay:DivineShield"],"picked":"ReachHeaven","floor":12.0},{"not_picked":["Replay:Vibes","TalkToTheHand"],"picked":"LikeWater","floor":16.0},{"not_picked":["Judgement","Brilliance"],"picked":"Vault","floor":18.0},{"not_picked":["Replay:Hum+1"],"picked":"SKIP","floor":20.0},{"not_picked":[],"picked":"ClearTheMind","floor":21.0},{"not_picked":[],"picked":"Crescendo","floor":22.0},{"not_picked":["Weave"],"picked":"SKIP","floor":24.0},{"not_picked":[],"picked":"Protect","floor":25.0},{"not_picked":[],"picked":"EmptyFist","floor":27.0},{"not_picked":["FlurryOfBlows"],"picked":"SKIP","floor":29.0},{"not_picked":["JustLucky"],"picked":"SKIP","floor":31.0},{"not_picked":["SashWhip"],"picked":"SKIP","floor":33.0},{"not_picked":[],"picked":"Replay:LoomingThreat","floor":35},{"not_picked":[],"picked":"EmptyFist+1","floor":37},{"not_picked":["EmptyFist"],"picked":"SKIP","floor":38},{"not_picked":[],"picked":"SandsOfTime+1","floor":41}],"player_experience":581888,"relics_obtained":[{"floor":9.0,"key":"Toy Ornithopter"},{"floor":11.0,"key":"TeardropLocket"},{"floor":25.0,"key":"Oddly Smooth Stone"},{"floor":27.0,"key":"Dead Branch"},{"floor":28.0,"key":"Golden Egg"},{"floor":29.0,"key":"Gremlin Food"}],"event_choices":[{"damage_healed":0.0,"max_hp_gain":0.0,"max_hp_loss":0.0,"gold_gain":75.0,"event_name":"World of Goop","player_choice":"Gather Gold","floor":6.0,"gold_loss":0.0,"damage_taken":11.0},{"damage_healed":0.0,"max_hp_gain":0.0,"max_hp_loss":0.0,"gold_gain":0.0,"cards_transformed":["Strike_P"],"event_name":"Transmorgrifier","player_choice":"Transformed","floor":15.0,"gold_loss":0.0,"damage_taken":0.0,"cards_obtained":["Collect"]},{"damage_healed":0.0,"max_hp_gain":0.0,"max_hp_loss":0.0,"gold_gain":0.0,"event_name":"Vampires","player_choice":"Ignored","floor":30.0,"gold_loss":0.0,"damage_taken":0.0},{"cards_removed":["EmptyFist"],"damage_healed":0,"gold_gain":0,"player_choice":"Gave Card","damage_taken":0,"relics_obtained":["Anchor"],"max_hp_gain":0,"max_hp_loss":0,"event_name":"WeMeetAgain","floor":39,"gold_loss":0}],"is_beta":false,"boss_relics":[{"not_picked":["Ring of Chaos","Velvet Choker"],"picked":"Busted Crown"},{"not_picked":["Tiny House","Black Star"],"picked":"Fusion Hammer"}],"items_purged_floors":[],"is_endless":false,"potions_floor_spawned":[12,16,18,22,24,27,31,33,41],"killed_by":"Giant Head","ascension_level":20}}