{"host":"fqb3xj84igex5en3","time":1607920207,"event":{"mods":["AchievementEnabler","Act Like it!","Alarm Clock","BaseMod","CapriCore","Chen","Colored Powertips","GifTheSpireLib","Marisa（F雨　魔理沙）","Minty Spire (QoL Compilation)","Quick Restart","Reimu（博丽灵梦）","Remilia（蕾米莉亚）","Replay The Spire","RumiaBox-露米娅的神秘盒子","StSLib","The Administrix","The Immortal","The Servant 0.9.4","Youmu（魂魄妖梦）","Yuyuko","【东方二次创作】八云紫mod","【功能Mod】混沌之环修复补丁"],"gold_per_floor":[110,129,141,158,158,158,192,210,210,210,210,250,266,284,284,407,407,432,106,126,144,96,96,96],"floor_reached":23,"playtime":1332,"items_purged":["Voices"],"score":230,"play_id":"e3645b16-4c47-41a1-bff3-e1d17d995455","local_time":"20201214123007","is_ascension_mode":false,"campfire_choices":[{"data":"Clash","floor":6.0,"key":"SMITH"},{"data":"Anger","floor":15.0,"key":"SMITH"}],"circlet_count":0,"master_deck":["Strike_R","Strike_R","Strike_R","Strike_R","Strike_R","Defend_R","Defend_R","Defend_R","Defend_R","Bash","Clash+1","ReplayTheSpireMod:Muscle Training","Clash","Impervious","Anger+1","Immolate","Anger","Dramatic Entrance","Anger+1","Bloodletting","Armaments"],"relics":["Burning Blood","NeowsBlessing","Baka","Mummified Hand","Bottled Flame","Golden Idol","GodSword5","Durian","Replay:Grab Bag","ChewingGum","Philosopher\u0027s Stone","Black Star","Runic Pyramid","DollysMirror"],"acts_visited":["Exordium","TheCity"],"potions_floor_usage":[21],"damage_taken":[{"damage":0.0,"enemies":"Cultist","floor":1.0,"turns":1.0},{"damage":0.0,"enemies":"Small Slimes","floor":2.0,"turns":2.0},{"damage":0.0,"enemies":"Jaw Worm","floor":3.0,"turns":1.0},{"damage":3.0,"enemies":"Exordium Wildlife","floor":4.0,"turns":4.0},{"damage":15.0,"enemies":"Gremlin Nob","floor":7.0,"turns":3.0},{"damage":5.0,"enemies":"2 Fungi Beasts","floor":8.0,"turns":4.0},{"damage":5.0,"enemies":"3 Sentries","floor":12.0,"turns":5.0},{"damage":7.0,"enemies":"Lots of Slimes","floor":13.0,"turns":3.0},{"damage":1.0,"enemies":"Exordium Thugs","floor":14.0,"turns":4.0},{"damage":23.0,"enemies":"Hexaghost","floor":16.0,"turns":9.0},{"damage":29.0,"enemies":"2 Thieves","floor":18.0,"turns":4.0},{"damage":7,"enemies":"Shell Parasite","floor":20,"turns":4},{"damage":20,"enemies":"Centurion and Healer","floor":21,"turns":3},{"damage":30,"enemies":"Gremlin Leader","floor":23,"turns":6}],"seed_played":"-6615020244738672056","potions_obtained":[{"floor":3.0,"key":"AttackPotion"},{"floor":12.0,"key":"DuplicationPotion"},{"floor":13.0,"key":"Adrenaline Potion"},{"floor":16.0,"key":"Doom Potion"},{"floor":21,"key":"LiquidBronze"}],"is_trial":false,"path_per_floor":["M","M","M","M","?","R","E","M","T","?","T","E","M","M","R","B",null,"M","$","M","M","$","E"],"character_chosen":"IRONCLAD","items_purchased":["Dramatic Entrance","DollysMirror","Armaments"],"campfire_rested":0,"item_purchase_floors":[19,19,22],"current_hp_per_floor":[40,40,40,40,40,40,31,33,33,23,23,39,41,45,45,44,45,23,23,23,13,13,0,0],"gold":96,"neow_bonus":"THREE_ENEMY_KILL","is_daily":false,"chose_seed":false,"campfire_upgraded":2,"win_rate":0.0,"timestamp":1607920207,"path_taken":["M","?","M","M","?","R","E","M","T","?","?","E","M","M","R","BOSS","M","$","M","M","$","E"],"items_purchased_type":["Card","Relic","Card"],"build_version":"2020-12-13","purchased_purges":1,"victory":false,"max_hp_per_floor":[40,40,40,40,40,40,40,40,40,40,40,45,45,45,45,45,45,45,45,45,45,45,45,45],"card_choices":[{"not_picked":["Twin Strike","True Grit"],"picked":"Clash","floor":1.0},{"not_picked":["Body Slam","Rage"],"picked":"ReplayTheSpireMod:Muscle Training","floor":2.0},{"not_picked":["Wild Strike","Feel No Pain","Reckless Charge"],"picked":"SKIP","floor":3.0},{"not_picked":["ReplayTheSpireMod:Limb From Limb","Iron Wave"],"picked":"Clash","floor":4.0},{"not_picked":["Blood for Blood","Body Slam"],"picked":"Impervious","floor":7.0},{"not_picked":["ReplayTheSpireMod:Strike From Hell","Dark Embrace"],"picked":"Anger","floor":8.0},{"not_picked":["Combust","Run Through","Replay:Undeath\u0027s Touch"],"picked":"SKIP","floor":12.0},{"not_picked":["Dual Wield","Flex","Clothesline"],"picked":"SKIP","floor":13.0},{"not_picked":["Warcry","Whirlwind","Run Through"],"picked":"SKIP","floor":14.0},{"not_picked":["Barricade","Double Tap"],"picked":"Immolate","floor":16.0},{"not_picked":["True Grit","Feel No Pain"],"picked":"Anger","floor":18.0},{"not_picked":["Sword Boomerang+1","Rupture"],"picked":"Bloodletting","floor":20},{"not_picked":["Headbutt","Run Through","Sword Boomerang"],"picked":"SKIP","floor":21}],"player_experience":52867,"relics_obtained":[{"floor":1.0,"key":"Baka"},{"floor":7.0,"key":"Mummified Hand"},{"floor":9.0,"key":"Bottled Flame"},{"floor":11.0,"key":"GodSword5"},{"floor":12.0,"key":"Durian"}],"event_choices":[{"damage_healed":0.0,"max_hp_gain":0.0,"max_hp_loss":0.0,"gold_gain":0.0,"event_name":"Golden Idol","player_choice":"Take Damage","floor":10.0,"gold_loss":0.0,"damage_taken":10.0,"relics_obtained":["Golden Idol"]}],"is_beta":false,"boss_relics":[{"not_picked":["RedLine:ReiMu","Replay:Drink Me"],"picked":"Replay:Grab Bag"},{"not_picked":["Velvet Choker","Busted Crown"],"picked":"ChewingGum"},{"not_picked":["Cursed Key","Ooze Armor"],"picked":"Philosopher\u0027s Stone"},{"not_picked":["Ring of Chaos","Honey Jar"],"picked":"Black Star"},{"not_picked":["AddBug","Astrolabe"],"picked":"Runic Pyramid"}],"items_purged_floors":[19],"is_endless":false,"potions_floor_spawned":[3,12,13,16,18,20,21],"killed_by":"Gremlin Leader","ascension_level":0}}