{"host":"63rwe7p34ct1i0qu","time":1607915416,"event":{"mods":["BaseMod","DeckTracker","Minty Spire (QoL Compilation)","Permanent Neow","Quick Restart","StSLib"],"gold_per_floor":[116,216,136,152,152,152,184,199,199,224,241,273,348,360,360,360,360],"floor_reached":16,"playtime":373,"items_purged":[],"score":230,"play_id":"01f7b80e-73b3-45b2-833d-dee3754083c3","local_time":"20201214121016","is_ascension_mode":true,"campfire_choices":[{"data":"Hyperbeam","floor":6.0,"key":"SMITH"},{"data":"Go for the Eyes","floor":15,"key":"SMITH"}],"circlet_count":0,"master_deck":["Strike_B","Strike_B","Strike_B","Strike_B","Defend_B","Defend_B","Defend_B","Defend_B","Zap","Dualcast","Hyperbeam+1","Rebound","Doom and Gloom","Self Repair","Sunder","Go for the Eyes+1","Amplify"],"relics":["Cracked Core","Ginger","Bottled Flame","Nunchaku","Letter Opener"],"acts_visited":["Exordium"],"potions_floor_usage":[10,16],"damage_taken":[{"damage":4.0,"enemies":"Small Slimes","floor":1.0,"turns":2.0},{"damage":0.0,"enemies":"Cultist","floor":4.0,"turns":2.0},{"damage":0.0,"enemies":"3 Sentries","floor":7.0,"turns":3.0},{"damage":2.0,"enemies":"2 Louse","floor":8.0,"turns":2.0},{"damage":0,"enemies":"Lagavulin","floor":10,"turns":2},{"damage":0,"enemies":"Large Slime","floor":11,"turns":4},{"damage":5,"enemies":"3 Sentries","floor":12,"turns":4},{"damage":0,"enemies":"2 Fungi Beasts","floor":14,"turns":1},{"damage":52,"enemies":"Hexaghost","floor":16,"turns":9}],"seed_played":"-9192232471135565969","potions_obtained":[{"floor":7.0,"key":"Weak Potion"},{"floor":8.0,"key":"FearPotion"},{"floor":11,"key":"GamblersBrew"},{"floor":14,"key":"Swift Potion"}],"is_trial":false,"path_per_floor":["M","?","$","M","$","R","E","M","T","E","M","E","?","M","R","B"],"character_chosen":"DEFECT","items_purchased":["Doom and Gloom"],"campfire_rested":0,"item_purchase_floors":[3],"current_hp_per_floor":[64,64,64,64,64,64,64,69,69,69,69,71,60,60,60,8,8],"gold":360,"neow_bonus":"ONE_RANDOM_RARE_CARD","is_daily":false,"chose_seed":false,"campfire_upgraded":2,"win_rate":0.0,"timestamp":1607915416,"path_taken":["M","?","$","?","$","R","E","M","T","E","M","E","?","M","R","BOSS"],"items_purchased_type":["Card"],"build_version":"2020-12-13","purchased_purges":0,"victory":false,"max_hp_per_floor":[75,75,75,75,75,75,75,75,75,75,75,75,75,75,75,75,75],"card_choices":[{"not_picked":["Compile Driver","Barrage"],"picked":"Rebound","floor":1.0},{"not_picked":["Defragment","Ball Lightning","FTL"],"picked":"SKIP","floor":4.0},{"not_picked":["Capacitor","Hologram"],"picked":"Self Repair","floor":7.0},{"not_picked":["Loop","BootSequence"],"picked":"Sunder","floor":8.0},{"not_picked":["Thunder Strike","Conserve Battery","Hello World"],"picked":"SKIP","floor":10},{"not_picked":["Ball Lightning","Defragment"],"picked":"Go for the Eyes","floor":11},{"not_picked":["Go for the Eyes","Static Discharge"],"picked":"Amplify","floor":12},{"not_picked":["Redo","Tempest","Cold Snap"],"picked":"SKIP","floor":14}],"player_experience":754167,"relics_obtained":[{"floor":7.0,"key":"Ginger"},{"floor":9.0,"key":"Bottled Flame"},{"floor":10,"key":"Nunchaku"},{"floor":12,"key":"Letter Opener"}],"event_choices":[{"damage_healed":0.0,"max_hp_gain":0.0,"max_hp_loss":0.0,"gold_gain":100.0,"event_name":"Golden Shrine","player_choice":"Pray","floor":2.0,"gold_loss":0.0,"damage_taken":0.0},{"damage_healed":0,"gold_gain":75,"player_choice":"Gather Gold","damage_taken":11,"max_hp_gain":0,"max_hp_loss":0,"event_name":"World of Goop","floor":13,"gold_loss":0}],"is_beta":false,"boss_relics":[],"items_purged_floors":[],"is_endless":false,"potions_floor_spawned":[7,8,11,14],"killed_by":"Hexaghost","ascension_level":7}}