{"host":"cvdbfwtypahr1w62","time":1607988093,"event":{"mods":["AchievementEnabler","Act Like it!","BaseMod","BetterRewards","Card Forge","Colored Map","Filter the Spire","Hallownest","Highlight Path","Jorbs\u0027s Wanderer Trilogy","Marisa????????","Minty Spire (QoL Compilation)","Rare Cards Sparkle","Relic Stats","Shop Mod","StSLib","The Bug Knight","The Cursed"],"gold_per_floor":[210,210,210,210,228,258,271,271,294,183,197,215,226,242,242,315,315,332,350,265,98,98,127,143,178,178,193,293,309,323,333,333,412,412,424,443,468,483,483,514,526,561,561,561,561,561,581,608,608,608,608,608,68,100,100,100],"floor_reached":55,"playtime":1193,"items_purged":[],"score":2225,"play_id":"0bfa5d47-0043-461d-b73e-2d83cc269dbe","local_time":"20201215002133","is_ascension_mode":true,"campfire_choices":[{"floor":8,"key":"RECALL"},{"floor":15,"key":"REST"},{"floor":32,"key":"REST"},{"floor":44,"key":"REST"},{"floor":46,"key":"REST"},{"floor":49,"key":"REST"},{"floor":52,"key":"REST"}],"circlet_count":0,"master_deck":["AscendersBane","Deadly Poison+1","Catalyst+1","Burst+1","Catalyst+1","Adrenaline+1","Catalyst+1","Adrenaline+1","Catalyst+1"],"relics":["Ring of the Snake","Hammer of Thor","Seething Fire","Anvil of the Gods","Snake Skull","Philosopher\u0027s Stone","Omamori","TwistedFunnel","Question Card","Bag of Marbles","HollowMod:QueensCombRelic","Shuriken","Busted Crown","CaptainsWheel","Tingsha","Sundial","Unceasing Top","Calipers","Lee\u0027s Waffle","Orichalcum","Mercury Hourglass"],"acts_visited":["Exordium","TheCity","TheBeyond","TheEnding"],"potions_floor_usage":[53,53,55,55],"damage_taken":[{"damage":0,"enemies":"Cultist","floor":1,"turns":1},{"damage":0,"enemies":"Jaw Worm","floor":5,"turns":1},{"damage":0,"enemies":"Lagavulin","floor":6,"turns":1},{"damage":0,"enemies":"Small Slimes","floor":7,"turns":1},{"damage":0,"enemies":"Blue Slaver","floor":11,"turns":1},{"damage":0,"enemies":"Exordium Wildlife","floor":12,"turns":1},{"damage":0,"enemies":"Red Slaver","floor":13,"turns":1},{"damage":0,"enemies":"2 Fungi Beasts","floor":14,"turns":1},{"damage":0,"enemies":"Hexaghost","floor":16,"turns":2},{"damage":0,"enemies":"Shell Parasite","floor":18,"turns":1},{"damage":0,"enemies":"3 Byrds","floor":19,"turns":1},{"damage":0,"enemies":"Gremlin Leader","floor":23,"turns":1},{"damage":0,"enemies":"3 Cultists","floor":24,"turns":2},{"damage":0,"enemies":"Book of Stabbing","floor":25,"turns":1},{"damage":0,"enemies":"Centurion and Healer","floor":27,"turns":1},{"damage":0,"enemies":"Colosseum Slavers","floor":28,"turns":1},{"damage":0,"enemies":"Colosseum Nobs","floor":28,"turns":1},{"damage":0,"enemies":"Chosen and Byrds","floor":29,"turns":1},{"damage":0,"enemies":"Snake Plant","floor":30,"turns":1},{"damage":0,"enemies":"Centurion and Healer","floor":31,"turns":1},{"damage":0,"enemies":"Collector","floor":33,"turns":1},{"damage":0,"enemies":"3 Darklings","floor":35,"turns":1},{"damage":0,"enemies":"3 Shapes","floor":36,"turns":1},{"damage":0,"enemies":"Mind Bloom Boss Battle","floor":37,"turns":1},{"damage":0,"enemies":"Writhing Mass","floor":38,"turns":1},{"damage":0,"enemies":"Reptomancer","floor":40,"turns":1},{"damage":0,"enemies":"Spire Growth","floor":41,"turns":1},{"damage":0,"enemies":"HollowMod:StalkingDevout","floor":42,"turns":1},{"damage":0,"enemies":"Transient","floor":47,"turns":1},{"damage":0,"enemies":"Reptomancer","floor":48,"turns":1},{"damage":0,"enemies":"Time Eater","floor":50,"turns":1},{"damage":30,"enemies":"Shield and Spear","floor":54,"turns":4},{"damage":83,"enemies":"The Heart","floor":55,"turns":3}],"seed_played":"3109596975778360552","potions_obtained":[{"floor":11,"key":"BlessingOfTheForge"},{"floor":18,"key":"FearPotion"},{"floor":54,"key":"ColorlessPotion"}],"is_trial":false,"path_per_floor":["M","?","$","?","M","E","M","R","T","$","M","M","M","M","R","B",null,"M","M","?","$","?","E","M","E","T","M","?","M","M","M","R","B",null,"M","M","?","M","?","E","M","E","T","R","$","R","M","E","R","B",null,"R","$","E","B"],"character_chosen":"THE_SILENT","items_purchased":["GhostInAJar","TwistedFunnel","Lee\u0027s Waffle","Orichalcum","Fruit Juice","Fruit Juice"],"campfire_rested":6,"item_purchase_floors":[10,21,53,53,53,53],"current_hp_per_floor":[59,64,64,60,60,60,60,60,60,60,60,60,60,60,71,71,71,71,71,71,71,71,71,71,71,71,71,46,46,46,46,46,46,46,46,46,46,46,46,46,46,46,46,46,46,46,46,46,46,46,46,46,63,33,0,0],"gold":100,"neow_bonus":"HUNDRED_GOLD","is_daily":false,"chose_seed":false,"campfire_upgraded":0,"win_rate":0.0,"timestamp":1607988093,"path_taken":["M","?","?","?","M","E","M","R","T","$","M","?","M","M","R","BOSS","M","M","?","$","?","E","M","E","T","?","?","M","M","M","R","BOSS","M","M","?","M","?","E","M","E","T","R","$","R","?","E","R","BOSS","R","$","E","BOSS"],"items_purchased_type":["Potion","Relic","Relic","Relic","Potion","Potion"],"build_version":"2020-12-13","purchased_purges":0,"victory":false,"max_hp_per_floor":[66,71,71,71,71,71,71,71,71,71,71,71,71,71,71,71,71,71,71,71,71,71,71,71,71,71,71,46,46,46,46,46,46,46,46,46,46,46,46,46,46,46,46,46,46,46,46,46,46,46,46,46,63,63,63,63],"relic_stats":{"Lee\u0027s Waffle":7,"counters":[33,40],"Tingsha":[0],"Snake Skull":[239],"Orichalcum":[36],"Question Card":16,"Mercury Hourglass":[3],"Busted Crown":20,"Shuriken":[0],"Sundial":[8],"obtain_stats":[{"TwistedFunnel":21,"HollowMod:QueensCombRelic":28,"Lee\u0027s Waffle":53,"Calipers":48,"Tingsha":40,"Hammer of Thor":0,"Snake Skull":6,"Omamori":20,"Seething Fire":0,"Orichalcum":53,"Question Card":25,"Mercury Hourglass":54,"CaptainsWheel":37,"Busted Crown":34,"Anvil of the Gods":0,"Shuriken":28,"Sundial":42,"Philosopher\u0027s Stone":17,"Bag of Marbles":26,"Unceasing Top":43,"Ring of the Snake":0},{"TwistedFunnel":11,"HollowMod:QueensCombRelic":17,"Lee\u0027s Waffle":31,"Calipers":30,"Tingsha":26,"Hammer of Thor":0,"Snake Skull":3,"Omamori":11,"Seething Fire":0,"Orichalcum":31,"Question Card":14,"Mercury Hourglass":32,"CaptainsWheel":24,"Busted Crown":21,"Anvil of the Gods":0,"Shuriken":17,"Sundial":28,"Philosopher\u0027s Stone":9,"Bag of Marbles":14,"Unceasing Top":28,"Ring of the Snake":0},{"TwistedFunnel":12,"HollowMod:QueensCombRelic":19,"Lee\u0027s Waffle":33,"Calipers":32,"Tingsha":28,"Hammer of Thor":0,"Snake Skull":3,"Omamori":12,"Seething Fire":0,"Orichalcum":33,"Question Card":16,"Mercury Hourglass":37,"CaptainsWheel":26,"Busted Crown":23,"Anvil of the Gods":0,"Shuriken":19,"Sundial":30,"Philosopher\u0027s Stone":10,"Bag of Marbles":16,"Unceasing Top":30,"Ring of the Snake":0}],"Unceasing Top":[9],"Ring of the Snake":[62]},"card_choices":[{"not_picked":["Cloak And Dagger","Acrobatics","Blade Dance"],"picked":"SKIP","floor":1},{"not_picked":["Bane","Tactician","Bouncing Flask"],"picked":"SKIP","floor":5},{"not_picked":["Outmaneuver","Dash","PiercingWail"],"picked":"SKIP","floor":6},{"not_picked":["Deadly Poison","Riddle With Holes","Crippling Poison"],"picked":"SKIP","floor":7},{"not_picked":["Bane","Slice","Prepared"],"picked":"SKIP","floor":11},{"not_picked":["Footwork","Blade Dance","Underhanded Strike"],"picked":"SKIP","floor":12},{"not_picked":["Dagger Throw","Tactician","Cloak And Dagger"],"picked":"SKIP","floor":13},{"not_picked":["Prepared","Backstab","Outmaneuver"],"picked":"SKIP","floor":14},{"not_picked":["Dagger Spray","Blade Dance","Concentrate"],"picked":"SKIP","floor":18},{"not_picked":["Finisher+1","Sucker Punch","Skewer"],"picked":"SKIP","floor":19},{"not_picked":["Outmaneuver","Poisoned Stab","Acrobatics"],"picked":"SKIP","floor":23},{"not_picked":["Terror","Flying Knee+1","Distraction"],"picked":"SKIP","floor":24},{"not_picked":["Eviscerate","Die Die Die","Cloak And Dagger"],"picked":"SKIP","floor":25},{"not_picked":["Endless Agony","Bane+1","Deflect","Dagger Spray+1"],"picked":"SKIP","floor":27},{"not_picked":["Deflect","Prepared","Slice","Glass Knife"],"picked":"SKIP","floor":29},{"not_picked":["Poisoned Stab","Concentrate","Leg Sweep","Bane"],"picked":"SKIP","floor":30},{"not_picked":["Dodge and Roll","Quick Slash","Deflect","Backflip"],"picked":"SKIP","floor":31},{"not_picked":["Blade Dance+1","PiercingWail+1"],"picked":"SKIP","floor":35},{"not_picked":["Deflect","Bane"],"picked":"SKIP","floor":36},{"not_picked":["Well Laid Plans+1","Quick Slash"],"picked":"SKIP","floor":38},{"not_picked":["Poisoned Stab","Calculated Gamble+1"],"picked":"SKIP","floor":40},{"not_picked":["Dagger Spray","Backflip"],"picked":"SKIP","floor":41},{"not_picked":["Well Laid Plans","Eviscerate+1"],"picked":"SKIP","floor":42},{"not_picked":["Blur","Infinite Blades"],"picked":"SKIP","floor":47},{"not_picked":["Wraith Form v2","Distraction"],"picked":"SKIP","floor":48},{"not_picked":["Finisher","Leg Sweep"],"picked":"SKIP","floor":54}],"player_experience":787429,"relics_obtained":[{"floor":6,"key":"Snake Skull"},{"floor":25,"key":"Question Card"},{"floor":26,"key":"Bag of Marbles"},{"floor":28,"key":"HollowMod:QueensCombRelic"},{"floor":28,"key":"Shuriken"},{"floor":37,"key":"CaptainsWheel"},{"floor":40,"key":"Tingsha"},{"floor":42,"key":"Sundial"},{"floor":43,"key":"Unceasing Top"},{"floor":48,"key":"Calipers"},{"floor":54,"key":"Mercury Hourglass"}],"event_choices":[{"damage_healed":0,"gold_gain":0,"player_choice":"Donut","damage_taken":0,"max_hp_gain":5,"max_hp_loss":0,"event_name":"Big Fish","floor":2,"gold_loss":0},{"damage_healed":0,"gold_gain":0,"player_choice":"Bought 0 Potions","damage_taken":0,"max_hp_gain":0,"max_hp_loss":0,"event_name":"The Woman in Blue","floor":4,"gold_loss":0},{"damage_healed":0,"gold_gain":0,"player_choice":"Obtained Relic","damage_taken":0,"relics_obtained":["Omamori"],"max_hp_gain":0,"max_hp_loss":0,"event_name":"Addict","floor":20,"gold_loss":85},{"cards_removed":["Deadly Poison"],"damage_healed":0,"gold_gain":0,"player_choice":"Purged","damage_taken":0,"max_hp_gain":0,"max_hp_loss":0,"event_name":"Purifier","floor":22,"gold_loss":0},{"damage_healed":0,"gold_gain":0,"player_choice":"Fight","damage_taken":0,"max_hp_gain":0,"max_hp_loss":0,"event_name":"Colosseum","floor":28,"gold_loss":0},{"damage_healed":0,"gold_gain":0,"player_choice":"Fought Nobs","damage_taken":0,"max_hp_gain":0,"max_hp_loss":0,"event_name":"Colosseum","floor":28,"gold_loss":0},{"damage_healed":0,"gold_gain":0,"player_choice":"Fight","damage_taken":0,"max_hp_gain":0,"max_hp_loss":0,"event_name":"MindBloom","floor":37,"gold_loss":0},{"damage_healed":0,"gold_gain":0,"player_choice":"Ignored","damage_taken":0,"max_hp_gain":0,"max_hp_loss":0,"event_name":"Purifier","floor":39,"gold_loss":0}],"is_beta":false,"boss_relics":[{"not_picked":["Velvet Choker","WristBlade"],"picked":"Philosopher\u0027s Stone"},{"not_picked":["Snecko Eye","Tiny House"],"picked":"Busted Crown"}],"items_purged_floors":[],"is_endless":false,"potions_floor_spawned":[11,13,14,18,27,28,28,35,41,47,48,54],"killed_by":"The Heart","ascension_level":19}}