{"host":"d7qmn60fs48wu5y6","time":1607914919,"event":{"mods":["BaseMod","Downfall","Minty Spire (QoL Compilation)","Shade Mod","StSLib","The Cursed","The Servant 0.9.4"],"gold_per_floor":[114,114,131,131,149,149,181,181,204,235,262,23,23,23,23,23,23],"floor_reached":16,"playtime":454,"items_purged":[],"score":111,"play_id":"3d577ebc-e114-4f23-9151-c01c64d2753b","local_time":"20201213190159","is_ascension_mode":true,"campfire_choices":[{"data":"Neutralize","floor":6,"key":"SMITH"},{"floor":8,"key":"REST"},{"floor":13,"key":"REST"},{"floor":15,"key":"REST"}],"circlet_count":0,"master_deck":["Strike_G","Strike_G","Strike_G","Strike_G","Defend_G+1","Defend_G","Defend_G+1","Defend_G","Defend_G","Survivor","Neutralize+1","Dodge and Roll","Tools of the Trade","Crippling Poison","Deadly Poison","Poisoned Stab","Acrobatics","Deadly Poison"],"relics":["Ring of the Snake","NeowsBlessing","Smiling Mask","War Paint","WingedGreaves","Orichalcum","Toxic Egg 2"],"acts_visited":["Exordium"],"potions_floor_usage":[10],"damage_taken":[{"damage":0,"enemies":"Jaw Worm","floor":1,"turns":1},{"damage":0,"enemies":"Cultist","floor":3,"turns":1},{"damage":0,"enemies":"Small Slimes","floor":5,"turns":1},{"damage":30,"enemies":"3 Sentries","floor":7,"turns":13},{"damage":38,"enemies":"Gremlin Nob","floor":10,"turns":5},{"damage":65,"enemies":"Slime Boss","floor":16,"turns":11}],"seed_played":"-3849418367906657352","potions_obtained":[{"floor":7,"key":"FearPotion"}],"is_trial":false,"path_per_floor":["M","?","M","?","M","R","E","R","T","E","T","$","R","?","R","B"],"character_chosen":"THE_SILENT","items_purchased":["Toxic Egg 2"],"campfire_rested":3,"item_purchase_floors":[12],"current_hp_per_floor":[70,70,70,70,70,70,40,61,61,23,23,23,44,44,65,0,0],"gold":23,"neow_bonus":"THREE_ENEMY_KILL","is_daily":false,"chose_seed":false,"campfire_upgraded":1,"win_rate":0.0,"timestamp":1607914919,"path_taken":["M","?","?","?","M","R","E","R","T","E","?","$","R","?","R","BOSS"],"items_purchased_type":["Relic"],"build_version":"2020-12-13","purchased_purges":0,"victory":false,"max_hp_per_floor":[70,70,70,70,70,70,70,70,70,70,70,70,70,70,70,70,70],"card_choices":[{"not_picked":["Bane","Infinite Blades"],"picked":"Dodge and Roll","floor":1},{"not_picked":["Well Laid Plans","Underhanded Strike"],"picked":"Deadly Poison","floor":3},{"not_picked":["Distraction","Terror"],"picked":"Poisoned Stab","floor":5},{"not_picked":["Blade Dance","Bullet Time"],"picked":"Acrobatics","floor":7},{"not_picked":["Endless Agony","Slice"],"picked":"Deadly Poison","floor":10}],"player_experience":847953,"relics_obtained":[{"floor":7,"key":"Smiling Mask"},{"floor":9,"key":"War Paint"},{"floor":10,"key":"WingedGreaves"},{"floor":11,"key":"Orichalcum"}],"event_choices":[{"damage_healed":0,"gold_gain":0,"player_choice":"2 cards matched","damage_taken":0,"max_hp_gain":0,"max_hp_loss":0,"event_name":"Match and Keep!","floor":2,"gold_loss":0,"cards_obtained":["Tools of the Trade","Crippling Poison"]},{"cards_removed":["Strike_G"],"damage_healed":0,"gold_gain":0,"player_choice":"Forget","damage_taken":0,"max_hp_gain":0,"max_hp_loss":0,"event_name":"Living Wall","floor":4,"gold_loss":0},{"damage_healed":0,"gold_gain":0,"player_choice":"Ignored","damage_taken":0,"max_hp_gain":0,"max_hp_loss":0,"event_name":"Liars Game","floor":14,"gold_loss":0}],"is_beta":false,"boss_relics":[],"items_purged_floors":[],"is_endless":false,"potions_floor_spawned":[7],"killed_by":"Slime Boss","ascension_level":1}}