{"host":"omuz9yzrsj9oc9b2","time":1607955943,"event":{"mods":["2.2 Compatiblity","BaseMod","Downfall","Minty Spire (QoL Compilation)","Replay The Spire","StSLib","The Poker Player"],"gold_per_floor":[99,99,99,99,99,24,47,47,47,82,122,134,147,161,171,171,171],"floor_reached":16,"playtime":585,"items_purged":[],"score":98,"play_id":"c98ff566-189c-42f3-b1c3-633acf86653e","local_time":"20201214142543","is_ascension_mode":false,"campfire_choices":[{"floor":1,"key":"RECALL"},{"data":"champ:RecklessLeap","floor":6,"key":"SMITH"},{"data":"champ:Aggression","floor":9,"key":"SMITH"}],"circlet_count":0,"master_deck":["champ:Strike","champ:Strike","champ:Strike","champ:Strike","champ:Defend","champ:Defend","champ:Defend","champ:Execute","champ:Taunt","champ:StanceDance","champ:RecklessLeap+1","champ:Aggression+1","champ:EnragedBash","champ:BerserkersShout","champ:RecklessLeap","champ:CrookedStrike","champ:ShieldSlam","champ:FanOfKnives"],"relics":["champ:ChampionCrown","downfall:HeartsMalice","Ring of Searing","Ring of Fury","downfall:HeartBlessingRed","Blue Doll","Ancient Tea Set","Replay:Accelerometer"],"acts_visited":["Exordium"],"potions_floor_usage":[16,16],"damage_taken":[{"damage":0,"enemies":"Jaw Worm","floor":3,"turns":1},{"damage":0,"enemies":"Small Slimes","floor":5,"turns":1},{"damage":0,"enemies":"Cultist","floor":8,"turns":1},{"damage":45,"enemies":"Lagavulin","floor":10,"turns":3},{"damage":41,"enemies":"Large Slime","floor":12,"turns":2},{"damage":37,"enemies":"Blue Slaver","floor":13,"turns":3},{"damage":28,"enemies":"Exordium Wildlife","floor":14,"turns":2},{"damage":28,"enemies":"3 Louse","floor":15,"turns":2},{"damage":83,"enemies":"downfall:Defect","floor":16,"turns":4}],"seed_played":"-1274427485204259828","potions_obtained":[{"floor":10,"key":"LifebloodPotion"},{"floor":13,"key":"Milkshake"},{"floor":15,"key":"Reflective Coating"}],"is_trial":false,"path_per_floor":["R","?","M","?","M","R","T","M","R","E","?","M","M","M","M","B"],"character_chosen":"THE_CHAMP","items_purchased":[],"campfire_rested":0,"item_purchase_floors":[],"current_hp_per_floor":[90,90,90,90,90,90,90,90,90,76,54,42,37,37,37,0,0],"gold":171,"neow_bonus":"THREE_ENEMY_KILL","is_daily":false,"chose_seed":false,"campfire_upgraded":2,"win_rate":0.0,"timestamp":1607955943,"path_taken":["R","?","M","?","?","R","T","M","R","E","?","M","M","M","M","BOSS"],"items_purchased_type":[],"build_version":"2020-12-13","purchased_purges":0,"victory":false,"max_hp_per_floor":[90,90,90,90,90,90,90,90,90,90,90,90,90,90,90,90,90],"card_choices":[{"not_picked":["champ:GladiatorsShout","champ:FlashCut"],"picked":"champ:StanceDance","floor":3},{"not_picked":["champ:StanceDance","champ:BringItOn"],"picked":"champ:RecklessLeap","floor":5},{"not_picked":["champ:RapidStrikes","champ:AdrenalArmor"],"picked":"champ:Aggression","floor":8},{"not_picked":["champ:FanOfKnives","champ:Encircle"],"picked":"champ:EnragedBash","floor":10},{"not_picked":["champ:Circumvent","champ:Haymaker"],"picked":"champ:BerserkersShout","floor":11},{"not_picked":["champ:FalseCounter","champ:Haymaker"],"picked":"champ:RecklessLeap","floor":11},{"not_picked":["champ:Riposte","champ:BladeFlurry"],"picked":"champ:CrookedStrike","floor":12},{"not_picked":["champ:Backstep","champ:FaceSlap"],"picked":"champ:ShieldSlam","floor":13},{"not_picked":["champ:Backstep","champ:TornadoPunch","champ:FlashCut"],"picked":"SKIP","floor":14},{"not_picked":["champ:Backstep","champ:FalseCounter"],"picked":"champ:FanOfKnives","floor":15}],"player_experience":242055,"relics_obtained":[{"floor":2,"key":"Ring of Searing"},{"floor":2,"key":"Ring of Fury"},{"floor":7,"key":"Blue Doll"},{"floor":10,"key":"Ancient Tea Set"},{"floor":11,"key":"Replay:Accelerometer"}],"event_choices":[{"cards_removed":["champ:Defend"],"damage_healed":0,"gold_gain":0,"player_choice":"Purged","damage_taken":0,"max_hp_gain":0,"max_hp_loss":0,"event_name":"Purifier","floor":4,"gold_loss":0}],"is_beta":false,"boss_relics":[],"items_purged_floors":[],"is_endless":false,"potions_floor_spawned":[10,13,15],"killed_by":"downfall:Defect","ascension_level":0}}