{"host":"2uu78764idqc8x2u","time":1607927279,"event":{"mods":["BaseMod","Better Altar","Better Note","Better Skull","Better Third Choice","Downfall","Energized Spire","Minty Spire (QoL Compilation)","Spicy Shops","StSLib"],"gold_per_floor":[114,114,289,364,144,144,144,144,144,154,11,11,50,67,67,67,67],"floor_reached":16,"playtime":481,"items_purged":[],"score":88,"play_id":"b6d7efa0-fbcf-4b16-a820-f4cd5bed900d","local_time":"20201214012759","is_ascension_mode":false,"campfire_choices":[{"data":"Bash","floor":6,"key":"SMITH"},{"floor":8,"key":"RECALL"},{"data":"Strike_R","floor":12,"key":"SMITH"},{"data":"Strike_R","floor":15,"key":"SMITH"}],"circlet_count":0,"master_deck":["Strike_R","Strike_R","Strike_R","Strike_R+1","Strike_R+1","Defend_R","Defend_R","Defend_R","Defend_R","Bash+1","Uppercut+1","Heavy Blade+1","Doubt","Perfected Strike+1","Clothesline+1"],"relics":["Burning Blood","Toolbox","PreservedInsect","Molten Egg 2","Membership Card"],"acts_visited":["Exordium"],"potions_floor_usage":[10,14,16],"damage_taken":[{"damage":1,"enemies":"Jaw Worm","floor":1,"turns":3},{"damage":1,"enemies":"2 Louse","floor":10,"turns":3},{"damage":0,"enemies":"Small Slimes","floor":13,"turns":2},{"damage":31,"enemies":"Exordium Thugs","floor":14,"turns":4},{"damage":67,"enemies":"Slime Boss","floor":16,"turns":9}],"seed_played":"1695247818865882557","potions_obtained":[{"floor":1,"key":"Block Potion"},{"floor":10,"key":"LiquidBronze"},{"floor":14,"key":"ElixirPotion"}],"is_trial":false,"path_per_floor":["M","?","?","?","$","R","?","R","T","M","$","R","M","M","R","B"],"character_chosen":"IRONCLAD","items_purchased":["Toolbox","PreservedInsect","Membership Card"],"campfire_rested":0,"item_purchase_floors":[5,5,11],"current_hp_per_floor":[80,80,80,69,69,69,69,69,69,74,74,74,80,55,55,0,0],"gold":67,"neow_bonus":"THREE_CARDS","is_daily":false,"chose_seed":false,"campfire_upgraded":3,"win_rate":0.0,"timestamp":1607927279,"path_taken":["M","?","?","?","$","R","?","R","T","M","$","R","M","M","R","BOSS"],"items_purchased_type":["Relic","Relic","Relic"],"build_version":"2020-11-30","purchased_purges":0,"victory":false,"max_hp_per_floor":[80,80,80,80,80,80,80,80,80,80,80,80,80,80,80,80,80],"card_choices":[{"not_picked":["Heavy Blade","Wild Strike"],"picked":"Uppercut","floor":0},{"not_picked":["Warcry","Headbutt"],"picked":"Heavy Blade","floor":1},{"not_picked":["Body Slam+1","Sword Boomerang+1"],"picked":"Perfected Strike+1","floor":10},{"not_picked":["Warcry","Infernal Blade"],"picked":"Clothesline+1","floor":13},{"not_picked":["Warcry","Clash+1","Twin Strike+1"],"picked":"SKIP","floor":14}],"player_experience":418021,"relics_obtained":[{"floor":9,"key":"Molten Egg 2"}],"event_choices":[{"damage_healed":0,"gold_gain":0,"player_choice":"Grow","damage_taken":0,"max_hp_gain":0,"max_hp_loss":0,"event_name":"Living Wall","floor":2,"gold_loss":0,"cards_upgraded":["Uppercut"]},{"damage_healed":0,"gold_gain":175,"player_choice":"AGREE","damage_taken":114,"max_hp_gain":0,"max_hp_loss":0,"event_name":"betterThird:BetterSerpent","floor":3,"gold_loss":0},{"damage_healed":0,"gold_gain":75,"player_choice":"Gold","damage_taken":11,"max_hp_gain":0,"max_hp_loss":0,"event_name":"betterThird:BetterGoop","floor":4,"gold_loss":0},{"damage_healed":0,"gold_gain":0,"player_choice":"Upgraded","damage_taken":0,"max_hp_gain":0,"max_hp_loss":0,"event_name":"Upgrade Shrine","floor":7,"gold_loss":0,"cards_upgraded":["Heavy Blade"]}],"is_beta":false,"boss_relics":[],"items_purged_floors":[],"is_endless":false,"potions_floor_spawned":[1,10,14],"killed_by":"Slime Boss","ascension_level":0}}