{"host":"o7j6aatxjwpw1421","time":1607957248,"event":{"mods":["2.2 Compatiblity","BaseMod","Colored Map","DeckTracker","Highlight Path","Keyboard Shortcuts","Minty Spire (QoL Compilation)","Permanent Neow","Quick Restart","StSLib","SuperFastMode","everything is the same but u backflip on backflip"],"gold_per_floor":[119,137,137,137,67,67,82,82,82,98,98,98,112,145,145,145,145],"floor_reached":16,"playtime":702,"items_purged":[],"score":175,"play_id":"e935fafe-b487-42c8-a5e2-209378342822","local_time":"20201214234728","is_ascension_mode":true,"campfire_choices":[{"data":"Well Laid Plans","floor":6,"key":"SMITH"},{"data":"Neutralize","floor":8,"key":"SMITH"},{"floor":12,"key":"REST"},{"data":"After Image","floor":15,"key":"SMITH"}],"circlet_count":0,"master_deck":["AscendersBane","Strike_G","Strike_G","Strike_G","Strike_G","Strike_G","Defend_G","Defend_G","Defend_G","Defend_G","Defend_G","Survivor","Neutralize+1","Sadistic Nature","Flying Knee","Quick Slash","Well Laid Plans+1","Reflex","Dagger Spray","Dash","After Image+1"],"relics":["Ring of the Snake","Snake Skull","FossilizedHelix"],"acts_visited":["Exordium"],"potions_floor_usage":[10,13,14,16],"damage_taken":[{"damage":17,"enemies":"Jaw Worm","floor":1,"turns":7},{"damage":0,"enemies":"Small Slimes","floor":2,"turns":4},{"damage":1,"enemies":"2 Louse","floor":7,"turns":3},{"damage":6,"enemies":"Red Slaver","floor":10,"turns":3},{"damage":2,"enemies":"Exordium Wildlife","floor":13,"turns":3},{"damage":26,"enemies":"Lagavulin","floor":14,"turns":8},{"damage":11,"enemies":"Hexaghost","floor":16,"turns":14}],"seed_played":"4241238309855663299","potions_obtained":[{"floor":2,"key":"SteroidPotion"},{"floor":7,"key":"SpeedPotion"},{"floor":11,"key":"Dexterity Potion"},{"floor":11,"key":"Block Potion"},{"floor":13,"key":"LiquidBronze"}],"is_trial":false,"path_per_floor":["M","M","?","?","$","R","M","R","T","M","?","R","M","E","R","B"],"character_chosen":"THE_SILENT","items_purchased":["Well Laid Plans"],"campfire_rested":1,"item_purchase_floors":[5],"current_hp_per_floor":[27,27,27,32,32,32,31,31,31,25,25,46,44,18,18,7,7],"gold":145,"neow_bonus":"RANDOM_COLORLESS_2","is_daily":false,"chose_seed":false,"campfire_upgraded":3,"win_rate":0.0,"timestamp":1607957248,"path_taken":["M","M","?","?","?","R","M","R","T","M","?","R","?","E","R","BOSS"],"items_purchased_type":["Card"],"build_version":"2020-12-13","purchased_purges":0,"victory":false,"max_hp_per_floor":[66,66,66,71,71,71,71,71,71,71,71,71,71,71,71,71,71],"card_choices":[{"not_picked":["Mayhem","Secret Technique"],"picked":"Sadistic Nature","floor":0},{"not_picked":["Concentrate","Backflip"],"picked":"Flying Knee","floor":1},{"not_picked":["Outmaneuver","Heel Hook"],"picked":"Quick Slash","floor":2},{"not_picked":["Flying Knee","Dodge and Roll"],"picked":"Reflex","floor":7},{"not_picked":["Blade Dance","Cloak And Dagger"],"picked":"Dagger Spray","floor":10},{"not_picked":["Flechettes","Riddle With Holes"],"picked":"Dash","floor":13},{"not_picked":["Acrobatics","Riddle With Holes"],"picked":"After Image","floor":14}],"player_experience":231896,"relics_obtained":[{"floor":9,"key":"Snake Skull"},{"floor":14,"key":"FossilizedHelix"}],"event_choices":[{"damage_healed":0,"gold_gain":0,"player_choice":"Ignored","damage_taken":0,"max_hp_gain":0,"max_hp_loss":0,"event_name":"Liars Game","floor":3,"gold_loss":0},{"damage_healed":0,"gold_gain":0,"player_choice":"Donut","damage_taken":0,"max_hp_gain":5,"max_hp_loss":0,"event_name":"Big Fish","floor":4,"gold_loss":0},{"damage_healed":0,"gold_gain":0,"player_choice":"Got Potions","damage_taken":0,"max_hp_gain":0,"max_hp_loss":0,"event_name":"Lab","floor":11,"gold_loss":0}],"is_beta":false,"boss_relics":[],"items_purged_floors":[],"is_endless":false,"potions_floor_spawned":[2,7,13],"killed_by":"Hexaghost","ascension_level":15}}