{"host":"v0dnu0zs4qo0v13s","time":1607971095,"event":{"mods":["BaseMod","Colored Map","Colored Powertips","Minty Spire (QoL Compilation)","Relic Stats","StSLib","SuperFastMode","everything is the same but u backflip on backflip"],"gold_per_floor":[112,124,124,143,143,143,156,156,224,224,264,288,319,344,344,467,530,555,324,337,357,52,52,52,52],"floor_reached":24,"playtime":1175,"items_purged":["Defend_B","Defend_B"],"score":258,"play_id":"63190469-853f-41a7-ac6b-0dd2d556ac6f","local_time":"20201214133815","is_ascension_mode":true,"campfire_choices":[{"data":"White Noise","floor":6.0,"key":"SMITH"},{"data":"Sunder","floor":8.0,"key":"SMITH"},{"data":"Coolheaded","floor":10.0,"key":"SMITH"},{"data":"Genetic Algorithm","floor":15.0,"key":"SMITH"},{"data":"Self Repair","floor":23.0,"key":"SMITH"}],"circlet_count":0,"master_deck":["Strike_B+1","Strike_B","Strike_B","Defend_B","Defend_B","Zap","Dualcast","Coolheaded+1","Sunder+1","White Noise+1","Leap","Genetic Algorithm+1","Seek","Turbo","Tempest+1","Blizzard","Self Repair+1","Melter"],"relics":["Coffee Dripper","Golden Idol","Singing Bowl","Dream Catcher","Vajra","Shovel","Tiny House","Chemical X","Membership Card","Juzu Bracelet"],"acts_visited":["Exordium","TheCity"],"potions_floor_usage":[24,24,24],"damage_taken":[{"damage":0.0,"enemies":"2 Louse","floor":1.0,"turns":2.0},{"damage":0.0,"enemies":"Small Slimes","floor":2.0,"turns":3.0},{"damage":10.0,"enemies":"Jaw Worm","floor":4.0,"turns":3.0},{"damage":14.0,"enemies":"Large Slime","floor":7.0,"turns":5.0},{"damage":2.0,"enemies":"Gremlin Nob","floor":11.0,"turns":3.0},{"damage":3.0,"enemies":"3 Sentries","floor":13.0,"turns":5.0},{"damage":0.0,"enemies":"2 Fungi Beasts","floor":14.0,"turns":3.0},{"damage":8.0,"enemies":"The Guardian","floor":16.0,"turns":6.0},{"damage":9.0,"enemies":"Spheric Guardian","floor":18.0,"turns":5.0},{"damage":18.0,"enemies":"Shell Parasite","floor":20.0,"turns":5.0},{"damage":13.0,"enemies":"Cultist and Chosen","floor":21.0,"turns":6.0},{"damage":24,"enemies":"Slavers","floor":24,"turns":3}],"seed_played":"7155013658586534035","potions_obtained":[{"floor":7.0,"key":"DuplicationPotion"},{"floor":11.0,"key":"GamblersBrew"},{"floor":13.0,"key":"SneckoOil"},{"floor":14.0,"key":"EntropicBrew"},{"floor":17.0,"key":"LiquidBronze"},{"floor":20.0,"key":"BlessingOfTheForge"}],"is_trial":false,"path_per_floor":["M","M","?","M","?","R","M","R","T","R","E","T","E","M","R","B",null,"M","$","M","M","$","R","E"],"character_chosen":"DEFECT","items_purchased":["Chemical X","Membership Card","Juzu Bracelet","Melter"],"campfire_rested":0,"item_purchase_floors":[19,22,22,22],"current_hp_per_floor":[75,75,68,58,58,58,44,44,44,44,42,42,41,43,43,35,69,60,60,42,29,29,29,5,5],"gold":52,"neow_bonus":"BOSS_RELIC","is_daily":false,"chose_seed":false,"campfire_upgraded":5,"win_rate":0.0,"timestamp":1607971095,"path_taken":["M","M","?","M","?","R","M","R","T","R","E","?","E","M","R","BOSS","M","$","M","M","$","R","E"],"items_purchased_type":["Relic","Relic","Relic","Card"],"build_version":"2020-12-13","purchased_purges":2,"victory":false,"max_hp_per_floor":[75,75,75,75,69,69,69,69,69,69,69,69,71,73,73,73,78,78,78,78,78,78,78,78,78],"relic_stats":{"Dream Catcher":0,"Shovel":0,"Singing Bowl":4,"counters":[12,49],"Golden Idol":72,"Juzu Bracelet":0,"Chemical X":[3],"obtain_stats":[{"Dream Catcher":11,"Shovel":13,"Tiny House":17,"Singing Bowl":9,"Golden Idol":5,"Vajra":12,"Coffee Dripper":0,"Juzu Bracelet":22,"Chemical X":19,"Membership Card":22,"Cracked Core":0},{"Dream Catcher":5,"Shovel":6,"Tiny House":8,"Singing Bowl":4,"Golden Idol":3,"Vajra":5,"Coffee Dripper":0,"Juzu Bracelet":11,"Chemical X":9,"Membership Card":11,"Cracked Core":0},{"Dream Catcher":16,"Shovel":21,"Tiny House":30,"Singing Bowl":13,"Golden Idol":8,"Vajra":16,"Coffee Dripper":0,"Juzu Bracelet":46,"Chemical X":35,"Membership Card":46,"Cracked Core":0}]},"card_choices":[{"not_picked":["Compile Driver","Sweeping Beam"],"picked":"Coolheaded","floor":1.0},{"not_picked":["Recycle","Redo"],"picked":"Sunder","floor":2.0},{"not_picked":["Rebound","Auto Shields"],"picked":"White Noise","floor":4.0},{"not_picked":["Auto Shields","Go for the Eyes"],"picked":"Leap","floor":7.0},{"not_picked":["Redo","Barrage"],"picked":"Genetic Algorithm","floor":11.0},{"not_picked":["Gash","Rip and Tear","Genetic Algorithm"],"picked":"Singing Bowl","floor":13.0},{"not_picked":["Rip and Tear","Conserve Battery","Cold Snap"],"picked":"Singing Bowl","floor":14.0},{"not_picked":["Rainbow","Amplify"],"picked":"Seek","floor":16.0},{"not_picked":["Hello World","Darkness"],"picked":"Turbo","floor":17.0},{"not_picked":["Gash","Streamline"],"picked":"Tempest+1","floor":18.0},{"not_picked":["Conserve Battery","Lockon"],"picked":"Blizzard","floor":20.0},{"not_picked":["Sweeping Beam+1","Ball Lightning"],"picked":"Self Repair","floor":21.0}],"player_experience":583202,"relics_obtained":[{"floor":9.0,"key":"Singing Bowl"},{"floor":11.0,"key":"Dream Catcher"},{"floor":12.0,"key":"Vajra"},{"floor":13.0,"key":"Shovel"}],"event_choices":[{"cards_removed":["Strike_B"],"damage_healed":0.0,"max_hp_gain":0.0,"max_hp_loss":0.0,"gold_gain":0.0,"event_name":"Golden Wing","player_choice":"Card Removal","floor":3.0,"gold_loss":0.0,"damage_taken":7.0},{"damage_healed":0.0,"max_hp_gain":0.0,"max_hp_loss":6.0,"gold_gain":0.0,"event_name":"Golden Idol","player_choice":"Lose Max HP","floor":5.0,"gold_loss":0.0,"damage_taken":0.0,"relics_obtained":["Golden Idol"]}],"is_beta":false,"boss_relics":[{"not_picked":["SlaversCollar","Philosopher\u0027s Stone"],"picked":"Tiny House"}],"items_purged_floors":[19,22],"is_endless":false,"potions_floor_spawned":[7,11,13,14,20],"killed_by":"Slavers","ascension_level":5}}