{"host":"lstuuc6roym1046h","time":1607970204,"event":{"mods":["AchievementEnabler","BaseMod","Minty Spire (QoL Compilation)","Relic Stats","StSLib"],"gold_per_floor":[119,133,133,133,133,133,133],"floor_reached":6,"playtime":307,"items_purged":[],"score":68,"play_id":"4db95c80-a4cc-4ad7-ad32-ce7dff92a7a4","local_time":"20201214182324","is_ascension_mode":true,"campfire_choices":[],"circlet_count":0,"master_deck":["AscendersBane","Strike_G","Strike_G","Strike_G","Strike_G","Strike_G","Defend_G","Defend_G","Defend_G","Defend_G","Defend_G","Survivor","Neutralize","Quick Slash","PiercingWail","Dash"],"relics":["Ring of the Snake","Golden Idol"],"acts_visited":[],"potions_floor_usage":[],"damage_taken":[{"damage":1.0,"enemies":"2 Louse","floor":1.0,"turns":3.0},{"damage":2.0,"enemies":"Jaw Worm","floor":2.0,"turns":6.0},{"damage":39,"enemies":"3 Sentries","floor":6,"turns":8}],"seed_played":"-5145889420841604060","potions_obtained":[],"is_trial":false,"path_per_floor":["M","M","?","?","?","E"],"character_chosen":"THE_SILENT","items_purchased":[],"campfire_rested":0,"item_purchase_floors":[],"current_hp_per_floor":[58,56,56,38,38,0,0],"gold":133,"neow_bonus":"THREE_CARDS","is_daily":false,"chose_seed":false,"campfire_upgraded":0,"win_rate":0.0,"timestamp":1607970204,"path_taken":["M","M","?","?","?","E"],"items_purchased_type":[],"build_version":"2020-12-13","purchased_purges":0,"victory":false,"max_hp_per_floor":[66,66,66,66,60,60,60],"relic_stats":{"counters":[1,8],"Golden Idol":0,"obtain_stats":[{"Golden Idol":5,"Ring of the Snake":0},{"Golden Idol":0,"Ring of the Snake":0},{"Golden Idol":0,"Ring of the Snake":0}],"Ring of the Snake":[2]},"card_choices":[{"not_picked":["Underhanded Strike","PiercingWail"],"picked":"Quick Slash","floor":0.0},{"not_picked":["Prepared","Deflect"],"picked":"PiercingWail","floor":1.0},{"not_picked":["Quick Slash","Deadly Poison"],"picked":"Dash","floor":2.0}],"player_experience":817928,"relics_obtained":[],"event_choices":[{"damage_healed":0,"gold_gain":0,"player_choice":"Ignored","damage_taken":0,"max_hp_gain":0,"max_hp_loss":0,"event_name":"Liars Game","floor":3,"gold_loss":0},{"damage_healed":0,"gold_gain":0,"player_choice":"Fled","damage_taken":18,"max_hp_gain":0,"max_hp_loss":0,"event_name":"Scrap Ooze","floor":4,"gold_loss":0},{"damage_healed":0,"gold_gain":0,"player_choice":"Lose Max HP","damage_taken":0,"relics_obtained":["Golden Idol"],"max_hp_gain":0,"max_hp_loss":6,"event_name":"Golden Idol","floor":5,"gold_loss":0}],"is_beta":false,"boss_relics":[],"items_purged_floors":[],"is_endless":false,"potions_floor_spawned":[],"killed_by":"3 Sentries","ascension_level":20}}