{"host":"5s7sm4h73jkd9266","time":1607955178,"event":{"mods":["AchievementEnabler","Bartender","BaseMod","Better Match","Better Vampires","BetterRewards","Colored Map","Colored Powertips","Conspire","Downfall","Energized Spire","GifTheSpireLib","Hermit","Hubris","Magitek Elite","Marisa????????","Melee Mod","Minty Spire (QoL Compilation)","Potion Indicator Mod","Rare Cards Sparkle","Relic Stats","Replay The Spire","Robot Space Explorer","Shade Mod","Shop Mod","StSLib","Stuff the Spire","The Bladedancer","The Blue Laboratory","The Cursed","The Disciple","The Dragon Tamer","The Forsaken","The Necromancer","The Servant 0.9.4","The Wild Card","The Witch","Virulent Crown","everything is the same but u backflip on backflip","slay the spire mod where everything is the same but ironclad has a cowboy hat","vexMod"],"gold_per_floor":[109,384,398,35,51,51,79,98,98,98,98,16,16,28,28,101,101,76,36,56,56,56],"floor_reached":21,"playtime":2013,"items_purged":[],"score":474,"play_id":"f88e2f84-4ca0-4004-a7f4-a2b016495823","local_time":"20201214091258","is_ascension_mode":true,"campfire_choices":[{"data":"Apotheosis","floor":6.0,"key":"SMITH"},{"floor":10.0,"key":"REST"},{"floor":13.0,"key":"REST"},{"floor":15.0,"key":"REST"}],"circlet_count":0,"master_deck":["AscendersBane","Strike_G","Strike_G","Strike_G+1","Strike_G","Strike_G","Defend_G","Defend_G","Defend_G","Defend_G","Defend_G","Survivor","Neutralize","Replay:SS_forest_6","hubris:Despair","Backflip","Regret","Dodge and Roll","Apotheosis+1","expansioncontent:CaCaw","Flying Knee","hubris:SlightOfHand","Caltrops","StuffTheSpire:BrimstoneBlast","Outmaneuver","expansioncontent:GoopSpray","Deadly Poison","Malaise","Deflect+1","Acrobatics","Backflip"],"relics":["Ring of the Snake","hubris:Metronome","Strange Spoon","vexMod:Dragonfruit","Tingsha","energizedSpire:StickyHand"],"acts_visited":["Exordium","TheCity"],"potions_floor_usage":[21],"damage_taken":[{"damage":0.0,"enemies":"2 Louse","floor":1.0,"turns":4.0},{"damage":7.0,"enemies":"Cultist","floor":3.0,"turns":5.0},{"damage":11.0,"enemies":"Small Slimes","floor":5.0,"turns":6.0},{"damage":51.0,"enemies":"3 Sentries","floor":7.0,"turns":13.0},{"damage":14.0,"enemies":"Gremlin Gang","floor":8.0,"turns":3.0},{"damage":12.0,"enemies":"3 Louse","floor":14.0,"turns":3.0},{"damage":8.0,"enemies":"Fading Forest","floor":16.0,"turns":11.0},{"damage":34,"enemies":"2 Thieves","floor":18,"turns":5},{"damage":30,"enemies":"Spheric Guardian","floor":20,"turns":6},{"damage":19,"enemies":"Centurion and Healer","floor":21,"turns":2}],"seed_played":"6688385580661749473","potions_obtained":[{"floor":7.0,"key":"Adrenaline Potion"},{"floor":14.0,"key":"Languid Potion"},{"floor":18,"key":"blueLaboratory:EnvenomedCoating"}],"is_trial":false,"path_per_floor":["M","?","M","$","M","R","E","M","T","R","?","$","R","M","R","B",null,"M","?","M","M"],"character_chosen":"THE_SILENT","items_purchased":["Replay:SS_forest_6","hubris:Metronome","Strange Spoon","Apotheosis","expansioncontent:CaCaw","Flying Knee","hubris:SlightOfHand","expansioncontent:GoopSpray"],"campfire_rested":3,"item_purchase_floors":[0,0,0,4,4,4,4,12],"current_hp_per_floor":[49,49,50,50,51,51,17,3,3,24,24,24,45,33,54,54,67,41,41,11,0,0],"gold":56,"neow_bonus":"","is_daily":false,"chose_seed":false,"campfire_upgraded":1,"win_rate":0.0,"timestamp":1607955178,"path_taken":["M","?","?","$","M","R","E","M","T","R","?","$","R","M","R","BOSS","M","?","?","M"],"items_purchased_type":["Card","Relic","Relic","Card","Card","Card","Card","Card"],"build_version":"2020-12-13","purchased_purges":0,"victory":false,"max_hp_per_floor":[66,66,66,66,66,66,71,71,71,71,71,71,71,71,71,71,71,71,71,71,71,71],"relic_stats":{"Strange Spoon":[10],"counters":[43,238],"Tingsha":[27],"obtain_stats":[{"hubris:Metronome":0,"Bag of Preparation":12,"Ancient Tea Set":11,"conspire:TopHat":3,"conspire:InfiniteJournal":26,"Blood Vial":21,"Mummified Hand":9,"vexMod:RedPlottingStone":24,"MealTicket":28,"HandDrill":19,"Ring of the Snake":0,"Basket Of Snakes":2,"Quantum Egg":5,"Thread and Needle":27,"Tingsha":9,"energizedSpire:StickyHand":17,"MawBank":6,"VirulentCrownMod:VirulentCrown":24,"vexMod:Dragonfruit":7,"Strange Spoon":0,"CaptainsWheel":14,"Busted Crown":19,"Ring of Misfortune":4,"ChewingGum":17,"Nloth\u0027s Gift":25,"Snack Pack":6},{"hubris:Metronome":33,"Bag of Preparation":8,"Ancient Tea Set":7,"conspire:TopHat":20,"conspire:InfiniteJournal":31,"Blood Vial":12,"Mummified Hand":24,"vexMod:RedPlottingStone":31,"MealTicket":15,"HandDrill":29,"Ring of the Snake":0,"Basket Of Snakes":1,"Quantum Egg":5,"Thread and Needle":15,"Tingsha":38,"energizedSpire:StickyHand":40,"MawBank":6,"VirulentCrownMod:VirulentCrown":14,"vexMod:Dragonfruit":37,"Strange Spoon":33,"CaptainsWheel":9,"Busted Crown":11,"Ring of Misfortune":5,"ChewingGum":28,"Nloth\u0027s Gift":14,"Snack Pack":23},{"hubris:Metronome":180,"Bag of Preparation":51,"Ancient Tea Set":44,"conspire:TopHat":117,"conspire:InfiniteJournal":168,"Blood Vial":76,"Mummified Hand":131,"vexMod:RedPlottingStone":168,"MealTicket":92,"HandDrill":157,"Ring of the Snake":0,"Basket Of Snakes":5,"Quantum Egg":34,"Thread and Needle":92,"Tingsha":211,"energizedSpire:StickyHand":225,"MawBank":41,"VirulentCrownMod:VirulentCrown":87,"vexMod:Dragonfruit":208,"Strange Spoon":180,"CaptainsWheel":56,"Busted Crown":70,"Ring of Misfortune":34,"ChewingGum":151,"Nloth\u0027s Gift":87,"Snack Pack":128}],"Ring of the Snake":[85]},"card_choices":[{"not_picked":["Quick Slash","hubris:TrickCloak"],"picked":"Backflip","floor":1.0},{"not_picked":["Backflip","Quick Slash"],"picked":"Dodge and Roll","floor":3.0},{"not_picked":["Underhanded Strike","Hidden Blade"],"picked":"Caltrops","floor":5.0},{"not_picked":["Fluid Movement","Quick Slash"],"picked":"StuffTheSpire:BrimstoneBlast","floor":7.0},{"not_picked":["Dagger Throw","Underhanded Strike"],"picked":"Outmaneuver","floor":8.0},{"not_picked":["Cloak And Dagger","StuffTheSpire:Injection"],"picked":"Deadly Poison","floor":14.0},{"not_picked":["StuffTheSpire:FinalStruggle","Doppelganger"],"picked":"Malaise","floor":16.0},{"not_picked":["Deflect","Backflip"],"picked":"Acrobatics","floor":18},{"not_picked":["Calculated Gamble","Underhanded Strike","Prepared"],"picked":"SKIP","floor":20}],"player_experience":5299294,"relics_obtained":[{"floor":7.0,"key":"vexMod:Dragonfruit"},{"floor":9.0,"key":"Tingsha"}],"event_choices":[{"damage_healed":0.0,"max_hp_gain":0.0,"max_hp_loss":0.0,"gold_gain":275.0,"event_name":"Golden Shrine","player_choice":"Desecrate","floor":2.0,"gold_loss":0.0,"damage_taken":0.0,"cards_obtained":["Regret"]},{"damage_healed":0.0,"max_hp_gain":0.0,"max_hp_loss":0.0,"gold_gain":0.0,"event_name":"Dead Adventurer","player_choice":"Searched \u00270\u0027 times","floor":11.0,"gold_loss":0.0,"damage_taken":0.0},{"damage_healed":0,"gold_gain":0,"player_choice":"Upgraded Two","damage_taken":0,"max_hp_gain":0,"max_hp_loss":0,"event_name":"Designer","floor":19,"gold_loss":40,"cards_upgraded":["Deflect","Strike_G"]}],"is_beta":false,"boss_relics":[{"not_picked":["Replay:Ancient Bell","vexMod:CursedCompass"],"picked":"energizedSpire:StickyHand"}],"items_purged_floors":[],"is_endless":false,"potions_floor_spawned":[3,7,14,18],"killed_by":"Centurion and Healer","ascension_level":14}}