{"host":"a484oiac96svwyi6","time":1607926284,"event":{"mods":["2.2 Compatiblity","AchievementEnabler","Act Like it!","Astrologer","BaseMod","Better Altar","Better Match","Better Sensory Stone","Better Skull","Better Third Choice","Better-Laid Plans","BetterRewards","Block Reminder","Clawfect","Colored Map","Colored Powertips","Conjunction","Conspire","Custom Start","Dio Mod","Displayed Cursed Tome","Duelist Mod","GifTheSpireLib","Gold Saver","Googly Eyes","Hallownest","Hubris","Infinite Spire","Ironclad Rager","Jorbs\u0027s Wanderer Trilogy","Melee Mod","Menagerie","Minty Spire (QoL Compilation)","Quick Restart","RNG Fix","Random Character Button","Relic Filter","Relic Sorter","Relic Stats","Replay The Spire","Retaliation","Shop Mod","Small Relic Pack","Spikes Relics","Spire Birthday Party","StSLib","Stuff the Spire","SuperFastMode","The Fake Hero","The Necromancer","The Poker Player","TheHero","Transform Curses","Uncapped","Virulent Crown","[JumpMod]????","everything is the same but u backflip on backflip","vexMod"],"gold_per_floor":[117,92,92,92,92,124,142,162,239,252,272,272,272,272,272,368,368,387,387,387,387,387,387,404,423,423,267,278,278,278,306,306,409,409,423,423,423,439,453,453,305,333,333,333,363,363,377,390,390,390],"floor_reached":51,"playtime":16423,"items_purged":[],"score":1422,"play_id":"a975ea7c-397b-445d-9ae9-cbeccd2641bf","local_time":"20201214011124","is_ascension_mode":true,"campfire_choices":[{"floor":12,"key":"REST"},{"floor":15,"key":"REST"},{"data":"hubris:Fate","floor":23,"key":"SMITH"},{"floor":32,"key":"REST"},{"floor":40,"key":"REST"},{"floor":46,"key":"REST"},{"floor":49,"key":"REST"}],"circlet_count":0,"master_deck":["AscendersBane","dioMod:Strike","dioMod:Strike","dioMod:Strike","dioMod:Strike","Bite","dioMod:Defend","dioMod:Defend","dioMod:Defend","dioMod:Defend","dioMod:Minions","dioMod:LaserVision","Storm","StuffTheSpire:BrainWave","dioMod:FlyAway","dioMod:CutDeep","dioMod:DominatingPresence","dioMod:MudaMudaMuda+1","dioMod:ComposedMuda","dioMod:GoldVial","dioMod:SecretPlan","Pot Of Greed","Pot Of Greed","hubris:Fate+1","dioMod:DaggerToss","dioMod:DominatingPresence","Pot Of Greed","dioMod:HeavyLifting","dioMod:TheWalk+1","dioMod:ZaWarudo","dioMod:Minions+1","dioMod:Freeze","hubris:Fate+1","dioMod:LaserVision+1","dioMod:Muda+1","dioMod:ComboFever","dioMod:MudaMudaMuda","dioMod:DoubleTime+1"],"relics":["dioMod:VampireBlood","HowToJump","Replay:Mystery Machine","Pantograph","White Beast Statue","Black Star","relicPack:OneForAll","Grinning Jar","conspire:RoyalGoblet","Molten Egg 2","Dream Catcher","infinitespire:Beetle Shell","infinitespire:BottledMercury","hubris:ScarierMask","DollysMirror","vexMod:MemoryStick","hubris:SphereOfDissonance","Bag of Preparation","infinitespire:Satchel"],"acts_visited":["Exordium","TheCity","TheBeyond"],"potions_floor_usage":[16,16,31,31,33,38,39,50,50],"damage_taken":[{"damage":7,"enemies":"2 Louse","floor":1,"turns":4},{"damage":40,"enemies":"3 Sentries","floor":6,"turns":6},{"damage":5,"enemies":"Small Slimes","floor":7,"turns":3},{"damage":7,"enemies":"Jaw Worm","floor":8,"turns":2},{"damage":4,"enemies":"Large Slime","floor":10,"turns":5},{"damage":4,"enemies":"Looter","floor":11,"turns":4},{"damage":78,"enemies":"Hexaghost","floor":16,"turns":13},{"damage":47,"enemies":"2 Thieves","floor":18,"turns":5},{"damage":0,"enemies":"conspire:FuzzyDice","floor":24,"turns":7},{"damage":30,"enemies":"Shelled Parasite and Fungi","floor":25,"turns":3},{"damage":22,"enemies":"Snecko","floor":28,"turns":4},{"damage":36,"enemies":"Slavers","floor":31,"turns":5},{"damage":78,"enemies":"Pondfish","floor":33,"turns":12},{"damage":4,"enemies":"3 Shapes","floor":35,"turns":2},{"damage":26,"enemies":"Orb Walker","floor":38,"turns":5},{"damage":9,"enemies":"3 Darklings","floor":39,"turns":5},{"damage":30,"enemies":"Nemesis","floor":42,"turns":6},{"damage":47,"enemies":"R_Hoarder","floor":45,"turns":8},{"damage":11,"enemies":"Sphere and 2 Shapes","floor":47,"turns":2},{"damage":40,"enemies":"Maw","floor":48,"turns":6},{"damage":92,"enemies":"hubris:GrandSnecko","floor":50,"turns":11}],"seed_played":"1429798633677936301","potions_obtained":[{"floor":6,"key":"Regen Potion"},{"floor":7,"key":"Explosive Potion"},{"floor":16,"key":"Elixir"},{"floor":18,"key":"DDmod:CleansePotion"},{"floor":25,"key":"ColorlessPotion"},{"floor":31,"key":"CultistPotion"},{"floor":33,"key":"GamblersBrew"},{"floor":35,"key":"AttackPotion"},{"floor":38,"key":"Cursed Concoction"},{"floor":39,"key":"Weak Potion"}],"is_trial":false,"path_per_floor":["M","$","?","?","?","E","M","M","T","M","M","R","$","T","R","B",null,"M","?","$","AVR","?","R","M","M","T","$","M","?","?","E","R","B",null,"M","?","?","M","M","R","$","E","T","?","E","R","M","M","R","B",null],"character_chosen":"THE_DEFAULT","items_purchased":["dioMod:LaserVision","Dream Catcher","DollysMirror"],"campfire_rested":6,"item_purchase_floors":[2,27,41],"current_hp_per_floor":[78,78,48,48,48,19,22,20,20,26,27,51,51,51,75,28,69,46,46,46,46,46,46,71,41,41,41,21,21,21,36,60,41,72,70,70,70,61,80,82,82,72,72,72,61,82,77,51,75,16],"gold":390,"neow_bonus":"TEN_PERCENT_HP_BONUS","is_daily":false,"chose_seed":false,"campfire_upgraded":1,"win_rate":0.0,"timestamp":1607926284,"path_taken":["M","$","?","?","?","E","M","?","T","M","M","R","$","?","R","BOSS","M","?","?","AVR","?","R","M","M","T","$","?","?","?","E","R","BOSS","M","?","?","M","M","R","$","E","T","?","E","R","M","M","R","BOSS"],"items_purchased_type":["Card","Relic","Relic"],"build_version":"2020-12-13","purchased_purges":0,"victory":true,"max_hp_per_floor":[82,82,82,82,82,82,82,82,82,82,82,82,82,82,82,82,82,82,82,82,82,82,82,82,82,82,82,82,82,82,82,82,82,82,82,82,82,82,82,82,82,82,82,82,82,82,82,82,82,82],"relic_stats":{"Dream Catcher":4,"counters":[21,118],"Pantograph":36,"Black Star":3,"Bag of Preparation":[6],"obtain_stats":[{"infinitespire:BottledMercury":31,"vexMod:MemoryStick":42,"HowToJump":0,"conspire:RoyalGoblet":21,"hubris:SphereOfDissonance":42,"infinitespire:Beetle Shell":31,"Bag of Preparation":45,"Replay:Mystery Machine":6,"Pet Ghost":3,"White Beast Statue":14,"relicPack:OneForAll":19,"Dream Catcher":27,"dioMod:VampireBlood":0,"DollysMirror":41,"Pantograph":9,"hubris:ScarierMask":34,"infinitespire:Satchel":45,"Molten Egg 2":26,"Black Star":17,"Grinning Jar":21},{"infinitespire:BottledMercury":12,"vexMod:MemoryStick":17,"HowToJump":0,"conspire:RoyalGoblet":8,"hubris:SphereOfDissonance":17,"infinitespire:Beetle Shell":12,"Bag of Preparation":18,"Replay:Mystery Machine":2,"Pet Ghost":1,"White Beast Statue":6,"relicPack:OneForAll":8,"Dream Catcher":10,"dioMod:VampireBlood":0,"DollysMirror":16,"Pantograph":4,"hubris:ScarierMask":13,"infinitespire:Satchel":18,"Molten Egg 2":10,"Black Star":7,"Grinning Jar":8},{"infinitespire:BottledMercury":61,"vexMod:MemoryStick":91,"HowToJump":0,"conspire:RoyalGoblet":42,"hubris:SphereOfDissonance":91,"infinitespire:Beetle Shell":61,"Bag of Preparation":99,"Replay:Mystery Machine":10,"Pet Ghost":4,"White Beast Statue":24,"relicPack:OneForAll":42,"Dream Catcher":52,"dioMod:VampireBlood":0,"DollysMirror":85,"Pantograph":15,"hubris:ScarierMask":73,"infinitespire:Satchel":99,"Molten Egg 2":52,"Black Star":37,"Grinning Jar":42}]},"card_choices":[{"not_picked":["dioMod:Roundabout","dioMod:HeavyLifting"],"picked":"dioMod:Minions","floor":1},{"not_picked":["StuffTheSpire:Harmony","StuffTheSpire:Vigor"],"picked":"StuffTheSpire:BrainWave","floor":4},{"not_picked":["dioMod:BlendIn","dioMod:CoffinBath"],"picked":"dioMod:FlyAway","floor":6},{"not_picked":["dioMod:DisarmingVoice","dioMod:WRYYY"],"picked":"dioMod:CutDeep","floor":7},{"not_picked":["dioMod:ComboFever","dioMod:StreetSign"],"picked":"dioMod:DominatingPresence","floor":8},{"not_picked":["dioMod:VengefulMuda","dioMod:Minions"],"picked":"dioMod:MudaMudaMuda","floor":10},{"not_picked":["dioMod:BloodShield","dioMod:SlashThroughTime"],"picked":"dioMod:ComposedMuda","floor":11},{"not_picked":["dioMod:PathToHeaven","dioMod:KonoDioDa"],"picked":"dioMod:GoldVial","floor":16},{"not_picked":["dioMod:BloodTransfusion","dioMod:Minions"],"picked":"dioMod:SecretPlan","floor":18},{"not_picked":["dioMod:CoffinBath","dioMod:BlendIn","dioMod:DaggerSpree+1"],"picked":"SKIP","floor":24},{"not_picked":["dioMod:LaserVision","dioMod:CautiousMuda"],"picked":"dioMod:DaggerToss","floor":25},{"not_picked":["dioMod:ComposedMuda+1","dioMod:BloodSplash"],"picked":"dioMod:DominatingPresence","floor":28},{"not_picked":["dioMod:StreetSign+1","dioMod:ComboFever"],"picked":"dioMod:HeavyLifting","floor":31},{"not_picked":["dioMod:ComposedMuda+1","dioMod:BloodSuck+1"],"picked":"dioMod:TheWalk","floor":32},{"not_picked":["dioMod:PhantomBlood","dioMod:Refresh"],"picked":"dioMod:ZaWarudo","floor":33},{"not_picked":["dioMod:DaggerSpree+1","dioMod:CoffinBath","dioMod:Roundabout"],"picked":"SKIP","floor":35},{"not_picked":["dioMod:DaggerSpree+1","dioMod:WRYYY"],"picked":"dioMod:Minions+1","floor":38},{"not_picked":["dioMod:HeavyLifting","dioMod:StreetSign+1","dioMod:CautiousMuda+1"],"picked":"SKIP","floor":39},{"not_picked":["dioMod:Minions","dioMod:DisarmingVoice"],"picked":"dioMod:Freeze","floor":40},{"not_picked":["dioMod:ComboFever+1","dioMod:VengefulMuda+1"],"picked":"dioMod:LaserVision+1","floor":42},{"not_picked":["dioMod:RoadRoller+1","dioMod:GoodbyeJojo"],"picked":"dioMod:Muda+1","floor":45},{"not_picked":["dioMod:Roundabout+1","dioMod:BlendIn"],"picked":"dioMod:ComboFever","floor":46},{"not_picked":["dioMod:Donut+1","dioMod:VengefulMuda+1"],"picked":"dioMod:MudaMudaMuda","floor":47},{"not_picked":["dioMod:CautiousMuda+1","dioMod:CutDeep"],"picked":"dioMod:DoubleTime+1","floor":48}],"player_experience":326458,"relics_obtained":[{"floor":6,"key":"Replay:Mystery Machine"},{"floor":9,"key":"Pantograph"},{"floor":14,"key":"White Beast Statue"},{"floor":26,"key":"Molten Egg 2"},{"floor":31,"key":"infinitespire:Beetle Shell"},{"floor":31,"key":"infinitespire:BottledMercury"},{"floor":42,"key":"vexMod:MemoryStick"},{"floor":42,"key":"hubris:SphereOfDissonance"},{"floor":45,"key":"Bag of Preparation"},{"floor":45,"key":"infinitespire:Satchel"}],"event_choices":[{"damage_healed":0,"gold_gain":0,"player_choice":"Ignored","damage_taken":0,"max_hp_gain":0,"max_hp_loss":0,"event_name":"Beggar","floor":22,"gold_loss":0},{"damage_healed":0,"gold_gain":0,"player_choice":"Upgraded","damage_taken":0,"max_hp_gain":0,"max_hp_loss":0,"event_name":"Upgrade Shrine","floor":29,"gold_loss":0,"cards_upgraded":["dioMod:MudaMudaMuda"]},{"damage_healed":0,"gold_gain":0,"player_choice":"Got Potions","damage_taken":0,"max_hp_gain":0,"max_hp_loss":0,"event_name":"Lab","floor":30,"gold_loss":0},{"damage_healed":0,"gold_gain":0,"player_choice":"Leave","damage_taken":0,"max_hp_gain":0,"max_hp_loss":0,"event_name":"conspire:Investor","floor":36,"gold_loss":0}],"is_beta":false,"boss_relics":[{"not_picked":["hubris:RunicObelisk","vexMod:DeviousBotling"],"picked":"Black Star"},{"not_picked":["conspire:SeveredTorchhead","Velvet Choker"],"picked":"hubris:ScarierMask"}],"items_purged_floors":[],"is_endless":false,"potions_floor_spawned":[6,7,16,18,24,25,28,31,33,35,38,39,42,45,47,48],"ascension_level":12}}