{"host":"jm9833yuloeli2yd","time":1607985164,"event":{"mods":["AchievementEnabler","BaseMod","Better Altar","Better Match","Better Note","Better Sensory Stone","Better Skull","Better Vampires","Colored Map","Colored Powertips","DeckTracker","Minty Spire (QoL Compilation)","Permanent Neow","Quick Restart","Replay The Spire","StSLib","SuperFastMode"],"gold_per_floor":[117,136,155,175,190,224,224,241,289,359,359,378,29,49,49,126,126,137,137,5,5,5,5,5,5],"floor_reached":24,"playtime":508,"items_purged":["Strike_B"],"score":396,"play_id":"e3f5f7c5-2148-4ddc-916f-bb9e45f9d212","local_time":"20201214173244","is_ascension_mode":true,"campfire_choices":[{"floor":7.0,"key":"REST"},{"floor":11.0,"key":"REST"},{"floor":15.0,"key":"REST"},{"floor":23.0,"key":"REST"}],"circlet_count":0,"master_deck":["AscendersBane","Strike_B","Strike_B","Strike_B","Defend_B","Defend_B","Defend_B","Defend_B","Zap","Dualcast","Undo","Rebound","Beam Cell","Doom and Gloom","Steam","Ball Lightning","Core Surge","Ball Lightning","Seek","Ball Lightning","Echo Form","Genetic Algorithm","Genetic Algorithm"],"relics":["Cracked Core","Replay:Antivirus Software","Replay:Towering Pillar of Hats","Omamori","Solar Panel","Fusion Hammer","ReplayTheSpireMod:Ring of Challenge"],"acts_visited":["Exordium","TheCity"],"potions_floor_usage":[24],"damage_taken":[{"damage":1.0,"enemies":"Cultist","floor":1.0,"turns":3.0},{"damage":10.0,"enemies":"2 Louse","floor":2.0,"turns":3.0},{"damage":2.0,"enemies":"Jaw Worm","floor":3.0,"turns":4.0},{"damage":7.0,"enemies":"Large Slime","floor":4.0,"turns":6.0},{"damage":6.0,"enemies":"Exordium Thugs","floor":5.0,"turns":4.0},{"damage":32.0,"enemies":"Gremlin Nob","floor":6.0,"turns":4.0},{"damage":11.0,"enemies":"Looter","floor":8.0,"turns":2.0},{"damage":16.0,"enemies":"Blue Slaver","floor":12.0,"turns":4.0},{"damage":20.0,"enemies":"Exordium Wildlife","floor":14.0,"turns":3.0},{"damage":25.0,"enemies":"The Guardian","floor":16.0,"turns":11.0},{"damage":15.0,"enemies":"2 Thieves","floor":18.0,"turns":3.0},{"damage":49,"enemies":"Book of Stabbing","floor":24,"turns":5}],"seed_played":"677376136490621344","potions_obtained":[{"floor":1.0,"key":"Adrenaline Potion"},{"floor":3.0,"key":"EntropicBrew"},{"floor":6.0,"key":"Energy Potion"},{"floor":8.0,"key":"EntropicBrew"}],"is_trial":false,"path_per_floor":["M","M","M","M","M","E","R","M","T","?","R","M","$","M","R","B",null,"M","?","$","?","?","R","E"],"character_chosen":"DEFECT","items_purchased":["Solar Panel","Genetic Algorithm","Dexterity Potion"],"campfire_rested":4,"item_purchase_floors":[13,20,20],"current_hp_per_floor":[63,53,51,44,38,6,27,16,16,16,37,21,21,5,26,3,54,41,24,24,24,24,45,0,0],"gold":5,"neow_bonus":"RANDOM_COMMON_RELIC","is_daily":false,"chose_seed":false,"campfire_upgraded":0,"win_rate":0.0,"timestamp":1607985164,"path_taken":["M","M","M","M","M","E","R","M","T","?","R","M","$","M","R","BOSS","M","?","$","?","?","R","E"],"items_purchased_type":["Relic","Card","Potion"],"build_version":"2020-12-13","purchased_purges":1,"victory":false,"max_hp_per_floor":[71,71,71,71,71,71,71,71,71,71,71,71,71,71,71,71,71,71,71,71,71,71,71,71,71],"card_choices":[{"not_picked":["Steam Power","Leap"],"picked":"Undo","floor":1.0},{"not_picked":["Panic Button","Stack"],"picked":"Rebound","floor":2.0},{"not_picked":["Hologram","Leap"],"picked":"Beam Cell","floor":3.0},{"not_picked":["Leap","Machine Learning"],"picked":"Doom and Gloom","floor":4.0},{"not_picked":["BasicCrystalCard","Darkness","Gash"],"picked":"SKIP","floor":5.0},{"not_picked":["Consume","Crystallizer"],"picked":"Steam","floor":6.0},{"not_picked":["Hologram","Turbo"],"picked":"Ball Lightning","floor":8.0},{"not_picked":["Rebound","Turbo"],"picked":"Core Surge","floor":12.0},{"not_picked":["Hologram","Panic Button"],"picked":"Ball Lightning","floor":14.0},{"not_picked":["Machine Learning","Core Surge"],"picked":"Seek","floor":16.0},{"not_picked":["Heatsinks","Crystallizer"],"picked":"Ball Lightning","floor":18.0}],"player_experience":1057534,"relics_obtained":[{"floor":6.0,"key":"Replay:Towering Pillar of Hats"},{"floor":9.0,"key":"Omamori"},{"floor":21.0,"key":"ReplayTheSpireMod:Ring of Challenge"}],"event_choices":[{"damage_healed":0.0,"max_hp_gain":0.0,"max_hp_loss":0.0,"gold_gain":70.0,"event_name":"Golden Wing","player_choice":"Gained Gold","floor":10.0,"gold_loss":0.0,"damage_taken":0.0},{"damage_healed":0.0,"max_hp_gain":0.0,"max_hp_loss":17.0,"gold_gain":2.0,"event_name":"betterStone:BetterStone","player_choice":"2","floor":19.0,"gold_loss":0.0,"damage_taken":0.0},{"damage_healed":0.0,"max_hp_gain":0.0,"max_hp_loss":0.0,"gold_gain":0.0,"event_name":"Duplicator","player_choice":"Copied","floor":22.0,"gold_loss":0.0,"damage_taken":0.0,"cards_obtained":["Genetic Algorithm"]}],"is_beta":false,"boss_relics":[{"not_picked":["Replay:Ancient Bell","Runic Pyramid"],"picked":"Fusion Hammer"}],"items_purged_floors":[13],"is_endless":false,"potions_floor_spawned":[1,3,6,8],"killed_by":"Book of Stabbing","ascension_level":20}}