{"host":"2461dio7vetlq1z3","time":1607989118,"event":{"mods":["2.2 Compatiblity","AchievementEnabler","BaseMod","Downfall","Hermit","Lobotomy","Marisa????????","Minty Spire (QoL Compilation)","Relic Stats","Spicy Shops","StSLib","Waifu the Spire"],"gold_per_floor":[118,131,147,166,166,182,182,205,217,228,238,268,280,323,323,434,434,452,471,489,65,106,130,184,184,109,109,34,64,64,107,107,211,211,233,248,7,7,26,39,39,73,100,163,189,210,278,278,203,203,203,239,9,9,9],"floor_reached":56,"playtime":4997,"items_purged":["hexamod:Strike","hexamod:Strike","hexamod:Strike"],"score":1387,"play_id":"ce15dea8-a56f-4adb-a2f8-ddeada3a0be2","local_time":"20201215003838","is_ascension_mode":false,"campfire_choices":[{"data":"hexamod:BurningTouch","floor":5,"key":"SMITH"},{"data":"hexamod:SkipABeat","floor":15,"key":"SMITH"},{"floor":26,"key":"RECALL"},{"data":"hexamod:Defend","floor":28,"key":"SMITH"},{"data":"hexamod:HeatCrush","floor":30,"key":"SMITH"},{"data":"hexamod:Sear","floor":32,"key":"SMITH"},{"data":"hexamod:SearingWound","floor":49,"key":"SMITH"},{"data":"expansioncontent:BronzeBeam","floor":54,"key":"SMITH"}],"circlet_count":0,"master_deck":["hexamod:Strike+1","hexamod:Defend+1","hexamod:Defend","hexamod:Defend+1","hexamod:Defend+1","hexamod:Sear+1","hexamod:Float","hexamod:BurningTouch+1","hexamod:Haunt+1","hexamod:Hexaguard+1","hexamod:HeatCrush+1","hexamod:GhostLash+1","hexamod:SkipABeat+1","hexamod:RainOfEmbers+1","hexamod:Hexaguard+1","hexamod:GhostflameBarrier+1","hexamod:RainOfEmbers+1","hexamod:GhostShield+1","hexamod:VolcanoVisage+1","expansioncontent:DefensiveStance+1","hexamod:SearingWound+1","hexamod:HexaLevel+1","hexamod:VolcanoVisage+1","expansioncontent:Chronoboost+1","expansioncontent:BronzeBeam+1","expansioncontent:DefensiveStance+1"],"relics":["hexamod:SpiritBrand","Mummified Hand","Odd Mushroom","Frozen Egg 2","Kunai","Coffee Dripper","Membership Card","DollysMirror","CaptainsWheel","Letter Opener","downfall:HeartBlessingGreen","downfall:RedIOU","downfall:HeartBlessingRed","hexamod:TheBrokenSeal","Juzu Bracelet","SlaversCollar","Bird Faced Urn","hexamod:TheBrokenSeal","hexamod:SoulConsumer","Mango","Anchor","InkBottle","downfall:HeartBlessingBlue","Frozen Eye","Pen Nib","Chemical X","ClockworkSouvenir","hexamod:TheBrokenSeal"],"acts_visited":["Exordium","TheCity","TheBeyond","TheEnding"],"potions_floor_usage":[13,16,16,22,22,23,50,50,55,55],"damage_taken":[{"damage":0,"enemies":"Cultist","floor":1,"turns":4},{"damage":0,"enemies":"2 Louse","floor":2,"turns":4},{"damage":0,"enemies":"Small Slimes","floor":3,"turns":4},{"damage":0,"enemies":"Exordium Wildlife","floor":4,"turns":4},{"damage":7,"enemies":"Exordium Thugs","floor":6,"turns":6},{"damage":19,"enemies":"The Mushroom Lair","floor":8,"turns":5},{"damage":1,"enemies":"Blue Slaver","floor":9,"turns":3},{"damage":1,"enemies":"Red Slaver","floor":10,"turns":4},{"damage":13,"enemies":"Gremlin Gang","floor":11,"turns":7},{"damage":11,"enemies":"3 Sentries","floor":12,"turns":8},{"damage":0,"enemies":"2 Fungi Beasts","floor":13,"turns":4},{"damage":15,"enemies":"Lagavulin","floor":14,"turns":5},{"damage":52,"enemies":"downfall:Ironclad","floor":16,"turns":10},{"damage":9,"enemies":"Shell Parasite","floor":18,"turns":6},{"damage":4,"enemies":"Chosen","floor":19,"turns":3},{"damage":6,"enemies":"Centurion and Healer","floor":20,"turns":5},{"damage":10,"enemies":"downfall:FleeingMerchant","floor":21,"turns":4},{"damage":59,"enemies":"Gremlin Leader","floor":22,"turns":7},{"damage":0,"enemies":"Snake Plant","floor":23,"turns":3},{"damage":4,"enemies":"Cultist and Chosen","floor":29,"turns":7},{"damage":18,"enemies":"Slavers","floor":31,"turns":6},{"damage":2,"enemies":"downfall:Defect","floor":33,"turns":6},{"damage":10,"enemies":"3 Shapes","floor":35,"turns":3},{"damage":7,"enemies":"Orb Walker","floor":36,"turns":4},{"damage":0,"enemies":"downfall:FleeingMerchant","floor":37,"turns":4},{"damage":4,"enemies":"4 Shapes","floor":39,"turns":5},{"damage":0,"enemies":"Writhing Mass","floor":40,"turns":5},{"damage":0,"enemies":"Reptomancer","floor":42,"turns":4},{"damage":19,"enemies":"Maw","floor":43,"turns":7},{"damage":24,"enemies":"2 Orb Walkers","floor":44,"turns":5},{"damage":0,"enemies":"Sphere and 2 Shapes","floor":45,"turns":7},{"damage":0,"enemies":"Spire Growth","floor":46,"turns":4},{"damage":0,"enemies":"downfall:FleeingMerchant","floor":47,"turns":3},{"damage":49,"enemies":"downfall:Silent","floor":50,"turns":9},{"damage":4,"enemies":"downfall:CharBossMerchant","floor":52,"turns":7},{"damage":28,"enemies":"downfall:NeowBoss","floor":55,"turns":18}],"seed_played":"-3894350669527875441","potions_obtained":[{"floor":3,"key":"Fire Potion"},{"floor":9,"key":"Guardian:BlockOnCardUsePotion"},{"floor":10,"key":"Fire Potion"},{"floor":11,"key":"Fruit Juice"},{"floor":13,"key":"Swift Potion"},{"floor":16,"key":"hexamod:EctoCoolerPotion"},{"floor":18,"key":"Explosive Potion"},{"floor":20,"key":"hexamod:InfernoChargePotion"},{"floor":21,"key":"champ:CounterPotion"},{"floor":22,"key":"CultistPotion"},{"floor":25,"key":"CultistPotion"},{"floor":29,"key":"Energy Potion"}],"is_trial":false,"path_per_floor":["M","M","M","M","R","M","T","?","M","M","M","E","M","E","R","B",null,"M","M","M","$","E","M","T","?","R","?","R","M","R","E","R","B",null,"M","M","$","?","M","M","T","E","M","?","M","M","$","?","R","B",null,"E","$","R","B",null],"character_chosen":"THE_SPIRIT","items_purchased":["Membership Card","DollysMirror","CaptainsWheel","expansioncontent:DefensiveStance+1","Bird Faced Urn","Anchor","InkBottle","Chemical X","LiquidMemories","hexamod:EctoCoolerPotion","ClockworkSouvenir"],"campfire_rested":0,"item_purchase_floors":[21,21,21,37,37,47,47,53,53,53,53],"current_hp_per_floor":[77,77,77,77,77,77,77,58,64,70,64,60,72,64,64,19,82,80,82,82,79,27,34,41,41,41,41,41,99,99,81,81,79,99,89,82,82,82,109,109,109,109,92,99,120,123,123,113,123,101,133,133,133,133,122],"gold":9,"neow_bonus":"TEN_PERCENT_HP_BONUS","is_daily":false,"chose_seed":false,"campfire_upgraded":7,"win_rate":0.0,"timestamp":1607989118,"path_taken":["M","M","M","M","R","?","T","?","M","M","M","E","M","E","R","BOSS","M","M","M","$","E","M","T","?","R","?","R","M","R","E","R","BOSS","M","M","$","?","M","M","T","E","M","?","M","M","$","?","R","BOSS","E","$","R","BOSS"],"items_purchased_type":["Relic","Relic","Relic","Card","Relic","Relic","Relic","Relic","Potion","Potion","Relic"],"build_version":"2020-12-13","purchased_purges":3,"victory":true,"max_hp_per_floor":[77,77,77,77,77,77,77,77,77,77,77,77,82,82,82,82,82,82,82,82,82,82,82,89,89,89,89,89,99,99,99,99,99,99,99,99,99,99,109,109,109,109,109,123,123,123,123,123,133,133,133,133,133,133,143],"relic_stats":{"counters":[36,200],"Mummified Hand":[177],"Bird Faced Urn":[67],"Pen Nib":[1],"Juzu Bracelet":0,"Kunai":[7],"Letter Opener":[167],"Chemical X":[10],"obtain_stats":[{"downfall:HeartBlessingGreen":26,"Mango":44,"Juzu Bracelet":31,"ClockworkSouvenir":53,"Frozen Eye":52,"Mummified Hand":7,"DollysMirror":21,"downfall:HeartBlessingBlue":49,"Strawberry":24,"downfall:RedIOU":27,"Kunai":14,"Chemical X":53,"hexamod:SpiritBrand":0,"InkBottle":47,"downfall:HeartBlessingRed":28,"hexamod:TheBrokenSeal":29,"Pen Nib":52,"Letter Opener":22,"Odd Mushroom":8,"Frozen Egg 2":12,"SlaversCollar":34,"CaptainsWheel":21,"Anchor":47,"Bird Faced Urn":37,"Coffee Dripper":17,"Membership Card":21,"hexamod:SoulConsumer":42},{"downfall:HeartBlessingGreen":19,"Mango":30,"Juzu Bracelet":21,"ClockworkSouvenir":35,"Frozen Eye":35,"Mummified Hand":5,"DollysMirror":17,"downfall:HeartBlessingBlue":33,"Strawberry":19,"downfall:RedIOU":19,"Kunai":12,"Chemical X":35,"hexamod:SpiritBrand":0,"InkBottle":33,"downfall:HeartBlessingRed":19,"hexamod:TheBrokenSeal":20,"Pen Nib":35,"Letter Opener":18,"Odd Mushroom":6,"Frozen Egg 2":10,"SlaversCollar":22,"CaptainsWheel":17,"Anchor":33,"Bird Faced Urn":25,"Coffee Dripper":13,"Membership Card":17,"hexamod:SoulConsumer":28},{"downfall:HeartBlessingGreen":96,"Mango":152,"Juzu Bracelet":109,"ClockworkSouvenir":182,"Frozen Eye":182,"Mummified Hand":22,"DollysMirror":86,"downfall:HeartBlessingBlue":166,"Strawberry":96,"downfall:RedIOU":96,"Kunai":58,"Chemical X":182,"hexamod:SpiritBrand":0,"InkBottle":166,"downfall:HeartBlessingRed":96,"hexamod:TheBrokenSeal":100,"Pen Nib":182,"Letter Opener":93,"Odd Mushroom":27,"Frozen Egg 2":49,"SlaversCollar":115,"CaptainsWheel":86,"Anchor":166,"Bird Faced Urn":126,"Coffee Dripper":68,"Membership Card":86,"hexamod:SoulConsumer":140}],"InkBottle":[13]},"card_choices":[{"not_picked":["hexamod:ShieldOfDarkness","hexamod:PhantomFireball"],"picked":"hexamod:BurningTouch","floor":1},{"not_picked":["hexamod:Incineration","hexamod:AdvancingGuard"],"picked":"hexamod:Haunt","floor":2},{"not_picked":["hexamod:ExtraCrispy","hexamod:Hexaguard"],"picked":"hexamod:FirstSeal","floor":3},{"not_picked":["hexamod:HauntingEcho","hexamod:AdvancingGuard"],"picked":"hexamod:Hexaguard","floor":4},{"not_picked":["hexamod:BurningTouch","hexamod:TimeWarp"],"picked":"hexamod:HeatCrush","floor":6},{"not_picked":["hexamod:SwordOfDarkness","hexamod:NightmareGuise"],"picked":"hexamod:GhostLash","floor":8},{"not_picked":["hexamod:NightmareStrike","hexamod:InspiringFlames","hexamod:BacktrackSmack"],"picked":"SKIP","floor":9},{"not_picked":["hexamod:NightmareGuise","hexamod:FastForward"],"picked":"hexamod:SkipABeat","floor":10},{"not_picked":["hexamod:FirstSeal","hexamod:Hexaguard"],"picked":"hexamod:RainOfEmbers","floor":11},{"not_picked":["hexamod:NightmareStrike","hexamod:HauntingEcho","hexamod:RecurringNightmare"],"picked":"SKIP","floor":12},{"not_picked":["hexamod:FirstSeal","hexamod:Again"],"picked":"hexamod:SecondSeal","floor":13},{"not_picked":["hexamod:SoulSteal","hexamod:Hexaguard"],"picked":"hexamod:SixthSeal","floor":14},{"not_picked":["hexamod:HexaLevel+1","hexamod:TimeWarp"],"picked":"hexamod:FifthSeal","floor":16},{"not_picked":["hexamod:SwordOfDarkness","hexamod:GhostLash","hexamod:PhantomFireball+1"],"picked":"SKIP","floor":18},{"not_picked":["hexamod:NightmareGuise","hexamod:NightmareStrike"],"picked":"hexamod:Hexaguard+1","floor":19},{"not_picked":["hexamod:SixthSeal","hexamod:FifthSeal"],"picked":"hexamod:FourthSeal","floor":20},{"not_picked":["hexamod:ThermalTransfer","hexamod:SecondSeal","hexamod:HeatMetal"],"picked":"SKIP","floor":20},{"not_picked":["hexamod:FirstSeal","hexamod:SixthSeal"],"picked":"hexamod:FifthSeal","floor":21},{"not_picked":["hexamod:SpectralAdrenaline","hexamod:HeatShield"],"picked":"hexamod:GhostflameBarrier+1","floor":21},{"not_picked":["hexamod:FifthSeal","hexamod:FourthSeal"],"picked":"hexamod:ThirdSeal","floor":22},{"not_picked":["hexamod:Hexaguard+1","hexamod:EmpoweredFlame+1"],"picked":"hexamod:GhostShield+1","floor":22},{"not_picked":["hexamod:ThirdSeal","hexamod:SecondSeal","hexamod:FirstSeal"],"picked":"SKIP","floor":22},{"not_picked":["hexamod:FifthSeal","hexamod:SecondSeal","hexamod:ThirdSeal"],"picked":"SKIP","floor":22},{"not_picked":["hexamod:FifthSeal","hexamod:ThirdSeal"],"picked":"hexamod:FourthSeal","floor":23},{"not_picked":["hexamod:FirstSeal","hexamod:FourthSeal"],"picked":"hexamod:SecondSeal","floor":23},{"not_picked":["hexamod:ChargedBarrage","hexamod:GhostflameBarrier","hexamod:NightmareStrike"],"picked":"SKIP","floor":23},{"not_picked":["hexamod:AdvancingGuard","hexamod:TimeWarp","hexamod:InspiringFlames"],"picked":"SKIP","floor":23},{"not_picked":["hexamod:BacktrackSmack","hexamod:HeatCrush+1","hexamod:EtherealExpedition"],"picked":"SKIP","floor":29},{"not_picked":["hexamod:SecondSeal","hexamod:ThirdSeal"],"picked":"hexamod:FifthSeal","floor":31},{"not_picked":["hexamod:SpectersWail","hexamod:Hexaguard","hexamod:NightmareStrike+1"],"picked":"SKIP","floor":31},{"not_picked":["hexamod:FirstSeal","hexamod:SecondSeal"],"picked":"hexamod:SixthSeal","floor":33},{"not_picked":["hexamod:HexaLevel+1","hexamod:EmpoweringStance+1"],"picked":"hexamod:VolcanoVisage+1","floor":33},{"not_picked":["hexamod:NightmareStrike","hexamod:GhostflameBarrier+1","hexamod:GhostLash"],"picked":"SKIP","floor":35},{"not_picked":["hexamod:SixthSeal","hexamod:FirstSeal"],"picked":"hexamod:ThirdSeal","floor":36},{"not_picked":["hexamod:GhostOfSpireFuture+1","hexamod:SwordOfDarkness+1","hexamod:RainOfEmbers"],"picked":"SKIP","floor":36},{"not_picked":["hexamod:FifthSeal","hexamod:ThirdSeal"],"picked":"hexamod:FirstSeal","floor":37},{"not_picked":["hexamod:ThirdSeal","hexamod:SecondSeal","hexamod:FourthSeal"],"picked":"SKIP","floor":37},{"not_picked":["hexamod:TimeWarp","hexamod:BurningTouch","hexamod:SecondSeal"],"picked":"SKIP","floor":37},{"not_picked":["hexamod:CatchUp","hexamod:Hexaguard","hexamod:RadiantFlame+1"],"picked":"SKIP","floor":37},{"not_picked":["hexamod:GhostOfSpirePast+1","hexamod:BacktrackSmack","hexamod:EtherealExpedition+1"],"picked":"SKIP","floor":39},{"not_picked":["hexamod:FourthSeal","hexamod:ThirdSeal"],"picked":"hexamod:SecondSeal","floor":40},{"not_picked":["hexamod:Rewind","hexamod:Incineration"],"picked":"hexamod:SearingWound","floor":40},{"not_picked":["hexamod:HeatCrush","hexamod:RetreatToShadows+1"],"picked":"hexamod:HexaLevel+1","floor":42},{"not_picked":["hexamod:FourthSeal","hexamod:SecondSeal"],"picked":"hexamod:FirstSeal","floor":43},{"not_picked":["hexamod:HeatShield+1","hexamod:BurningTouch","hexamod:NightmareGuise+1"],"picked":"SKIP","floor":43},{"not_picked":["hexamod:FirstSeal","hexamod:SecondSeal"],"picked":"hexamod:SixthSeal","floor":44},{"not_picked":["hexamod:SecondSeal","hexamod:SixthSeal"],"picked":"hexamod:ThirdSeal","floor":45},{"not_picked":["hexamod:FirstSeal","hexamod:InspiringFlames+1"],"picked":"hexamod:VolcanoVisage+1","floor":45},{"not_picked":["hexamod:Rewind+1","hexamod:EtherealExpedition","hexamod:SwordOfDarkness+1"],"picked":"SKIP","floor":46},{"not_picked":["hexamod:FifthSeal","hexamod:FirstSeal","hexamod:SecondSeal"],"picked":"SKIP","floor":47},{"not_picked":["hexamod:Firestarter","hexamod:SecondSeal","hexamod:Haunt"],"picked":"SKIP","floor":47},{"not_picked":["expansioncontent:SlimeTackle","expansioncontent:ChargeUp"],"picked":"expansioncontent:Chronoboost+1","floor":48},{"not_picked":["expansioncontent:Flail","expansioncontent:HyperBeam"],"picked":"expansioncontent:BronzeBeam","floor":48},{"not_picked":["expansioncontent:DarkVoid","expansioncontent:Chronoboost+1"],"picked":"expansioncontent:DefensiveStance+1","floor":48},{"not_picked":["hexamod:FirstSeal","hexamod:FifthSeal"],"picked":"hexamod:FourthSeal","floor":52},{"not_picked":["hexamod:Hexaguard","hexamod:BacktrackSmack","hexamod:RainOfEmbers+1"],"picked":"SKIP","floor":52},{"not_picked":["hexamod:FastForward","hexamod:CatchUp+1","hexamod:InspiringFlames+1"],"picked":"SKIP","floor":52}],"player_experience":827187,"relics_obtained":[{"floor":7,"key":"Mummified Hand"},{"floor":8,"key":"Odd Mushroom"},{"floor":12,"key":"Frozen Egg 2"},{"floor":14,"key":"Kunai"},{"floor":22,"key":"Letter Opener"},{"floor":24,"key":"Strawberry"},{"floor":31,"key":"Juzu Bracelet"},{"floor":42,"key":"hexamod:SoulConsumer"},{"floor":44,"key":"Mango"},{"floor":52,"key":"Frozen Eye"},{"floor":52,"key":"Pen Nib"}],"event_choices":[{"damage_healed":0,"gold_gain":0,"player_choice":"Fought Mushrooms","damage_taken":0,"max_hp_gain":0,"max_hp_loss":0,"event_name":"Mushrooms","floor":8,"gold_loss":0},{"damage_healed":0,"gold_gain":0,"player_choice":"Fight","damage_taken":0,"max_hp_gain":0,"max_hp_loss":0,"event_name":"Mysterious Sphere","floor":44,"gold_loss":0}],"is_beta":false,"boss_relics":[{"not_picked":["Pandora\u0027s Box","Black Star"],"picked":"Coffee Dripper"},{"not_picked":["Runic Pyramid","Busted Crown"],"picked":"SlaversCollar"}],"items_purged_floors":[21,37,47],"is_endless":false,"potions_floor_spawned":[3,9,10,11,13,16,18,20,29,35,39,43,46],"ascension_level":0}}