{"host":"thn8o1tmql8xszd5","time":1607911923,"event":{"mods":["AchievementEnabler","BaseMod","Block Reminder","Colored Map","DeckTracker","Highlight Path","Minty Spire (QoL Compilation)","Permanent Neow","Quick Restart","Relic Stats","Robot Space Explorer","StSLib","The Blue Laboratory"],"gold_per_floor":[112,187,202,202,254,294,294,330,330,330,346,63,97,111,111,242,242,262,177,186,214,99,151,151,174,174,200,239,239,269,49,49,186,186,210,282,282,355,380,432,217,217,217,265,265,274,274,297,297,297],"floor_reached":51,"playtime":2550,"items_purged":["RobotSpaceExplorer:Strike","RobotSpaceExplorer:MiniLasers","RobotSpaceExplorer:Strike"],"score":1063,"play_id":"72aa3ca8-e6ce-4b1e-8b9e-91651e23994f","local_time":"20201213211203","is_ascension_mode":true,"campfire_choices":[{"data":"RobotSpaceExplorer:Ammunition","floor":7,"key":"SMITH"},{"data":"RobotSpaceExplorer:PlasmaMissile","floor":10,"key":"SMITH"},{"data":"RobotSpaceExplorer:Ammunition","floor":15,"key":"SMITH"},{"floor":24,"key":"REST"},{"floor":29,"key":"REST"},{"data":"RobotSpaceExplorer:Arsenal","floor":32,"key":"SMITH"},{"floor":42,"key":"RECALL"},{"floor":45,"key":"REST"},{"floor":47,"key":"REST"},{"floor":49,"key":"REST"}],"circlet_count":0,"master_deck":["RobotSpaceExplorer:Defend","RobotSpaceExplorer:Defend","RobotSpaceExplorer:Defend","RobotSpaceExplorer:Defend","RobotSpaceExplorer:Scan","Flash of Steel","RobotSpaceExplorer:FrostMissile","RobotSpaceExplorer:RigExplosive","RobotSpaceExplorer:Ammunition+1","RobotSpaceExplorer:PlasmaMissile+1","RobotSpaceExplorer:PlasmaMissile","RobotSpaceExplorer:MiniDrones","RobotSpaceExplorer:Ammunition+1","RobotSpaceExplorer:MetalStrike","RobotSpaceExplorer:Pulsar","RobotSpaceExplorer:Smokescreen","RobotSpaceExplorer:SelfCleaning+1","RobotSpaceExplorer:SlimeMissile","RobotSpaceExplorer:SlimeMissile","RobotSpaceExplorer:ShockMissile","RobotSpaceExplorer:Reload","RobotSpaceExplorer:SlimeMissile+1","RobotSpaceExplorer:Arsenal+1","RobotSpaceExplorer:Autoloader","RobotSpaceExplorer:SwiftStep+1","RobotSpaceExplorer:Reload+1","RobotSpaceExplorer:SelfCleaning","RobotSpaceExplorer:BlastShield","RobotSpaceExplorer:Autoloader","RobotSpaceExplorer:PlasmaMissile+1"],"relics":["RobotSpaceExplorer:RoboCore","Golden Idol","MealTicket","Orichalcum","Tiny Chest","Sundial","Membership Card","Smiling Mask","Snecko Eye","Question Card","CeramicFish","Orrery","CaptainsWheel","Lantern","PreservedInsect","Toy Ornithopter","Incense Burner","Fusion Hammer","Pocketwatch","InkBottle","Molten Egg 2","Oddly Smooth Stone","Strawberry","Bronze Scales","Meat on the Bone","Potion Belt"],"acts_visited":["Exordium","TheCity","TheBeyond"],"potions_floor_usage":[6,8,8,13,16,16,16,23,23,23,25,30,39,44,44,44,50,50,50],"damage_taken":[{"damage":0,"enemies":"2 Louse","floor":1,"turns":2},{"damage":4,"enemies":"Jaw Worm","floor":3,"turns":3},{"damage":13,"enemies":"3 Sentries","floor":6,"turns":5},{"damage":8,"enemies":"Gremlin Nob","floor":8,"turns":3},{"damage":0,"enemies":"Small Slimes","floor":11,"turns":3},{"damage":11,"enemies":"3 Sentries","floor":13,"turns":6},{"damage":0,"enemies":"Blue Slaver","floor":14,"turns":2},{"damage":0,"enemies":"Slime Boss","floor":16,"turns":4},{"damage":2,"enemies":"Chosen","floor":18,"turns":3},{"damage":1,"enemies":"Spheric Guardian","floor":21,"turns":3},{"damage":45,"enemies":"Gremlin Leader","floor":23,"turns":8},{"damage":4,"enemies":"Snecko","floor":25,"turns":5},{"damage":4,"enemies":"Book of Stabbing","floor":28,"turns":3},{"damage":19,"enemies":"Shelled Parasite and Fungi","floor":30,"turns":5},{"damage":24,"enemies":"Automaton","floor":33,"turns":5},{"damage":0,"enemies":"3 Shapes","floor":35,"turns":3},{"damage":0,"enemies":"Mind Bloom Boss Battle","floor":36,"turns":3},{"damage":4,"enemies":"3 Darklings","floor":39,"turns":3},{"damage":0,"enemies":"Reptomancer","floor":40,"turns":5},{"damage":10,"enemies":"Nemesis","floor":44,"turns":3},{"damage":3,"enemies":"Maw","floor":48,"turns":6},{"damage":17,"enemies":"Awakened One","floor":50,"turns":10}],"seed_played":"8428153219152128366","potions_obtained":[{"floor":1,"key":"blueLaboratory:NullPotion"},{"floor":6,"key":"FearPotion"},{"floor":18,"key":"RobotSpaceExplorer:RecyclePotion"},{"floor":23,"key":"blueLaboratory:RecallPotion"},{"floor":28,"key":"blueLaboratory:PolymorphPotion"},{"floor":30,"key":"blueLaboratory:CorrosionFlask"},{"floor":40,"key":"SneckoOil"},{"floor":48,"key":"BlessingOfTheForge"}],"is_trial":false,"path_per_floor":["M","?","M","?","T","E","R","E","T","R","M","$","E","M","R","B",null,"M","?","?","M","$","E","R","M","T","T","E","R","M","$","R","B",null,"M","?","T","T","M","E","$","R","T","E","R","?","R","M","R","B",null],"character_chosen":"RobotSpaceExplorer","items_purchased":["Membership Card","RobotSpaceExplorer:PlasmaMissile","RobotSpaceExplorer:MiniDrones","RobotSpaceExplorer:Wormhole","RobotSpaceExplorer:Smokescreen","Orrery","RobotSpaceExplorer:Arsenal","Incense Burner","RobotSpaceExplorer:SelfCleaning","Strawberry","Bronze Scales"],"campfire_rested":5,"item_purchase_floors":[12,12,12,12,22,22,31,31,41,41,41],"current_hp_per_floor":[75,64,60,60,60,47,47,39,39,39,39,54,43,43,43,43,69,67,67,67,66,69,24,44,40,40,40,36,56,42,57,57,33,69,69,69,69,69,65,65,76,76,76,76,76,76,76,73,76,71],"gold":297,"neow_bonus":"RANDOM_COLORLESS","is_daily":false,"chose_seed":false,"campfire_upgraded":4,"win_rate":0.0,"timestamp":1607911923,"path_taken":["M","?","M","?","?","E","R","E","T","R","M","?","E","M","R","BOSS","M","?","?","M","$","E","R","M","T","?","E","R","M","?","R","BOSS","M","?","?","?","M","E","$","R","T","E","R","?","R","M","R","BOSS"],"items_purchased_type":["Relic","Card","Card","Card","Card","Relic","Card","Relic","Card","Relic","Relic"],"build_version":"2020-12-13","purchased_purges":3,"victory":true,"max_hp_per_floor":[75,75,75,69,69,69,69,69,69,69,69,69,69,69,69,69,69,69,69,69,69,69,69,69,69,69,69,69,69,69,69,69,69,69,69,69,69,69,69,69,76,76,76,76,76,76,76,76,76,76],"relic_stats":{"counters":[22,93],"Golden Idol":181,"CeramicFish":162,"PreservedInsect":147,"Orichalcum":[132],"Smiling Mask":13,"Question Card":17,"Sundial":[14],"Bronze Scales":[73],"Snecko Eye":[132,121,141,122],"MealTicket":37,"Tiny Chest":2,"obtain_stats":[{"Lantern":26,"CeramicFish":19,"Incense Burner":31,"Smiling Mask":13,"Sundial":9,"Strawberry":41,"MealTicket":5,"Tiny Chest":8,"Fusion Hammer":34,"InkBottle":37,"Potion Belt":44,"Golden Idol":4,"Oddly Smooth Stone":40,"RobotSpaceExplorer:RoboCore":0,"PreservedInsect":27,"Orichalcum":6,"Question Card":18,"CaptainsWheel":23,"Bronze Scales":41,"Snecko Eye":17,"Orrery":22,"Molten Egg 2":38,"Membership Card":12,"Toy Ornithopter":28,"Pocketwatch":36,"Meat on the Bone":43},{"Lantern":12,"CeramicFish":9,"Incense Burner":14,"Smiling Mask":6,"Sundial":4,"Strawberry":19,"MealTicket":2,"Tiny Chest":4,"Fusion Hammer":15,"InkBottle":17,"Potion Belt":20,"Golden Idol":2,"Oddly Smooth Stone":19,"RobotSpaceExplorer:RoboCore":0,"PreservedInsect":12,"Orichalcum":3,"Question Card":9,"CaptainsWheel":11,"Bronze Scales":19,"Snecko Eye":8,"Orrery":10,"Molten Egg 2":17,"Membership Card":5,"Toy Ornithopter":13,"Pocketwatch":17,"Meat on the Bone":19},{"Lantern":47,"CeramicFish":31,"Incense Burner":55,"Smiling Mask":22,"Sundial":13,"Strawberry":74,"MealTicket":5,"Tiny Chest":13,"Fusion Hammer":60,"InkBottle":66,"Potion Belt":77,"Golden Idol":5,"Oddly Smooth Stone":74,"RobotSpaceExplorer:RoboCore":0,"PreservedInsect":47,"Orichalcum":10,"Question Card":31,"CaptainsWheel":42,"Bronze Scales":74,"Snecko Eye":28,"Orrery":34,"Molten Egg 2":66,"Membership Card":16,"Toy Ornithopter":50,"Pocketwatch":66,"Meat on the Bone":74}],"Toy Ornithopter":27,"InkBottle":[17],"Pocketwatch":[3],"Meat on the Bone":0},"card_choices":[{"not_picked":["Madness","Finesse"],"picked":"Flash of Steel","floor":0},{"not_picked":["RobotSpaceExplorer:SlimeMissile","RobotSpaceExplorer:FreezeRay"],"picked":"RobotSpaceExplorer:FrostMissile","floor":1},{"not_picked":["RobotSpaceExplorer:MiniBoosters","RobotSpaceExplorer:StarDust"],"picked":"RobotSpaceExplorer:RigExplosive","floor":3},{"not_picked":["RobotSpaceExplorer:ImprovisedAttack","RobotSpaceExplorer:ExhaustFan"],"picked":"RobotSpaceExplorer:Ammunition","floor":6},{"not_picked":["RobotSpaceExplorer:MetalStrike","RobotSpaceExplorer:DoubleFind"],"picked":"RobotSpaceExplorer:PlasmaMissile","floor":8},{"not_picked":["RobotSpaceExplorer:ScrapMissile","RobotSpaceExplorer:ShockKick","RobotSpaceExplorer:SwiftStep"],"picked":"SKIP","floor":11},{"not_picked":["RobotSpaceExplorer:SlimeMissile","RobotSpaceExplorer:SwiftStep"],"picked":"RobotSpaceExplorer:Ammunition","floor":13},{"not_picked":["RobotSpaceExplorer:Smokescreen","RobotSpaceExplorer:Ammunition","RobotSpaceExplorer:ScrapToss"],"picked":"SKIP","floor":14},{"not_picked":["RobotSpaceExplorer:Asteroid","RobotSpaceExplorer:Comet"],"picked":"RobotSpaceExplorer:Exploration","floor":16},{"not_picked":["RobotSpaceExplorer:Electroshield","RobotSpaceExplorer:LaserBurst","RobotSpaceExplorer:RigExplosive"],"picked":"SKIP","floor":18},{"not_picked":["RobotSpaceExplorer:ShockKick","RobotSpaceExplorer:SlimeMissile+1","RobotSpaceExplorer:MetalStrike"],"picked":"RobotSpaceExplorer:Pulsar","floor":21},{"not_picked":["RobotSpaceExplorer:Electropulse","RobotSpaceExplorer:SurgingShield+1","RobotSpaceExplorer:ImprovisedAttack"],"picked":"RobotSpaceExplorer:Wormhole","floor":22},{"not_picked":["RobotSpaceExplorer:LuckyStrike","RobotSpaceExplorer:PowerGlove","RobotSpaceExplorer:SurgingShield"],"picked":"RobotSpaceExplorer:SelfCleaning+1","floor":22},{"not_picked":["RobotSpaceExplorer:GlueSpray+1","RobotSpaceExplorer:PowerGlove","RobotSpaceExplorer:StunGrenade"],"picked":"RobotSpaceExplorer:SlimeMissile","floor":22},{"not_picked":["RobotSpaceExplorer:FreezingShield","RobotSpaceExplorer:FranticSearch","RobotSpaceExplorer:SurgingShield"],"picked":"RobotSpaceExplorer:SlimeMissile","floor":22},{"not_picked":["RobotSpaceExplorer:GlueShot+1","RobotSpaceExplorer:ShovelStrike","RobotSpaceExplorer:ImprovisedAttack"],"picked":"RobotSpaceExplorer:ShockMissile","floor":23},{"not_picked":["RobotSpaceExplorer:ShovelStrike+1","RobotSpaceExplorer:SlimeMissile","RobotSpaceExplorer:ScrapMissile"],"picked":"RobotSpaceExplorer:Reload","floor":25},{"not_picked":["RobotSpaceExplorer:GlueShot+1","RobotSpaceExplorer:FrostMissile","RobotSpaceExplorer:ImprovisedAttack","RobotSpaceExplorer:Ammunition"],"picked":"SKIP","floor":28},{"not_picked":["RobotSpaceExplorer:DoubleFind","RobotSpaceExplorer:StunGrenade","RobotSpaceExplorer:IronShell"],"picked":"RobotSpaceExplorer:SlimeMissile+1","floor":30},{"not_picked":["RobotSpaceExplorer:BlastShield","RobotSpaceExplorer:Multitool","RobotSpaceExplorer:Exploration"],"picked":"RobotSpaceExplorer:Autoloader","floor":33},{"not_picked":["RobotSpaceExplorer:IronShell","RobotSpaceExplorer:MetalStrike+1","RobotSpaceExplorer:DoubleBlock","RobotSpaceExplorer:BigMissile+1"],"picked":"SKIP","floor":35},{"not_picked":["RobotSpaceExplorer:Pulsar+1","RobotSpaceExplorer:Calculate+1","RobotSpaceExplorer:ShockKick"],"picked":"RobotSpaceExplorer:SwiftStep+1","floor":36},{"not_picked":["RobotSpaceExplorer:SlimeMissile+1","RobotSpaceExplorer:ScrapMissile+1","RobotSpaceExplorer:ImprovisedAttack+1","RobotSpaceExplorer:Smokescreen+1"],"picked":"SKIP","floor":39},{"not_picked":["RobotSpaceExplorer:SlimeMissile+1","RobotSpaceExplorer:ImprovisedAttack+1","RobotSpaceExplorer:Calculate"],"picked":"RobotSpaceExplorer:Reload+1","floor":40},{"not_picked":["RobotSpaceExplorer:IronShell","RobotSpaceExplorer:RigExplosive","RobotSpaceExplorer:Pulsar+1"],"picked":"RobotSpaceExplorer:BlastShield","floor":44},{"not_picked":["RobotSpaceExplorer:SurgingStrike+1","RobotSpaceExplorer:ShockKick+1","RobotSpaceExplorer:FrostMissile+1"],"picked":"RobotSpaceExplorer:PlasmaMissile+1","floor":48}],"player_experience":478466,"relics_obtained":[{"floor":5,"key":"MealTicket"},{"floor":6,"key":"Orichalcum"},{"floor":8,"key":"Tiny Chest"},{"floor":9,"key":"Sundial"},{"floor":13,"key":"Smiling Mask"},{"floor":18,"key":"Question Card"},{"floor":23,"key":"CaptainsWheel"},{"floor":26,"key":"Lantern"},{"floor":27,"key":"PreservedInsect"},{"floor":28,"key":"Toy Ornithopter"},{"floor":36,"key":"Pocketwatch"},{"floor":37,"key":"InkBottle"},{"floor":38,"key":"Molten Egg 2"},{"floor":40,"key":"Oddly Smooth Stone"},{"floor":43,"key":"Meat on the Bone"},{"floor":44,"key":"Potion Belt"}],"event_choices":[{"damage_healed":0,"gold_gain":75,"player_choice":"Gather Gold","damage_taken":11,"max_hp_gain":0,"max_hp_loss":0,"event_name":"World of Goop","floor":2,"gold_loss":0},{"damage_healed":0,"gold_gain":0,"player_choice":"Lose Max HP","damage_taken":0,"relics_obtained":["Golden Idol"],"max_hp_gain":0,"max_hp_loss":6,"event_name":"Golden Idol","floor":4,"gold_loss":0},{"damage_healed":0,"gold_gain":0,"player_choice":"Obtained Relic","damage_taken":0,"relics_obtained":["CeramicFish"],"max_hp_gain":0,"max_hp_loss":0,"event_name":"Addict","floor":19,"gold_loss":85},{"damage_healed":0,"gold_gain":0,"player_choice":"Read","damage_taken":0,"max_hp_gain":0,"max_hp_loss":0,"event_name":"The Library","floor":20,"gold_loss":0,"cards_obtained":["RobotSpaceExplorer:MetalStrike"]},{"damage_healed":0,"gold_gain":0,"player_choice":"Fight","damage_taken":0,"max_hp_gain":0,"max_hp_loss":0,"event_name":"MindBloom","floor":36,"gold_loss":0},{"damage_healed":0,"gold_gain":0,"player_choice":"Copied","damage_taken":0,"max_hp_gain":0,"max_hp_loss":0,"event_name":"Duplicator","floor":46,"gold_loss":0,"cards_obtained":["RobotSpaceExplorer:Autoloader"]}],"is_beta":false,"boss_relics":[{"not_picked":["Philosopher\u0027s Stone","Calling Bell"],"picked":"Snecko Eye"},{"not_picked":["RobotSpaceExplorer:Reprocessor","Coffee Dripper"],"picked":"Fusion Hammer"}],"items_purged_floors":[12,22,41],"is_endless":false,"potions_floor_spawned":[1,6,14,18,23,28,30,33,35,36,40,48],"ascension_level":4}}