{"host":"i9wanet4r0ff4t9y","time":1607964274,"event":{"mods":["2.2 Compatiblity","Act Like it!","BaseMod","Better Altar","Better Match","Better Note","Better Sensory Stone","Better Skull","Better Third Choice","Better Vampires","BetterRewards","CapriCore","Downfall","Minty Spire (QoL Compilation)","READ ME - Guardian Mod","READ ME - Snecko Mod","Relic Stats","Replay The Spire","Spicy Shops","StSLib","The Disciple","Waifu the Spire"],"gold_per_floor":[109,109,109,120,139,167,180,180,180,180,207,219,272,291,291,387,387,404,416,63,81,81,81,20,40,40,40,40,40],"floor_reached":28,"playtime":641,"items_purged":[],"score":311,"play_id":"ac4f38f9-2f4b-4393-b2d5-4b7246c63cda","local_time":"20201214174434","is_ascension_mode":true,"campfire_choices":[{"data":"Atom Bomb","floor":8,"key":"SMITH"},{"floor":10,"key":"REST"},{"floor":15,"key":"REST"},{"floor":23,"key":"REST"},{"floor":27,"key":"REST"}],"circlet_count":0,"master_deck":["Strike_G","Strike_G","Strike_G","Strike_G","Defend_G","Defend_G","Defend_G","Defend_G","Defend_G","Survivor","Neutralize","Dagger Spray","Deflect","A Thousand Cuts+1","Apotheosis+1","Outmaneuver","Deadly Poison","Pot Of Greed","Pot Of Greed","Footwork","Atom Bomb+1","Atom Bomb","Caltrops","Slice","Envenom","Backstab+1","Pot Of Greed","Noxious Fumes","Accuracy","Catalyst","Bouncing Flask+1"],"relics":["Ring of the Snake","Grinning Jar","Omamori","Replay:Bottled Steam","Calling Bell","Art of War","Onion Ring","Pondfish Scales","Shuriken","Regal Pillow","Singing Bowl"],"acts_visited":["Exordium","TheCity"],"potions_floor_usage":[6,18,19,21],"damage_taken":[{"damage":0,"enemies":"Jaw Worm","floor":1,"turns":5},{"damage":0,"enemies":"2 Louse","floor":4,"turns":2},{"damage":0,"enemies":"Cultist","floor":5,"turns":3},{"damage":22,"enemies":"Gremlin Nob","floor":6,"turns":4},{"damage":9,"enemies":"Looter","floor":7,"turns":4},{"damage":20,"enemies":"Lagavulin","floor":11,"turns":5},{"damage":8,"enemies":"3 Louse","floor":12,"turns":3},{"damage":11,"enemies":"Gremlin Gang","floor":14,"turns":2},{"damage":12,"enemies":"Hexaghost","floor":16,"turns":7},{"damage":24,"enemies":"2 Thieves","floor":18,"turns":4},{"damage":0,"enemies":"Shell Parasite","floor":19,"turns":3},{"damage":37,"enemies":"Snake Plant","floor":21,"turns":5},{"damage":1,"enemies":"Snecko","floor":25,"turns":3},{"damage":62,"enemies":"Book of Stabbing","floor":28,"turns":5}],"seed_played":"-3578398286163469548","potions_obtained":[{"floor":1,"key":"FearPotion"},{"floor":11,"key":"BlessingOfTheForge"},{"floor":14,"key":"SpeedPotion"},{"floor":16,"key":"SteroidPotion"},{"floor":19,"key":"Fruit Juice"}],"is_trial":false,"path_per_floor":["M","?","?","M","M","E","M","R","T","R","E","M","?","M","R","B",null,"M","M","$","M","?","R","$","M","T","R","E"],"character_chosen":"THE_SILENT","items_purchased":["Dagger Spray","Shuriken","Accuracy","Regal Pillow"],"campfire_rested":4,"item_purchase_floors":[0,20,20,24],"current_hp_per_floor":[63,63,63,63,63,41,32,32,32,53,33,25,25,14,35,23,58,34,39,39,2,2,24,24,23,23,60,0,0],"gold":40,"neow_bonus":"","is_daily":false,"chose_seed":false,"campfire_upgraded":1,"win_rate":0.0,"timestamp":1607964274,"path_taken":["M","?","?","M","?","E","M","R","T","R","E","M","?","M","R","BOSS","M","M","$","M","?","R","$","M","T","R","E"],"items_purchased_type":["Card","Relic","Card","Relic"],"build_version":"2020-12-13","purchased_purges":0,"victory":false,"max_hp_per_floor":[70,70,70,70,70,70,70,70,70,70,70,70,70,70,70,70,70,70,75,75,75,75,75,75,75,75,75,75,75],"relic_stats":{"Regal Pillow":15,"Singing Bowl":0,"counters":[211,788],"Shuriken":[3],"Art of War":[3],"obtain_stats":[{"TwistedFunnel":0,"Replay:Accelerometer":42,"Vampiric Spirits":0,"Whetstone":24,"Sling":0,"Boot":23,"Replay:Wanted Poster":17,"Sundial":43,"Replay:Bronze Core":17,"MealTicket":7,"Replay:Bottled Flurry":27,"HandDrill":30,"Kunai":0,"Replay:Bottled Steam":7,"Pear":44,"ReplayTheSpireMod:Ring of Addiction":46,"Counterbalance":47,"Pen Nib":37,"Akabeko":13,"ReplayTheSpireMod:Ring of Collecting":2,"Ring of the Serpent":17,"Regal Pillow":24,"Singing Bowl":9,"Painkiller Herb":34,"StoneCalendar":53,"Blue Doll":25,"Bag of Preparation":6,"Replay:Multitool":27,"Ancient Tea Set":25,"Cursed Key":34,"Smiling Mask":45,"Pet Ghost":9,"BranchBurnRelic":15,"Ring of Fangs":46,"Matryoshka":27,"WristBlade":17,"Ninja Scroll":21,"Chemical X":37,"Ring of Panic":5,"InkBottle":44,"Ring of the Snake":0,"Lee\u0027s Waffle":0,"NeowsBlessing":0,"Circlet":0,"Thread and Needle":26,"betterThird:NestCultRelic":21,"The Courier":45,"PreservedInsect":0,"Omamori":9,"Frozen Egg 2":26,"MawBank":2,"Ornamental Fan":36,"betterThird:SlimedRelic":2,"Turnip":7,"Art of War":26,"Garlic":29,"ReplayTheSpireMod:Onyx Gauntlets":17,"Toy Ornithopter":46,"Ice Cream":0,"Divine Protection":9,"Tiny House":34,"Gremlin Horn":6,"CeramicFish":8,"Vajra":22,"Centennial Puzzle":43,"Lizard Tail":47,"Strawberry":37,"Honey Jar":34,"Philosopher\u0027s Stone":17,"Prayer Wheel":0,"Toxic Egg 2":26,"Happy Flower":43,"ReplayTheSpireMod:CursedCoin":24,"Dead Branch":0,"Replay:Grab Bag":17,"Oddly Smooth Stone":20,"Ring of Chaos":34,"Replay:Kaleidoscope":0,"War Paint":26,"WarpedTongs":29,"Replay:Baseball":11,"Bottled Flame":30,"ReplayTheSpireMod:Shallot":11,"Shuriken":9,"Onion Ring":40,"Simple Rune":24,"Black Star":17,"ReplayTheSpireMod:TigerMarble":0,"Grinning Jar":6,"Pocketwatch":44,"Darkstone Periapt":0,"ReplayTheSpireMod:Ring of Exchange":2,"Replay:PocketPolymizer":17,"SacredBark":46,"Snake Skull":25,"Juzu Bracelet":0,"Incense Burner":28,"ClockworkSouvenir":25,"Nunchaku":9,"Replay:Bandana":43,"Tough Bandages":0,"Dream Catcher":8,"Chameleon Ring":0,"Mummified Hand":37,"Pantograph":37,"Gambling Chip":36,"Tiny Chest":0,"Red Mask":19,"Gremlin Food":30,"BargainBundle":53,"ReplayTheSpireMod:Ninjato":7,"Guide Book":37,"Quantum Egg":30,"Replay:WaspNest":37,"Orichalcum":5,"Odd Mushroom":10,"Medical Kit":47,"Calling Bell":17,"Anchor":23,"CaptainsWheel":37,"Pondfish Scales":54,"Bag of Marbles":44,"Membership Card":0,"ReplayTheSpireMod:ShopPack":0},{"TwistedFunnel":76,"Replay:Accelerometer":122,"Vampiric Spirits":170,"Whetstone":61,"Sling":26,"Boot":113,"Replay:Wanted Poster":84,"Sundial":70,"Replay:Bronze Core":34,"MealTicket":53,"Replay:Bottled Flurry":39,"HandDrill":41,"Kunai":185,"Replay:Bottled Steam":175,"Pear":71,"ReplayTheSpireMod:Ring of Addiction":48,"Counterbalance":150,"Pen Nib":66,"Akabeko":7,"ReplayTheSpireMod:Ring of Collecting":186,"Ring of the Serpent":132,"Regal Pillow":209,"Singing Bowl":128,"Painkiller Herb":140,"StoneCalendar":152,"Blue Doll":166,"Bag of Preparation":3,"Replay:Multitool":39,"Ancient Tea Set":15,"Cursed Key":18,"Smiling Mask":97,"Pet Ghost":105,"BranchBurnRelic":33,"Ring of Fangs":48,"Matryoshka":89,"WristBlade":58,"Ninja Scroll":59,"Chemical X":66,"Ring of Panic":104,"InkBottle":71,"Ring of the Snake":0,"Lee\u0027s Waffle":49,"NeowsBlessing":0,"Circlet":0,"Thread and Needle":37,"betterThird:NestCultRelic":36,"The Courier":48,"PreservedInsect":154,"Omamori":4,"Frozen Egg 2":88,"MawBank":1,"Ornamental Fan":93,"betterThird:SlimedRelic":102,"Turnip":128,"Art of War":15,"Garlic":137,"ReplayTheSpireMod:Onyx Gauntlets":58,"Toy Ornithopter":48,"Ice Cream":188,"Divine Protection":159,"Tiny House":43,"Gremlin Horn":158,"CeramicFish":80,"Vajra":12,"Centennial Puzzle":22,"Lizard Tail":24,"Strawberry":45,"Honey Jar":117,"Philosopher\u0027s Stone":9,"Prayer Wheel":49,"Toxic Egg 2":113,"Happy Flower":122,"ReplayTheSpireMod:CursedCoin":113,"Dead Branch":26,"Replay:Grab Bag":58,"Oddly Smooth Stone":110,"Ring of Chaos":92,"Replay:Kaleidoscope":26,"War Paint":135,"WarpedTongs":62,"Replay:Baseball":31,"Bottled Flame":90,"ReplayTheSpireMod:Shallot":31,"Shuriken":80,"Onion Ring":69,"Simple Rune":165,"Black Star":58,"ReplayTheSpireMod:TigerMarble":101,"Grinning Jar":201,"Pocketwatch":23,"Darkstone Periapt":49,"ReplayTheSpireMod:Ring of Exchange":186,"Replay:PocketPolymizer":162,"SacredBark":48,"Snake Skull":37,"Juzu Bracelet":26,"Incense Burner":40,"ClockworkSouvenir":37,"Nunchaku":30,"Replay:Bandana":97,"Tough Bandages":126,"Dream Catcher":159,"Chameleon Ring":76,"Mummified Hand":66,"Pantograph":66,"Gambling Chip":119,"Tiny Chest":76,"Red Mask":11,"Gremlin Food":41,"BargainBundle":75,"ReplayTheSpireMod:Ninjato":80,"Guide Book":45,"Quantum Egg":63,"Replay:WaspNest":119,"Orichalcum":28,"Odd Mushroom":31,"Medical Kit":150,"Calling Bell":162,"Anchor":13,"CaptainsWheel":20,"Pondfish Scales":76,"Bag of Marbles":148,"Membership Card":26,"ReplayTheSpireMod:ShopPack":101},{"TwistedFunnel":283,"Replay:Accelerometer":422,"Vampiric Spirits":616,"Whetstone":237,"Sling":101,"Boot":394,"Replay:Wanted Poster":313,"Sundial":265,"Replay:Bronze Core":127,"MealTicket":209,"Replay:Bottled Flurry":144,"HandDrill":153,"Kunai":680,"Replay:Bottled Steam":635,"Pear":268,"ReplayTheSpireMod:Ring of Addiction":186,"Counterbalance":534,"Pen Nib":253,"Akabeko":19,"ReplayTheSpireMod:Ring of Collecting":684,"Ring of the Serpent":465,"Regal Pillow":780,"Singing Bowl":446,"Painkiller Herb":500,"StoneCalendar":544,"Blue Doll":600,"Bag of Preparation":3,"Replay:Multitool":144,"Ancient Tea Set":54,"Cursed Key":66,"Smiling Mask":346,"Pet Ghost":367,"BranchBurnRelic":118,"Ring of Fangs":186,"Matryoshka":324,"WristBlade":230,"Ninja Scroll":232,"Chemical X":253,"Ring of Panic":365,"InkBottle":268,"Ring of the Snake":0,"Lee\u0027s Waffle":194,"NeowsBlessing":0,"Circlet":0,"Thread and Needle":137,"betterThird:NestCultRelic":133,"The Courier":186,"PreservedInsect":556,"Omamori":7,"Frozen Egg 2":320,"MawBank":1,"Ornamental Fan":335,"betterThird:SlimedRelic":361,"Turnip":446,"Art of War":54,"Garlic":486,"ReplayTheSpireMod:Onyx Gauntlets":230,"Toy Ornithopter":186,"Ice Cream":699,"Divine Protection":573,"Tiny House":164,"Gremlin Horn":570,"CeramicFish":298,"Vajra":42,"Centennial Puzzle":78,"Lizard Tail":88,"Strawberry":173,"Honey Jar":408,"Philosopher\u0027s Stone":30,"Prayer Wheel":194,"Toxic Egg 2":394,"Happy Flower":422,"ReplayTheSpireMod:CursedCoin":394,"Dead Branch":101,"Replay:Grab Bag":230,"Oddly Smooth Stone":381,"Ring of Chaos":332,"Replay:Kaleidoscope":101,"War Paint":477,"WarpedTongs":240,"Replay:Baseball":114,"Bottled Flame":326,"ReplayTheSpireMod:Shallot":114,"Shuriken":298,"Onion Ring":262,"Simple Rune":598,"Black Star":230,"ReplayTheSpireMod:TigerMarble":360,"Grinning Jar":747,"Pocketwatch":83,"Darkstone Periapt":194,"ReplayTheSpireMod:Ring of Exchange":684,"Replay:PocketPolymizer":589,"SacredBark":186,"Snake Skull":137,"Juzu Bracelet":101,"Incense Burner":148,"ClockworkSouvenir":137,"Nunchaku":111,"Replay:Bandana":346,"Tough Bandages":437,"Dream Catcher":573,"Chameleon Ring":283,"Mummified Hand":253,"Pantograph":253,"Gambling Chip":415,"Tiny Chest":283,"Red Mask":38,"Gremlin Food":153,"BargainBundle":280,"ReplayTheSpireMod:Ninjato":298,"Guide Book":173,"Quantum Egg":243,"Replay:WaspNest":415,"Orichalcum":106,"Odd Mushroom":114,"Medical Kit":534,"Calling Bell":589,"Anchor":46,"CaptainsWheel":72,"Pondfish Scales":283,"Bag of Marbles":526,"Membership Card":101,"ReplayTheSpireMod:ShopPack":360}],"Ring of the Snake":[116]},"card_choices":[{"not_picked":["Hidden Blade","Deadly Poison"],"picked":"Deflect","floor":1},{"not_picked":["Dodge and Roll","Prepared"],"picked":"Outmaneuver","floor":4},{"not_picked":["Dagger Throw","Eviscerate"],"picked":"Deadly Poison","floor":5},{"not_picked":["Bane","Sucker Punch"],"picked":"Footwork","floor":6},{"not_picked":["Dagger Throw","Underhanded Strike"],"picked":"Atom Bomb","floor":7},{"not_picked":["Setup","Outmaneuver"],"picked":"Atom Bomb","floor":11},{"not_picked":["Bane","Underhanded Strike"],"picked":"Caltrops","floor":12},{"not_picked":["ReplayTheSpireMod:Shiv Toss","Outmaneuver"],"picked":"Slice","floor":14},{"not_picked":["Corpse Explosion","Unload"],"picked":"Envenom","floor":16},{"not_picked":["Bouncing Flask+1","Riddle With Holes+1"],"picked":"Backstab+1","floor":18},{"not_picked":["Bouncing Flask","Flying Knee+1"],"picked":"Noxious Fumes","floor":19},{"not_picked":["Quick Slash+1","Slice"],"picked":"Catalyst","floor":21},{"not_picked":["Dagger Spray","Acrobatics"],"picked":"Bouncing Flask+1","floor":25}],"player_experience":349007,"relics_obtained":[{"floor":6,"key":"Grinning Jar"},{"floor":9,"key":"Omamori"},{"floor":11,"key":"Replay:Bottled Steam"},{"floor":17,"key":"Art of War"},{"floor":17,"key":"Onion Ring"},{"floor":17,"key":"Pondfish Scales"},{"floor":26,"key":"Singing Bowl"}],"event_choices":[{"cards_removed":["A Thousand Cuts"],"damage_healed":0,"gold_gain":0,"player_choice":"Take \u0026 Give","damage_taken":0,"max_hp_gain":0,"max_hp_loss":0,"event_name":"betterNote:BetterNote","floor":3,"gold_loss":0,"cards_obtained":["Apotheosis"]},{"damage_healed":0,"gold_gain":53,"player_choice":"Gained Gold","damage_taken":0,"max_hp_gain":0,"max_hp_loss":0,"event_name":"Golden Wing","floor":13,"gold_loss":0},{"damage_healed":0,"gold_gain":0,"player_choice":"Ignored","damage_taken":0,"max_hp_gain":0,"max_hp_loss":0,"event_name":"Purifier","floor":22,"gold_loss":0}],"is_beta":false,"boss_relics":[{"not_picked":["SlaversCollar","Astrolabe"],"picked":"Calling Bell"}],"items_purged_floors":[],"is_endless":false,"potions_floor_spawned":[1,11,14,16,19],"killed_by":"Book of Stabbing","ascension_level":7}}