{"host":"j4g6ia6asvpyu2b0","time":1607955147,"event":{"mods":["BaseMod","Colored Map","Minty Spire (QoL Compilation)","Permanent Neow","Quick Restart","Relic Stats","StSLib","Unceasing Turn Reminder"],"gold_per_floor":[11,11,31,31,31,31,64,64,112,112,128,153,194,194,194,319,319,333,283,296,321,355,355,355,355,355,368,386,420,420,110,110,230,230,244,16,31,31,55,93,112,147,147,369,369,402,425,425,425,425,425],"floor_reached":50,"playtime":1600,"items_purged":["Strike_B","Strike_B","Strike_B"],"score":741,"play_id":"14c22038-b578-4ff5-84ce-c713c443cd0a","local_time":"20201214071227","is_ascension_mode":true,"campfire_choices":[{"data":"Zap","floor":6.0,"key":"SMITH"},{"data":"Gash","floor":8.0,"key":"SMITH"},{"data":"Dualcast","floor":10.0,"key":"SMITH"},{"data":"Beam Cell","floor":15.0,"key":"SMITH"},{"data":"Defragment","floor":23,"key":"SMITH"},{"data":"Hologram","floor":25,"key":"SMITH"},{"data":"Hologram","floor":30,"key":"SMITH"},{"data":"Gash","floor":32,"key":"SMITH"},{"floor":45,"key":"RECALL"},{"floor":49,"key":"REST"}],"circlet_count":0,"master_deck":["Strike_B","Defend_B","Defend_B","Defend_B","Defend_B","Zap+1","Dualcast+1","Gash+1","Injury","Cold Snap","Rebound","Gash+1","Beam Cell+1","Hologram+1","Core Surge","Coolheaded","White Noise","Defragment+1","Melter","Decay","Glacier+1","Machine Learning+1","Hologram+1","Loop+1","FTL","Seek","Capacitor+1","Apotheosis+1","Hologram","Doom and Gloom+1","Darkness","Gash","Pain","Static Discharge+1","Compile Driver+1","Pain"],"relics":["Cracked Core","Du-Vu Doll","Golden Idol","Cables","Ornamental Fan","Smiling Mask","Mercury Hourglass","Cursed Key","Red Mask","Enchiridion","Frozen Egg 2","Lantern","OrangePellets","Runic Pyramid","DataDisk","Singing Bowl","StrikeDummy","WarpedTongs"],"acts_visited":["Exordium","TheCity","TheBeyond"],"potions_floor_usage":[22,22,29,42],"damage_taken":[{"damage":3.0,"enemies":"Small Slimes","floor":1.0,"turns":2.0},{"damage":6.0,"enemies":"2 Louse","floor":3.0,"turns":2.0},{"damage":16.0,"enemies":"3 Sentries","floor":7.0,"turns":6.0},{"damage":6.0,"enemies":"Jaw Worm","floor":11.0,"turns":2.0},{"damage":1.0,"enemies":"Large Slime","floor":12.0,"turns":5.0},{"damage":0.0,"enemies":"Gremlin Nob","floor":13.0,"turns":2.0},{"damage":28.0,"enemies":"The Guardian","floor":16.0,"turns":8.0},{"damage":2,"enemies":"Shell Parasite","floor":18,"turns":4},{"damage":0,"enemies":"3 Byrds","floor":20,"turns":3},{"damage":0,"enemies":"Snecko","floor":21,"turns":3},{"damage":0,"enemies":"Masked Bandits","floor":22,"turns":2},{"damage":2,"enemies":"Snake Plant","floor":27,"turns":5},{"damage":9,"enemies":"Sentry and Sphere","floor":28,"turns":4},{"damage":5,"enemies":"Book of Stabbing","floor":29,"turns":4},{"damage":0,"enemies":"Automaton","floor":33,"turns":7},{"damage":0,"enemies":"3 Shapes","floor":35,"turns":4},{"damage":0,"enemies":"3 Darklings","floor":37,"turns":4},{"damage":0,"enemies":"Transient","floor":39,"turns":5},{"damage":0,"enemies":"Giant Head","floor":40,"turns":6},{"damage":3,"enemies":"Writhing Mass","floor":41,"turns":6},{"damage":22,"enemies":"Reptomancer","floor":42,"turns":4},{"damage":12,"enemies":"Nemesis","floor":46,"turns":5},{"damage":2,"enemies":"4 Shapes","floor":47,"turns":5},{"damage":3,"enemies":"Awakened One","floor":50,"turns":1}],"seed_played":"-4021318594786377350","potions_obtained":[{"floor":3.0,"key":"EntropicBrew"},{"floor":7.0,"key":"Dexterity Potion"},{"floor":12.0,"key":"AttackPotion"},{"floor":16.0,"key":"Dexterity Potion"},{"floor":27,"key":"Regen Potion"},{"floor":28,"key":"FairyPotion"},{"floor":29,"key":"SkillPotion"},{"floor":35,"key":"DuplicationPotion"},{"floor":39,"key":"EssenceOfDarkness"},{"floor":47,"key":"Regen Potion"}],"is_trial":false,"path_per_floor":["M","?","M","?","$","R","E","R","T","R","M","M","E","?","R","B",null,"M","$","M","M","?","R","?","R","T","M","M","E","R","$","R","B",null,"M","$","M","?","M","E","M","E","T","?","R","E","M","?","R","B"],"character_chosen":"DEFECT","items_purchased":["Loop+1","OrangePellets","FTL","Apotheosis"],"campfire_rested":1,"item_purchase_floors":[31,31,31,36],"current_hp_per_floor":[72,72,66,66,66,66,50,50,50,50,44,43,43,36,36,8,75,73,73,73,73,73,73,57,57,57,55,46,53,53,53,53,53,75,75,75,75,75,75,75,72,50,50,50,50,38,36,36,58,55,55],"gold":425,"neow_bonus":"ONE_RARE_RELIC","is_daily":false,"chose_seed":false,"campfire_upgraded":8,"win_rate":0.0,"timestamp":1607955147,"path_taken":["M","?","M","?","$","R","E","R","T","R","M","M","E","?","R","BOSS","M","$","M","M","?","R","?","R","T","M","M","E","R","?","R","BOSS","M","$","M","?","M","E","?","E","T","?","R","E","M","?","R","BOSS"],"items_purchased_type":["Card","Relic","Card","Card"],"build_version":"2020-12-13","purchased_purges":3,"victory":false,"max_hp_per_floor":[75,75,75,75,75,75,75,75,75,75,75,75,75,75,75,75,75,75,75,75,75,75,75,75,75,75,75,75,75,75,75,75,75,75,75,75,75,75,75,75,75,75,75,75,75,75,75,75,75,75,75],"relic_stats":{"OrangePellets":[3],"Singing Bowl":0,"counters":[24,99],"Golden Idol":150,"Ornamental Fan":[168],"Smiling Mask":150,"Cursed Key":2,"obtain_stats":[{"Lantern":29,"Singing Bowl":42,"Golden Idol":2,"Enchiridion":24,"Frozen Egg 2":26,"Smiling Mask":9,"Cursed Key":17,"Cables":4,"Mercury Hourglass":13,"WarpedTongs":48,"Du-Vu Doll":0,"OrangePellets":31,"DataDisk":40,"Ornamental Fan":7,"Red Mask":22,"Cracked Core":0,"StrikeDummy":46,"Runic Pyramid":34},{"Lantern":14,"Singing Bowl":21,"Golden Idol":1,"Enchiridion":11,"Frozen Egg 2":11,"Smiling Mask":3,"Cursed Key":7,"Cables":2,"Mercury Hourglass":6,"WarpedTongs":23,"Du-Vu Doll":0,"OrangePellets":14,"DataDisk":19,"Ornamental Fan":3,"Red Mask":11,"Cracked Core":0,"StrikeDummy":22,"Runic Pyramid":15},{"Lantern":52,"Singing Bowl":88,"Golden Idol":2,"Enchiridion":39,"Frozen Egg 2":39,"Smiling Mask":10,"Cursed Key":27,"Cables":4,"Mercury Hourglass":19,"WarpedTongs":98,"Du-Vu Doll":0,"OrangePellets":52,"DataDisk":78,"Ornamental Fan":10,"Red Mask":39,"Cracked Core":0,"StrikeDummy":93,"Runic Pyramid":59}],"Cables":[75,41,32,2,0],"Mercury Hourglass":[307],"WarpedTongs":[1]},"card_choices":[{"not_picked":["Rebound","Undo"],"picked":"Gash","floor":1.0},{"not_picked":["Turbo","Hologram"],"picked":"Cold Snap","floor":3.0},{"not_picked":["Streamline","Barrage"],"picked":"Rebound","floor":7.0},{"not_picked":["Darkness","Recycle"],"picked":"Gash","floor":11.0},{"not_picked":["Steam","Cold Snap"],"picked":"Beam Cell","floor":12.0},{"not_picked":["Turbo","Aggregate"],"picked":"Hologram","floor":13.0},{"not_picked":["Hyperbeam","Seek"],"picked":"Core Surge","floor":16.0},{"not_picked":["Leap","Hologram"],"picked":"Coolheaded","floor":18},{"not_picked":["Steam","Double Energy"],"picked":"White Noise","floor":20},{"not_picked":["Coolheaded","Steam"],"picked":"Defragment","floor":21},{"not_picked":["Fusion","FTL"],"picked":"Melter","floor":22},{"not_picked":["Steam Power","Gash"],"picked":"Glacier+1","floor":27},{"not_picked":["Cold Snap+1","Compile Driver"],"picked":"Machine Learning+1","floor":28},{"not_picked":["Rebound","Leap"],"picked":"Hologram","floor":29},{"not_picked":["Amplify","Hyperbeam"],"picked":"Seek","floor":33},{"not_picked":["Rebound+1","Chaos"],"picked":"Capacitor+1","floor":35},{"not_picked":["Rip and Tear","Hello World+1"],"picked":"Hologram","floor":37},{"not_picked":["Leap+1","Stack+1","Turbo"],"picked":"SKIP","floor":39},{"not_picked":["Beam Cell","Streamline+1"],"picked":"Doom and Gloom+1","floor":40},{"not_picked":["Hologram","Steam Power"],"picked":"Darkness","floor":41},{"not_picked":["Melter","Rebound"],"picked":"Gash","floor":42},{"not_picked":["Streamline","Auto Shields"],"picked":"Static Discharge+1","floor":46},{"not_picked":["Genetic Algorithm","Steam"],"picked":"Compile Driver+1","floor":47}],"player_experience":641619,"relics_obtained":[{"floor":7.0,"key":"Ornamental Fan"},{"floor":9.0,"key":"Smiling Mask"},{"floor":13.0,"key":"Mercury Hourglass"},{"floor":22,"key":"Red Mask"},{"floor":24,"key":"Enchiridion"},{"floor":26,"key":"Frozen Egg 2"},{"floor":29,"key":"Lantern"},{"floor":40,"key":"DataDisk"},{"floor":42,"key":"Singing Bowl"},{"floor":46,"key":"StrikeDummy"}],"event_choices":[{"damage_healed":0.0,"max_hp_gain":0.0,"max_hp_loss":0.0,"gold_gain":0.0,"event_name":"Golden Idol","player_choice":"Take Wound","floor":2.0,"gold_loss":0.0,"damage_taken":0.0,"relics_obtained":["Golden Idol"],"cards_obtained":["Injury"]},{"damage_healed":0.0,"max_hp_gain":0.0,"max_hp_loss":0.0,"gold_gain":0.0,"event_name":"Big Fish","player_choice":"Box","floor":4.0,"gold_loss":0.0,"damage_taken":0.0,"relics_obtained":["Cables"],"cards_obtained":["Regret"]},{"cards_removed":["Regret"],"damage_healed":0.0,"max_hp_gain":0.0,"max_hp_loss":0.0,"gold_gain":0.0,"event_name":"Golden Wing","player_choice":"Card Removal","floor":14.0,"gold_loss":0.0,"damage_taken":7.0},{"damage_healed":0,"gold_gain":0,"player_choice":"Fought Bandits","damage_taken":0,"max_hp_gain":0,"max_hp_loss":0,"event_name":"Masked Bandits","floor":22,"gold_loss":0},{"damage_healed":0,"gold_gain":0,"player_choice":"Obtained Book","damage_taken":16,"max_hp_gain":0,"max_hp_loss":0,"event_name":"Cursed Tome","floor":24,"gold_loss":0},{"damage_healed":0,"gold_gain":0,"player_choice":"Upgraded","damage_taken":0,"max_hp_gain":0,"max_hp_loss":0,"event_name":"Upgrade Shrine","floor":38,"gold_loss":0,"cards_upgraded":["Apotheosis"]},{"damage_healed":0,"gold_gain":222,"player_choice":"Wore Mask","damage_taken":0,"max_hp_gain":0,"max_hp_loss":0,"event_name":"Tomb of Lord Red Mask","floor":44,"gold_loss":0},{"damage_healed":0,"gold_gain":0,"player_choice":"Rummage","damage_taken":0,"relics_obtained":["WarpedTongs"],"max_hp_gain":0,"max_hp_loss":0,"event_name":"Accursed Blacksmith","floor":48,"gold_loss":0,"cards_obtained":["Pain"]}],"is_beta":false,"boss_relics":[{"not_picked":["Tiny House","Philosopher\u0027s Stone"],"picked":"Cursed Key"},{"not_picked":["Velvet Choker","Nuclear Battery"],"picked":"Runic Pyramid"}],"items_purged_floors":[19,31,36],"is_endless":false,"potions_floor_spawned":[3,7,12,16,27,28,29,33,35,39,40,47],"killed_by":"Awakened One","ascension_level":1}}