{"host":"dusk7mhlix1mqn14","time":1607940038,"event":{"mods":["BaseMod","Colored Powertips","Hero for Fun","Highlight Path","Kratos Character Expansion","Marisa（F雨　魔理沙）","Minty Spire (QoL Compilation)","Prisma Mod","Remilia（蕾米莉亚）","Replay The Spire","Ryuuou龙王","SIMod","Shop Mod","StSLib","The Death Knight","The Forsaken","TheWitcher","【东方二次创作】八云紫mod"],"gold_per_floor":[120,120,144,168,318,318,318,318,318,318,318],"floor_reached":10,"playtime":2130,"items_purged":[],"score":56,"play_id":"6282ccc5-9b30-4842-97d8-80a8721a7c7c","local_time":"20201214180038","is_ascension_mode":false,"campfire_choices":[{"data":"SnafuTest:QueensGuard","floor":6.0,"key":"SMITH"},{"data":"SnafuTest:MercilessReaper","floor":8,"key":"SMITH"}],"circlet_count":0,"master_deck":["SnafuTest:DefaultCommonAttack","SnafuTest:DefaultCommonAttack","SnafuTest:DefaultCommonAttack","SnafuTest:BountyHunt","SnafuTest:DefaultCommonSkill","SnafuTest:DefaultCommonSkill","SnafuTest:SignQuen","SnafuTest:QueensGuard+1","SnafuTest:MercilessReaper+1","SnafuTest:ShoulderSlam"],"relics":["SnafuTest:PlaceholderRelic","KratosMod:chalice","Girya"],"acts_visited":["Exordium"],"potions_floor_usage":[],"damage_taken":[{"damage":0.0,"enemies":"Small Slimes","floor":1.0,"turns":5.0},{"damage":0.0,"enemies":"2 Louse","floor":3.0,"turns":2.0},{"damage":0.0,"enemies":"Cultist","floor":4.0,"turns":4.0},{"damage":3,"enemies":"Lagavulin","floor":10,"turns":3}],"seed_played":"-1515916316793335424","potions_obtained":[{"floor":1.0,"key":"Milkshake"}],"is_trial":false,"path_per_floor":["M","?","M","M","?","R","?","R","T","E"],"character_chosen":"THE_WITCHER","items_purchased":[],"campfire_rested":0,"item_purchase_floors":[],"current_hp_per_floor":[82,75,75,75,75,75,75,75,75,72,72],"gold":318,"neow_bonus":"TEN_PERCENT_HP_BONUS","is_daily":false,"chose_seed":false,"campfire_upgraded":2,"win_rate":0.0,"timestamp":1607940038,"path_taken":["M","?","M","M","?","R","?","R","T","E"],"items_purchased_type":[],"build_version":"2020-12-13","purchased_purges":0,"victory":false,"max_hp_per_floor":[82,82,82,82,82,82,82,82,82,82,82],"card_choices":[{"not_picked":["SnafuTest:SpellBitingFrost","SnafuTest:WorldMap"],"picked":"SnafuTest:QueensGuard","floor":1.0},{"not_picked":["SnafuTest:PowerAlwaysOnRoads","SnafuTest:Shooting"],"picked":"SnafuTest:MercilessReaper","floor":3.0},{"not_picked":["SnafuTest:Shooting","SnafuTest:PayArmorSmith"],"picked":"SnafuTest:ShoulderSlam","floor":4.0}],"player_experience":214804,"relics_obtained":[{"floor":9,"key":"Girya"}],"event_choices":[{"cards_removed":["SnafuTest:DefaultCommonSkill"],"damage_healed":0.0,"max_hp_gain":0.0,"max_hp_loss":0.0,"gold_gain":0.0,"event_name":"Golden Wing","player_choice":"Card Removal","floor":2.0,"gold_loss":0.0,"damage_taken":7.0}],"is_beta":false,"boss_relics":[],"items_purged_floors":[],"is_endless":false,"potions_floor_spawned":[1],"killed_by":"Lagavulin","ascension_level":0}}