{"host":"44szraw8fc5x6fuf","time":1607909976,"event":{"mods":["2.2 Compatiblity","Act Like it!","Aspiration","BaseMod","Better Altar","Better Match","Better Note","Better Sensory Stone","Better Skull","CapriCore","Chen","Colored Map","Conspire","Gensokyo","Hermit","Highlight Path","Koishi","KomeijiMod","Lobotomy","LobotomyExtend","MarisaÅiñ∂âJÅ@ñÇóùçπÅj","Minty Spire (QoL Compilation)","Pale of the Ancients","Permanent Neow","Puzzle Mod","Rare Cards Sparkle","ReimuÅiîé??öÎÅj","Spicy Shops","StSLib","The Administrix","The Alterego","The Factory","The Fake Hero","The Immortal","TheFirefly","Yuyuko","Åy?ï˚ìÒéü?çÏÅzî™â]éámod","Åy?ï®?îvÅzREMEMod"],"gold_per_floor":[613,613,729,74,92,92,121,133,157,176,176,194,194,213,213,213,213],"floor_reached":16,"playtime":559,"items_purged":[],"score":102,"play_id":"721696df-1aa7-4d1c-8ac9-3699f5f47479","local_time":"20201213203936","is_ascension_mode":false,"campfire_choices":[{"data":"Apotheosis","floor":6,"key":"SMITH"},{"data":"luka_mod:Tamamo","floor":11,"key":"SMITH"},{"data":"luka_mod:Meditation","floor":15,"key":"SMITH"}],"circlet_count":0,"master_deck":["luka_mod:StrikeLukaOne","luka_mod:StrikeLukaTwo","luka_mod:StrikeLukaThree","luka_mod:StrikeLukaFour","luka_mod:StrikeLukaFive","luka_mod:StrikeLukaSix","luka_mod:Salt","luka_mod:Guard+1","luka_mod:Wait","luka_mod:Meditation+1","Tepes+1","luka_mod:DemonDecapitation+1","Apotheosis+1","luka_mod:PrayToIlias","luka_mod:EndlessGuard","luka_mod:Tamamo+1"],"relics":["luka_mod:KeepsakeRing","REME_ComplimentaryCards","LetterFromLob","Moonlight_r","MagicBullet_r","Orichalcum","Matryoshka","Vajra","Incense Burner","REME_PuzzleBoxRelic","Oddly Smooth Stone"],"acts_visited":["Gensokyo:Gensokyo"],"potions_floor_usage":[],"damage_taken":[{"damage":1,"enemies":"Gensokyo:3_Fairies","floor":1,"turns":4},{"damage":2,"enemies":"Gensokyo:2_Kodama","floor":5,"turns":4},{"damage":7,"enemies":"Gensokyo:Aya","floor":7,"turns":3},{"damage":0,"enemies":"Gensokyo:Python","floor":8,"turns":2},{"damage":1,"enemies":"Gensokyo:LivingMonolith","floor":10,"turns":2},{"damage":2,"enemies":"Gensokyo:Gryphon_and_Rabbit","floor":12,"turns":4},{"damage":0,"enemies":"Gensokyo:VengefulSpirit","floor":14,"turns":2},{"damage":20,"enemies":"Gensokyo:Reimu","floor":16,"turns":1}],"seed_played":"9037006552641192609","potions_obtained":[{"floor":1,"key":"Fire Potion"},{"floor":10,"key":"LiquidBronze"},{"floor":12,"key":"Fire Potion"}],"is_trial":false,"path_per_floor":["M","M","?","$","M","R","E","M","T","M","R","M","?","M","R","B"],"character_chosen":"LUKA_CLASS","items_purchased":["Matryoshka","Vajra","Apotheosis"],"campfire_rested":0,"item_purchase_floors":[4,4,4],"current_hp_per_floor":[39,23,7,7,25,25,18,18,18,37,37,35,19,19,19,0,0],"gold":213,"neow_bonus":"HUNDRED_GOLD","is_daily":false,"chose_seed":false,"campfire_upgraded":3,"win_rate":0.0,"timestamp":1607909976,"path_taken":["M","M","?","$","M","R","E","M","T","?","R","M","?","M","R","BOSS"],"items_purchased_type":["Relic","Relic","Card"],"build_version":"2020-12-13","purchased_purges":0,"victory":false,"max_hp_per_floor":[40,40,40,40,40,40,40,40,40,40,40,40,40,40,40,40,40],"card_choices":[{"not_picked":["luka_mod:HeroicStrike","luka_mod:DemonSkullBeheading"],"picked":"luka_mod:DemonDecapitation","floor":1},{"not_picked":["luka_mod:Overexert","luka_mod:RestrictedStrike"],"picked":"luka_mod:PrayToIlias","floor":5},{"not_picked":["luka_mod:Calm","luka_mod:BladeOfHowlingWind","luka_mod:Struggle"],"picked":"SKIP","floor":7},{"not_picked":["luka_mod:WindSlash","luka_mod:StrikeLuka"],"picked":"luka_mod:EndlessGuard","floor":8},{"not_picked":["luka_mod:AngryLuka","luka_mod:DeathSwordChaosStar"],"picked":"luka_mod:Tamamo","floor":10},{"not_picked":["luka_mod:PrayToIlias","luka_mod:Feel","luka_mod:FireSlash"],"picked":"SKIP","floor":12},{"not_picked":["luka_mod:RestrictedStrike","luka_mod:Struggle","luka_mod:WaterSlash"],"picked":"SKIP","floor":14}],"player_experience":210740,"relics_obtained":[{"floor":1,"key":"LetterFromLob"},{"floor":7,"key":"Incense Burner"},{"floor":9,"key":"REME_PuzzleBoxRelic"},{"floor":9,"key":"Oddly Smooth Stone"}],"event_choices":[{"damage_healed":0,"gold_gain":116,"player_choice":"RE GO ","damage_taken":19,"relics_obtained":["Orichalcum"],"max_hp_gain":0,"max_hp_loss":0,"event_name":"betterSkull:BetterSkull","floor":3,"gold_loss":0,"cards_upgraded":[]}],"is_beta":false,"boss_relics":[],"items_purged_floors":[],"is_endless":false,"potions_floor_spawned":[1,10,12],"killed_by":"Gensokyo:Reimu","ascension_level":0}}