{"host":"aji03558nlnqydpa","time":1607951965,"event":{"mods":["2.2 Compatiblity","AchievementEnabler","Astrologer","BaseMod","Better Altar","Better Match","Better Sensory Stone","Better Third Choice","Colored Map","Gremlin Skip","Koishi","MarisaÅiñ∂âJÅ@ñÇóùçπÅj","Minty Spire (QoL Compilation)","Prisma Mod","Relic Filter","StSLib","The Cursed","The IronCluck","The Servant 0.9.4"],"gold_per_floor":[116,136,150,150,150,188,188,226,249,249,249,274,274,126,126,256,256,280,299,313,313,337,337,32,32,32,63,86,105,105,148,148,268,268,282,298,313,328,97,128,149,149,174,23,23,82,82,125,125,125],"floor_reached":51,"playtime":4772,"items_purged":["Pain"],"score":1045,"play_id":"f6fe4d27-427e-4c07-91c0-baf2d02051c6","local_time":"20201214221925","is_ascension_mode":false,"campfire_choices":[{"floor":7.0,"key":"REST"},{"floor":11.0,"key":"REST"},{"data":"GearUp","floor":15.0,"key":"SMITH"},{"data":"Rewind","floor":23.0,"key":"SMITH"},{"data":"Sabotage","floor":25.0,"key":"SMITH"},{"data":"SilverBlades","floor":32,"key":"SMITH"},{"data":"SoulSculpture","floor":42,"key":"SMITH"},{"data":"Sunlight","floor":45,"key":"SMITH"},{"data":"Initiator","floor":49,"key":"SMITH"}],"circlet_count":0,"master_deck":["Strike_S","Strike_S","Strike_S","Strike_S","Defend_S","Defend_S","Defend_S","Defend_S","KidneyShot","Exchange","BestPractice+1","Comet","GearUp+1","InstantArmor","BottledTime","TheWorld","Defy","FastForward+1","Rewind+1","Rearm","Sabotage+1","SilverBlades+1","Sunlight+1","GearUp+1","Initiator+1","CurseOfTheBell","Starlight+1","Collapse+1","Contraction","SoulSculpture+1","Defy+1","SoulSculpture+1","Replace+1"],"relics":["SplendidAttire","Bag of Marbles","Golden Idol","Torii","Odd Mushroom","Vajra","PreservedInsect","WarpedTongs","Membership Card","Eternal Feather","Bag of Preparation","Bronze Scales","Pen Nib","Calling Bell","Happy Flower","TungstenRod","Thread and Needle","Ice Cream","Lee\u0027s Waffle","HornCleat","Blood Vial","DollysMirror","Lantern","CatCart","SacredBark"],"acts_visited":["Exordium","TheCity","TheBeyond"],"potions_floor_usage":[27,33,37,46,50],"damage_taken":[{"damage":1.0,"enemies":"Jaw Worm","floor":1.0,"turns":3.0},{"damage":2.0,"enemies":"Small Slimes","floor":2.0,"turns":4.0},{"damage":2.0,"enemies":"2 Louse","floor":3.0,"turns":3.0},{"damage":8.0,"enemies":"Lagavulin","floor":6.0,"turns":8.0},{"damage":17.0,"enemies":"The Mushroom Lair","floor":8.0,"turns":5.0},{"damage":0.0,"enemies":"2 Fungi Beasts","floor":12.0,"turns":2.0},{"damage":0.0,"enemies":"The Guardian","floor":16.0,"turns":16.0},{"damage":0.0,"enemies":"Spheric Guardian","floor":18.0,"turns":4.0},{"damage":0.0,"enemies":"3 Byrds","floor":19.0,"turns":5.0},{"damage":0.0,"enemies":"Centurion and Healer","floor":20.0,"turns":6.0},{"damage":0.0,"enemies":"Shelled Parasite and Fungi","floor":22.0,"turns":8.0},{"damage":0,"enemies":"Gremlin Leader","floor":27,"turns":8},{"damage":0,"enemies":"Snake Plant","floor":28,"turns":2},{"damage":2,"enemies":"3 Cultists","floor":29,"turns":3},{"damage":0,"enemies":"Book of Stabbing","floor":31,"turns":4},{"damage":0,"enemies":"Champ","floor":33,"turns":15},{"damage":0,"enemies":"3 Darklings","floor":35,"turns":6},{"damage":0,"enemies":"Orb Walker","floor":36,"turns":3},{"damage":1,"enemies":"Transient","floor":37,"turns":5},{"damage":0,"enemies":"Sphere and 2 Shapes","floor":38,"turns":4},{"damage":0,"enemies":"Nemesis","floor":40,"turns":5},{"damage":0,"enemies":"Writhing Mass","floor":41,"turns":5},{"damage":0,"enemies":"Orin","floor":46,"turns":5},{"damage":0,"enemies":"Reptomancer","floor":48,"turns":3},{"damage":0,"enemies":"Time Eater","floor":50,"turns":10}],"seed_played":"2146783883061659169","potions_obtained":[{"floor":1.0,"key":"FearPotion"},{"floor":2.0,"key":"AttackPotion"},{"floor":12.0,"key":"ColorlessPotion"},{"floor":20.0,"key":"FearPotion"},{"floor":22.0,"key":"Strength Potion"},{"floor":28,"key":"EssenceOfSteel"},{"floor":31,"key":"DistilledChaos"},{"floor":38,"key":"SmokeBomb"},{"floor":40,"key":"LiquidMemories"},{"floor":41,"key":"Fire Potion"}],"is_trial":false,"path_per_floor":["M","M","M","?","?","E","R","?","T","?","R","M","?","$","R","B",null,"M","M","M","?","M","R","$","R","T","E","M","M","?","E","R","B",null,"M","M","M","M","$","E","M","R","T","$","R","?","?","E","R","B",null],"character_chosen":"THE_SERVANT","items_purchased":["PreservedInsect","Membership Card","Eternal Feather","Sabotage","Ice Cream","Lee\u0027s Waffle","Contraction","DollysMirror","Lantern"],"campfire_rested":2,"item_purchase_floors":[14,24,24,24,39,39,39,44,44],"current_hp_per_floor":[64,62,60,60,44,36,55,38,38,38,57,57,57,57,57,57,65,65,65,65,65,65,65,65,65,65,65,65,63,63,63,65,65,65,65,65,64,64,72,72,72,72,72,72,72,72,72,72,72,72],"gold":125,"neow_bonus":"RANDOM_COMMON_RELIC","is_daily":false,"chose_seed":false,"campfire_upgraded":7,"win_rate":0.0,"timestamp":1607951965,"path_taken":["M","M","M","?","?","E","R","?","T","?","R","M","?","$","R","BOSS","M","M","M","?","?","R","$","R","T","E","M","M","?","E","R","BOSS","M","M","M","M","?","E","M","R","T","$","R","?","?","E","R","BOSS"],"items_purchased_type":["Relic","Relic","Relic","Card","Relic","Relic","Card","Relic","Relic"],"build_version":"2020-12-13","purchased_purges":1,"victory":true,"max_hp_per_floor":[65,65,65,65,65,65,65,65,65,65,65,65,65,65,65,65,65,65,65,65,65,65,65,65,65,65,65,65,65,65,65,65,65,65,65,65,65,65,72,72,72,72,72,72,72,72,72,72,72,72],"card_choices":[{"not_picked":["Shuttle","SilverBlades"],"picked":"BestPractice","floor":1.0},{"not_picked":["ShatteredReality","Alleviate"],"picked":"Comet","floor":2.0},{"not_picked":["ShatteredReality","TimeWarp","Potential"],"picked":"SKIP","floor":3.0},{"not_picked":["Snipe","Moonlight"],"picked":"GearUp","floor":6.0},{"not_picked":["Hightail","DoubleEdge"],"picked":"InstantArmor","floor":8.0},{"not_picked":["Starlight","Unruled"],"picked":"BottledTime","floor":12.0},{"not_picked":["Deny","LightFlow"],"picked":"TheWorld","floor":16.0},{"not_picked":["BottledTime+1","Desolation"],"picked":"Defy","floor":18.0},{"not_picked":["Defy+1","Collapse"],"picked":"FastForward+1","floor":19.0},{"not_picked":["Revamp","Foresight"],"picked":"Rewind","floor":20.0},{"not_picked":["Foresight","Misdirection"],"picked":"Rearm","floor":22.0},{"not_picked":["Shuttle+1","Starlight"],"picked":"SilverBlades","floor":27},{"not_picked":["Ricochet","SilverBlades"],"picked":"Sunlight","floor":28},{"not_picked":["Alleviate","Spin","Rewind"],"picked":"SKIP","floor":29},{"not_picked":["Revamp","Potential","Ricochet+1"],"picked":"SKIP","floor":31},{"not_picked":["Solidify","SoulSculpture"],"picked":"Initiator","floor":33},{"not_picked":["Rewind","BottledTime","TimeWarp"],"picked":"SKIP","floor":35},{"not_picked":["Ricochet+1","Alleviate+1","StarChef+1"],"picked":"SKIP","floor":36},{"not_picked":["Defy","ShatteredReality+1"],"picked":"Starlight+1","floor":37},{"not_picked":["TimeWarp","Rewind+1"],"picked":"Collapse+1","floor":38},{"not_picked":["Rearm+1","Revamp"],"picked":"SoulSculpture","floor":40},{"not_picked":["Ricochet","Rearm"],"picked":"Defy+1","floor":41},{"not_picked":["Revamp","Collapse"],"picked":"Replace+1","floor":46},{"not_picked":["StarChef+1","ForgedInTime","Rearm"],"picked":"SKIP","floor":48}],"player_experience":705745,"relics_obtained":[{"floor":6.0,"key":"Torii"},{"floor":8.0,"key":"Odd Mushroom"},{"floor":9.0,"key":"Vajra"},{"floor":26.0,"key":"Bag of Preparation"},{"floor":27,"key":"Bronze Scales"},{"floor":31,"key":"Pen Nib"},{"floor":34,"key":"Happy Flower"},{"floor":34,"key":"TungstenRod"},{"floor":34,"key":"Thread and Needle"},{"floor":40,"key":"HornCleat"},{"floor":43,"key":"Blood Vial"},{"floor":46,"key":"CatCart"},{"floor":48,"key":"SacredBark"}],"event_choices":[{"damage_healed":0.0,"max_hp_gain":0.0,"max_hp_loss":0.0,"gold_gain":0.0,"event_name":"The Cleric","player_choice":"Leave","floor":4.0,"gold_loss":0.0,"damage_taken":0.0},{"damage_healed":0.0,"max_hp_gain":0.0,"max_hp_loss":0.0,"gold_gain":0.0,"event_name":"Golden Idol","player_choice":"Take Damage","floor":5.0,"gold_loss":0.0,"damage_taken":16.0,"relics_obtained":["Golden Idol"]},{"damage_healed":0.0,"max_hp_gain":0.0,"max_hp_loss":0.0,"gold_gain":0.0,"event_name":"Mushrooms","player_choice":"Fought Mushrooms","floor":8.0,"gold_loss":0.0,"damage_taken":0.0},{"damage_healed":0.0,"max_hp_gain":0.0,"max_hp_loss":0.0,"gold_gain":0.0,"event_name":"Golden Wing","player_choice":"Ignored","floor":10.0,"gold_loss":0.0,"damage_taken":0.0},{"damage_healed":0.0,"max_hp_gain":0.0,"max_hp_loss":0.0,"gold_gain":0.0,"event_name":"Living Wall","player_choice":"Grow","floor":13.0,"gold_loss":0.0,"damage_taken":0.0,"cards_upgraded":["BestPractice"]},{"damage_healed":0.0,"max_hp_gain":0.0,"max_hp_loss":0.0,"gold_gain":0.0,"event_name":"Accursed Blacksmith","player_choice":"Rummage","floor":21.0,"gold_loss":0.0,"damage_taken":0.0,"relics_obtained":["WarpedTongs"],"cards_obtained":["Pain"]},{"damage_healed":0,"gold_gain":0,"player_choice":"Copied","damage_taken":0,"max_hp_gain":0,"max_hp_loss":0,"event_name":"Duplicator","floor":30,"gold_loss":0,"cards_obtained":["GearUp"]},{"damage_healed":0,"gold_gain":0,"player_choice":"Fight","damage_taken":0,"max_hp_gain":0,"max_hp_loss":0,"event_name":"OrinTheCat","floor":46,"gold_loss":0},{"damage_healed":0,"gold_gain":0,"player_choice":"Ignored","damage_taken":0,"max_hp_gain":0,"max_hp_loss":0,"event_name":"The Moai Head","floor":47,"gold_loss":0}],"is_beta":false,"boss_relics":[{"not_picked":["MysterySword","Cursed Key"],"picked":"SplendidAttire"},{"not_picked":["StoneMask","Runic Pyramid"],"picked":"Calling Bell"}],"items_purged_floors":[24],"is_endless":false,"potions_floor_spawned":[1,2,12,20,22,28,29,31,38,40,41],"ascension_level":0}}