{"host":"xt86it2r6tj4p7je","time":1607930799,"event":{"mods":["Act Like it!","AlwaysNeverKeys","Aspiration","BaseMod","Better Altar","Better Match","Better Note","Better Sensory Stone","Better Skull","Better Third Choice","Card Forge","Clockwork Mod","Conspire","Defuse TimeMaze Blight","Downfall","Elementarium","Energized Spire","Friendly Minions","GifTheSpireLib","Hubris","Key Reminder","Minty Spire (QoL Compilation)","StSLib","The Construct","The Cursed","The Hierophant","The Judge","The Witch","Uncapped","thorton"],"gold_per_floor":[24,38,54,87,87,117,144,144,144,187,206,225,225,16,39,152,152,152,152,164,164,197,197,276,297,297,297],"floor_reached":26,"playtime":3803,"items_purged":[],"score":269,"play_id":"7b06e766-542b-4ec4-b442-60c269e74c68","local_time":"20201214022639","is_ascension_mode":false,"campfire_choices":[{"data":"hexamod:Float","floor":1,"key":"SMITH"},{"data":"hexamod:GhostflameInferno","floor":5,"key":"SMITH"},{"data":"hexamod:WildfireWeapon","floor":18,"key":"SMITH"},{"data":"hexamod:EtherealExpedition","floor":23,"key":"SMITH"}],"circlet_count":0,"master_deck":["hexamod:Strike+1","hexamod:Strike+1","hexamod:Strike+1","hexamod:Strike+1","hexamod:Defend+1","hexamod:Defend+1","hexamod:Defend+1","hexamod:Defend+1","hexamod:Sear","hexamod:Float+1","hexamod:Rewind","hexamod:RainOfEmbers","hexamod:GhostflameInferno+1","hexamod:SecondSeal","hexamod:HeatCrush","hexamod:EtherealExpedition+1","hexamod:ThirdSeal","hexamod:RainOfEmbers","hexamod:CatchUp","hexamod:TimeWarp","hexamod:Hexaguard","hexamod:FirstSeal","hexamod:SpectersWail","hexamod:FifthSeal","hexamod:WildfireWeapon+1","hexamod:VolcanoVisage","Mind Blast","hexamod:SixthSeal","hexamod:GhostLash+1","hexamod:Firestarter+1","hexamod:ChargedBarrage","hexamod:Incineration","hexamod:VolcanoVisage","hexamod:RainOfEmbers"],"relics":["hexamod:SpiritBrand","Hammer of Thor","Seething Fire","Anvil of the Gods","downfall:HeartBlessingRed","aspiration:FrozenJewel","Regal Pillow","PreservedInsect","hubris:FunFungus","Runic Pyramid","hubris:Metronome","hubris:Reverence"],"acts_visited":["Exordium","TheCity"],"potions_floor_usage":[4,16,16,20,22],"damage_taken":[{"damage":0,"enemies":"Small Slimes","floor":2,"turns":3},{"damage":0,"enemies":"2 Louse","floor":3,"turns":3},{"damage":18,"enemies":"Gremlin Nob","floor":4,"turns":4},{"damage":12,"enemies":"Lagavulin","floor":6,"turns":6},{"damage":0,"enemies":"3 Sentries","floor":10,"turns":6},{"damage":0,"enemies":"Jaw Worm","floor":11,"turns":3},{"damage":9,"enemies":"2 Fungi Beasts","floor":12,"turns":3},{"damage":0,"enemies":"downfall:FleeingMerchant","floor":14,"turns":4},{"damage":10,"enemies":"Lots of Slimes","floor":15,"turns":4},{"damage":23,"enemies":"downfall:Silent","floor":16,"turns":10},{"damage":2,"enemies":"Spheric Guardian","floor":20,"turns":5},{"damage":0,"enemies":"Chosen","floor":21,"turns":1},{"damage":31,"enemies":"Gremlin Leader","floor":22,"turns":7},{"damage":6,"enemies":"Shelled Parasite and Fungi","floor":25,"turns":3},{"damage":0,"enemies":"Slavers","floor":26,"turns":1}],"seed_played":"5106017826528800794","potions_obtained":[{"floor":3,"key":"Dexterity Potion"},{"floor":4,"key":"Guardian:BlockOnCardUsePotion"},{"floor":11,"key":"Guardian:BlockOnCardUsePotion"},{"floor":12,"key":"sneckomod:MuddlingPotion"},{"floor":16,"key":"SneckoOil"},{"floor":25,"key":"FearPotion"}],"is_trial":false,"path_per_floor":["R","M","M","E","R","E","T","?","?","E","M","M","?","$","M","B",null,"R","?","M","M","E","R","T","M","E"],"character_chosen":"THE_SPIRIT","items_purchased":["hexamod:TimeWarp","hexamod:Hexaguard"],"campfire_rested":0,"item_purchase_floors":[14,14],"current_hp_per_floor":[77,77,77,59,59,47,47,47,47,47,47,39,47,47,37,21,77,77,77,75,75,52,52,52,46,46,46],"gold":297,"neow_bonus":"TEN_PERCENT_HP_BONUS","is_daily":false,"chose_seed":false,"campfire_upgraded":4,"win_rate":0.0,"timestamp":1607930799,"path_taken":["R","M","M","E","R","E","T","?","?","E","M","M","?","?","M","BOSS","R","?","M","M","E","R","T","M","E"],"items_purchased_type":["Card","Card"],"build_version":"2020-12-13","purchased_purges":0,"victory":false,"max_hp_per_floor":[77,77,77,77,77,77,77,77,77,77,77,77,77,77,77,77,77,77,77,77,77,77,77,77,77,77,77],"card_choices":[{"not_picked":["hexamod:NightmareGuise","hexamod:HauntingEcho"],"picked":"hexamod:Rewind","floor":2},{"not_picked":["hexamod:ThermalTransfer","hexamod:HauntingEcho"],"picked":"hexamod:RainOfEmbers","floor":3},{"not_picked":["hexamod:AdvancingGuard","hexamod:NightmareGuise"],"picked":"hexamod:GhostflameInferno","floor":4},{"not_picked":["hexamod:HexaLevel","hexamod:GhostShield"],"picked":"hexamod:SecondSeal","floor":6},{"not_picked":["hexamod:StepThrough","hexamod:GhostflameBarrier"],"picked":"hexamod:HeatCrush","floor":10},{"not_picked":["hexamod:GhostflameBarrier","hexamod:GhostLash"],"picked":"hexamod:EtherealExpedition","floor":11},{"not_picked":["hexamod:EmpoweredFlame","hexamod:HeatMetal"],"picked":"hexamod:ThirdSeal","floor":12},{"not_picked":["hexamod:SpectralAdrenaline","hexamod:GhostShield"],"picked":"hexamod:RainOfEmbers","floor":14},{"not_picked":["hexamod:HeatCrush","hexamod:ShieldOfDarkness"],"picked":"hexamod:CatchUp","floor":14},{"not_picked":["hexamod:ChargedBarrage","hexamod:HauntingEcho"],"picked":"hexamod:FirstSeal","floor":15},{"not_picked":["hexamod:GhostLash","hexamod:GhostOfSpirePast"],"picked":"hexamod:SpectersWail","floor":15},{"not_picked":["hexamod:WildfireWeapon","hexamod:TurnItUp"],"picked":"hexamod:FifthSeal","floor":16},{"not_picked":["hexamod:TimeOfNeed","hexamod:UnleashSpirits"],"picked":"hexamod:WildfireWeapon","floor":16},{"not_picked":["hexamod:ThirdSeal","hexamod:FirstSeal"],"picked":"hexamod:SixthSeal","floor":20},{"not_picked":["hexamod:BacktrackSmack+1","hexamod:AdvancingGuard"],"picked":"hexamod:GhostLash+1","floor":20},{"not_picked":["hexamod:FourthSeal","hexamod:Hexaguard"],"picked":"hexamod:Firestarter+1","floor":20},{"not_picked":["hexamod:StepThrough+1","hexamod:Firestarter"],"picked":"hexamod:ChargedBarrage","floor":21},{"not_picked":["hexamod:RetreatToShadows","hexamod:SixthSeal"],"picked":"hexamod:Incineration","floor":22},{"not_picked":["hexamod:HauntingEcho","hexamod:SpectersWail"],"picked":"hexamod:VolcanoVisage","floor":22},{"not_picked":["hexamod:FirstSeal","hexamod:SecondSeal","hexamod:ThirdSeal"],"picked":"SKIP","floor":22},{"not_picked":["hexamod:SecondSeal","hexamod:ThirdSeal"],"picked":"hexamod:RainOfEmbers","floor":25}],"player_experience":229338,"relics_obtained":[{"floor":4,"key":"aspiration:FrozenJewel"},{"floor":6,"key":"Regal Pillow"},{"floor":7,"key":"PreservedInsect"},{"floor":10,"key":"hubris:FunFungus"},{"floor":22,"key":"hubris:Metronome"},{"floor":24,"key":"hubris:Reverence"}],"event_choices":[],"is_beta":false,"boss_relics":[{"not_picked":["Empty Cage","energizedSpire:OgreHead"],"picked":"Runic Pyramid"}],"items_purged_floors":[],"is_endless":false,"potions_floor_spawned":[3,4,11,12,16,25],"killed_by":"Slavers","ascension_level":0}}