{"host":"kjmsjq3kpb3v9rdj","time":1607909321,"event":{"mods":["Aspiration","BaseMod","CCEM","Colored Powertips","Conspire","GifTheSpireLib","Halation","Highlight Path","Hubris","Ironclad Rager","Minty Spire (QoL Compilation)","Quick Restart","Relic Sorter","Small Relic Pack","Spicy Shops","Spikes Relics","StSLib","Stuff the Spire","The Blue Laboratory","The Disciple","The Necromancer","The Runesmith","The Showman","Trackpad","vexMod"],"gold_per_floor":[114,129,144,159,159,159,189,189,214,252,271,271,271,290,290,415,415,444,483,483,537,22,22,125,0,0,138,267,109,282,307,307,642,642,886,10,10,10,289,722,722,1235,1260,1260,440,440,40,534,534,534],"floor_reached":51,"playtime":3496,"items_purged":[],"score":1221,"play_id":"c307a359-3cf9-4e39-8205-d7ff8e1cef56","local_time":"20201213172841","daily_mods":["Cursed Run","Diverse","DeadlyEvents"],"is_ascension_mode":false,"campfire_choices":[{"data":"Runesmith:Reinforce","floor":6,"key":"SMITH"},{"floor":12,"key":"REST"},{"data":"Choke","floor":15,"key":"SMITH"},{"floor":23,"key":"REST"},{"data":"Parity","floor":32,"key":"SMITH"},{"data":"LockedScales","floor":32,"key":"SMITH"},{"data":"Choke+1","floor":41,"key":"SMITH"},{"data":"Fusion","floor":41,"key":"SMITH"},{"floor":46,"key":"REST"},{"floor":49,"key":"REST"}],"circlet_count":0,"master_deck":["Strike_B","Strike_B","Strike_B","Strike_B","Defend_B","Zap","Dualcast","Runesmith:Reinforce+1","Glacier","Metallicize","Fusion+1","Hatred","Choke+2","Recurrance","Finesse","Blade Dance","hubris:Greed","Flay","CurseOfTheBell","hubris:Greed","LockedScales+1","hubris:Greed","hubris:Greed","hubris:Greed","hubris:Greed","hubris:Greed","Ragnarok","hubris:Greed","hubris:Greed","hubris:Greed","hubris:Greed","hubris:Greed","hubris:Greed","Whirlwind+1","Normality","hubris:Greed","hubris:Greed","hubris:Greed","hubris:Greed","hubris:Greed","hubris:Greed","hubris:Greed","Parity+1","hubris:Greed","hubris:Greed","hubris:CleavingFinish+1","LockedBlood","Rampage","hubris:Greed","hubris:Greed","hubris:Greed","hubris:Greed","hubris:Greed","Perfected Strike","Doubt","hubris:Greed","hubris:Greed","hubris:Greed","hubris:Greed","hubris:Greed","hubris:Greed","hubris:Greed","hubris:Greed","hubris:Greed","hubris:Greed","hubris:Greed","hubris:Greed","hubris:Greed","hubris:Greed","hubris:Greed","Writhe","Hellfire","hubris:Greed","hubris:Greed","hubris:Greed","Negative_Energy_Burst+1","LockedAnchor","PlatinumSkin","hubris:TrickCloak","StuffTheSpire:ReptileScales","StuffTheSpire:Sprint","hubris:Greed","hubris:Greed","hubris:Greed","hubris:Greed","hubris:Greed","hubris:Greed","hubris:Greed","Buffer","hubris:Greed","hubris:Greed","hubris:Greed","hubris:Greed","hubris:Greed","hubris:Greed","hubris:Greed","hubris:Greed","hubris:Greed","hubris:Greed","hubris:Greed","hubris:Greed","hubris:Greed","hubris:Greed","hubris:Greed","hubris:Greed","hubris:Greed","hubris:Greed","hubris:Greed","hubris:Greed","hubris:Greed","hubris:Greed","hubris:Greed","hubris:Greed","hubris:Greed","hubris:Greed","hubris:Greed","LockedTornado+1","hubris:Greed","hubris:Greed","hubris:Greed","hubris:Greed","hubris:Greed","hubris:Greed","hubris:Greed","hubris:Greed","hubris:Greed","hubris:Greed","hubris:Greed","hubris:Greed","hubris:Greed","hubris:Greed","hubris:Greed","hubris:Greed","White Noise+1","Shame","Intolerance","Die Die Die","Defragment+1","LockedTornado","Sanctity+1","Hello World+1","Runesmith:Reinforce","LockedScales+1","Self Repair+1","hubris:Greed","hubris:Greed","hubris:Greed","hubris:Greed","hubris:Greed","hubris:Gluttony"],"relics":["Cursed Key","hubris:BundleOfHerbs","Darkstone Periapt","Du-Vu Doll","vexMod:MemoryStick","Golden Idol","Regal Pillow","Pocketwatch","Calling Bell","StuffTheSpire:GrapeVine","vexMod:ScavengeHelm","relicPack:DSword","FossilizedHelix","halation:PenCase","Ornamental Fan","SpikesRelics:ToyHorsey","CCEMRelics:Pendulum","Gremlin Horn","trackpad:Mousetrap","Toy Ornithopter","Vajra","aspiration:RunesmithSkillbook","aspiration:ChemicalBlood","vexMod:Spyglass","trackpad:SappingStone","aspiration:Lifesprig","halation:LostSnail","conspire:InfiniteJournal","Runesmith:Nanobots","StuffTheSpire:HeavyRock","RollingBoulder","Lizard Tail","relicPack:InfinityGauntlet","Orrery","Frozen Egg 2","Dream Catcher"],"acts_visited":["Exordium","TheCity","TheBeyond"],"potions_floor_usage":[4,10,10,16,33,40,40,42],"damage_taken":[{"damage":1,"enemies":"Cultist","floor":1,"turns":3},{"damage":7,"enemies":"conspire:RoseBush","floor":2,"turns":3},{"damage":5,"enemies":"Small Slimes","floor":3,"turns":4},{"damage":2,"enemies":"3 Louse","floor":4,"turns":4},{"damage":21,"enemies":"Gremlin Nob","floor":7,"turns":6},{"damage":0,"enemies":"Lagavulin","floor":10,"turns":9},{"damage":7,"enemies":"Gremlin Gang","floor":11,"turns":4},{"damage":4,"enemies":"conspire:2 RoseBushes","floor":14,"turns":3},{"damage":5,"enemies":"Slime Boss","floor":16,"turns":6},{"damage":25,"enemies":"2 Thieves","floor":18,"turns":4},{"damage":20,"enemies":"3 Byrds","floor":19,"turns":4},{"damage":19,"enemies":"Cultist and Chosen","floor":21,"turns":4},{"damage":27,"enemies":"Slavers","floor":24,"turns":4},{"damage":0,"enemies":"Gremlin Leader","floor":27,"turns":3},{"damage":0,"enemies":"Shelled Parasite and Fungi","floor":28,"turns":1},{"damage":14,"enemies":"Book of Stabbing","floor":30,"turns":4},{"damage":13,"enemies":"hubris:MusketHawk","floor":33,"turns":5},{"damage":0,"enemies":"3 Darklings","floor":35,"turns":1},{"damage":0,"enemies":"Orb Walker","floor":39,"turns":2},{"damage":140,"enemies":"Nemesis","floor":40,"turns":9},{"damage":89,"enemies":"Reptomancer","floor":42,"turns":5},{"damage":0,"enemies":"Jaw Worm Horde","floor":48,"turns":1},{"damage":10,"enemies":"Donu and Deca","floor":50,"turns":2}],"seed_played":"1880613833527945180","potions_obtained":[{"floor":2,"key":"Weak Potion"},{"floor":3,"key":"blueLaboratory:HorrorPotion"},{"floor":4,"key":"SkillPotion"},{"floor":7,"key":"Swift Potion"},{"floor":16,"key":"blueLaboratory:SystemWipe"},{"floor":18,"key":"blueLaboratory:EnragingPotion"},{"floor":21,"key":"blueLaboratory:PolymorphPotion"},{"floor":39,"key":"LiquidMemories"}],"is_trial":false,"path_per_floor":["M","M","M","M","$","R","E","?","T","E","M","R","?","M","R","B",null,"M","M","?","M","$","R","E","$","T","E","M","$","E","T","R","B",null,"M","$","$","?","M","E","R","E","T","T","$","R","$","M","R","B",null],"character_chosen":"DEFECT","items_purchased":["FossilizedHelix","halation:PenCase","Ragnarok","SpikesRelics:ToyHorsey","trackpad:Mousetrap","LockedBlood","Rampage","LockedAnchor","aspiration:ChemicalBlood","vexMod:Spyglass","trackpad:SappingStone","aspiration:Lifesprig","halation:LostSnail","blueLaboratory:LouseDecoction","PlatinumSkin","Lizard Tail","Die Die Die","relicPack:InfinityGauntlet","Orrery","Frozen Egg 2","Dream Catcher"],"campfire_rested":4,"item_purchase_floors":[22,22,22,25,29,29,29,36,36,36,36,36,36,36,36,45,45,45,45,47,47],"current_hp_per_floor":[74,67,62,60,60,60,39,39,45,45,38,75,75,71,71,72,87,68,60,25,24,24,75,87,87,93,135,147,147,165,171,171,270,351,369,369,369,369,411,449,449,461,467,473,473,681,681,681,681,717],"gold":534,"neow_bonus":"","is_daily":true,"chose_seed":false,"campfire_upgraded":6,"win_rate":0.0,"timestamp":1607909321,"path_taken":["M","M","M","M","?","R","E","?","T","E","M","R","?","M","R","BOSS","M","?","?","?","$","R","E","$","T","E","M","$","E","?","R","BOSS","M","$","?","?","?","E","R","E","T","?","?","R","$","?","R","BOSS"],"items_purchased_type":["Relic","Relic","Card","Relic","Relic","Card","Card","Card","Relic","Relic","Relic","Relic","Relic","Potion","Card","Relic","Card","Relic","Relic","Relic","Relic"],"build_version":"2020-12-13","purchased_purges":0,"victory":true,"max_hp_per_floor":[75,75,75,75,75,75,75,69,75,75,75,75,75,75,75,81,87,93,105,105,123,123,123,159,159,165,207,219,219,249,255,255,351,351,369,369,369,369,411,573,573,669,675,681,681,681,681,681,681,717],"card_choices":[{"not_picked":["Runesmith:CraftProtectio","Halt","Runesmith:StaticCage"],"picked":"SKIP","floor":1},{"not_picked":["Vampiric_Strike","Necromantic_Selection"],"picked":"Runesmith:Reinforce","floor":2},{"not_picked":["Shackles_Of_Pain","Prepared"],"picked":"Glacier","floor":3},{"not_picked":["Turbo","Runesmith:Accelerate"],"picked":"Metallicize","floor":4},{"not_picked":["Blood_Curse","hubris:Counter"],"picked":"Fusion","floor":7},{"not_picked":["Sweeping Beam","Underhanded Strike"],"picked":"Choke","floor":10},{"not_picked":["Phantasmal Killer","StuffTheSpire:Slingshot","theShowman:SleightedHand"],"picked":"SKIP","floor":11},{"not_picked":["Skewer","Barrage"],"picked":"Blade Dance","floor":14},{"not_picked":["Bludgeon","theShowman:PotentialUnleashed"],"picked":"Flay","floor":16},{"not_picked":["Bone_Spikes+1","Heavy Blade+1"],"picked":"LockedScales","floor":18},{"not_picked":["Lockon","Bane","Twin Strike"],"picked":"SKIP","floor":19},{"not_picked":["Whirlwind","theShowman:WildFlourish","theShowman:NowYouDont"],"picked":"SKIP","floor":21},{"not_picked":["theShowman:ParadigmPerformance","theShowman:BlackJack"],"picked":"Whirlwind+1","floor":24},{"not_picked":["Blade Dance","StuffTheSpire:NuclearReactor"],"picked":"Parity","floor":27},{"not_picked":["Heel Hook+1","Leap"],"picked":"hubris:CleavingFinish+1","floor":28},{"not_picked":["theShowman:StackTheDeck+1","Footwork+1"],"picked":"Perfected Strike","floor":30},{"not_picked":["hubris:Prefetch","theShowman:ObjectPermanence"],"picked":"Hellfire","floor":33},{"not_picked":["Undo","Life_Drain+1","Protect+1"],"picked":"Negative_Energy_Burst+1","floor":35},{"not_picked":["theShowman:CrashingLights","Dash","theShowman:OpenTheCurtain"],"picked":"Buffer","floor":39},{"not_picked":["theShowman:FullHouse+1","PrimeTime","Runesmith:CraftVitae+1"],"picked":"LockedTornado+1","floor":40},{"not_picked":["StuffTheSpire:Injection","Bone_Armory","Infernal Blade+1"],"picked":"White Noise+1","floor":42},{"not_picked":["theShowman:MaximumDistraction","Detonate_Bones","Inflame+1"],"picked":"Defragment+1","floor":45},{"not_picked":["Sanctity+1","theShowman:VanDeGraaffsRevenge","Clothesline"],"picked":"LockedTornado","floor":45},{"not_picked":["theShowman:RazzleDazzle+1","Armaments","Runesmith:Malloc"],"picked":"Sanctity+1","floor":45},{"not_picked":["Flying Knee+1","Heavy Blade","theShowman:NowYouSeeMe"],"picked":"Hello World+1","floor":45},{"not_picked":["Runesmith:Attraction+1","Uppercut","EmptyBody"],"picked":"Runesmith:Reinforce","floor":45},{"not_picked":["Uncharnel","LockedAnchor+1","Engulf"],"picked":"LockedScales+1","floor":48},{"not_picked":["theShowman:SleeveStash+1","theShowman:GotYourNose+1","Grand Finale"],"picked":"Self Repair+1","floor":49}],"player_experience":424637,"relics_obtained":[{"floor":7,"key":"vexMod:MemoryStick"},{"floor":9,"key":"Regal Pillow"},{"floor":10,"key":"Pocketwatch"},{"floor":17,"key":"StuffTheSpire:GrapeVine"},{"floor":17,"key":"vexMod:ScavengeHelm"},{"floor":17,"key":"hubris:BundleOfHerbs"},{"floor":24,"key":"Ornamental Fan"},{"floor":26,"key":"CCEMRelics:Pendulum"},{"floor":27,"key":"Gremlin Horn"},{"floor":30,"key":"Toy Ornithopter"},{"floor":31,"key":"Vajra"},{"floor":40,"key":"conspire:InfiniteJournal"},{"floor":42,"key":"Runesmith:Nanobots"},{"floor":43,"key":"StuffTheSpire:HeavyRock"},{"floor":44,"key":"RollingBoulder"}],"event_choices":[{"damage_healed":0,"gold_gain":0,"player_choice":"Lose Max HP","damage_taken":0,"relics_obtained":["Golden Idol"],"max_hp_gain":0,"max_hp_loss":6,"event_name":"Golden Idol","floor":8,"gold_loss":0},{"damage_healed":0,"gold_gain":0,"player_choice":"2 cards matched","damage_taken":0,"max_hp_gain":0,"max_hp_loss":0,"event_name":"Match and Keep!","floor":13,"gold_loss":0,"cards_obtained":["Recurrance","Finesse"]}],"is_beta":false,"boss_relics":[{"not_picked":["relicPack:StarArrow","halation:MonkeysPaw"],"picked":"Calling Bell"},{"not_picked":["relicPack:ShieldShield","aspiration:RitualDagger"],"picked":"aspiration:RunesmithSkillbook"}],"items_purged_floors":[],"is_endless":false,"potions_floor_spawned":[2,3,4,7,16,18,21,27,30,39],"ascension_level":0}}