{"host":"0fm1w3v00gid44jl","time":1607987927,"event":{"mods":["AchievementEnabler","BaseMod","Colored Map","Colored Powertips","Displayed Cursed Tome","Downfall","Googly Eyes","Highlight Path","Minty Spire (QoL Compilation)","Permanent Neow","Relic Stats","StSLib","SuperFastMode","slay the spire mod where everything is the same but ironclad has a cowboy hat"],"gold_per_floor":[99,99,114,126,126,126,126],"floor_reached":6,"playtime":168,"items_purged":[],"score":34,"play_id":"07a7cf82-ad1e-4196-b57f-5edab385b50c","local_time":"20201214171847","is_ascension_mode":false,"campfire_choices":[{"data":"champ:IgnorePain","floor":1,"key":"SMITH"},{"data":"champ:Taunt","floor":5,"key":"SMITH"}],"circlet_count":0,"master_deck":["champ:Strike","champ:Strike","champ:Strike","champ:Strike","champ:Defend","champ:Defend","champ:Defend","champ:Defend","champ:Execute","champ:Taunt+1","champ:IgnorePain+1","champ:RecklessLeap","champ:BerserkersShout"],"relics":["champ:ChampionCrown","Mummified Hand"],"acts_visited":["Exordium"],"potions_floor_usage":[],"damage_taken":[{"damage":5,"enemies":"2 Louse","floor":3,"turns":3},{"damage":5,"enemies":"Jaw Worm","floor":4,"turns":3},{"damage":23,"enemies":"3 Sentries","floor":6,"turns":3}],"seed_played":"-7765233753686796952","potions_obtained":[{"floor":4,"key":"SkillPotion"}],"is_trial":false,"path_per_floor":["R","?","M","M","R","E"],"character_chosen":"THE_CHAMP","items_purchased":[],"campfire_rested":0,"item_purchase_floors":[],"current_hp_per_floor":[90,78,78,78,78,69,69],"gold":126,"neow_bonus":"ONE_RANDOM_RARE_CARD","is_daily":false,"chose_seed":false,"campfire_upgraded":2,"win_rate":0.0,"timestamp":1607987927,"path_taken":["R","?","M","M","R","E"],"items_purchased_type":[],"build_version":"2020-12-13","purchased_purges":0,"victory":false,"max_hp_per_floor":[90,90,90,90,90,90,90],"relic_stats":{"counters":[3,9],"Mummified Hand":[0],"obtain_stats":[{"Mummified Hand":2,"champ:ChampionCrown":0},{"Mummified Hand":0,"champ:ChampionCrown":0},{"Mummified Hand":0,"champ:ChampionCrown":0}]},"card_choices":[{"not_picked":["champ:IronFortress","champ:FlashCut"],"picked":"champ:RecklessLeap","floor":3},{"not_picked":["champ:Circumvent","champ:BringItOn"],"picked":"champ:BerserkersShout","floor":4}],"player_experience":1233749,"relics_obtained":[],"event_choices":[{"damage_healed":0,"gold_gain":0,"player_choice":"Success","damage_taken":12,"relics_obtained":["Mummified Hand"],"max_hp_gain":0,"max_hp_loss":0,"event_name":"Scrap Ooze","floor":2,"gold_loss":0}],"is_beta":false,"boss_relics":[],"items_purged_floors":[],"is_endless":false,"potions_floor_spawned":[4],"killed_by":"3 Sentries","ascension_level":0}}