{"host":"Crutt","time":1607945492,"event":{"mods":["2.2 Compatiblity","Aspiration","Bard","BaseMod","Better Altar","Better Skull","Better Third Choice","Googly Eyes","Hermit","Jedi Mod","Jorbs\u0027s Wanderer Trilogy","Minty Spire (QoL Compilation)","Optimize The Spire","Potionbrewer","Spicy Shops","StSLib","The Construct","The Cursed","The Disciple","The Hierophant","The Runesmith","thorton","vexMod"],"gold_per_floor":[132,132,14,48,74,74,128,128,153,29,29,34,34,34],"floor_reached":12,"playtime":385,"items_purged":[],"score":114,"play_id":"fe3ba2ef-9175-4bc6-bc5a-3017c876b9fa","local_time":"20201214053132","is_ascension_mode":true,"campfire_choices":[{"data":"thethorton:LongTermPayoff","floor":6,"key":"SMITH"},{"floor":8,"key":"REST"},{"data":"thethorton:Crash","floor":11,"key":"SMITH"}],"circlet_count":0,"master_deck":["AscendersBane","thethorton:Strike","thethorton:Strike","thethorton:Strike","thethorton:Strike","thethorton:Defend","thethorton:Defend","thethorton:Defend","thethorton:Defend","thethorton:Heckle","thethorton:CreditCard","thethorton:BusinessBurst","Injury","Injury","thethorton:LongTermPayoff+1","thethorton:CoinShield","thethorton:Crash+1"],"relics":["thethorton:CouragePotion","Golden Idol","vexMod:PlasmaPancake","Toy Ornithopter","Bronze Scales","Mummified Hand"],"acts_visited":["Exordium"],"potions_floor_usage":[12],"damage_taken":[{"damage":2,"enemies":"Cultist","floor":1,"turns":4},{"damage":4,"enemies":"Small Slimes","floor":4,"turns":4},{"damage":4,"enemies":"2 Louse","floor":5,"turns":5},{"damage":43,"enemies":"3 Sentries","floor":7,"turns":9},{"damage":57,"enemies":"Gremlin Nob","floor":12,"turns":5}],"seed_played":"-581874816586053290","potions_obtained":[{"floor":7,"key":"potionbrewer:ToxicPotion"}],"is_trial":false,"path_per_floor":["M","?","$","M","M","R","E","R","T","$","R","E"],"character_chosen":"THE_THORT","items_purchased":["vexMod:PlasmaPancake","Mummified Hand"],"campfire_rested":1,"item_purchase_floors":[3,10],"current_hp_per_floor":[59,59,65,61,57,57,14,36,36,36,36,0,0,0],"gold":34,"neow_bonus":"REMOVE_CARD","is_daily":false,"chose_seed":false,"campfire_upgraded":2,"win_rate":0.0,"timestamp":1607945492,"path_taken":["M","?","$","M","M","R","E","R","T","$","R","E"],"items_purchased_type":["Relic","Relic"],"build_version":"2020-12-07","purchased_purges":0,"victory":false,"max_hp_per_floor":[68,68,74,74,74,74,74,74,74,74,74,74,74,74],"card_choices":[{"not_picked":["thethorton:CashBash","thethorton:HitAhead"],"picked":"thethorton:BusinessBurst","floor":1},{"not_picked":["thethorton:SnowDay","thethorton:StampSmack"],"picked":"thethorton:LongTermPayoff","floor":4},{"not_picked":["thethorton:LongDaysWork","thethorton:LongTermPayoff"],"picked":"thethorton:CoinShield","floor":5},{"not_picked":["thethorton:DownPayment","thethorton:ShoutAndRun"],"picked":"thethorton:Crash","floor":7}],"player_experience":3518361,"relics_obtained":[{"floor":7,"key":"Toy Ornithopter"},{"floor":9,"key":"Bronze Scales"}],"event_choices":[{"damage_healed":0,"gold_gain":0,"player_choice":"Take Wound","damage_taken":0,"relics_obtained":["Golden Idol"],"max_hp_gain":0,"max_hp_loss":0,"event_name":"Golden Idol","floor":2,"gold_loss":0,"cards_obtained":["Injury"]}],"is_beta":true,"boss_relics":[],"items_purged_floors":[],"is_endless":false,"potions_floor_spawned":[7],"killed_by":"Gremlin Nob","ascension_level":10}}