{"host":"2461dio7vetlq1z3","time":1607912619,"event":{"mods":["AchievementEnabler","Aspiration","BaseMod","Hermit","Lobotomy","Minty Spire (QoL Compilation)","Relic Stats","Spicy Shops","StSLib","Waifu the Spire"],"gold_per_floor":[114,128,203,59,73,73,73,99,169,46,46,59,86,96,96,174,174,84,46,46,46,46,46,46,46,46,46,19,19,19,19,19,19,19,19,19,19,19,19,19,19,19,19,19,19,19,19,19,19,19,19,19,19,19,19],"floor_reached":56,"playtime":4068,"items_purged":["Strike_B"],"score":2089,"play_id":"4f80f65c-79f9-4981-bfa2-b4870f53f287","local_time":"20201214032339","is_ascension_mode":true,"campfire_choices":[{"data":"Genetic Algorithm","floor":6,"key":"SMITH"},{"floor":11,"key":"REST"},{"data":"Hologram","floor":15,"key":"SMITH"},{"data":"Consume","floor":23,"key":"SMITH"},{"data":"Hologram","floor":29,"key":"SMITH"},{"data":"Coolheaded","floor":32,"key":"SMITH"},{"floor":42,"key":"REST"},{"floor":44,"key":"RECALL"},{"data":"Blizzard","floor":47,"key":"SMITH"},{"data":"Recycle","floor":49,"key":"SMITH"},{"data":"Recycle","floor":52,"key":"SMITH"}],"circlet_count":0,"master_deck":["AscendersBane","Strike_B","Strike_B","Strike_B","Defend_B","Defend_B","Defend_B","Defend_B","Zap","Dualcast","Genetic Algorithm+1","Compile Driver","Glacier","Blizzard+1","White Noise","Reinforced Body","Coolheaded+1","Biased Cognition+1","Hologram+1","Buffer+1","Consume+1","Recycle+1","Glacier","Loop+1","Rebound","Hologram+1","Glacier","Echo Form+1","Recycle+1","Blizzard+1","Hologram","Defragment+1"],"relics":["Cracked Core","Turnip","Frozen Egg 2","Meat on the Bone","Darkstone Periapt","CaptainsWheel","Ectoplasm","aspiration:ChemicalBlood","Eternal Feather","aspiration:HiddenCompartment","StrikeDummy","Inserter","Anchor","Question Card","Nunchaku","Orichalcum","aspiration:EnhancedActuators"],"acts_visited":["Exordium","TheCity","TheBeyond","TheEnding"],"potions_floor_usage":[8,13,25,31,33,40,45,48,54,55,55],"damage_taken":[{"damage":3,"enemies":"Jaw Worm","floor":1,"turns":4},{"damage":5,"enemies":"Cultist","floor":2,"turns":4},{"damage":2,"enemies":"Small Slimes","floor":5,"turns":4},{"damage":23,"enemies":"3 Sentries","floor":8,"turns":9},{"damage":12,"enemies":"Gremlin Gang","floor":12,"turns":4},{"damage":14,"enemies":"Gremlin Nob","floor":13,"turns":5},{"damage":0,"enemies":"Red Slaver","floor":14,"turns":5},{"damage":30,"enemies":"The Guardian","floor":16,"turns":16},{"damage":0,"enemies":"2 Thieves","floor":18,"turns":5},{"damage":0,"enemies":"3 Byrds","floor":20,"turns":6},{"damage":0,"enemies":"Snake Plant","floor":24,"turns":5},{"damage":11,"enemies":"Book of Stabbing","floor":25,"turns":7},{"damage":6,"enemies":"Gremlin Leader","floor":27,"turns":9},{"damage":0,"enemies":"Slavers","floor":31,"turns":5},{"damage":10,"enemies":"Automaton","floor":33,"turns":15},{"damage":20,"enemies":"3 Shapes","floor":35,"turns":6},{"damage":0,"enemies":"Orb Walker","floor":36,"turns":6},{"damage":0,"enemies":"Spire Growth","floor":38,"turns":8},{"damage":0,"enemies":"4 Shapes","floor":39,"turns":10},{"damage":45,"enemies":"Reptomancer","floor":40,"turns":13},{"damage":0,"enemies":"Sphere and 2 Shapes","floor":45,"turns":8},{"damage":0,"enemies":"Giant Head","floor":46,"turns":11},{"damage":22,"enemies":"Reptomancer","floor":48,"turns":8},{"damage":9,"enemies":"Donu and Deca","floor":50,"turns":9},{"damage":23,"enemies":"Shield and Spear","floor":54,"turns":10},{"damage":35,"enemies":"The Heart","floor":55,"turns":15}],"seed_played":"6434770431906473534","potions_obtained":[{"floor":5,"key":"Strength Potion"},{"floor":14,"key":"ColorlessPotion"},{"floor":16,"key":"PowerPotion"},{"floor":25,"key":"Dexterity Potion"},{"floor":27,"key":"EssenceOfSteel"},{"floor":40,"key":"AttackPotion"},{"floor":40,"key":"EssenceOfDarkness"},{"floor":40,"key":"Swift Potion"},{"floor":45,"key":"Explosive Potion"},{"floor":46,"key":"PowerPotion"},{"floor":48,"key":"Ancient Potion"},{"floor":54,"key":"PotionOfCapacity"},{"floor":55,"key":"FearPotion"}],"is_trial":false,"path_per_floor":["M","M","?","$","M","R","?","E","T","$","R","M","E","M","R","B",null,"M","$","M","?","?","R","M","E","T","E","$","R","$","E","R","B",null,"M","M","T","M","M","E","?","R","T","R","M","E","R","E","R","B",null,"R","$","E","B",null],"character_chosen":"DEFECT","items_purchased":["Glacier","Blizzard","PowerPotion","Consume","Hologram"],"campfire_rested":2,"item_purchase_floors":[4,4,10,19,28],"current_hp_per_floor":[43,38,27,27,25,25,25,2,2,2,23,23,21,33,33,15,57,57,57,57,57,57,57,57,46,46,40,40,55,55,55,70,60,68,48,48,48,48,48,15,15,54,54,71,71,71,71,49,67,58,68,71,71,48,25],"gold":19,"neow_bonus":"ONE_RARE_RELIC","is_daily":false,"chose_seed":false,"campfire_upgraded":8,"win_rate":0.0,"timestamp":1607912619,"path_taken":["M","M","?","$","M","R","?","E","T","?","R","M","E","M","R","BOSS","M","$","M","?","?","R","M","E","T","E","$","R","$","E","R","BOSS","M","?","?","M","M","E","?","R","T","R","M","E","R","E","R","BOSS","R","$","E","BOSS"],"items_purchased_type":["Card","Card","Potion","Card","Card"],"build_version":"2020-12-13","purchased_purges":1,"victory":true,"max_hp_per_floor":[71,71,71,71,71,71,71,71,71,71,71,71,71,71,71,71,71,71,71,71,71,71,71,71,71,71,71,71,71,71,71,71,71,71,71,71,71,71,71,71,71,71,71,71,71,71,71,71,71,71,71,71,71,71,71],"relic_stats":{"Darkstone Periapt":0,"Nunchaku":[2],"Inserter":[50],"counters":[26,207],"Eternal Feather":86,"Turnip":[11],"Ectoplasm":550,"Orichalcum":[6],"Question Card":7,"obtain_stats":[{"Darkstone Periapt":9,"Inserter":34,"Eternal Feather":26,"Frozen Egg 2":7,"Orichalcum":48,"aspiration:HiddenCompartment":27,"Question Card":40,"CaptainsWheel":13,"Anchor":37,"Nunchaku":46,"aspiration:EnhancedActuators":54,"Turnip":0,"Ectoplasm":17,"Cracked Core":0,"StrikeDummy":31,"Meat on the Bone":8,"aspiration:ChemicalBlood":25},{"Darkstone Periapt":4,"Inserter":15,"Eternal Feather":12,"Frozen Egg 2":3,"Orichalcum":23,"aspiration:HiddenCompartment":13,"Question Card":20,"CaptainsWheel":6,"Anchor":17,"Nunchaku":22,"aspiration:EnhancedActuators":25,"Turnip":0,"Ectoplasm":8,"Cracked Core":0,"StrikeDummy":14,"Meat on the Bone":4,"aspiration:ChemicalBlood":12},{"Darkstone Periapt":21,"Inserter":103,"Eternal Feather":74,"Frozen Egg 2":12,"Orichalcum":173,"aspiration:HiddenCompartment":83,"Question Card":146,"CaptainsWheel":30,"Anchor":115,"Nunchaku":165,"aspiration:EnhancedActuators":192,"Turnip":0,"Ectoplasm":51,"Cracked Core":0,"StrikeDummy":88,"Meat on the Bone":21,"aspiration:ChemicalBlood":74}],"Meat on the Bone":72},"card_choices":[{"not_picked":["Hologram","Conserve Battery"],"picked":"Genetic Algorithm","floor":1},{"not_picked":["Conserve Battery","Leap"],"picked":"Compile Driver","floor":2},{"not_picked":["Redo","Gash"],"picked":"White Noise","floor":5},{"not_picked":["Sunder","Double Energy"],"picked":"Reinforced Body","floor":8},{"not_picked":["Go for the Eyes","Ball Lightning"],"picked":"Coolheaded","floor":12},{"not_picked":["Redo","Barrage"],"picked":"Biased Cognition+1","floor":13},{"not_picked":["Leap","Stack"],"picked":"Hologram","floor":14},{"not_picked":["Reboot","Amplify"],"picked":"Buffer+1","floor":16},{"not_picked":["Stack","Beam Cell","Rebound"],"picked":"SKIP","floor":18},{"not_picked":["Streamline+1","Ball Lightning"],"picked":"Recycle","floor":20},{"not_picked":["Conserve Battery","Leap"],"picked":"Loop+1","floor":24},{"not_picked":["FTL","Stack"],"picked":"Rebound","floor":25},{"not_picked":["White Noise","All For One","Leap"],"picked":"SKIP","floor":27},{"not_picked":["White Noise","All For One","Leap"],"picked":"SKIP","floor":27},{"not_picked":["Gash","Barrage+1"],"picked":"Glacier","floor":31},{"not_picked":["Thunder Strike","All For One"],"picked":"Echo Form+1","floor":33},{"not_picked":["Go for the Eyes","Leap+1"],"picked":"Recycle","floor":35},{"not_picked":["Leap","BootSequence"],"picked":"Blizzard+1","floor":36},{"not_picked":["Conserve Battery","Turbo+1"],"picked":"Hologram","floor":38},{"not_picked":["Doom and Gloom","Coolheaded","Rebound"],"picked":"SKIP","floor":39},{"not_picked":["Gash+1","Conserve Battery","Hyperbeam"],"picked":"SKIP","floor":40},{"not_picked":["Sunder+1","Hologram","Barrage+1","Heatsinks+1"],"picked":"SKIP","floor":45},{"not_picked":["Go for the Eyes","Sunder","Darkness"],"picked":"Defragment+1","floor":46},{"not_picked":["Double Energy","Steam Power","Turbo+1","Ball Lightning+1"],"picked":"SKIP","floor":48},{"not_picked":["Ball Lightning","Conserve Battery+1","Doom and Gloom","Blizzard"],"picked":"SKIP","floor":54}],"player_experience":703670,"relics_obtained":[{"floor":8,"key":"Meat on the Bone"},{"floor":9,"key":"Darkstone Periapt"},{"floor":13,"key":"CaptainsWheel"},{"floor":25,"key":"aspiration:ChemicalBlood"},{"floor":26,"key":"Eternal Feather"},{"floor":27,"key":"aspiration:HiddenCompartment"},{"floor":31,"key":"StrikeDummy"},{"floor":37,"key":"Anchor"},{"floor":40,"key":"Question Card"},{"floor":46,"key":"Nunchaku"},{"floor":48,"key":"Orichalcum"},{"floor":54,"key":"aspiration:EnhancedActuators"}],"event_choices":[{"damage_healed":0,"gold_gain":75,"player_choice":"Gather Gold","damage_taken":11,"max_hp_gain":0,"max_hp_loss":0,"event_name":"World of Goop","floor":3,"gold_loss":0},{"damage_healed":0,"gold_gain":0,"player_choice":"Read","damage_taken":0,"max_hp_gain":0,"max_hp_loss":0,"event_name":"The Library","floor":21,"gold_loss":0,"cards_obtained":["Glacier"]},{"cards_removed":["Injury"],"damage_healed":0,"gold_gain":0,"player_choice":"Purged","damage_taken":0,"max_hp_gain":0,"max_hp_loss":0,"event_name":"Purifier","floor":22,"gold_loss":0},{"damage_healed":0,"gold_gain":0,"player_choice":"Ignored","damage_taken":0,"max_hp_gain":0,"max_hp_loss":0,"event_name":"SecretPortal","floor":41,"gold_loss":0}],"is_beta":false,"boss_relics":[{"not_picked":["aspiration:SecretTechniqueScroll","aspiration:WatcherSkillbook"],"picked":"Ectoplasm"},{"not_picked":["Calling Bell","Nuclear Battery"],"picked":"Inserter"}],"items_purged_floors":[10],"is_endless":false,"potions_floor_spawned":[5,14,16,25,27,35,36,40,45,46,48],"ascension_level":15}}