{"host":"ks12kfi5c4d9hdxy","time":1607937428,"event":{"mods":["BaseMod","Conspire","GifTheSpireLib","HololiveMod","Koishi","LagranYue(拉格朗・月)","Marisa（F雨　魔理沙）","Minty Spire (QoL Compilation)","Reimu（博丽灵梦）","Remilia（蕾米莉亚）","Replay The Spire","RumiaBox-露米娅的神秘盒子","StSLib","SuperFastMode","The Administrix","The Servant 0.9.4","Youmu（魂魄妖梦）","Yuyuko","【功能Mod】混沌之环修复补丁","【功能Mod】聪明的最终Boss","篝火指南"],"gold_per_floor":[112,129,179,195,212,212,261,186,211,211,274,327,327,277,277,378,378,443,443,492,178,228,269,316,360,360,360,360],"floor_reached":27,"playtime":908,"items_purged":["Strike_MRS","Strike_MRS"],"score":466,"play_id":"96523118-9432-459d-9e88-11681df5b094","local_time":"20201214171708","is_ascension_mode":true,"campfire_choices":[{"data":"GrandCross","floor":6.0,"key":"SMITH"},{"floor":13.0,"key":"REST"},{"data":"UpSweep","floor":15.0,"key":"SMITH"}],"circlet_count":0,"master_deck":["AscendersBane","Strike_MRS","Defend_MRS","Defend_MRS","Defend_MRS","Defend_MRS","MasterSpark","UpSweep+1","EnergyFlow","GrandCross+1","WitchOfGreed","EnergyFlow","WitchOfGreed","conspire:SpireCoStock","GrandCross+1","Flash of Steel","Acceleration"],"relics":["MiniHakkero","LagranYue:RandomDrawCardRelic","Bird Faced Urn","Bag of Marbles","Art of War","Smiling Mask","Busted Crown","DollysMirror","conspire:Dentures","Quantum Egg","PlanX"],"acts_visited":["Exordium","TheCity"],"potions_floor_usage":[25,25,27],"damage_taken":[{"damage":2.0,"enemies":"2 Louse","floor":1.0,"turns":3.0},{"damage":0.0,"enemies":"Cultist","floor":2.0,"turns":4.0},{"damage":2.0,"enemies":"Jaw Worm","floor":4.0,"turns":3.0},{"damage":7.0,"enemies":"2 Fungi Beasts","floor":5.0,"turns":3.0},{"damage":17.0,"enemies":"Gremlin Nob","floor":7.0,"turns":4.0},{"damage":30.0,"enemies":"3 Sentries","floor":11.0,"turns":9.0},{"damage":33.0,"enemies":"Slime Boss","floor":16.0,"turns":8.0},{"damage":17.0,"enemies":"Chosen","floor":18.0,"turns":5.0},{"damage":8.0,"enemies":"conspire:FuzzyDice","floor":20.0,"turns":5.0},{"damage":36.0,"enemies":"Slavers","floor":23.0,"turns":4.0},{"damage":6.0,"enemies":"Snake Plant","floor":24.0,"turns":4.0},{"damage":16,"enemies":"Replay:Snechameleon","floor":25,"turns":4},{"damage":25,"enemies":"conspire:SneckoGhost","floor":27,"turns":4}],"seed_played":"9005169962388837784","potions_obtained":[{"floor":1.0,"key":"Energy Potion"},{"floor":5.0,"key":"Elixir"},{"floor":16.0,"key":"Fire Potion"},{"floor":16.0,"key":"EntropicBrew"},{"floor":18.0,"key":"Ancient Potion"},{"floor":20.0,"key":"Strength Potion"},{"floor":23.0,"key":"Block Potion"},{"floor":24.0,"key":"Fire Potion"},{"floor":24.0,"key":"BlessingOfTheForge"},{"floor":25,"key":"BottledSpark"},{"floor":25,"key":"ZuzhouPotion:ReiMu"}],"is_trial":false,"path_per_floor":["M","M","?","M","M","R","E","$","T","?","E","?","R","?","R","B",null,"M","?","M","$","?","E","M","E","T","E"],"character_chosen":"MARISA","items_purchased":["DollysMirror","Flash of Steel"],"campfire_rested":1,"item_purchase_floors":[21,21],"current_hp_per_floor":[43,45,45,45,40,40,29,29,29,29,7,7,28,28,28,3,53,42,42,42,42,42,12,14,6,6,0,0],"gold":360,"neow_bonus":"ONE_RARE_RELIC","is_daily":false,"chose_seed":false,"campfire_upgraded":2,"win_rate":0.0,"timestamp":1607937428,"path_taken":["M","M","?","?","M","R","E","$","T","?","E","?","R","?","R","BOSS","M","?","M","$","?","E","M","E","T","E"],"items_purchased_type":["Relic","Card"],"build_version":"2020-12-13","purchased_purges":2,"victory":false,"max_hp_per_floor":[70,70,70,70,70,70,70,70,70,70,70,70,70,70,70,70,70,70,70,70,70,70,70,70,70,70,70,70],"card_choices":[{"not_picked":["MagicChant","RefractionSpark"],"picked":"EnergyFlow","floor":1.0},{"not_picked":["SprinkleStarSeal","GalacticHalo"],"picked":"GrandCross","floor":2.0},{"not_picked":["DeepEcoloBomb","ShootingEcho"],"picked":"WitchOfGreed","floor":4.0},{"not_picked":["MysteriousBeam","DarkMatter"],"picked":"EnergyFlow","floor":5.0},{"not_picked":["LuminesStrike","AsteroidBelt"],"picked":"WitchOfGreed","floor":7.0},{"not_picked":["OpenUniverse","BlazingStar","GasGiant"],"picked":"SKIP","floor":11.0},{"not_picked":["GalacticHalo"],"picked":"SKIP","floor":18.0},{"not_picked":["ShootingEcho"],"picked":"SKIP","floor":20.0},{"not_picked":["RefractionSpark+1"],"picked":"SKIP","floor":23.0},{"not_picked":["Acceleration"],"picked":"SKIP","floor":24.0},{"not_picked":[],"picked":"Acceleration","floor":24.0},{"not_picked":["AlicesGift"],"picked":"SKIP","floor":25}],"player_experience":458955,"relics_obtained":[{"floor":7.0,"key":"Bag of Marbles"},{"floor":9.0,"key":"Art of War"},{"floor":11.0,"key":"Smiling Mask"},{"floor":23.0,"key":"conspire:Dentures"},{"floor":25,"key":"Quantum Egg"},{"floor":26,"key":"PlanX"}],"event_choices":[{"damage_healed":0.0,"max_hp_gain":0.0,"max_hp_loss":0.0,"gold_gain":50.0,"event_name":"Golden Shrine","player_choice":"Pray","floor":3.0,"gold_loss":0.0,"damage_taken":0.0},{"cards_removed":["Strike_MRS"],"damage_healed":0.0,"max_hp_gain":0.0,"max_hp_loss":0.0,"gold_gain":0.0,"event_name":"Living Wall","player_choice":"Forget","floor":10.0,"gold_loss":0.0,"damage_taken":0.0},{"damage_healed":0.0,"max_hp_gain":0.0,"max_hp_loss":0.0,"gold_gain":53.0,"event_name":"Golden Wing","player_choice":"Gained Gold","floor":12.0,"gold_loss":0.0,"damage_taken":0.0},{"damage_healed":0.0,"max_hp_gain":0.0,"max_hp_loss":0.0,"gold_gain":0.0,"event_name":"conspire:Investor","player_choice":"Invest 1","floor":14.0,"gold_loss":0.0,"damage_taken":0.0},{"damage_healed":0.0,"max_hp_gain":0.0,"max_hp_loss":0.0,"gold_gain":50.0,"event_name":"Nest","player_choice":"Stole From Cult","floor":22.0,"gold_loss":0.0,"damage_taken":0.0}],"is_beta":false,"boss_relics":[{"not_picked":["Kintsugi","Cursed Key"],"picked":"Busted Crown"}],"items_purged_floors":[8,21],"is_endless":false,"potions_floor_spawned":[1,5,16,20,24,25],"killed_by":"conspire:SneckoGhost","ascension_level":16}}