{"host":"jak4ncvfzor9mys0","time":1607913552,"event":{"mods":["2.2 Compatiblity","AchievementEnabler","BaseMod","Better Altar","Better Match","Better Note","Better Sensory Stone","Better Skull","Better Third Choice","BetterRewards","Block Reminder","Colored Map","Colored Powertips","Energized Spire","Gold Saver","Hubris","Infinite Spire","Key Reminder","Minty Spire (QoL Compilation)","Rare Cards Sparkle","Red Circlet Mod","Relic Sorter","Relic Stats","Replay The Spire","Retaliation","StSLib","SuperFastMode","The Blue Laboratory"],"gold_per_floor":[431,448,459,459,479,497,497,597,597,445,465,496,396,413,413,413,413],"floor_reached":16,"playtime":410,"items_purged":["Strike_P","Strike_P"],"score":154,"play_id":"054ec09e-4b8b-4a56-a1f1-4509b08758a5","local_time":"20201213183912","is_ascension_mode":false,"campfire_choices":[{"data":"DeceiveReality","floor":7,"key":"SMITH"},{"data":"Consecrate","floor":15,"key":"SMITH"}],"circlet_count":0,"master_deck":["Strike_P","Strike_P","Defend_P","Defend_P","Defend_P","Defend_P","Eruption+1","Vigilance","BowlingBash","DeceiveReality+1","Consecrate+1","Protect","WindmillStrike","WindmillStrike"],"relics":["PureWater","TeardropLocket","infinitespire:Broken Mirror","infinitespire:Magic Flask"],"acts_visited":["Exordium"],"potions_floor_usage":[16],"damage_taken":[{"damage":0,"enemies":"2 Louse","floor":1,"turns":1},{"damage":0,"enemies":"Cultist","floor":2,"turns":2},{"damage":1,"enemies":"Jaw Worm","floor":3,"turns":3},{"damage":10,"enemies":"Looter","floor":5,"turns":2},{"damage":0,"enemies":"Exordium Wildlife","floor":6,"turns":4},{"damage":0,"enemies":"Blue Slaver","floor":11,"turns":2},{"damage":2,"enemies":"3 Sentries","floor":12,"turns":6},{"damage":0,"enemies":"2 Fungi Beasts","floor":14,"turns":2},{"damage":66,"enemies":"The Guardian","floor":16,"turns":8}],"seed_played":"-2574022501694300440","potions_obtained":[{"floor":2,"key":"LiquidBronze"},{"floor":6,"key":"blueLaboratory:BottledHope"},{"floor":11,"key":"SpeedPotion"}],"is_trial":false,"path_per_floor":["M","M","M","?","M","M","R","?","T","$","M","E","$","M","R","B"],"character_chosen":"WATCHER","items_purchased":["TeardropLocket","WindmillStrike"],"campfire_rested":0,"item_purchase_floors":[0,10],"current_hp_per_floor":[72,72,71,71,61,61,61,61,61,61,61,59,59,59,59,0,0],"gold":413,"neow_bonus":"","is_daily":false,"chose_seed":false,"campfire_upgraded":2,"win_rate":0.0,"timestamp":1607913552,"path_taken":["M","M","M","?","?","M","R","?","T","$","M","E","$","M","R","BOSS"],"items_purchased_type":["Relic","Card"],"build_version":"2020-12-13","purchased_purges":2,"victory":false,"max_hp_per_floor":[72,72,72,72,72,72,72,72,72,72,72,72,72,72,72,72,72],"relic_stats":{"counters":[78,329],"obtain_stats":[{"Regal Pillow":0,"Snecko Heart":17,"Vajra":3,"Incense Burner":12,"hubris:SlimyHat":14,"TeardropLocket":0,"ClockworkSouvenir":3,"energizedSpire:BlackCloud":17,"Blood Vial":40,"Replay:Ringing Soul":19,"Lizard Tail":19,"Centennial Puzzle":41,"hubris:Icosahedron":12,"Mummified Hand":3,"HandDrill":2,"Toxic Egg 2":26,"Replay:Wax Seal":10,"InkBottle":7,"hubris:Teleporter":40,"Golden Idol":2,"Quantum Egg":24,"Oddly Smooth Stone":12,"Pen Nib":26,"infinitespire:Lucky Rock":9,"infinitespire:Magic Flask":12,"hubris:Towel":2,"Orichalcum":42,"Mercury Hourglass":9,"Replay:Baseball":14,"Busted Crown":17,"infinitespire:Lychee Nut":28,"Shuriken":14,"infinitespire:Broken Mirror":9,"HolyWater":17,"infinitespire:Satchel":9,"Coffee Dripper":17,"Durian":30,"Black Star":34,"infinitespire:EmpoweringShard":43,"Bag of Marbles":26,"Membership Card":0,"PureWater":0,"Kintsugi":34,"hubris:Potato":13,"hubris:Reverence":9,"hubris:BottledRain":3},{"Regal Pillow":37,"Snecko Heart":62,"Vajra":38,"Incense Burner":4,"hubris:SlimyHat":19,"TeardropLocket":12,"ClockworkSouvenir":14,"energizedSpire:BlackCloud":33,"Blood Vial":54,"Replay:Ringing Soul":6,"Lizard Tail":34,"Centennial Puzzle":54,"hubris:Icosahedron":61,"Mummified Hand":14,"HandDrill":27,"Toxic Egg 2":8,"Replay:Wax Seal":16,"InkBottle":16,"hubris:Teleporter":54,"Golden Idol":58,"Quantum Egg":47,"Oddly Smooth Stone":41,"Pen Nib":47,"infinitespire:Lucky Rock":60,"infinitespire:Magic Flask":76,"hubris:Towel":38,"Orichalcum":54,"Mercury Hourglass":16,"Replay:Baseball":43,"Busted Crown":44,"infinitespire:Lychee Nut":8,"Shuriken":32,"infinitespire:Broken Mirror":74,"HolyWater":20,"infinitespire:Satchel":40,"Coffee Dripper":5,"Durian":48,"Black Star":50,"infinitespire:EmpoweringShard":54,"Bag of Marbles":68,"Membership Card":12,"PureWater":0,"Kintsugi":11,"hubris:Potato":61,"hubris:Reverence":3,"hubris:BottledRain":14},{"Regal Pillow":160,"Snecko Heart":271,"Vajra":164,"Incense Burner":11,"hubris:SlimyHat":89,"TeardropLocket":66,"ClockworkSouvenir":72,"energizedSpire:BlackCloud":141,"Blood Vial":240,"Replay:Ringing Soul":26,"Lizard Tail":144,"Centennial Puzzle":240,"hubris:Icosahedron":265,"Mummified Hand":72,"HandDrill":118,"Toxic Egg 2":36,"Replay:Wax Seal":80,"InkBottle":80,"hubris:Teleporter":240,"Golden Idol":260,"Quantum Egg":208,"Oddly Smooth Stone":173,"Pen Nib":208,"infinitespire:Lucky Rock":263,"infinitespire:Magic Flask":319,"hubris:Towel":164,"Orichalcum":240,"Mercury Hourglass":80,"Replay:Baseball":182,"Busted Crown":189,"infinitespire:Lychee Nut":36,"Shuriken":130,"infinitespire:Broken Mirror":311,"HolyWater":100,"infinitespire:Satchel":170,"Coffee Dripper":21,"Durian":211,"Black Star":220,"infinitespire:EmpoweringShard":240,"Bag of Marbles":292,"Membership Card":66,"PureWater":0,"Kintsugi":62,"hubris:Potato":265,"hubris:Reverence":8,"hubris:BottledRain":72}]},"card_choices":[{"not_picked":["Crescendo","Protect","PathToVictory"],"picked":"SKIP","floor":1},{"not_picked":["WindmillStrike","Adaptation"],"picked":"BowlingBash","floor":2},{"not_picked":["Consecrate","Crescendo"],"picked":"DeceiveReality","floor":3},{"not_picked":["Replay:BluntJabs","ClearTheMind"],"picked":"Consecrate","floor":5},{"not_picked":["Replay:AllIn","Crescendo"],"picked":"Protect","floor":6},{"not_picked":["JustLucky","Replay:BluntJabs","ClearTheMind"],"picked":"SKIP","floor":11},{"not_picked":["Omniscience","PathToVictory","Wish"],"picked":"SKIP","floor":12},{"not_picked":["Halt","SignatureMove"],"picked":"WindmillStrike","floor":14}],"player_experience":2599485,"relics_obtained":[{"floor":9,"key":"infinitespire:Broken Mirror"},{"floor":12,"key":"infinitespire:Magic Flask"}],"event_choices":[{"damage_healed":0,"gold_gain":0,"player_choice":"Upgraded","damage_taken":0,"max_hp_gain":0,"max_hp_loss":0,"event_name":"Upgrade Shrine","floor":4,"gold_loss":0,"cards_upgraded":["Eruption"]},{"damage_healed":0,"gold_gain":100,"player_choice":"Pray","damage_taken":0,"max_hp_gain":0,"max_hp_loss":0,"event_name":"Golden Shrine","floor":8,"gold_loss":0}],"is_beta":false,"boss_relics":[],"items_purged_floors":[10,13],"is_endless":false,"potions_floor_spawned":[2,6,11,12],"killed_by":"The Guardian","ascension_level":0}}