{"host":"6d7y2d7a0xmat6il","time":1607971793,"event":{"mods":["AchievementEnabler","Aspiration","BaseMod","Better Note","Colored Map","Colored Powertips","Conspire","Highlight Path","Hubris","Infinite Spire","Marisa????????","Minty Spire (QoL Compilation)","Permanent Neow","Remilia??????","Replay The Spire","Shop Mod","StSLib","vexMod"],"gold_per_floor":[111,61,61,14,314,328,328,357,395,426,438,466,491,503,515,664,676,711,750,772,798,837,389,426,464,464,479,479,520,520,587,587,742,742,824,912,1022,1022,850,963,1080,1277,1277,1277,1277,1433,1602,1602,1602,1602],"floor_reached":51,"playtime":3348,"items_purged":["Strike_MRS","Defend_MRS"],"score":753,"play_id":"21811b62-fe0a-4b9f-bdd7-68deb46e061f","local_time":"20201214104953","is_ascension_mode":false,"campfire_choices":[{"data":"OortCloud","floor":7,"key":"SMITH"},{"floor":15,"key":"DIG"},{"floor":30,"key":"DIG"},{"floor":32,"key":"DIG"},{"floor":45,"key":"DIG"},{"floor":49,"key":"DIG"}],"circlet_count":0,"master_deck":["Defend_MRS","Defend_MRS","Defend_MRS","MasterSpark","UpSweep","Specialist","OortCloud+1","LuminesStrike","FairyDestructionRay","WitchLeyline","OortCloud","WitchLeyline","Robbery","SuperNova","PowerUp","MysteriousBeam+1","Occultation","CollectingQuirk","OrrerysSun+1","AsteroidBelt","OortCloud+1","MilkyWay","EarthLightRay+1","MysteriousBeam+1","WitchOfGreed","SporeBomb","MillisecondPulsars","DarkMatter","Acceleration","PulseMagic","Finesse","WitchOfGreed+1","NonDirectionalLaser","PropBag+1","SprinkleStarSeal+1","SuperPerseids"],"relics":["MiniHakkero","Shovel","hubris:CuriousFeather","Orichalcum","MerchantsRug","PreservedInsect","aspiration:Lifesprig","conspire:TreasureMap","Bag of Preparation","hubris:Zylophone","Toy Ornithopter","Nunchaku","infinitespire:EvilPickle","Fusion Hammer","Ice Cream","Gremlin Food","hubris:Towel","Juzu Bracelet","Replay:Bottled Flurry","Blue Candle"],"acts_visited":["Exordium","TheCity","TheBeyond"],"potions_floor_usage":[12,16,16,22,29,33,36,36,36,46,46,50,50],"damage_taken":[{"damage":9,"enemies":"Small Slimes","floor":1,"turns":3},{"damage":0,"enemies":"2 Louse","floor":6,"turns":3},{"damage":15,"enemies":"Lagavulin","floor":8,"turns":8},{"damage":1,"enemies":"Jaw Worm","floor":10,"turns":3},{"damage":1,"enemies":"2 Fungi Beasts","floor":12,"turns":4},{"damage":4,"enemies":"Looter","floor":13,"turns":2},{"damage":5,"enemies":"Slime Boss","floor":16,"turns":9},{"damage":22,"enemies":"3 Byrds","floor":18,"turns":6},{"damage":9,"enemies":"Spheric Guardian","floor":20,"turns":3},{"damage":16,"enemies":"3 Cultists","floor":21,"turns":5},{"damage":44,"enemies":"Snake Plant","floor":22,"turns":4},{"damage":21,"enemies":"Snecko","floor":24,"turns":6},{"damage":3,"enemies":"Shelled Parasite and Fungi","floor":25,"turns":5},{"damage":0,"enemies":"Cultist and Chosen","floor":27,"turns":7},{"damage":17,"enemies":"Slavers","floor":29,"turns":3},{"damage":0,"enemies":"Centurion and Healer","floor":31,"turns":5},{"damage":17,"enemies":"Pondfish","floor":33,"turns":8},{"damage":3,"enemies":"Orb Walker","floor":35,"turns":4},{"damage":44,"enemies":"3 Shapes","floor":36,"turns":7},{"damage":37,"enemies":"Transient","floor":37,"turns":5},{"damage":26,"enemies":"Writhing Mass","floor":40,"turns":3},{"damage":0,"enemies":"Maw","floor":41,"turns":6},{"damage":0,"enemies":"Mind Bloom Boss Battle","floor":42,"turns":6},{"damage":14,"enemies":"Reptomancer","floor":46,"turns":3},{"damage":2,"enemies":"Spire Growth","floor":47,"turns":4},{"damage":14,"enemies":"Replay:Hell Engine","floor":50,"turns":6}],"seed_played":"-3793773536469589270","potions_obtained":[{"floor":1,"key":"conspire:TimeTravelPotion"},{"floor":8,"key":"AttackPotion"},{"floor":10,"key":"Block Potion"},{"floor":16,"key":"Dexterity Potion"},{"floor":18,"key":"Fire Potion"},{"floor":22,"key":"Strength Potion"},{"floor":29,"key":"Adrenaline Potion"},{"floor":33,"key":"SteroidPotion"},{"floor":33,"key":"conspire:TimeTravelPotion"},{"floor":35,"key":"Block Potion"},{"floor":36,"key":"Fruit Juice"},{"floor":36,"key":"Elixir"},{"floor":37,"key":"Dexterity Potion"},{"floor":37,"key":"Fire Potion"},{"floor":40,"key":"PowerPotion"},{"floor":40,"key":"SkillPotion"},{"floor":41,"key":"DistilledChaos"},{"floor":41,"key":"Swift Potion"},{"floor":42,"key":"BottledSpark"},{"floor":46,"key":"SteroidPotion"},{"floor":46,"key":"Strength Potion"},{"floor":47,"key":"Explosive Potion"},{"floor":47,"key":"FairyPotion"}],"is_trial":false,"path_per_floor":["M","?","?","$","?","M","R","E","T","M","T","M","M","?","R","B",null,"M","T","M","M","M","$","M","M","T","M","?","E","R","M","R","B",null,"M","M","M","?","$","M","M","?","T","?","R","E","M","AVR","R_BF","B",null],"character_chosen":"MARISA","items_purchased":["LuminesStrike","MerchantsRug","PreservedInsect","OrrerysSun+1","AsteroidBelt","aspiration:Lifesprig","conspire:TreasureMap","Finesse","WitchOfGreed+1"],"campfire_rested":0,"item_purchase_floors":[4,23,23,23,23,23,23,39,39],"current_hp_per_floor":[66,66,59,59,52,52,52,37,37,36,36,35,31,31,31,26,75,53,53,44,28,67,67,46,43,43,43,43,26,26,32,32,26,75,72,65,34,80,80,60,66,72,72,72,72,72,76,76,76,66],"gold":1602,"neow_bonus":"RANDOM_COLORLESS","is_daily":false,"chose_seed":false,"campfire_upgraded":1,"win_rate":0.0,"timestamp":1607971793,"path_taken":["M","?","?","?","?","M","R","E","T","M","?","M","?","?","R","BOSS","M","?","M","M","M","$","M","M","T","M","?","E","R","M","R","BOSS","M","M","M","?","?","M","M","?","T","?","R","E","M","AVR","R_BF","BOSS"],"items_purchased_type":["Card","Relic","Relic","Card","Card","Relic","Relic","Card","Card"],"build_version":"2020-12-13","purchased_purges":2,"victory":true,"max_hp_per_floor":[75,75,75,75,75,75,75,75,75,75,75,75,75,75,75,75,75,75,75,75,75,75,75,75,75,75,75,75,75,75,75,75,75,75,75,80,80,80,80,80,80,80,80,80,80,80,80,80,80,80],"card_choices":[{"not_picked":["ReplayTheSpireMod:Trickstab","Finesse"],"picked":"Specialist","floor":0},{"not_picked":["6A","MilkyWay"],"picked":"OortCloud","floor":1},{"not_picked":["GravityBeat","SuperPerseids"],"picked":"FairyDestructionRay","floor":6},{"not_picked":["DragonMeteor","GravityBeat"],"picked":"WitchLeyline","floor":8},{"not_picked":["BlazeAway","EventHorizon"],"picked":"OortCloud","floor":10},{"not_picked":["EventHorizon","Orbital"],"picked":"WitchLeyline","floor":12},{"not_picked":["AlicesGift","LuminesStrike"],"picked":"Robbery","floor":13},{"not_picked":["EscapeVelocity","ManaRampage"],"picked":"SuperNova","floor":16},{"not_picked":["GalacticHalo","EnergyRecoil"],"picked":"PowerUp","floor":18},{"not_picked":["GravityBeat","AlicesGift"],"picked":"MysteriousBeam+1","floor":20},{"not_picked":["UnstableBomb","LuminesStrike"],"picked":"Occultation","floor":21},{"not_picked":["GravityBeat+1","MagicAbsorber"],"picked":"CollectingQuirk","floor":22},{"not_picked":["AlicesGift","LuminesStrike"],"picked":"OortCloud+1","floor":24},{"not_picked":["StarBarrage","DragonMeteor"],"picked":"MilkyWay","floor":25},{"not_picked":["GrandCross","DoubleSpark"],"picked":"EarthLightRay+1","floor":27},{"not_picked":["ShootingEcho","EnergyRecoil+1"],"picked":"WitchOfGreed","floor":29},{"not_picked":["DoubleSpark+1","SatelliteIllusion"],"picked":"SporeBomb","floor":31},{"not_picked":["ManaRampage","EscapeVelocity"],"picked":"MillisecondPulsars","floor":33},{"not_picked":["GravityBeat+1","PowerUp"],"picked":"DarkMatter","floor":35},{"not_picked":["NonDirectionalLaser","LuminesStrike"],"picked":"Acceleration","floor":36},{"not_picked":["LuminesStrike","SporeBomb+1"],"picked":"PulseMagic","floor":37},{"not_picked":["ManaConvection+1","DarkSpark+1"],"picked":"NonDirectionalLaser","floor":40},{"not_picked":["AsteroidBelt+1","NonDirectionalLaser+1","StarBarrage"],"picked":"SKIP","floor":41},{"not_picked":["UltimateShortwave","OneTimeOff+1"],"picked":"PropBag+1","floor":42},{"not_picked":["StarDustReverie","Acceleration+1"],"picked":"SprinkleStarSeal+1","floor":46},{"not_picked":["Acceleration","CasketOfStar"],"picked":"SuperPerseids","floor":47}],"player_experience":145488,"relics_obtained":[{"floor":8,"key":"MawBank"},{"floor":9,"key":"Replay:Baseball"},{"floor":11,"key":"Shovel"},{"floor":15,"key":"hubris:CuriousFeather"},{"floor":19,"key":"Orichalcum"},{"floor":26,"key":"Bag of Preparation"},{"floor":29,"key":"hubris:Zylophone"},{"floor":30,"key":"Toy Ornithopter"},{"floor":32,"key":"Nunchaku"},{"floor":42,"key":"Ice Cream"},{"floor":43,"key":"Gremlin Food"},{"floor":45,"key":"Juzu Bracelet"},{"floor":46,"key":"Replay:Bottled Flurry"},{"floor":49,"key":"Blue Candle"}],"event_choices":[{"cards_removed":["Strike_MRS"],"damage_healed":0,"gold_gain":0,"player_choice":"Card Removal","damage_taken":0,"max_hp_gain":0,"max_hp_loss":0,"event_name":"The Cleric","floor":2,"gold_loss":50},{"cards_removed":["Strike_MRS"],"damage_healed":0,"gold_gain":0,"player_choice":"Card Removal","damage_taken":7,"max_hp_gain":0,"max_hp_loss":0,"event_name":"Golden Wing","floor":3,"gold_loss":0},{"damage_healed":0,"gold_gain":0,"player_choice":"Success","damage_taken":7,"relics_obtained":["Old Coin"],"max_hp_gain":0,"max_hp_loss":0,"event_name":"Scrap Ooze","floor":5,"gold_loss":0},{"cards_removed":["Strike_MRS"],"damage_healed":0,"gold_gain":0,"player_choice":"Purged","damage_taken":0,"max_hp_gain":0,"max_hp_loss":0,"event_name":"Purifier","floor":14,"gold_loss":0},{"cards_removed":["EarthLightRay"],"damage_healed":0,"gold_gain":0,"player_choice":"Take \u0026 Give","damage_taken":0,"max_hp_gain":0,"max_hp_loss":0,"event_name":"betterNote:BetterNote","floor":28,"gold_loss":0,"cards_obtained":["MysteriousBeam"]},{"damage_healed":46,"gold_gain":0,"player_choice":"Full Heal","damage_taken":0,"max_hp_gain":0,"max_hp_loss":0,"event_name":"Wheel of Change","floor":38,"gold_loss":0},{"damage_healed":0,"gold_gain":0,"player_choice":"Fight","damage_taken":0,"max_hp_gain":0,"max_hp_loss":0,"event_name":"MindBloom","floor":42,"gold_loss":0}],"is_beta":false,"boss_relics":[{"not_picked":["Ring of Chaos","infinitespire:Cupcake"],"picked":"aspiration:RitualDagger"},{"not_picked":["aspiration:DefectSkillbook","Replay:Bronze Core"],"picked":"Fusion Hammer"}],"items_purged_floors":[39,48],"is_endless":false,"potions_floor_spawned":[1,8,10,16,18,22,29,33,36,37,40,47],"ascension_level":0}}