{"host":"2461dio7vetlq1z3","time":1607952236,"event":{"mods":["AchievementEnabler","Aspiration","BaseMod","Hermit","Lobotomy","Minty Spire (QoL Compilation)","Relic Stats","Spicy Shops","StSLib","Waifu the Spire"],"gold_per_floor":[219,219,46,67,86,86,86,125,152,170,170,213,213,234,234,333,333,349,349,370,385,401,436,436,471,497,511,511,524,163,163,163,261,261,276,276,1275,1275,1275],"floor_reached":38,"playtime":2146,"items_purged":["Strike_G","Strike_G"],"score":811,"play_id":"b94bffb9-121d-4473-ab37-711b29c11260","local_time":"20201214142356","is_ascension_mode":true,"campfire_choices":[{"data":"Accuracy","floor":6,"key":"SMITH"},{"data":"Backstab","floor":13,"key":"SMITH"},{"data":"Neutralize","floor":15,"key":"SMITH"},{"data":"Strike_G","floor":24,"key":"PURGE"},{"data":"RitualDagger","floor":28,"key":"SMITH"},{"floor":32,"key":"REST"}],"circlet_count":0,"master_deck":["AscendersBane","Strike_G","Strike_G","Defend_G","Defend_G","Defend_G","Defend_G","Survivor","Neutralize+1","Bouncing Flask","Blade Dance","Accuracy+1","Backflip","Backstab+1","Acrobatics","Acrobatics","PiercingWail","Phantasmal Killer","Noxious Fumes","RitualDagger+1","Calculated Gamble","Well Laid Plans+1","Footwork","Eviscerate","Infinite Blades","Acrobatics","Adrenaline","Outmaneuver+1","Normality","Normality"],"relics":["Ring of the Snake","Golden Idol","Nunchaku","Bronze Scales","Matryoshka","Ice Cream","HoveringKite","Peace Pipe","aspiration:HiddenCompartment","Bag of Preparation","Centennial Puzzle","Meat on the Bone","Philosopher\u0027s Stone"],"acts_visited":["Exordium","TheCity","TheBeyond"],"potions_floor_usage":[16,23,23,33,38],"damage_taken":[{"damage":0,"enemies":"2 Louse","floor":1,"turns":4},{"damage":0,"enemies":"Jaw Worm","floor":4,"turns":3},{"damage":0,"enemies":"Small Slimes","floor":5,"turns":2},{"damage":5,"enemies":"3 Sentries","floor":8,"turns":3},{"damage":0,"enemies":"3 Louse","floor":10,"turns":3},{"damage":12,"enemies":"Lagavulin","floor":12,"turns":4},{"damage":1,"enemies":"Looter","floor":14,"turns":2},{"damage":1,"enemies":"Slime Boss","floor":16,"turns":6},{"damage":0,"enemies":"3 Byrds","floor":18,"turns":2},{"damage":11,"enemies":"2 Thieves","floor":20,"turns":3},{"damage":11,"enemies":"3 Cultists","floor":21,"turns":3},{"damage":12,"enemies":"Snake Plant","floor":22,"turns":4},{"damage":0,"enemies":"Slavers","floor":23,"turns":3},{"damage":2,"enemies":"Gremlin Leader","floor":25,"turns":3},{"damage":8,"enemies":"Centurion and Healer","floor":27,"turns":4},{"damage":0,"enemies":"Cultist and Chosen","floor":29,"turns":3},{"damage":17,"enemies":"Champ","floor":33,"turns":8},{"damage":3,"enemies":"3 Shapes","floor":35,"turns":4},{"damage":51,"enemies":"3 Darklings","floor":38,"turns":4}],"seed_played":"8944332623871907194","potions_obtained":[{"floor":1,"key":"Regen Potion"},{"floor":4,"key":"BlessingOfTheForge"},{"floor":21,"key":"PowerPotion"},{"floor":23,"key":"DistilledChaos"},{"floor":27,"key":"BlessingOfTheForge"}],"is_trial":false,"path_per_floor":["M","?","$","M","M","R","?","E","T","M","T","E","R","M","R","B",null,"M","?","M","M","M","E","R","E","T","M","R","M","$","?","R","B",null,"M","?","?","M"],"character_chosen":"THE_SILENT","items_purchased":["Blade Dance","Meat on the Bone","Acrobatics"],"campfire_rested":1,"item_purchase_floors":[3,30,30],"current_hp_per_floor":[59,59,59,59,59,59,59,54,54,54,54,42,42,41,41,40,55,55,49,38,27,15,24,24,22,22,14,14,14,14,14,32,27,52,49,49,49,0,0],"gold":1275,"neow_bonus":"HUNDRED_GOLD","is_daily":false,"chose_seed":false,"campfire_upgraded":4,"win_rate":0.0,"timestamp":1607952236,"path_taken":["M","?","$","M","M","R","?","E","T","M","?","E","R","M","R","BOSS","M","?","M","M","M","E","R","E","T","M","R","M","$","?","R","BOSS","M","?","?","M"],"items_purchased_type":["Card","Relic","Card"],"build_version":"2020-12-13","purchased_purges":2,"victory":false,"max_hp_per_floor":[66,60,60,60,60,60,60,60,60,60,60,60,60,60,60,60,60,60,60,60,60,60,60,60,60,60,60,60,60,60,60,60,60,60,60,60,60,60,60],"relic_stats":{"Peace Pipe":1,"Nunchaku":[15],"Centennial Puzzle":[12],"counters":[19,68],"Golden Idol":109,"Bronze Scales":[173],"HoveringKite":[28],"Bag of Preparation":[10],"obtain_stats":[{"Ice Cream":12,"Golden Idol":2,"HoveringKite":17,"Bag of Preparation":26,"aspiration:HiddenCompartment":25,"Peace Pipe":23,"Nunchaku":8,"Centennial Puzzle":26,"Matryoshka":11,"Bronze Scales":9,"Philosopher\u0027s Stone":34,"Ring of the Snake":0,"Meat on the Bone":30},{"Ice Cream":6,"Golden Idol":1,"HoveringKite":8,"Bag of Preparation":14,"aspiration:HiddenCompartment":14,"Peace Pipe":13,"Nunchaku":4,"Centennial Puzzle":14,"Matryoshka":5,"Bronze Scales":4,"Philosopher\u0027s Stone":17,"Ring of the Snake":0,"Meat on the Bone":16},{"Ice Cream":19,"Golden Idol":4,"HoveringKite":27,"Bag of Preparation":45,"aspiration:HiddenCompartment":45,"Peace Pipe":42,"Nunchaku":12,"Centennial Puzzle":45,"Matryoshka":15,"Bronze Scales":12,"Philosopher\u0027s Stone":60,"Ring of the Snake":0,"Meat on the Bone":52}],"Ring of the Snake":[38],"Meat on the Bone":12},"card_choices":[{"not_picked":["Backflip","Expertise"],"picked":"Bouncing Flask","floor":1},{"not_picked":["Caltrops","Expertise"],"picked":"Accuracy","floor":4},{"not_picked":["Underhanded Strike","Prepared"],"picked":"Backflip","floor":5},{"not_picked":["Underhanded Strike","Phantasmal Killer"],"picked":"Backstab","floor":8},{"not_picked":["Sucker Punch","Cloak And Dagger"],"picked":"Acrobatics","floor":10},{"not_picked":["Flying Knee","Prepared"],"picked":"Acrobatics","floor":12},{"not_picked":["Caltrops","Blade Dance"],"picked":"PiercingWail","floor":14},{"not_picked":["Venomology","aspiration:Lunge"],"picked":"Phantasmal Killer","floor":16},{"not_picked":["Setup","Bouncing Flask"],"picked":"Noxious Fumes","floor":18},{"not_picked":["Deadly Poison","Predator"],"picked":"Calculated Gamble","floor":20},{"not_picked":["Dagger Throw","Noxious Fumes"],"picked":"Well Laid Plans+1","floor":21},{"not_picked":["Sucker Punch","Dagger Spray","Backstab"],"picked":"SKIP","floor":22},{"not_picked":["Choke","Bane","Heel Hook"],"picked":"SKIP","floor":23},{"not_picked":["All Out Attack","Dagger Throw"],"picked":"Footwork","floor":25},{"not_picked":["Dagger Spray+1","Setup+1"],"picked":"Eviscerate","floor":27},{"not_picked":["Noxious Fumes","Envenom"],"picked":"Infinite Blades","floor":29},{"not_picked":["Wraith Form v2","Unload"],"picked":"Adrenaline","floor":33},{"not_picked":["Quick Slash","Dagger Throw"],"picked":"Outmaneuver+1","floor":35}],"player_experience":714793,"relics_obtained":[{"floor":8,"key":"Nunchaku"},{"floor":9,"key":"Bronze Scales"},{"floor":11,"key":"Matryoshka"},{"floor":12,"key":"Ice Cream"},{"floor":23,"key":"Peace Pipe"},{"floor":25,"key":"aspiration:HiddenCompartment"},{"floor":26,"key":"Bag of Preparation"},{"floor":26,"key":"Centennial Puzzle"}],"event_choices":[{"damage_healed":0,"gold_gain":0,"player_choice":"Lose Max HP","damage_taken":0,"relics_obtained":["Golden Idol"],"max_hp_gain":0,"max_hp_loss":6,"event_name":"Golden Idol","floor":2,"gold_loss":0},{"cards_removed":["Defend_G"],"damage_healed":0,"gold_gain":0,"player_choice":"Forget","damage_taken":0,"max_hp_gain":0,"max_hp_loss":0,"event_name":"Living Wall","floor":7,"gold_loss":0},{"damage_healed":0,"gold_gain":0,"player_choice":"Joined the Cult","damage_taken":6,"max_hp_gain":0,"max_hp_loss":0,"event_name":"Nest","floor":19,"gold_loss":0,"cards_obtained":["RitualDagger"]},{"damage_healed":0,"gold_gain":0,"player_choice":"Ignored","damage_taken":0,"max_hp_gain":0,"max_hp_loss":0,"event_name":"Ghosts","floor":31,"gold_loss":0},{"damage_healed":0,"gold_gain":0,"player_choice":"Ignored","damage_taken":0,"max_hp_gain":0,"max_hp_loss":0,"event_name":"Tomb of Lord Red Mask","floor":36,"gold_loss":0},{"damage_healed":0,"gold_gain":999,"player_choice":"Gold","damage_taken":0,"max_hp_gain":0,"max_hp_loss":0,"event_name":"MindBloom","floor":37,"gold_loss":0,"cards_obtained":["Normality","Normality"]}],"is_beta":false,"boss_relics":[{"not_picked":["Ectoplasm","Calling Bell"],"picked":"HoveringKite"},{"not_picked":["Cursed Key","aspiration:DefectSkillbook"],"picked":"Philosopher\u0027s Stone"}],"items_purged_floors":[3,30],"is_endless":false,"potions_floor_spawned":[1,4,5,14,21,22,23,27],"killed_by":"3 Darklings","ascension_level":15}}