{"host":"4kqw88srlhl37mck","time":1607932187,"event":{"mods":["BaseMod","Better Altar","Better Match","Better Note","Better Sensory Stone","Better Skull","Better Third Choice","Marisa（霧雨　魔理沙）","Minty Spire (QoL Compilation)","Quick Restart","Rare Cards Sparkle","Remilia（蕾米莉亚）","StSLib","The Animator","The Forsaken","The Servant 0.9.4","Yuri Mod"],"gold_per_floor":[112,129,143,96,112,112,137,137,137,137,137,137,169,180,180,279,279,293,293,218,143,143,176,176,209,209,227,227,245,256,256,256,359,359,371,371,419,429,429,429,446,464,490,136,69,81,94,121,121,121,121,121,45,79,79,79],"floor_reached":55,"playtime":14275,"items_purged":[],"score":770,"play_id":"1d126149-1a4f-4486-a14b-b41f5f5aeb8f","local_time":"20201213234947","is_ascension_mode":false,"campfire_choices":[{"floor":6.0,"key":"RECALL"},{"data":"StarOfDavid","floor":8.0,"key":"SMITH"},{"floor":15.0,"key":"REST"},{"data":"RedMoon","floor":24,"key":"SMITH"},{"data":"NightDance","floor":32,"key":"SMITH"},{"floor":40,"key":"REST"},{"floor":49,"key":"REST"},{"data":"KillingBlow","floor":52,"key":"SMITH"}],"circlet_count":0,"master_deck":["Strike_RM","Strike_RM","Strike_RM","Defend_RM","Defend_RM","Defend_RM","Defend_RM","RedMoon+1","ScarletShoot+1","EmergencyRegeneration","StarOfDavid+1","ScarletSymphony","LeisurelyOfLord+1","NightDance+1","MastersStateliness","CurseOfTheBell","RedRainbow","QueenOfMidnight+1","Normality","EternalNight+1","EndlessAdversity+1","KillingBlow+1","StarOfDavid+1","VampireSweep","RedRainbow+1","StarOfDavid+1","HeartBreak"],"relics":["ScarletHat","betterThird:SlimedRelic","FossilizedHelix","RedBat","Shuriken","Calling Bell","Pen Nib","Frozen Egg 2","StoneCalendar","Toxic Egg 2","AntiCross","theForsaken:PaleLantern","CatCart","Nunchaku","Membership Card","Regal Pillow","theForsaken:ScaryMask","Gremlin Horn","Happy Flower","Lee\u0027s Waffle","Bronze Scales"],"acts_visited":["Exordium","TheCity","TheBeyond","TheEnding"],"potions_floor_usage":[],"damage_taken":[{"damage":0.0,"enemies":"Jaw Worm","floor":1.0,"turns":5.0},{"damage":1.0,"enemies":"Small Slimes","floor":2.0,"turns":6.0},{"damage":0.0,"enemies":"Cultist","floor":3.0,"turns":4.0},{"damage":10.0,"enemies":"3 Louse","floor":5.0,"turns":7.0},{"damage":3.0,"enemies":"3 Sentries","floor":7.0,"turns":11.0},{"damage":9.0,"enemies":"Gremlin Nob","floor":13.0,"turns":5.0},{"damage":2.0,"enemies":"Exordium Thugs","floor":14.0,"turns":5.0},{"damage":31.0,"enemies":"Slime Boss","floor":16.0,"turns":8.0},{"damage":1.0,"enemies":"Shell Parasite","floor":18.0,"turns":6.0},{"damage":1.0,"enemies":"2 Thieves","floor":21.0,"turns":5.0},{"damage":25,"enemies":"Book of Stabbing","floor":23,"turns":7},{"damage":18,"enemies":"Gremlin Leader","floor":25,"turns":4},{"damage":0,"enemies":"Shelled Parasite and Fungi","floor":27,"turns":2},{"damage":0,"enemies":"3 Cultists","floor":29,"turns":3},{"damage":0,"enemies":"Centurion and Healer","floor":30,"turns":3},{"damage":9,"enemies":"Automaton","floor":33,"turns":6},{"damage":14,"enemies":"3 Darklings","floor":35,"turns":6},{"damage":45,"enemies":"Orin","floor":37,"turns":6},{"damage":2,"enemies":"3 Shapes","floor":38,"turns":3},{"damage":16,"enemies":"Sphere and 2 Shapes","floor":41,"turns":3},{"damage":14,"enemies":"Writhing Mass","floor":42,"turns":2},{"damage":22,"enemies":"Jaw Worm Horde","floor":46,"turns":2},{"damage":18,"enemies":"Maw","floor":47,"turns":6},{"damage":1,"enemies":"Reptomancer","floor":48,"turns":3},{"damage":100,"enemies":"Time Eater","floor":50,"turns":7},{"damage":48,"enemies":"Shield and Spear","floor":54,"turns":7},{"damage":335,"enemies":"The Heart","floor":55,"turns":11}],"seed_played":"2471808159852601812","potions_obtained":[{"floor":0.0,"key":"SpeedPotion"},{"floor":0.0,"key":"EntropicBrew"},{"floor":0.0,"key":"SneckoOil"},{"floor":2.0,"key":"FairyPotion"},{"floor":14.0,"key":"DistilledChaos"},{"floor":23,"key":"FairyPotion"}],"is_trial":false,"path_per_floor":["M","M","M","?","M","R","E","R","T","?","?","?","E","M","R","B",null,"M","?","?","M","?","E","R","E","T","M","?","M","M","?","R","B",null,"M","?","?","M","?","R","M","M","T","$","?","M","M","E","R","B",null,"R","$","E","B"],"character_chosen":"REMILIA","items_purchased":["Membership Card","Regal Pillow","theForsaken:ScaryMask","Lee\u0027s Waffle"],"campfire_rested":3,"item_purchase_floors":[44,44,44,53],"current_hp_per_floor":[75,75,75,64,56,56,53,53,53,53,58,58,58,57,80,72,80,80,80,80,79,79,69,69,74,74,78,90,90,90,90,90,90,90,84,84,59,64,64,85,76,70,70,70,70,61,74,80,85,77,85,85,92,58,0,0],"gold":79,"neow_bonus":"THREE_SMALL_POTIONS","is_daily":false,"chose_seed":false,"campfire_upgraded":4,"win_rate":0.0,"timestamp":1607932187,"path_taken":["M","M","M","?","M","R","E","R","T","?","?","?","E","?","R","BOSS","M","?","?","M","?","E","R","E","T","?","?","M","M","?","R","BOSS","M","?","?","M","?","R","M","M","T","$","?","M","M","E","R","BOSS","R","$","E","BOSS"],"items_purchased_type":["Relic","Relic","Relic","Relic"],"build_version":"2020-12-13","purchased_purges":0,"victory":false,"max_hp_per_floor":[75,75,75,75,75,75,75,75,75,75,80,80,80,80,80,80,80,80,80,80,80,80,80,80,80,80,80,90,90,90,90,90,90,90,90,90,90,90,85,85,85,85,85,85,85,85,85,85,85,85,85,85,92,92,92,92],"card_choices":[{"not_picked":["NightDance","VampireKiss","BlasphemousPunishment"],"picked":"SKIP","floor":1.0},{"not_picked":["CharismaGuard","DevilSight"],"picked":"EmergencyRegeneration","floor":2.0},{"not_picked":["UnderTheZenith","VampireFantasy"],"picked":"StarOfDavid","floor":3.0},{"not_picked":["UnderTheZenith","MillenniumVampire"],"picked":"ScarletSymphony","floor":5.0},{"not_picked":["ScarletDevil","VampireSweep"],"picked":"LeisurelyOfLord","floor":7.0},{"not_picked":["ReincarnationDial","EmergencyRegeneration"],"picked":"NightDance","floor":13.0},{"not_picked":["Maim","ScarletDevil"],"picked":"MastersStateliness","floor":14.0},{"not_picked":["UnderTheZenith","DiffusionOfMisfortune"],"picked":"RedRainbow","floor":18.0},{"not_picked":["RedMagic","DiffusionOfMisfortune+1"],"picked":"QueenOfMidnight+1","floor":21.0},{"not_picked":["FavorOfDestiny+1","KillingBlow"],"picked":"EternalNight+1","floor":23},{"not_picked":["MiserableFate+1","MastersStateliness+1"],"picked":"EndlessAdversity+1","floor":25},{"not_picked":["UnderTheZenith+1","UltimateOffering","EndlessAdversity"],"picked":"SKIP","floor":27},{"not_picked":["EmergencyRegeneration+1","RedNightlessCastle+1","BadLadyScramble+1"],"picked":"SKIP","floor":29},{"not_picked":["GlobalNightmare+1","MastersStateliness+1","BombardNight"],"picked":"SKIP","floor":30},{"not_picked":["TricksterDevil+1","ForecastOfChange"],"picked":"KillingBlow","floor":33},{"not_picked":["VampireKiss","Stigmanizer","VampireSweep"],"picked":"SKIP","floor":35},{"not_picked":["VampirishNight+1","BloodHunter+1"],"picked":"StarOfDavid+1","floor":37},{"not_picked":["EndlessAdversity","UnderTheZenith+1","Stigmanizer"],"picked":"SKIP","floor":38},{"not_picked":["ScarletDevil","UnderTheZenith+1","Stigmanizer"],"picked":"SKIP","floor":41},{"not_picked":["Stigmanizer+1","FavorOfDestiny+1","MillenniumVampire+1"],"picked":"SKIP","floor":42},{"not_picked":["VampirishNight+1","Stigmanizer","BloodyMagicSquare+1"],"picked":"SKIP","floor":46},{"not_picked":["BlasphemousPunishment+1","EndlessAdversity"],"picked":"RedRainbow+1","floor":47},{"not_picked":["ScarletImprint","BlasphemousPunishment+1"],"picked":"StarOfDavid+1","floor":48},{"not_picked":["ChainGang","FitfulNightmare+1","RedRainbow+1"],"picked":"SKIP","floor":54}],"player_experience":191772,"relics_obtained":[{"floor":7.0,"key":"FossilizedHelix"},{"floor":9.0,"key":"RedBat"},{"floor":13.0,"key":"Shuriken"},{"floor":17.0,"key":"Pen Nib"},{"floor":17.0,"key":"Frozen Egg 2"},{"floor":17.0,"key":"StoneCalendar"},{"floor":23,"key":"Toxic Egg 2"},{"floor":25,"key":"AntiCross"},{"floor":37,"key":"CatCart"},{"floor":43,"key":"Nunchaku"},{"floor":48,"key":"Happy Flower"},{"floor":54,"key":"Bronze Scales"}],"event_choices":[{"damage_healed":0.0,"max_hp_gain":0.0,"max_hp_loss":0.0,"gold_gain":0.0,"event_name":"betterThird:BetterGoop","player_choice":"Slimed","floor":4.0,"gold_loss":47.0,"damage_taken":11.0},{"damage_healed":0.0,"max_hp_gain":0.0,"max_hp_loss":0.0,"gold_gain":0.0,"event_name":"Living Wall","player_choice":"Grow","floor":10.0,"gold_loss":0.0,"damage_taken":0.0,"cards_upgraded":["ScarletShoot"]},{"damage_healed":0.0,"max_hp_gain":5.0,"max_hp_loss":0.0,"gold_gain":0.0,"event_name":"Big Fish","player_choice":"Donut","floor":11.0,"gold_loss":0.0,"damage_taken":0.0},{"damage_healed":0.0,"max_hp_gain":0.0,"max_hp_loss":0.0,"gold_gain":1.0,"event_name":"betterStone:BetterStone","player_choice":"1","floor":12.0,"gold_loss":0.0,"damage_taken":0.0},{"damage_healed":0.0,"max_hp_gain":0.0,"max_hp_loss":0.0,"gold_gain":0.0,"event_name":"betterNote:BetterNote","player_choice":"Ignored","floor":19.0,"gold_loss":0.0,"damage_taken":0.0,"cards_obtained":["CutThroughFate"]},{"cards_removed":["Strike_RM"],"damage_healed":0.0,"max_hp_gain":0.0,"max_hp_loss":0.0,"gold_gain":0.0,"event_name":"Beggar","player_choice":"Gave Gold","floor":20.0,"gold_loss":75.0,"damage_taken":0.0},{"damage_healed":0,"gold_gain":0,"player_choice":"Forge","damage_taken":0,"max_hp_gain":0,"max_hp_loss":0,"event_name":"Accursed Blacksmith","floor":31,"gold_loss":0,"cards_upgraded":["LeisurelyOfLord"]},{"damage_healed":0,"gold_gain":0,"player_choice":"Ignored","damage_taken":0,"max_hp_gain":0,"max_hp_loss":0,"event_name":"Tomb of Lord Red Mask","floor":36,"gold_loss":0},{"damage_healed":0,"gold_gain":0,"player_choice":"Fight","damage_taken":0,"max_hp_gain":0,"max_hp_loss":0,"event_name":"OrinTheCat","floor":37,"gold_loss":0},{"damage_healed":0,"gold_gain":0,"player_choice":"Max HP","damage_taken":0,"max_hp_gain":0,"max_hp_loss":5,"event_name":"Winding Halls","floor":39,"gold_loss":0},{"damage_healed":0,"gold_gain":0,"player_choice":"Paid Gold","damage_taken":0,"relics_obtained":["Gremlin Horn"],"max_hp_gain":0,"max_hp_loss":0,"event_name":"WeMeetAgain","floor":45,"gold_loss":67}],"is_beta":false,"boss_relics":[{"not_picked":["Tiny House","Busted Crown"],"picked":"Calling Bell"},{"not_picked":["Snecko Eye","Black Star"],"picked":"theForsaken:PaleLantern"}],"items_purged_floors":[],"is_endless":false,"potions_floor_spawned":[2,13,14,16,23,27,29,33,35,42,46,48,54],"killed_by":"The Heart","ascension_level":0}}