{"host":"r2b8ojg4o4pyvjvq","time":1607966349,"event":{"mods":["BaseMod","Colored Map","Downfall","Highlight Path","Hubris","Minty Spire (QoL Compilation)","Replay The Spire","StSLib","SuperFastMode"],"gold_per_floor":[99,99,131,131,149,149,149,166,194,131,500,500,500,500,500,500,500,500,500,500,500,500,500,500,500,500,500,500,500,500,500,500,500,500,500,500,500,500,500,500,500,500,500,500,500,500,500,500,500,500],"floor_reached":51,"playtime":1911,"items_purged":["champ:Strike","champ:Defend"],"score":870,"play_id":"0aff4c55-f142-4a87-ba1a-6297a05bd212","local_time":"20201214181909","is_ascension_mode":true,"campfire_choices":[{"data":"champ:Taunt","floor":1.0,"key":"SMITH"},{"data":"champ:IgnorePain","floor":6,"key":"SMITH"},{"data":"champ:Backstep","floor":10,"key":"SMITH"},{"data":"champ:IgnorePain","floor":18,"key":"SMITH"},{"data":"Replay:SS_forest_6","floor":23,"key":"SMITH"},{"floor":25,"key":"RECALL"},{"data":"champ:HoldFirm","floor":35,"key":"SMITH"},{"data":"champ:Haymaker","floor":38,"key":"SMITH"},{"data":"champ:Circumvent","floor":44,"key":"SMITH"}],"circlet_count":0,"master_deck":["Alpha+1","champ:Strike","champ:Strike","champ:Defend","champ:Defend","champ:Defend","champ:Taunt+1","champ:StanceDance","champ:IgnorePain+1","champ:GutPunch+1","champ:Haymaker+1","champ:ViciousMockery","champ:Backstep+1","champ:RapidStrikes","expansioncontent:LastStand+1","champ:FlashCut","champ:IgnorePain+1","Slimebound:Icky","champ:FanOfKnives","champ:VampiricStrike+1","champ:FaceSlap+1","Replay:SS_forest_6+1","champ:Circumvent+1","champ:HoldFirm+1"],"relics":["champ:ChampionCrown","downfall:HeartsMalice","Happy Flower","downfall:HeartBlessingBlue","Replay:WaspNest","hubris:Zylophone","Frozen Eye","Ring of Peace","Replay:Bronze Core","MealTicket","Toy Ornithopter","Guide Book","Enchiridion","hubris:BottledRain","hubris:FunFungus","White Beast Statue","SlaversCollar","downfall:HeartBlessingRed","Blue Doll","Replay:PocketPolymizer","Oddly Smooth Stone","downfall:GremlinWheel"],"acts_visited":["Exordium","TheCity","TheBeyond"],"potions_floor_usage":[48],"damage_taken":[{"damage":0,"enemies":"Jaw Worm","floor":2,"turns":1},{"damage":0,"enemies":"Lagavulin","floor":3,"turns":1},{"damage":0,"enemies":"2 Louse","floor":4,"turns":1},{"damage":5,"enemies":"Small Slimes","floor":5,"turns":3},{"damage":5,"enemies":"2 Fungi Beasts","floor":8,"turns":3},{"damage":25,"enemies":"3 Sentries","floor":9,"turns":5},{"damage":2,"enemies":"downfall:FleeingMerchant","floor":11,"turns":4},{"damage":23,"enemies":"downfall:Heads","floor":12,"turns":4},{"damage":14,"enemies":"Exordium Thugs","floor":15,"turns":4},{"damage":53,"enemies":"downfall:Defect","floor":16,"turns":8},{"damage":0,"enemies":"3 Byrds","floor":19,"turns":5},{"damage":0,"enemies":"downfall:FleeingMerchant","floor":20,"turns":5},{"damage":0,"enemies":"Spheric Guardian","floor":26,"turns":5},{"damage":36,"enemies":"Slavers","floor":27,"turns":4},{"damage":2,"enemies":"Centurion and Healer","floor":28,"turns":5},{"damage":13,"enemies":"Shelled Parasite and Fungi","floor":29,"turns":5},{"damage":8,"enemies":"downfall:LadyInBlue","floor":31,"turns":6},{"damage":24,"enemies":"Snecko","floor":32,"turns":5},{"damage":16,"enemies":"downfall:Watcher","floor":33,"turns":8},{"damage":0,"enemies":"3 Shapes","floor":36,"turns":7},{"damage":6,"enemies":"3 Darklings","floor":37,"turns":5},{"damage":31,"enemies":"4 Shapes","floor":39,"turns":8},{"damage":20,"enemies":"Giant Head","floor":40,"turns":8},{"damage":21,"enemies":"Reptomancer","floor":43,"turns":6},{"damage":31,"enemies":"Transient","floor":45,"turns":5},{"damage":0,"enemies":"Transient","floor":46,"turns":4},{"damage":18,"enemies":"Jaw Worm Horde","floor":47,"turns":5},{"damage":16,"enemies":"Sphere and 2 Shapes","floor":49,"turns":6},{"damage":24,"enemies":"downfall:Ironclad","floor":50,"turns":9}],"seed_played":"-1990808945005248989","potions_obtained":[{"floor":9,"key":"SpeedPotion"},{"floor":15,"key":"Explosive Potion"},{"floor":16,"key":"Energy Potion"},{"floor":19,"key":"LiquidBronze"},{"floor":28,"key":"EntropicBrew"},{"floor":48,"key":"Fruit Juice"},{"floor":48,"key":"Energy Potion"}],"is_trial":false,"path_per_floor":["R","M","E","M","M","R","T","M","E","R","$","?","?","?","M","B",null,"R","M","$","?","?","R","T","R","M","E","M","M","?","?","M","B",null,"R_BF","M","M","R","M","E","T","?","E","R","M","?","M","?","M","B",null],"character_chosen":"THE_CHAMP","items_purchased":["expansioncontent:LastStand","Replay:WaspNest","hubris:Zylophone","Frozen Eye","MealTicket","Toy Ornithopter","Guide Book","Replay:SS_forest_6"],"campfire_rested":0,"item_purchase_floors":[11,11,11,11,20,20,20,20],"current_hp_per_floor":[90,90,90,90,90,90,90,90,65,75,85,77,77,77,75,22,100,100,100,100,100,84,84,84,84,84,59,59,52,52,76,69,77,100,100,100,100,100,75,100,100,100,81,81,91,100,82,92,76,105],"gold":500,"neow_bonus":"THREE_ENEMY_KILL","is_daily":false,"chose_seed":false,"campfire_upgraded":8,"win_rate":0.0,"timestamp":1607966349,"path_taken":["R","M","E","M","M","R","T","M","E","R","$","?","?","?","M","BOSS","R","M","$","?","?","R","T","R","M","E","?","M","?","?","M","BOSS","R_BF","M","M","R","M","E","T","?","E","R","M","?","?","?","M","BOSS"],"items_purchased_type":["Card","Relic","Relic","Relic","Relic","Relic","Relic","Card"],"build_version":"2020-12-13","purchased_purges":2,"victory":true,"max_hp_per_floor":[90,90,90,90,90,90,90,90,90,100,100,100,100,100,100,100,100,100,100,100,100,100,100,100,100,100,100,100,100,100,100,100,100,100,100,100,100,100,100,100,100,100,100,100,100,100,100,105,105,105],"card_choices":[{"not_picked":["champ:PerfectedStrike","champ:AdrenalArmor"],"picked":"champ:StanceDance","floor":2},{"not_picked":["champ:StanceDance","champ:Lariat"],"picked":"champ:IgnorePain","floor":3},{"not_picked":["champ:BerserkersShout","champ:DefensiveShout"],"picked":"champ:GutPunch","floor":4},{"not_picked":["champ:GladiatorsShout","champ:StanceDance"],"picked":"champ:Haymaker","floor":5},{"not_picked":["champ:FightOn","champ:BerserkersShout"],"picked":"champ:ViciousMockery","floor":8},{"not_picked":["champ:ShieldSigil","champ:BerserkerStyle"],"picked":"champ:Backstep","floor":9},{"not_picked":["champ:DeathBlow","champ:StanceDance"],"picked":"champ:RapidStrikes","floor":11},{"not_picked":["champ:FlashCut","champ:ViciousMockery"],"picked":"champ:IgnorePain","floor":12},{"not_picked":["champ:RageSigil","champ:ShieldSigil"],"picked":"champ:FanOfKnives","floor":15},{"not_picked":["champ:SteelEdge","champ:StrikeOfGenius"],"picked":"champ:VampiricStrike","floor":16},{"not_picked":["champ:Circumvent+1","champ:ViciousMockery"],"picked":"champ:FaceSlap+1","floor":19},{"not_picked":["champ:BerserkersShout","champ:TornadoPunch","champ:DefensiveShout"],"picked":"SKIP","floor":20},{"not_picked":["champ:Haymaker","champ:IronFortress","champ:RageSigil"],"picked":"SKIP","floor":26},{"not_picked":["champ:RapidStrikes+1","champ:FanOfKnives"],"picked":"champ:Circumvent","floor":27},{"not_picked":["champ:BerserkersShout","champ:AdrenalArmor","champ:ArenaPreparation+1"],"picked":"SKIP","floor":28},{"not_picked":["champ:CalledShot","champ:PerfectedStrike","champ:BringItOn"],"picked":"SKIP","floor":29},{"not_picked":["champ:SwordThrow","champ:DefensiveStyle","champ:RageSigil+1"],"picked":"SKIP","floor":32},{"not_picked":["champ:LastStand","champ:HeavySlash"],"picked":"champ:HoldFirm","floor":33},{"not_picked":["champ:FanOfKnives+1","champ:ShieldWall","champ:Circumvent"],"picked":"SKIP","floor":36},{"not_picked":["champ:StanceDance","champ:Balance","champ:SkillfulDodge"],"picked":"SKIP","floor":37},{"not_picked":["champ:ShieldSigil+1","champ:SwordSigil+1","champ:RageSigil+1"],"picked":"SKIP","floor":39},{"not_picked":["champ:HeartStrike+1","champ:MurderStrike","champ:SteelEdge"],"picked":"SKIP","floor":40},{"not_picked":["champ:GladiatorStyle","champ:SwordThrow","champ:GladiatorsShout+1"],"picked":"SKIP","floor":43},{"not_picked":["champ:CrookedStrike+1","champ:RecklessLeap+1","champ:Shatter"],"picked":"SKIP","floor":45},{"not_picked":["champ:Backstep+1","champ:GutPunch+1","champ:StanceDance"],"picked":"SKIP","floor":47},{"not_picked":["champ:BringItOn","champ:FocusedBerserking+1","champ:Aggression+1"],"picked":"SKIP","floor":49}],"player_experience":402999,"relics_obtained":[{"floor":3,"key":"Happy Flower"},{"floor":9,"key":"MawBank"},{"floor":13,"key":"Ring of Peace"},{"floor":22,"key":"Enchiridion"},{"floor":24,"key":"hubris:BottledRain"},{"floor":27,"key":"hubris:FunFungus"},{"floor":31,"key":"White Beast Statue"},{"floor":40,"key":"Blue Doll"},{"floor":41,"key":"Replay:PocketPolymizer"},{"floor":43,"key":"Oddly Smooth Stone"},{"floor":46,"key":"downfall:GremlinWheel"}],"event_choices":[{"damage_healed":0,"gold_gain":0,"player_choice":"Ignored","damage_taken":0,"max_hp_gain":0,"max_hp_loss":0,"event_name":"Vampires","floor":21,"gold_loss":0}],"is_beta":false,"boss_relics":[{"not_picked":["Runic Pyramid","Fusion Hammer"],"picked":"Replay:Bronze Core"},{"not_picked":["ReplayTheSpireMod:DimensionalGlitch","Astrolabe"],"picked":"SlaversCollar"}],"items_purged_floors":[11,20],"is_endless":false,"potions_floor_spawned":[9,15,16,19,28,32,33,36,37,39,40,43,45,46,47,49],"ascension_level":1}}