{"host":"egyxg9lnjq7g2hmw","time":1607923719,"event":{"mods":["AchievementEnabler","BaseMod","Block Reminder","Colored Map","Colored Powertips","Highlight Path","Minty Spire (QoL Compilation)","Rare Cards Sparkle","StSLib"],"gold_per_floor":[110,125,125,136,311,341,355,365,365,365,399,399,399,425,425,425,425],"floor_reached":16,"playtime":704,"items_purged":[],"score":193,"play_id":"31ed4ca7-1cef-4648-9a6f-5c19a7ceb8cb","local_time":"20201213212839","is_ascension_mode":true,"campfire_choices":[{"data":"Uppercut","floor":12,"key":"SMITH"},{"data":"Bash","floor":15,"key":"SMITH"}],"circlet_count":0,"master_deck":["Strike_R","Strike_R","Strike_R","Defend_R","Defend_R","Defend_R","Defend_R","Bash+1","Reckless Charge","Warcry","Immolate","Doubt","Uppercut+1","Offering","Blood for Blood"],"relics":["Burning Blood","Paper Frog","Tiny Chest","Bronze Scales","Singing Bowl"],"acts_visited":["Exordium"],"potions_floor_usage":[11,14,16],"damage_taken":[{"damage":9.0,"enemies":"Small Slimes","floor":1.0,"turns":4.0},{"damage":6.0,"enemies":"2 Louse","floor":2.0,"turns":4.0},{"damage":1.0,"enemies":"Cultist","floor":4.0,"turns":3.0},{"damage":68.0,"enemies":"Lagavulin","floor":6.0,"turns":8.0},{"damage":9.0,"enemies":"Red Slaver","floor":7.0,"turns":5.0},{"damage":1.0,"enemies":"Exordium Thugs","floor":8.0,"turns":3.0},{"damage":12,"enemies":"Gremlin Nob","floor":11,"turns":3},{"damage":21,"enemies":"3 Sentries","floor":14,"turns":5},{"damage":22,"enemies":"The Guardian","floor":16,"turns":7}],"seed_played":"-3825765662755710961","potions_obtained":[{"floor":2.0,"key":"Energy Potion"},{"floor":4.0,"key":"Regen Potion"},{"floor":6.0,"key":"BlessingOfTheForge"},{"floor":7.0,"key":"Fire Potion"},{"floor":14,"key":"Strength Potion"}],"is_trial":false,"path_per_floor":["M","M","?","M","?","E","M","M","T","?","E","R","?","E","R","B"],"character_chosen":"IRONCLAD","items_purchased":[],"campfire_rested":0,"item_purchase_floors":[],"current_hp_per_floor":[77,77,77,82,82,20,17,22,22,27,21,21,21,22,22,0,0],"gold":425,"neow_bonus":"TEN_PERCENT_HP_BONUS","is_daily":false,"chose_seed":false,"campfire_upgraded":2,"win_rate":0.0,"timestamp":1607923719,"path_taken":["M","M","?","M","?","E","M","M","T","?","E","R","?","E","R","BOSS"],"items_purchased_type":[],"build_version":"2020-12-13","purchased_purges":0,"victory":false,"max_hp_per_floor":[88,88,88,88,88,88,88,88,88,93,93,93,93,95,95,95,95],"card_choices":[{"not_picked":["True Grit","Fire Breathing"],"picked":"Reckless Charge","floor":1.0},{"not_picked":["Dual Wield","Sentinel"],"picked":"Warcry","floor":2.0},{"not_picked":["Blood for Blood","Disarm","Warcry"],"picked":"SKIP","floor":4.0},{"not_picked":["Shockwave","Juggernaut"],"picked":"Uppercut","floor":6.0},{"not_picked":["Intimidate","Clash","Flex"],"picked":"SKIP","floor":7.0},{"not_picked":["Anger","Twin Strike"],"picked":"Offering","floor":8.0},{"not_picked":["Heavy Blade","Iron Wave","Cleave"],"picked":"SKIP","floor":11},{"not_picked":["Pommel Strike","Uppercut","Flex"],"picked":"Singing Bowl","floor":14}],"player_experience":436459,"relics_obtained":[{"floor":6.0,"key":"Paper Frog"},{"floor":9.0,"key":"Tiny Chest"},{"floor":11,"key":"Bronze Scales"},{"floor":14,"key":"Singing Bowl"}],"event_choices":[{"damage_healed":0.0,"max_hp_gain":0.0,"max_hp_loss":0.0,"gold_gain":0.0,"cards_transformed":["Strike_R"],"event_name":"Living Wall","player_choice":"Change","floor":3.0,"gold_loss":0.0,"damage_taken":0.0,"cards_obtained":["Immolate"]},{"damage_healed":0.0,"max_hp_gain":0.0,"max_hp_loss":0.0,"gold_gain":175.0,"event_name":"Liars Game","player_choice":"AGREE","floor":5.0,"gold_loss":0.0,"damage_taken":0.0,"cards_obtained":["Doubt"]},{"damage_healed":0.0,"max_hp_gain":5.0,"max_hp_loss":0.0,"gold_gain":0.0,"event_name":"Big Fish","player_choice":"Donut","floor":10.0,"gold_loss":0.0,"damage_taken":0.0},{"damage_healed":0,"gold_gain":0,"cards_transformed":["Strike_R"],"player_choice":"Transformed","damage_taken":0,"max_hp_gain":0,"max_hp_loss":0,"event_name":"Transmorgrifier","floor":13,"gold_loss":0,"cards_obtained":["Blood for Blood"]}],"is_beta":false,"boss_relics":[],"items_purged_floors":[],"is_endless":false,"potions_floor_spawned":[2,4,6,7,14],"killed_by":"The Guardian","ascension_level":8}}