{"host":"5gc11emcm5chfr5t","time":1607983162,"event":{"mods":["2.2 Compatiblity","AchievementEnabler","BaseMod","Bestiary","Better Note","Colored Map","Colored Powertips","Downfall","Googly Eyes","Minty Spire (QoL Compilation)","Rare Cards Sparkle","Say the Spire","StSLib"],"gold_per_floor":[110,110,110,158,183,527,527,542,542,26,26,50,73,96,96,96,96],"floor_reached":16,"playtime":726,"items_purged":[],"score":127,"play_id":"27c37af1-2542-4faa-8f74-0711bf66da4b","local_time":"20201214165922","is_ascension_mode":false,"campfire_choices":[{"floor":7,"key":"RECALL"},{"floor":15,"key":"REST"}],"circlet_count":0,"master_deck":["sneckomod:Strike","sneckomod:Strike","sneckomod:Strike","sneckomod:Defend","sneckomod:Defend","sneckomod:Defend","sneckomod:TailWhip","sneckomod:SnekBite","sneckomod:Unknown","sneckomod:Unknown","sneckomod:Unknown0Cost","sneckomod:IronFang","sneckomod:Nope","sneckomod:UnknownDexterity","expansioncontent:LastStand+1","sneckomod:DiceBoulder","sneckomod:UnknownWeak","sneckomod:QuickMove"],"relics":["sneckomod:SneckoSoul","NeowsBlessing","Smiling Mask","Golden Idol","Old Coin","The Courier","Mango","Frozen Egg 2"],"acts_visited":["Exordium"],"potions_floor_usage":[12,16],"damage_taken":[{"damage":0,"enemies":"Small Slimes","floor":1,"turns":1},{"damage":0,"enemies":"2 Louse","floor":5,"turns":1},{"damage":0,"enemies":"Lagavulin","floor":6,"turns":1},{"damage":0,"enemies":"Jaw Worm","floor":8,"turns":2},{"damage":5,"enemies":"Exordium Wildlife","floor":12,"turns":3},{"damage":15,"enemies":"Looter","floor":13,"turns":3},{"damage":16,"enemies":"Red Slaver","floor":14,"turns":4},{"damage":93,"enemies":"The Guardian","floor":16,"turns":16}],"seed_played":"-1857371198029790036","potions_obtained":[{"floor":6,"key":"Fire Potion"},{"floor":13,"key":"sneckomod:OffclassReductionPotion"}],"is_trial":false,"path_per_floor":["M","?","?","T","M","E","R","M","T","$","?","M","M","M","R","B"],"character_chosen":"THE_SNECKO","items_purchased":["Mango","Frozen Egg 2","expansioncontent:LastStand+1"],"campfire_rested":1,"item_purchase_floors":[10,10,10],"current_hp_per_floor":[91,73,73,73,73,73,73,74,74,88,88,83,69,53,83,0,0],"gold":96,"neow_bonus":"THREE_ENEMY_KILL","is_daily":false,"chose_seed":false,"campfire_upgraded":0,"win_rate":0.0,"timestamp":1607983162,"path_taken":["M","?","?","?","?","E","R","M","T","$","?","M","M","M","R","BOSS"],"items_purchased_type":["Relic","Relic","Card"],"build_version":"2020-12-13","purchased_purges":0,"victory":false,"max_hp_per_floor":[91,91,84,84,84,84,84,85,85,99,99,99,100,100,100,100,100],"card_choices":[{"not_picked":["sneckomod:SlitherStrike","sneckomod:UnknownCommonAttack"],"picked":"sneckomod:Unknown0Cost","floor":1},{"not_picked":["sneckomod:UnknownVulnerable","sneckomod:SoulRoll"],"picked":"sneckomod:IronFang","floor":5},{"not_picked":["sneckomod:QuickBite","sneckomod:RainOfDice"],"picked":"sneckomod:Nope","floor":6},{"not_picked":["sneckomod:CheapStock","sneckomod:UnknownClassGUARDIAN"],"picked":"sneckomod:UnknownDexterity","floor":8},{"not_picked":["sneckomod:ImprovisedAttack","sneckomod:UnknownVulnerable"],"picked":"sneckomod:DiceBoulder","floor":12},{"not_picked":["sneckomod:UnknownClassSLIMEBOUND","sneckomod:QuickBite"],"picked":"sneckomod:UnknownWeak","floor":13},{"not_picked":["sneckomod:RainOfDice","sneckomod:IronFang"],"picked":"sneckomod:QuickMove","floor":14}],"player_experience":363758,"relics_obtained":[{"floor":6,"key":"Old Coin"},{"floor":9,"key":"The Courier"}],"event_choices":[{"damage_healed":0,"gold_gain":0,"player_choice":"Success","damage_taken":18,"relics_obtained":["Smiling Mask"],"max_hp_gain":0,"max_hp_loss":0,"event_name":"Scrap Ooze","floor":2,"gold_loss":0},{"damage_healed":0,"gold_gain":0,"player_choice":"Lose Max HP","damage_taken":0,"relics_obtained":["Golden Idol"],"max_hp_gain":0,"max_hp_loss":7,"event_name":"Golden Idol","floor":3,"gold_loss":0},{"damage_healed":0,"gold_gain":0,"player_choice":"Ignored","damage_taken":0,"max_hp_gain":0,"max_hp_loss":0,"event_name":"betterNote:BetterNote","floor":11,"gold_loss":0,"cards_obtained":["FlyingSleeves"]}],"is_beta":false,"boss_relics":[],"items_purged_floors":[],"is_endless":false,"potions_floor_spawned":[6,13],"killed_by":"The Guardian","ascension_level":0}}