{"host":"wl5kcyk3ocgwii71","time":1607934402,"event":{"mods":["AchievementEnabler","BaseMod","Better Altar","Better Match","Better Note","Better Sensory Stone","Better Skull","Better Third Choice","Colored Powertips","Downfall","Hermit","Minty Spire (QoL Compilation)","Quick Restart","Replay The Spire","StSLib","The Servant 0.9.4"],"gold_per_floor":[117,117,129,129,141,174,174,174,174],"floor_reached":8,"playtime":152,"items_purged":[],"score":73,"play_id":"fc9de67e-f70d-4c1f-a640-01dcb03bf49c","local_time":"20201214002642","is_ascension_mode":true,"campfire_choices":[{"floor":7,"key":"REST"}],"circlet_count":0,"master_deck":["Strike_G","Strike_G","Strike_G","Strike_G","Strike_G","Defend_G","Defend_G","Defend_G","Defend_G","Defend_G","Survivor","Neutralize","Deadly Poison","Adrenaline","Fluid Movement+1"],"relics":["Ring of the Snake","NeowsBlessing","Frozen Egg 2"],"acts_visited":["Exordium"],"potions_floor_usage":[],"damage_taken":[{"damage":0,"enemies":"Jaw Worm","floor":1,"turns":1},{"damage":0,"enemies":"2 Louse","floor":3,"turns":1},{"damage":0,"enemies":"Cultist","floor":5,"turns":1},{"damage":38,"enemies":"Lagavulin","floor":6,"turns":8},{"damage":67,"enemies":"Gremlin Nob","floor":8,"turns":5}],"seed_played":"-5292385981123721440","potions_obtained":[],"is_trial":false,"path_per_floor":["M","?","M","?","M","E","R","E"],"character_chosen":"THE_SILENT","items_purchased":[],"campfire_rested":1,"item_purchase_floors":[],"current_hp_per_floor":[63,63,63,68,68,30,51,0,0],"gold":174,"neow_bonus":"THREE_ENEMY_KILL","is_daily":false,"chose_seed":false,"campfire_upgraded":0,"win_rate":0.0,"timestamp":1607934402,"path_taken":["M","?","M","?","?","E","R","E"],"items_purchased_type":[],"build_version":"2020-12-13","purchased_purges":0,"victory":false,"max_hp_per_floor":[70,70,70,70,70,70,70,70,70],"card_choices":[{"not_picked":["Bane","Deflect"],"picked":"Deadly Poison","floor":1},{"not_picked":["Acrobatics","Sucker Punch"],"picked":"Hidden Blade","floor":3},{"not_picked":["Bane","Backflip"],"picked":"Adrenaline","floor":5},{"not_picked":["Riddle With Holes","Wraith Form v2+1"],"picked":"Fluid Movement+1","floor":6}],"player_experience":349454,"relics_obtained":[{"floor":6,"key":"Frozen Egg 2"}],"event_choices":[{"damage_healed":0,"gold_gain":0,"player_choice":"Leave","damage_taken":0,"max_hp_gain":0,"max_hp_loss":0,"event_name":"The Cleric","floor":2,"gold_loss":0},{"cards_removed":["Hidden Blade"],"damage_healed":5,"gold_gain":0,"player_choice":"Offered Common","damage_taken":0,"max_hp_gain":0,"max_hp_loss":0,"event_name":"Bonfire Elementals","floor":4,"gold_loss":0},{"cards_removed":["Hidden Blade"],"damage_healed":5,"gold_gain":0,"player_choice":"Offered Special","damage_taken":0,"max_hp_gain":0,"max_hp_loss":0,"event_name":"Bonfire Elementals","floor":4,"gold_loss":0}],"is_beta":false,"boss_relics":[],"items_purged_floors":[],"is_endless":false,"potions_floor_spawned":[],"killed_by":"Gremlin Nob","ascension_level":6}}