{"host":"r3d3rfw8zyydmocx","time":1607920283,"event":{"mods":["Aspiration","BaseMod","Colored Powertips","Conspire","Downfall","Highlight Path","Hubris","Minty Spire (QoL Compilation)","Replay The Spire","StSLib","The Hierophant","The Servant 0.9.4"],"gold_per_floor":[99,99,134,184,184,184,184,184,212,212,236,260,279,298,321,321,321],"floor_reached":16,"playtime":874,"items_purged":[],"score":160,"play_id":"208c3311-534d-4c73-acef-f7c2e6ab5792","local_time":"20201213203123","is_ascension_mode":false,"campfire_choices":[{"data":"champ:Execute","floor":1,"key":"SMITH"},{"data":"champ:StrikeOfGenius","floor":6,"key":"SMITH"},{"data":"champ:StanceDance","floor":8,"key":"SMITH"},{"data":"champ:GladiatorsShout","floor":10,"key":"SMITH"}],"circlet_count":0,"master_deck":["champ:Strike","champ:Strike","champ:Strike","champ:Strike","champ:Defend","champ:Defend","champ:Defend","champ:Defend","champ:Execute+1","champ:Taunt","champ:StanceDance+1","champ:StrikeOfGenius+1","Sickly","champ:GladiatorsShout+1","champ:FocusedBerserking","champ:MurderStrike","champ:SkillfulDodge","Normality","champ:Shatter","champ:EnragedBash"],"relics":["champ:ChampionCrown","downfall:HeartsMalice","champ:GladiatorsBookOfMartialProwess","Ring of Fangs","Ring of Greed","Smiling Mask","Replay:Bandana","Calipers","ReplayTheSpireMod:Ninjato"],"acts_visited":["Exordium"],"potions_floor_usage":[15,15,15],"damage_taken":[{"damage":0,"enemies":"2 Louse","floor":2,"turns":1},{"damage":0,"enemies":"Lagavulin","floor":3,"turns":1},{"damage":0,"enemies":"Gremlin Nob","floor":9,"turns":1},{"damage":17,"enemies":"Jaw Worm","floor":11,"turns":4},{"damage":35,"enemies":"Small Slimes","floor":12,"turns":5},{"damage":27,"enemies":"Exordium Wildlife","floor":13,"turns":6},{"damage":44,"enemies":"Blue Slaver","floor":14,"turns":7},{"damage":14,"enemies":"Gremlin Gang","floor":15,"turns":4},{"damage":0,"enemies":"downfall:Silent","floor":16,"turns":1}],"seed_played":"4251253445081593571","potions_obtained":[{"floor":11,"key":"DistilledChaos"},{"floor":12,"key":"Explosive Potion"},{"floor":13,"key":"Fire Potion"},{"floor":15,"key":"ColorlessPotion"}],"is_trial":false,"path_per_floor":["R","M","E","?","?","R","T","R","E","R","M","M","M","M","M","B"],"character_chosen":"THE_CHAMP","items_purchased":[],"campfire_rested":0,"item_purchase_floors":[],"current_hp_per_floor":[90,90,90,90,90,90,90,90,90,90,78,63,51,29,15,15,15],"gold":321,"neow_bonus":"THREE_ENEMY_KILL","is_daily":false,"chose_seed":false,"campfire_upgraded":4,"win_rate":0.0,"timestamp":1607920283,"path_taken":["R","M","E","?","?","R","T","R","E","R","M","M","M","M","M","BOSS"],"items_purchased_type":[],"build_version":"2020-12-13","purchased_purges":0,"victory":false,"max_hp_per_floor":[90,90,90,90,90,90,90,90,90,90,90,90,90,90,90,90,90],"card_choices":[{"not_picked":["champ:AdrenalArmor","champ:FanOfKnives"],"picked":"champ:StanceDance","floor":2},{"not_picked":["champ:TornadoPunch","champ:FocusedBerserking"],"picked":"champ:StrikeOfGenius","floor":3},{"not_picked":["champ:CrownThrow","champ:StanceDance"],"picked":"champ:GladiatorsShout","floor":9},{"not_picked":["champ:PerfectedStrike","champ:StanceDance"],"picked":"champ:FocusedBerserking","floor":11},{"not_picked":["champ:ArenaPreparation","champ:DeathBlow"],"picked":"champ:MurderStrike","floor":12},{"not_picked":["champ:FightOn","champ:GladiatorsShout"],"picked":"champ:SkillfulDodge","floor":13},{"not_picked":["champ:GladiatorsShout","champ:CrookedStrike"],"picked":"champ:Shatter","floor":14},{"not_picked":["champ:CrookedStrike","champ:BerserkersShout"],"picked":"champ:EnragedBash","floor":15}],"player_experience":470412,"relics_obtained":[{"floor":3,"key":"champ:GladiatorsBookOfMartialProwess"},{"floor":4,"key":"Ring of Fangs"},{"floor":4,"key":"Ring of Greed"},{"floor":4,"key":"Smiling Mask"},{"floor":4,"key":"Replay:Bandana"},{"floor":7,"key":"Calipers"},{"floor":9,"key":"ReplayTheSpireMod:Ninjato"}],"event_choices":[{"damage_healed":0,"gold_gain":0,"player_choice":"Leave","damage_taken":0,"max_hp_gain":0,"max_hp_loss":0,"event_name":"conspire:Investor","floor":5,"gold_loss":0}],"is_beta":false,"boss_relics":[],"items_purged_floors":[],"is_endless":false,"potions_floor_spawned":[11,12,13,14,15],"killed_by":"downfall:Silent","ascension_level":0}}