{"host":"qzvr69t6v3frb6bz","time":1607987633,"event":{"mods":["Aspiration","BaseMod","Better Altar","Better Match","Better Note","Better Sensory Stone","Better Skull","Better Third Choice","BetterRewards","Colored Map","Colored Powertips","Downfall","Highlight Path","Hubris","Infinite Spire","Minty Spire (QoL Compilation)","Replay The Spire","Shop Mod","StSLib","The Bug Knight","The Cursed","The Jungle","The Servant 0.9.4"],"gold_per_floor":[99,129,129,129,129,54,54,54,54,82,97,111,111,21,33,137,137,137,149,149,160,260,260,260,260,286,286,304,304,304,318,332,430,430,430,430,446,463,477,477,502,427,427,458,477,495,560,63,78,78],"floor_reached":51,"playtime":5830,"items_purged":["champ:Strike","champ:Defend"],"score":628,"play_id":"79331a12-5f6b-493b-9584-04ec21076635","local_time":"20201214231353","is_ascension_mode":false,"campfire_choices":[{"floor":1.0,"key":"RECALL"},{"data":"champ:Taunt","floor":4.0,"key":"SMITH"},{"data":"champ:CheapShot","floor":18.0,"key":"SMITH"},{"data":"hubris:Fate","floor":27.0,"key":"SMITH"},{"data":"champ:MurderStrike","floor":43,"key":"SMITH"}],"circlet_count":0,"master_deck":["champ:Strike","champ:Strike","champ:Strike","champ:Defend","champ:Defend","champ:Defend","champ:Execute","champ:Taunt+1","champ:ShieldWall","champ:DefensiveStyle","champ:BerserkerStyle","champ:LastStand+1","champ:CheapShot+1","champ:PerfectForm","champ:GladiatorStyle","champ:CheapShot+1","champ:FlashCut","champ:ArenaPreparation+1","champ:FocusedBerserking+1","hubris:Fate+1","champ:HeavySlash","champ:IronFortress","champ:MurderStrike+1","expansioncontent:DonusPower","champ:RisingSlash+1","hubris:Fate+1","Parasite","champ:StanceDance+1","ReplayUltimateDefense","champ:StanceDance+1"],"relics":["champ:ChampionCrown","downfall:HeartsMalice","Mummified Hand","Kunai","Sundial","aspiration:Lifesprig","Coffee Dripper","White Beast Statue","Meat on the Bone","downfall:KnowingSkull","hubris:RunicObelisk","ReplayFunnel","MerchantsRug","Replay:Baseball","Gremlin Horn","Sling"],"acts_visited":["Exordium","TheCity","TheBeyond"],"potions_floor_usage":[44,46],"damage_taken":[{"damage":0.0,"enemies":"Gremlin Nob","floor":2.0,"turns":1.0},{"damage":0.0,"enemies":"Small Slimes","floor":5.0,"turns":1.0},{"damage":0.0,"enemies":"downfall:FleeingMerchant","floor":6.0,"turns":1.0},{"damage":44.0,"enemies":"Lagavulin","floor":10.0,"turns":9.0},{"damage":2.0,"enemies":"2 Louse","floor":11.0,"turns":2.0},{"damage":10.0,"enemies":"Cultist","floor":12.0,"turns":4.0},{"damage":10.0,"enemies":"downfall:FleeingMerchant","floor":14.0,"turns":4.0},{"damage":16.0,"enemies":"Exordium Thugs","floor":15.0,"turns":4.0},{"damage":38.0,"enemies":"downfall:Silent","floor":16.0,"turns":9.0},{"damage":43.0,"enemies":"3 Byrds","floor":19.0,"turns":8.0},{"damage":28.0,"enemies":"Chosen","floor":21.0,"turns":9.0},{"damage":39.0,"enemies":"downfall:LadyInBlue","floor":22.0,"turns":10.0},{"damage":38.0,"enemies":"Book of Stabbing","floor":26.0,"turns":6.0},{"damage":37.0,"enemies":"Snake Plant","floor":28.0,"turns":3.0},{"damage":23.0,"enemies":"Shelled Parasite and Fungi","floor":31.0,"turns":4.0},{"damage":1.0,"enemies":"Snecko","floor":32.0,"turns":2.0},{"damage":26.0,"enemies":"downfall:Defect","floor":33.0,"turns":4.0},{"damage":6.0,"enemies":"Orb Walker","floor":37.0,"turns":2.0},{"damage":48.0,"enemies":"3 Darklings","floor":38.0,"turns":4.0},{"damage":13.0,"enemies":"Maw","floor":39.0,"turns":5.0},{"damage":6,"enemies":"Nemesis","floor":44,"turns":3},{"damage":1,"enemies":"Writhing Mass","floor":45,"turns":2},{"damage":46,"enemies":"3 Darklings","floor":46,"turns":6},{"damage":21,"enemies":"downfall:FleeingMerchant","floor":48,"turns":4},{"damage":9,"enemies":"Maw","floor":49,"turns":3},{"damage":0,"enemies":"downfall:Watcher","floor":50,"turns":1}],"seed_played":"6176550554370020528","potions_obtained":[{"floor":9.0,"key":"Fire Potion"},{"floor":9.0,"key":"Languid Potion"},{"floor":9.0,"key":"SkillPotion"},{"floor":10.0,"key":"SpeedPotion"},{"floor":12.0,"key":"Ancient Potion"},{"floor":15.0,"key":"ColorlessPotion"},{"floor":16.0,"key":"SteroidPotion"},{"floor":21.0,"key":"Elixir"},{"floor":22.0,"key":"Doom Potion"},{"floor":22.0,"key":"LiquidMemories"},{"floor":28.0,"key":"Fire Potion"},{"floor":31.0,"key":"champ:UltimateStancePotion"},{"floor":33.0,"key":"SpeedPotion"},{"floor":38.0,"key":"SkillPotion"},{"floor":39.0,"key":"CultistPotion"},{"floor":44,"key":"Energy Potion"},{"floor":46,"key":"Languid Potion"},{"floor":47,"key":"Flashbang"}],"is_trial":false,"path_per_floor":["R","E","?","R","M","$","T","?","?","E","M","M","?","$","M","B",null,"R","M","?","M","?","AVR","T","$","E","R","M","?","?","M","M","B",null,"R_BF","?","M","M","M","?","T","?","R","E","M","M","?","$","M","B",null],"character_chosen":"THE_CHAMP","items_purchased":["champ:BerserkerStyle","MerchantsRug","ReplayUltimateDefense","Replay:Baseball","Gremlin Horn","Sling"],"campfire_rested":0,"item_purchase_floors":[6,48,48,48,48,48],"current_hp_per_floor":[90,90,90,90,90,90,90,90,90,61,59,57,57,57,48,32,90,90,69,69,46,19,19,19,19,27,27,33,24,24,35,46,52,90,90,90,89,88,86,86,86,86,86,85,84,65,65,64,63,63],"gold":78,"neow_bonus":"THREE_ENEMY_KILL","is_daily":false,"chose_seed":false,"campfire_upgraded":4,"win_rate":0.0,"timestamp":1607987633,"path_taken":["R","E","?","R","M","$","T","?","?","E","?","M","?","?","M","BOSS","R","M","?","M","?","AVR","T","?","E","R","?","?","?","?","M","BOSS","R_BF","?","M","M","?","?","T","?","R","E","M","M","?","?","M","BOSS"],"items_purchased_type":["Card","Relic","Card","Relic","Relic","Relic"],"build_version":"2020-12-13","purchased_purges":2,"victory":true,"max_hp_per_floor":[90,90,90,90,90,90,90,90,90,90,90,90,90,90,90,90,90,90,90,90,90,90,90,90,90,90,90,90,90,90,90,90,90,90,90,90,90,90,90,90,90,90,90,90,90,90,90,90,90,90],"card_choices":[{"not_picked":["champ:FlashCut","champ:BringItOn"],"picked":"champ:ShieldWall","floor":2.0},{"not_picked":["champ:AdrenalArmor","champ:FanOfKnives"],"picked":"champ:DefensiveStyle","floor":5.0},{"not_picked":["champ:IronFortress","champ:RecklessLeap"],"picked":"champ:DancingMaster","floor":6.0},{"not_picked":["champ:PerfectedStrike","champ:BringItOn","champ:AdrenalArmor"],"picked":"SKIP","floor":10.0},{"not_picked":["champ:GladiatorsShout","champ:Riposte","champ:Haymaker"],"picked":"SKIP","floor":11.0},{"not_picked":["champ:Haymaker","champ:Backstep","champ:Encircle"],"picked":"SKIP","floor":12.0},{"not_picked":["champ:ViciousMockery","champ:Backstep","champ:DefensiveShout"],"picked":"SKIP","floor":14.0},{"not_picked":["champ:FlashCut","champ:AdrenalArmor"],"picked":"champ:CheapShot","floor":15.0},{"not_picked":["champ:SteelEdge","champ:HoldFirm"],"picked":"champ:PerfectForm","floor":16.0},{"not_picked":["champ:PerfectedStrike","champ:FlashCut"],"picked":"champ:GladiatorStyle","floor":19.0},{"not_picked":["champ:ViciousMockery","champ:FocusedDefense"],"picked":"champ:FlashCut","floor":21.0},{"not_picked":["champ:Circumvent","champ:FanOfKnives+1"],"picked":"champ:ArenaPreparation+1","floor":22.0},{"not_picked":["champ:FaceSlap+1","champ:BringItOn+1"],"picked":"champ:FocusedBerserking+1","floor":23.0},{"not_picked":["champ:Duel","champ:BerserkersShout+1"],"picked":"champ:HeavySlash","floor":26.0},{"not_picked":["champ:FlashCut","champ:StanceDance","champ:BladeFlurry"],"picked":"SKIP","floor":28.0},{"not_picked":["champ:GladiatorsShout","champ:FanOfKnives","champ:AdrenalArmor+1"],"picked":"SKIP","floor":31.0},{"not_picked":["champ:FanOfKnives","champ:BerserkersShout"],"picked":"champ:IronFortress","floor":32.0},{"not_picked":["champ:SwordThrow","champ:CheapShot"],"picked":"champ:MurderStrike","floor":33.0},{"not_picked":["champ:BringItOn","champ:AdrenalArmor+1","champ:CrookedStrike"],"picked":"SKIP","floor":37.0},{"not_picked":["champ:DefensiveShout+1","champ:DeathBlow","champ:BerserkersShout"],"picked":"SKIP","floor":38.0},{"not_picked":["champ:RapidStrikes+1","champ:GladiatorStyle"],"picked":"champ:RisingSlash+1","floor":39.0},{"not_picked":["champ:Backstep","champ:Circumvent+1","champ:DefensiveShout+1"],"picked":"SKIP","floor":44},{"not_picked":["champ:FalseCounter","champ:ViciousMockery","champ:TornadoPunch"],"picked":"SKIP","floor":45},{"not_picked":["champ:IronFortress","champ:RapidStrikes"],"picked":"champ:StanceDance+1","floor":46},{"not_picked":["champ:EnragedBash","champ:DefensiveShout+1","champ:Backstep+1"],"picked":"SKIP","floor":48},{"not_picked":["champ:ViciousMockery+1","champ:GladiatorStyle+1"],"picked":"champ:StanceDance+1","floor":49}],"player_experience":510621,"relics_obtained":[{"floor":2.0,"key":"Mummified Hand"},{"floor":7.0,"key":"Sundial"},{"floor":10.0,"key":"aspiration:Lifesprig"},{"floor":22.0,"key":"White Beast Statue"},{"floor":24.0,"key":"Meat on the Bone"},{"floor":26.0,"key":"aspiration:TomeofQuesting"},{"floor":44,"key":"ReplayFunnel"}],"event_choices":[{"damage_healed":0.0,"max_hp_gain":0.0,"max_hp_loss":0.0,"gold_gain":0.0,"event_name":"Big Fish","player_choice":"Box","floor":3.0,"gold_loss":0.0,"damage_taken":0.0,"relics_obtained":["Kunai"],"cards_obtained":["Regret"]},{"damage_healed":0.0,"max_hp_gain":0.0,"max_hp_loss":0.0,"gold_gain":0.0,"event_name":"Lab","player_choice":"Got Potions","floor":9.0,"gold_loss":0.0,"damage_taken":0.0},{"cards_removed":["Regret"],"damage_healed":0.0,"max_hp_gain":0.0,"max_hp_loss":0.0,"gold_gain":0.0,"event_name":"Purifier","player_choice":"Purged","floor":13.0,"gold_loss":0.0,"damage_taken":0.0},{"damage_healed":0.0,"max_hp_gain":0.0,"max_hp_loss":0.0,"gold_gain":0.0,"event_name":"Duplicator","player_choice":"Copied","floor":20.0,"gold_loss":0.0,"damage_taken":0.0,"cards_obtained":["champ:CheapShot"]},{"cards_removed":["hubris:Fate"],"damage_healed":0.0,"max_hp_gain":0.0,"max_hp_loss":0.0,"gold_gain":0.0,"event_name":"betterNote:BetterNote","player_choice":"Give","floor":30.0,"gold_loss":0.0,"damage_taken":0.0,"cards_obtained":["None"]},{"damage_healed":0,"gold_gain":3,"player_choice":"4","damage_taken":0,"max_hp_gain":0,"max_hp_loss":0,"event_name":"betterStone:BetterStone","floor":40,"gold_loss":0,"cards_obtained":["hubris:Fate"]},{"damage_healed":0,"gold_gain":0,"player_choice":"2","damage_taken":0,"max_hp_gain":0,"max_hp_loss":0,"event_name":"betterMatch:BetterMatch","floor":42,"gold_loss":0,"cards_obtained":["betterMatch:CommonCard"]}],"is_beta":false,"boss_relics":[{"not_picked":["Snecko Eye","aspiration:SecretTechniqueScroll"],"picked":"Coffee Dripper"},{"not_picked":["Replay:Bronze Core","Runic Pyramid"],"picked":"hubris:RunicObelisk"}],"items_purged_floors":[14,23],"is_endless":false,"potions_floor_spawned":[10,12,15,16,21,26,28,31,32,33,37,38,39,44,45,46,48,49],"ascension_level":0}}