{"host":"f7rb14kzcw8hx1r1","time":1607990304,"event":{"mods":["BaseMod","Better Note","Better Third Choice","Colored Map","Highlight Path","Hubris","Minty Spire (QoL Compilation)","Replay The Spire","StSLib"],"gold_per_floor":[110,110,110,35,45,77,77,88,88,88,104,133,147,165,165,265,265,285,302,51,67,67,67,83,83,162,162,162,173,187,222,222,320,320,334,88,100,114,132,157,157,183,183,183,183,195,221,233,233,233],"floor_reached":51,"playtime":2544,"items_purged":["Strike_G","Strike_G","Shame"],"score":766,"play_id":"c4124996-b2b4-453a-9d00-38277744a4b3","local_time":"20201215005824","is_ascension_mode":false,"campfire_choices":[{"data":"Neutralize","floor":7,"key":"SMITH"},{"data":"Malaise","floor":10,"key":"SMITH"},{"data":"ReplayTheSpireMod:Speed Training","floor":15,"key":"SMITH"},{"data":"Cloak And Dagger","floor":23,"key":"SMITH"},{"data":"Deadly Poison","floor":25,"key":"SMITH"},{"data":"Crippling Poison","floor":28,"key":"SMITH"},{"floor":32,"key":"REST"},{"data":"Accuracy","floor":41,"key":"SMITH"},{"data":"Terror","floor":44,"key":"SMITH"},{"data":"Blur","floor":49,"key":"SMITH"}],"circlet_count":0,"master_deck":["Defend_G","Defend_G","Defend_G","Defend_G","Defend_G","Survivor","Neutralize+1","Dash","Malaise+1","Acrobatics","ReplayTheSpireMod:From All Sides","ReplayTheSpireMod:Speed Training+1","Unload","Dagger Spray+1","Cloak And Dagger+1","Deadly Poison+1","Crippling Poison+1","Cloak And Dagger+1","Bane+1","Adrenaline","Terror+1","Accuracy+1","Hidden Blade","Dodge and Roll","Replay:Poison Smokescreen+1","Dagger Throw+1","Blur+1"],"relics":["HoveringKite","hubris:GlazedTorus","Meat on the Bone","hubris:SlimyHat","Empty Cage","TheAbacus","Snake Skull","Letter Opener","HornCleat","hubris:RunicObelisk","hubris:FunFungus","ReplayTheSpireMod:Lightbulb","Bottled Lightning","hubris:TenFootPole"],"acts_visited":["Exordium","TheCity","TheBeyond"],"potions_floor_usage":[6,6,12,31,33,48,50,50,50],"damage_taken":[{"damage":0,"enemies":"2 Louse","floor":1,"turns":4},{"damage":0,"enemies":"Cultist","floor":5,"turns":5},{"damage":36,"enemies":"Lagavulin","floor":6,"turns":12},{"damage":0,"enemies":"Jaw Worm","floor":8,"turns":4},{"damage":7,"enemies":"Gremlin Gang","floor":11,"turns":5},{"damage":5,"enemies":"Gremlin Nob","floor":12,"turns":6},{"damage":0,"enemies":"Looter","floor":13,"turns":3},{"damage":1,"enemies":"Blue Slaver","floor":14,"turns":5},{"damage":2,"enemies":"Hexaghost","floor":16,"turns":12},{"damage":4,"enemies":"Spheric Guardian","floor":18,"turns":4},{"damage":0,"enemies":"3 Byrds","floor":19,"turns":5},{"damage":2,"enemies":"Shelled Parasite and Fungi","floor":21,"turns":7},{"damage":5,"enemies":"Snecko","floor":24,"turns":7},{"damage":2,"enemies":"Cultist and Chosen","floor":29,"turns":5},{"damage":2,"enemies":"Snake Plant","floor":30,"turns":4},{"damage":19,"enemies":"Slavers","floor":31,"turns":5},{"damage":40,"enemies":"Champ","floor":33,"turns":13},{"damage":7,"enemies":"3 Shapes","floor":35,"turns":4},{"damage":0,"enemies":"3 Darklings","floor":37,"turns":5},{"damage":12,"enemies":"Spire Growth","floor":38,"turns":4},{"damage":0,"enemies":"Maw","floor":39,"turns":6},{"damage":0,"enemies":"R_Hoarder","floor":40,"turns":6},{"damage":0,"enemies":"Sphere and 2 Shapes","floor":46,"turns":4},{"damage":10,"enemies":"Nemesis","floor":47,"turns":7},{"damage":0,"enemies":"Transient","floor":48,"turns":5},{"damage":11,"enemies":"Donu and Deca","floor":50,"turns":10}],"seed_played":"934498128521687326","potions_obtained":[{"floor":1,"key":"Explosive Potion"},{"floor":5,"key":"Languid Potion"},{"floor":11,"key":"Block Potion"},{"floor":12,"key":"CunningPotion"},{"floor":19,"key":"LiquidMemories"},{"floor":29,"key":"Dexterity Potion"},{"floor":30,"key":"Poison Potion"},{"floor":35,"key":"Strength Potion"},{"floor":46,"key":"Toxic Potion"},{"floor":48,"key":"SkillPotion"}],"is_trial":false,"path_per_floor":["M","?","$","$","M","E","R","M","T","R","M","E","M","M","R","B",null,"M","M","$","M","?","R","M","R","T","?","R","M","M","E","R","B",null,"M","$","M","M","M","E","R","T","T","R","?","M","E","M","R","B",null],"character_chosen":"THE_SILENT","items_purchased":["TheAbacus","Accuracy","Hidden Blade"],"campfire_rested":1,"item_purchase_floors":[20,36,36],"current_hp_per_floor":[70,70,70,70,70,34,34,34,34,34,39,46,46,45,45,43,70,66,66,66,64,64,64,59,59,59,59,59,57,55,36,57,29,70,63,63,63,51,51,51,51,51,51,51,51,51,47,48,48,40],"gold":233,"neow_bonus":"BOSS_RELIC","is_daily":false,"chose_seed":false,"campfire_upgraded":9,"win_rate":0.0,"timestamp":1607990304,"path_taken":["M","?","?","$","M","E","R","M","T","R","M","E","?","M","R","BOSS","M","M","$","M","?","R","M","R","T","?","R","?","M","E","R","BOSS","M","$","M","M","M","E","R","?","T","R","?","M","E","M","R","BOSS"],"items_purchased_type":["Relic","Card","Card"],"build_version":"2020-12-13","purchased_purges":3,"victory":true,"max_hp_per_floor":[70,70,70,70,70,70,70,70,70,70,70,70,70,70,70,70,70,70,70,70,70,70,70,70,70,70,70,70,70,70,70,70,70,70,70,70,70,70,70,70,70,70,70,70,70,70,70,70,70,70],"card_choices":[{"not_picked":["Flying Knee","Caltrops"],"picked":"Dash","floor":1},{"not_picked":["hubris:TrickCloak","Crippling Poison","hubris:Sniper"],"picked":"SKIP","floor":5},{"not_picked":["Underhanded Strike","hubris:TrickCloak"],"picked":"Malaise","floor":6},{"not_picked":["Sucker Punch","Outmaneuver"],"picked":"Acrobatics","floor":8},{"not_picked":["Outmaneuver","ReplayTheSpireMod:Exploit Weakness","Reflex"],"picked":"SKIP","floor":11},{"not_picked":["Predator","Deflect"],"picked":"ReplayTheSpireMod:From All Sides","floor":12},{"not_picked":["Acrobatics","Poisoned Stab","Deadly Poison"],"picked":"SKIP","floor":13},{"not_picked":["Replay:Poison Smokescreen","Backflip"],"picked":"ReplayTheSpireMod:Speed Training","floor":14},{"not_picked":["Poison Darts","Atom Bomb"],"picked":"Unload","floor":16},{"not_picked":["Underhanded Strike+1","Accuracy"],"picked":"Dagger Spray+1","floor":18},{"not_picked":["hubris:Counter","Dodge and Roll","Outmaneuver"],"picked":"SKIP","floor":19},{"not_picked":["Expertise","Backstab"],"picked":"Cloak And Dagger","floor":21},{"not_picked":["Backflip","Flying Knee+1"],"picked":"Deadly Poison","floor":24},{"not_picked":["Dagger Spray+1","Flying Knee","hubris:SlightOfHand"],"picked":"SKIP","floor":29},{"not_picked":["Caltrops+1","PiercingWail"],"picked":"Cloak And Dagger+1","floor":30},{"not_picked":["Hidden Blade","Prepared"],"picked":"Bane+1","floor":31},{"not_picked":["Doppelganger","Phantasmal Killer"],"picked":"Adrenaline","floor":33},{"not_picked":["Deflect+1","Dodge and Roll+1"],"picked":"Terror","floor":35},{"not_picked":["Outmaneuver+1","Bane+1"],"picked":"Dodge and Roll","floor":37},{"not_picked":["Deadly Poison","Phantasmal Killer"],"picked":"Replay:Poison Smokescreen+1","floor":38},{"not_picked":["hubris:SlightOfHand","Acrobatics+1"],"picked":"Dagger Throw+1","floor":39},{"not_picked":["Prepared","Bane+1","Sucker Punch"],"picked":"SKIP","floor":40},{"not_picked":["Deflect","Outmaneuver+1"],"picked":"Blur","floor":46},{"not_picked":["hubris:TrickCloak+1","Outmaneuver","Accuracy"],"picked":"SKIP","floor":47},{"not_picked":["Hidden Blade","Outmaneuver+1","Flying Knee"],"picked":"SKIP","floor":48}],"player_experience":821142,"relics_obtained":[{"floor":6,"key":"hubris:GlazedTorus"},{"floor":9,"key":"Meat on the Bone"},{"floor":12,"key":"hubris:SlimyHat"},{"floor":26,"key":"Letter Opener"},{"floor":31,"key":"HornCleat"},{"floor":40,"key":"hubris:FunFungus"},{"floor":42,"key":"ReplayTheSpireMod:Lightbulb"},{"floor":43,"key":"Bottled Lightning"},{"floor":47,"key":"hubris:TenFootPole"}],"event_choices":[{"cards_removed":["Strike_G"],"damage_healed":0,"gold_gain":0,"player_choice":"Give","damage_taken":0,"max_hp_gain":0,"max_hp_loss":0,"event_name":"betterNote:BetterNote","floor":2,"gold_loss":0,"cards_obtained":["Strike_R"]},{"damage_healed":0,"gold_gain":0,"player_choice":"Stole Relic","damage_taken":0,"relics_obtained":["Snake Skull"],"max_hp_gain":0,"max_hp_loss":0,"event_name":"Addict","floor":22,"gold_loss":0,"cards_obtained":["Shame"]},{"damage_healed":0,"gold_gain":0,"cards_transformed":["Strike_G"],"player_choice":"Transformed","damage_taken":0,"max_hp_gain":0,"max_hp_loss":0,"event_name":"Transmorgrifier","floor":27,"gold_loss":0,"cards_obtained":["Crippling Poison"]}],"is_beta":false,"boss_relics":[{"not_picked":["hubris:HollowSoul","Sozu"],"picked":"Empty Cage"},{"not_picked":["Cursed Key","SacredBark"],"picked":"hubris:RunicObelisk"}],"items_purged_floors":[4,20,36],"is_endless":false,"potions_floor_spawned":[1,5,11,12,19,29,30,35,46,48],"ascension_level":0}}