{"host":"hlg6scarqnxczons","time":1607984869,"event":{"mods":["BaseMod","Conspire","Custom Start","Downfall","Emptier Cage","Friendly Minions","Gold Saver","Infinite Spire","Marisa????????","Minty Spire (QoL Compilation)","Quick Restart","Replay The Spire","StSLib","The Bug Knight","UnlockEverythingMod"],"gold_per_floor":[111,129,144,161,174,208,208,233,233,260,275,275,53,33,33,129,129,139,159,179,79,79,79,79],"floor_reached":23,"playtime":1698,"items_purged":["HollowMod:NailStrikeStart","HollowMod:NailStrikeStart"],"score":250,"play_id":"86047a03-8676-40da-ad32-650222a737b2","local_time":"20201214222749","daily_mods":["Heirloom","Flight","DeadlyEvents","Elite Swarm"],"is_ascension_mode":true,"campfire_choices":[{"floor":7,"key":"REST"},{"data":"HollowMod:VoidDash","floor":12,"key":"SMITH"},{"data":"HollowMod:WraithStrike","floor":15,"key":"SMITH"}],"circlet_count":0,"master_deck":["HollowMod:NailStrikeStart","HollowMod:NailStrikeStart","HollowMod:QuickDashStart+1","HollowMod:QuickDashStart+1","HollowMod:QuickDashStart+1","HollowMod:QuickDashStart+1","HollowMod:FocusHealStart","HollowMod:PogoStrike","HollowMod:VengefulVoid","HollowMod:DescendingDark","HollowMod:WraithStrike+1","HollowMod:VengefulVoid","HollowMod:VoidDash+1","HollowMod:Hiveblood+1","HollowMod:VengefulVoid","HollowMod:LifebloodCocoon+1"],"relics":["HollowMod:VesselMask","Prayer Wheel","Bottled Flame","Replay:Bottled Eggs","Iron Hammer","Toxic Egg 2","TheAbacus"],"acts_visited":["Exordium","TheCity"],"potions_floor_usage":[6,8,16,16,23,23],"damage_taken":[{"damage":2,"enemies":"Small Slimes","floor":1,"turns":4},{"damage":2,"enemies":"Cultist","floor":2,"turns":3},{"damage":4,"enemies":"Jaw Worm","floor":3,"turns":3},{"damage":21,"enemies":"Blue Slaver","floor":4,"turns":3},{"damage":0,"enemies":"Exordium Wildlife","floor":5,"turns":2},{"damage":29,"enemies":"3 Sentries","floor":6,"turns":5},{"damage":0,"enemies":"Gremlin Nob","floor":8,"turns":2},{"damage":7,"enemies":"Lagavulin","floor":10,"turns":4},{"damage":15,"enemies":"Exordium Thugs","floor":11,"turns":4},{"damage":48,"enemies":"Hexaghost","floor":16,"turns":14},{"damage":0,"enemies":"3 Byrds","floor":18,"turns":4},{"damage":0,"enemies":"Spheric Guardian","floor":19,"turns":3},{"damage":6,"enemies":"Snake Plant","floor":20,"turns":4},{"damage":110,"enemies":"Book of Stabbing","floor":23,"turns":9}],"seed_played":"-6239337246576178832","potions_obtained":[{"floor":4,"key":"Swift Potion"},{"floor":5,"key":"Ancient Potion"},{"floor":6,"key":"Fire Potion"},{"floor":8,"key":"Doom Potion"},{"floor":14,"key":"Slimebound:ThreeZeroPotion"},{"floor":16,"key":"Elixir"},{"floor":19,"key":"Elixir"},{"floor":20,"key":"EssenceOfSteel"}],"is_trial":true,"path_per_floor":["M","M","M","M","M","E","R","E","T","E","M","R","$","?","R","B",null,"M","M","M","$","?","E"],"character_chosen":"THE_BUGKNIGHT","items_purchased":["TheAbacus"],"campfire_rested":1,"item_purchase_floors":[13],"current_hp_per_floor":[73,73,69,48,48,19,41,41,41,34,37,37,37,37,37,17,75,75,75,69,69,69,0,0],"gold":79,"neow_bonus":"","is_daily":false,"chose_seed":false,"campfire_upgraded":2,"win_rate":0.0,"timestamp":1607984869,"path_taken":["M","M","M","M","M","E","R","E","T","E","M","R","$","?","R","BOSS","M","M","M","$","?","E"],"items_purchased_type":["Relic"],"build_version":"2020-12-13","purchased_purges":2,"victory":false,"max_hp_per_floor":[75,75,75,75,75,75,75,75,75,75,75,75,75,75,75,75,75,75,75,75,75,75,75,75],"card_choices":[{"not_picked":["HollowMod:SoulStrike","HollowMod:SharpenedNail"],"picked":"HollowMod:VengefulVoid","floor":1},{"not_picked":["HollowMod:SoulMaster","HollowMod:InfectedAttack","HollowMod:NewJinnsSoul"],"picked":"SKIP","floor":1},{"not_picked":["HollowMod:TaintedHusks","HollowMod:SharpenedNail"],"picked":"HollowMod:DescendingDark","floor":2},{"not_picked":["HollowMod:GreatSlash","HollowMod:HowlingWraiths","HollowMod:HuntersJournal"],"picked":"SKIP","floor":2},{"not_picked":["HollowMod:CornifersMapStart","HollowMod:VengefulVoid"],"picked":"HollowMod:WraithStrike","floor":3},{"not_picked":["HollowMod:VengefulSpirit","HollowMod:CloakDash","HollowMod:FastStrike"],"picked":"SKIP","floor":3},{"not_picked":["HollowMod:BaldurShell","HollowMod:SoulSplash","HollowMod:CloakDash"],"picked":"SKIP","floor":4},{"not_picked":["HollowMod:BrokenVessel","HollowMod:LordofShades","HollowMod:VengefulSpirit"],"picked":"SKIP","floor":4},{"not_picked":["HollowMod:InfectionAssault","HollowMod:InfectedAttack"],"picked":"HollowMod:VengefulVoid","floor":5},{"not_picked":["HollowMod:SoulStrike","HollowMod:HowlingWraiths","HollowMod:FastStrike"],"picked":"SKIP","floor":5},{"not_picked":["HollowMod:AwokenDreamNail","HollowMod:NewInfectedGuardian"],"picked":"HollowMod:VoidDash","floor":6},{"not_picked":["HollowMod:LordofShades","HollowMod:ElderbugsWisdom","HollowMod:theNailsmith"],"picked":"SKIP","floor":8},{"not_picked":["HollowMod:PureVessel","HollowMod:HornetsHelp"],"picked":"HollowMod:Hiveblood+1","floor":10},{"not_picked":["HollowMod:DescendingDark","HollowMod:BaldurShell","HollowMod:TaintedHusks+1"],"picked":"SKIP","floor":11},{"not_picked":["HollowMod:SoulEater","HollowMod:DoubleDash+1","HollowMod:NewJinnsSoul+1"],"picked":"SKIP","floor":11},{"not_picked":["HollowMod:HeavyBlow+1","HollowMod:WraithStrike+1"],"picked":"HollowMod:VengefulVoid","floor":18},{"not_picked":["HollowMod:Grubsong","HollowMod:DesolateDive","HollowMod:NewJinnsSoul+1"],"picked":"SKIP","floor":18},{"not_picked":["HollowMod:SoulSplash+1","HollowMod:SoulEater+1"],"picked":"HollowMod:LifebloodCocoon+1","floor":19},{"not_picked":["HollowMod:QuirrelsAssistance","HollowMod:CycloneSlash","HollowMod:HornetsHelp"],"picked":"SKIP","floor":19},{"not_picked":["HollowMod:LifebloodCocoon+1","HollowMod:CloakDash+1","HollowMod:TaintedHusks+1"],"picked":"SKIP","floor":20},{"not_picked":["HollowMod:BrokenVessel","HollowMod:SharpenedNail","HollowMod:GoodIntentions+1"],"picked":"SKIP","floor":20}],"player_experience":127467,"relics_obtained":[{"floor":6,"key":"Bottled Flame"},{"floor":8,"key":"Replay:Bottled Eggs"},{"floor":9,"key":"Iron Hammer"},{"floor":10,"key":"Toxic Egg 2"}],"event_choices":[{"damage_healed":0,"gold_gain":0,"player_choice":"Bought 1 Potion","damage_taken":0,"max_hp_gain":0,"max_hp_loss":0,"event_name":"The Woman in Blue","floor":14,"gold_loss":0}],"is_beta":false,"boss_relics":[{"not_picked":["Runic Pyramid","conspire:SlowCooker","Sozu"]}],"items_purged_floors":[13,21],"is_endless":false,"potions_floor_spawned":[4,5,6,8,16,19,20],"killed_by":"Book of Stabbing","ascension_level":1}}