{"host":"r2b8ojg4o4pyvjvq","time":1607946049,"event":{"mods":["BaseMod","Colored Map","Downfall","Highlight Path","Hubris","Minty Spire (QoL Compilation)","Replay The Spire","StSLib","SuperFastMode"],"gold_per_floor":[15,74,88,88,106,135,149,149,149,184,184,500,500,500,500,500,500,500,500,500,500,500,500,500,500,500,500,500,500,500,500,500,500,500],"floor_reached":33,"playtime":2122,"items_purged":["Strike_P","Defend_P"],"score":392,"play_id":"5293ae6c-af55-478f-8ea9-6284722e9ac6","local_time":"20201214124049","is_ascension_mode":true,"campfire_choices":[{"floor":8,"key":"REST"},{"data":"Judgement","floor":11,"key":"SMITH"},{"data":"CutThroughFate","floor":15,"key":"SMITH"},{"floor":27,"key":"RECALL"},{"data":"Hologram","floor":29,"key":"SMITH"},{"floor":32,"key":"REST"}],"circlet_count":0,"master_deck":["Strike_P","Strike_P","Defend_P","Defend_P","Defend_P","Eruption","Vigilance","BowlingBash","SandsOfTime","EmptyBody","FollowUp","WindmillStrike","Replay:BluntJabs","Devotion","Judgement+1","Vengeance","CutThroughFate","CutThroughFate+1","Brilliance","Perseverance","Replay:LoomingThreat","Hologram+1","ThirdEye","Prostrate","Evaluate","Replay:ManipulateFuture+1","Adaptation+1"],"relics":["HolyWater","WingedGreaves","PreservedInsect","Anchor","Pen Nib","Meat on the Bone","hubris:TenFootPole","hubris:OldNail","Shuriken","Nunchaku","MealTicket","Blue Doll","Frozen Eye","Art of War","Shovel","Gremlin Food"],"acts_visited":["Exordium","TheCity"],"potions_floor_usage":[33],"damage_taken":[{"damage":13,"enemies":"Small Slimes","floor":1,"turns":5},{"damage":0,"enemies":"Cultist","floor":3,"turns":4},{"damage":0,"enemies":"Jaw Worm","floor":5,"turns":4},{"damage":0,"enemies":"Replay:BlueRogue","floor":6,"turns":4},{"damage":0,"enemies":"Lots of Slimes","floor":7,"turns":4},{"damage":8,"enemies":"3 Sentries","floor":10,"turns":4},{"damage":5,"enemies":"Gremlin Nob","floor":13,"turns":3},{"damage":8,"enemies":"Replay:BlueRogue","floor":14,"turns":3},{"damage":31,"enemies":"Fading Forest","floor":16,"turns":11},{"damage":0,"enemies":"Chosen","floor":18,"turns":3},{"damage":4,"enemies":"Shell Parasite","floor":19,"turns":2},{"damage":41,"enemies":"Snecko","floor":21,"turns":7},{"damage":2,"enemies":"Gremlin Leader","floor":23,"turns":5},{"damage":9,"enemies":"Slavers","floor":24,"turns":3},{"damage":15,"enemies":"Cultist and Chosen","floor":30,"turns":5},{"damage":27,"enemies":"Gremlin Leader","floor":31,"turns":5},{"damage":61,"enemies":"hubris:MusketHawk","floor":33,"turns":6}],"seed_played":"8800967510065320972","potions_obtained":[{"floor":1,"key":"LiquidBronze"},{"floor":2,"key":"Doom Potion"},{"floor":3,"key":"Dexterity Potion"},{"floor":24,"key":"Ancient Potion"}],"is_trial":false,"path_per_floor":["M","?","M","?","M","E","M","R","T","E","R","$","E","E","R","B",null,"M","M","?","M","?","E","E","$","T","R","?","R","M","E","R","B"],"character_chosen":"WATCHER","items_purchased":["Meat on the Bone","Vengeance","MealTicket","Blue Doll","Frozen Eye","Replay:ManipulateFuture","Adaptation+1"],"campfire_rested":2,"item_purchase_floors":[12,12,25,25,25,25,25],"current_hp_per_floor":[59,31,31,31,31,31,31,52,52,44,44,44,39,43,43,46,72,72,68,68,39,72,70,61,61,61,61,61,61,46,31,52,0,0],"gold":500,"neow_bonus":"ONE_RARE_RELIC","is_daily":false,"chose_seed":false,"campfire_upgraded":3,"win_rate":0.0,"timestamp":1607946049,"path_taken":["M","?","M","?","M","E","?","R","T","E","R","$","E","E","R","BOSS","M","M","?","?","?","E","E","?","T","R","?","R","M","E","R","BOSS"],"items_purchased_type":["Relic","Card","Relic","Relic","Relic","Card","Card"],"build_version":"2020-12-13","purchased_purges":2,"victory":false,"max_hp_per_floor":[72,72,72,72,72,72,72,72,72,72,72,72,72,72,72,72,72,72,72,72,72,72,72,72,72,72,72,72,72,72,72,72,72,72],"card_choices":[{"not_picked":["MentalFortress","Collect"],"picked":"BowlingBash","floor":1},{"not_picked":["Replay:BluntJabs","Conclude"],"picked":"SandsOfTime","floor":2},{"not_picked":["ReachHeaven","EmptyFist"],"picked":"EmptyBody","floor":2},{"not_picked":["CrushJoints","BowlingBash"],"picked":"FollowUp","floor":3},{"not_picked":["BattleHymn","Conclude"],"picked":"WindmillStrike","floor":5},{"not_picked":["MentalFortress","ForeignInfluence"],"picked":"Replay:BluntJabs","floor":6},{"not_picked":["Replay:Battleflow","LikeWater"],"picked":"Devotion","floor":7},{"not_picked":["Crescendo","CutThroughFate"],"picked":"Judgement","floor":10},{"not_picked":["CrushJoints","FollowUp"],"picked":"CutThroughFate","floor":13},{"not_picked":["InnerPeace","Crescendo"],"picked":"CutThroughFate","floor":14},{"not_picked":["Alpha","Omniscience"],"picked":"Brilliance","floor":16},{"not_picked":["EmptyFist+1","Evaluate"],"picked":"Perseverance","floor":18},{"not_picked":["FlurryOfBlows","ClearTheMind"],"picked":"Replay:LoomingThreat","floor":19},{"not_picked":["Replay:Vibes","Replay:BluntJabs"],"picked":"ThirdEye","floor":21},{"not_picked":["CarveReality","EmptyBody+1"],"picked":"Prostrate","floor":23},{"not_picked":["Study","Replay:AtTheReady+1"],"picked":"Evaluate","floor":24},{"not_picked":["Adaptation+1","Replay:BluntJabs","FlurryOfBlows+1"],"picked":"SKIP","floor":30},{"not_picked":["Meditate","Perseverance","Replay:Battleflow"],"picked":"SKIP","floor":31}],"player_experience":393405,"relics_obtained":[{"floor":2,"key":"PreservedInsect"},{"floor":6,"key":"Anchor"},{"floor":10,"key":"Pen Nib"},{"floor":13,"key":"hubris:TenFootPole"},{"floor":14,"key":"hubris:OldNail"},{"floor":23,"key":"Shuriken"},{"floor":24,"key":"Nunchaku"},{"floor":26,"key":"Art of War"},{"floor":31,"key":"Gremlin Food"}],"event_choices":[{"cards_removed":["Strike_P"],"damage_healed":0,"gold_gain":0,"player_choice":"Purged","damage_taken":0,"max_hp_gain":0,"max_hp_loss":0,"event_name":"Purifier","floor":4,"gold_loss":0},{"damage_healed":0,"gold_gain":0,"player_choice":"Read","damage_taken":0,"max_hp_gain":0,"max_hp_loss":0,"event_name":"The Library","floor":20,"gold_loss":0,"cards_obtained":["Hologram"]},{"damage_healed":33,"gold_gain":0,"player_choice":"Full Heal","damage_taken":0,"max_hp_gain":0,"max_hp_loss":0,"event_name":"Wheel of Change","floor":22,"gold_loss":0}],"is_beta":false,"boss_relics":[{"not_picked":["Fusion Hammer","Busted Crown"],"picked":"HolyWater"}],"items_purged_floors":[12,25],"is_endless":false,"potions_floor_spawned":[1,3,6,13,14,16,23,24,30],"killed_by":"hubris:MusketHawk","ascension_level":2}}