{"host":"qw1m3zcvi888b4j7","time":1607989109,"event":{"mods":["BaseMod","Block Reminder","Colored Map","Colored Powertips","DeckTracker","Downfall","Highlight Path","Minty Spire (QoL Compilation)","Quick Restart","Rare Cards Sparkle","Relic Sorter","Relic Stats","StSLib"],"gold_per_floor":[99,99,99,24,24,51,97,115,150,250,265,33,33,33,45,150,150,25,37,37,51,71,104,130,5,23,23,8,20,20,20,32,137,137,87,99,49,16,16,16,16,51,1,13,13,24,24,40,56,56,56,91,18,18,18],"floor_reached":56,"playtime":4550,"items_purged":["Regret"],"score":1253,"play_id":"9c37e00a-3fb5-4653-acfc-10eda87a9687","local_time":"20201215003829","is_ascension_mode":false,"campfire_choices":[{"floor":1,"key":"RECALL"},{"data":"Slimebound:CorrosiveSpit","floor":4,"key":"SMITH"},{"data":"Slimebound:Gluttony","floor":18,"key":"SMITH"},{"data":"Slimebound:SplitAcid","floor":20,"key":"SMITH"},{"data":"Slimebound:SplitMire","floor":25,"key":"SMITH"},{"data":"Slimebound:GrowthPunch","floor":27,"key":"SMITH"},{"data":"Slimebound:WasteNot","floor":35,"key":"SMITH"},{"data":"Slimebound:LeechEnergy","floor":37,"key":"SMITH"},{"data":"1","floor":40,"key":"LIFT"},{"data":"2","floor":43,"key":"LIFT"},{"floor":54,"key":"REST"}],"circlet_count":0,"master_deck":["Slimebound:Strike_Slimebound","Slimebound:Strike_Slimebound","Slimebound:Strike_Slimebound","Slimebound:Tackle","Slimebound:Defend_Slimebound","Slimebound:Defend_Slimebound","Slimebound:Split","Slimebound:CorrosiveSpit+1","Slimebound:Repurpose","Slimebound:MegaLick","Slimebound:LeechEnergy+1","Slimebound:Gluttony+1","Slimebound:AcidTongue+1","Slimebound:SplitAcid+1","Slimebound:MassFeed+1","Slimebound:ProtectTheBoss+1","Slimebound:GrowthPunch+1","Slimebound:SplitMire+1","Slimebound:LeechingTouch","Slimebound:GoopSpray","Slimebound:Overexert+1","Slimebound:DisruptingSlam","Slimebound:FirmFortitude+1","Slimebound:SamplingLick","Slimebound:LeadByExample+1","Slimebound:SplitLeeching","Slimebound:RainOfGoop","Slimebound:SpikyOuterGoop+1","Slimebound:LevelUp+1","Slimebound:WasteNot+1","Slimebound:SplitMire","Slimebound:RollThrough+1","Apotheosis","Slimebound:LivingWall","Slimebound:LevelUp+1","Slimebound:SamplingLick+1","Slimebound:Darklings","Slimebound:MegaLick","Slimebound:Nibble","Slimebound:LeadByExample+1","Slimebound:OneTwoCombo","Slimebound:FinishingTackle+1","Slimebound:SlimeSpikes+1"],"relics":["Slimebound:AbsorbEndCombat","downfall:HeartsMalice","downfall:HeartBlessingRed","downfall:HeartBlessingBlue","Slimebound:GreedOozeRelic","Gremlin Horn","Frozen Egg 2","Membership Card","Oddly Smooth Stone","SacredBark","downfall:HeartBlessingGreen","Toy Ornithopter","downfall:RedIOU","SlaversCollar","Girya","Dream Catcher","HornCleat","Vajra","OrangePellets","Sundial","Orichalcum"],"acts_visited":["Exordium","TheCity","TheBeyond","TheEnding"],"potions_floor_usage":[9,12,16,33,33,33,38,42,49,49,49,55],"damage_taken":[{"damage":0,"enemies":"Cultist","floor":2,"turns":1},{"damage":0,"enemies":"Jaw Worm","floor":3,"turns":1},{"damage":0,"enemies":"3 Sentries","floor":6,"turns":1},{"damage":4,"enemies":"Small Slimes","floor":8,"turns":3},{"damage":26,"enemies":"Lagavulin","floor":9,"turns":5},{"damage":38,"enemies":"downfall:Heads","floor":10,"turns":6},{"damage":0,"enemies":"Gremlin Gang","floor":11,"turns":1},{"damage":18,"enemies":"downfall:FleeingMerchant","floor":12,"turns":4},{"damage":0,"enemies":"Large Slime","floor":15,"turns":3},{"damage":46,"enemies":"downfall:Defect","floor":16,"turns":6},{"damage":11,"enemies":"Chosen","floor":19,"turns":4},{"damage":12,"enemies":"Sentry and Sphere","floor":21,"turns":3},{"damage":12,"enemies":"Centurion and Healer","floor":22,"turns":4},{"damage":35,"enemies":"Slavers","floor":23,"turns":3},{"damage":11,"enemies":"Cultist and Chosen","floor":26,"turns":4},{"damage":6,"enemies":"downfall:FleeingMerchant","floor":28,"turns":4},{"damage":28,"enemies":"Chosen and Byrds","floor":29,"turns":5},{"damage":16,"enemies":"Snake Plant","floor":32,"turns":4},{"damage":22,"enemies":"downfall:Watcher","floor":33,"turns":6},{"damage":28,"enemies":"3 Shapes","floor":36,"turns":4},{"damage":20,"enemies":"downfall:FleeingMerchant","floor":38,"turns":4},{"damage":50,"enemies":"Reptomancer","floor":42,"turns":5},{"damage":19,"enemies":"Orb Walker","floor":44,"turns":4},{"damage":32,"enemies":"Maw","floor":46,"turns":6},{"damage":30,"enemies":"Jaw Worm Horde","floor":48,"turns":4},{"damage":29,"enemies":"Spire Growth","floor":49,"turns":5},{"damage":34,"enemies":"downfall:Silent","floor":50,"turns":3},{"damage":69,"enemies":"downfall:CharBossMerchant","floor":52,"turns":4},{"damage":52,"enemies":"downfall:NeowBoss","floor":55,"turns":14}],"seed_played":"6243972141226427045","potions_obtained":[{"floor":6,"key":"ColorlessPotion"},{"floor":11,"key":"champ:CounterPotion"},{"floor":15,"key":"CultistPotion"},{"floor":16,"key":"Dexterity Potion"},{"floor":23,"key":"Guardian:BlockOnCardUsePotion"},{"floor":29,"key":"hexamod:EctoCoolerPotion"},{"floor":33,"key":"Slimebound:SlimedPotion"},{"floor":39,"key":"SkillPotion"},{"floor":39,"key":"ColorlessPotion"},{"floor":39,"key":"EssenceOfSteel"},{"floor":44,"key":"champ:CounterPotion"},{"floor":52,"key":"FearPotion"}],"is_trial":false,"path_per_floor":["R","M","M","R","?","E","T","M","E","?","M","$","?","?","M","B",null,"R","M","R","M","M","E","T","R","M","R","$","M","?","?","M","B",null,"R","M","R","$","?","R","T","E","R","M","?","M","?","M","M","B",null,"E","$","R","B",null],"character_chosen":"SLIMEBOUND","items_purchased":["Membership Card","Slimebound:FirmFortitude+1","Slimebound:SplitMire","Slimebound:LeechingTouch","Apotheosis","Girya","Dream Catcher","Slimebound:LivingWall","Orichalcum"],"campfire_rested":1,"item_purchase_floors":[12,12,12,12,38,38,38,38,53],"current_hp_per_floor":[60,60,60,60,60,60,60,60,46,30,46,46,46,46,60,42,76,76,76,76,80,80,67,67,77,82,82,92,80,80,80,74,93,94,94,78,78,81,81,81,81,62,62,53,53,69,69,67,69,67,94,54,54,82,94],"gold":18,"neow_bonus":"THREE_ENEMY_KILL","is_daily":false,"chose_seed":false,"campfire_upgraded":7,"win_rate":0.0,"timestamp":1607989109,"path_taken":["R","M","M","R","?","E","T","M","E","?","?","?","?","?","M","BOSS","R","M","R","M","?","E","T","R","M","R","$","M","?","?","M","BOSS","R","M","R","$","?","R","T","E","R","?","?","M","?","M","M","BOSS","E","$","R","BOSS"],"items_purchased_type":["Relic","Card","Card","Card","Card","Relic","Relic","Card","Relic"],"build_version":"2020-12-13","purchased_purges":1,"victory":true,"max_hp_per_floor":[60,60,60,60,60,60,60,60,60,60,76,76,76,76,76,76,76,76,76,76,80,80,84,84,94,94,94,94,94,94,94,94,94,94,94,94,94,94,94,94,94,94,94,94,94,94,94,94,94,94,94,94,94,94,94],"relic_stats":{"OrangePellets":[6],"Dream Catcher":1,"Gremlin Horn":[18,18],"counters":[29,112],"Sundial":[0],"Orichalcum":[12],"obtain_stats":[{"Girya":38,"downfall:HeartBlessingRed":4,"Gremlin Horn":6,"SacredBark":17,"Oddly Smooth Stone":13,"Vajra":42,"downfall:HeartsMalice":0,"downfall:HeartBlessingGreen":18,"Frozen Egg 2":9,"Orichalcum":53,"Slimebound:GreedOozeRelic":5,"SlaversCollar":34,"OrangePellets":52,"Dream Catcher":38,"HornCleat":41,"downfall:HeartBlessingBlue":25,"Sundial":52,"downfall:RedIOU":31,"Slimebound:AbsorbEndCombat":0,"Art of War":7,"Membership Card":12,"Toy Ornithopter":23},{"Girya":21,"downfall:HeartBlessingRed":2,"Gremlin Horn":3,"SacredBark":10,"Oddly Smooth Stone":8,"Vajra":22,"downfall:HeartsMalice":0,"downfall:HeartBlessingGreen":10,"Frozen Egg 2":5,"Orichalcum":28,"Slimebound:GreedOozeRelic":2,"SlaversCollar":19,"OrangePellets":28,"Dream Catcher":21,"HornCleat":21,"downfall:HeartBlessingBlue":14,"Sundial":28,"downfall:RedIOU":17,"Slimebound:AbsorbEndCombat":0,"Art of War":3,"Membership Card":8,"Toy Ornithopter":14},{"Girya":68,"downfall:HeartBlessingRed":0,"Gremlin Horn":0,"SacredBark":26,"Oddly Smooth Stone":17,"Vajra":73,"downfall:HeartsMalice":0,"downfall:HeartBlessingGreen":26,"Frozen Egg 2":6,"Orichalcum":98,"Slimebound:GreedOozeRelic":0,"SlaversCollar":61,"OrangePellets":98,"Dream Catcher":68,"HornCleat":68,"downfall:HeartBlessingBlue":40,"Sundial":98,"downfall:RedIOU":51,"Slimebound:AbsorbEndCombat":0,"Art of War":0,"Membership Card":17,"Toy Ornithopter":40}],"Toy Ornithopter":45},"card_choices":[{"not_picked":["Slimebound:GoopSpray","Slimebound:LeechEnergy"],"picked":"Slimebound:Repurpose","floor":2},{"not_picked":["Slimebound:SplitAcid","Slimebound:GoopTackle"],"picked":"Slimebound:MegaLick","floor":3},{"not_picked":["Slimebound:FinishingTackle","Slimebound:Prepare"],"picked":"Slimebound:LeechEnergy","floor":6},{"not_picked":["Slimebound:RollThrough","Slimebound:SlimeSpikes"],"picked":"Slimebound:Gluttony","floor":8},{"not_picked":["Slimebound:GoopSpray","Slimebound:ViciousTackle"],"picked":"Slimebound:AcidTongue+1","floor":9},{"not_picked":["Slimebound:FinishingTackle","Slimebound:FormOfPuddle"],"picked":"Slimebound:SplitAcid","floor":10},{"not_picked":["Slimebound:FlameTackle","Slimebound:DouseInSlime"],"picked":"Slimebound:ProtectTheBoss+1","floor":11},{"not_picked":["Slimebound:SplitLeeching","Slimebound:Grow+1"],"picked":"Slimebound:GrowthPunch","floor":12},{"not_picked":["Slimebound:SlimeSpikes","Slimebound:BestDefense+1"],"picked":"Slimebound:GoopSpray","floor":15},{"not_picked":["Slimebound:Teamwork","Slimebound:RallyTheTroops"],"picked":"Slimebound:Overexert+1","floor":16},{"not_picked":["Slimebound:LeechEnergy","Slimebound:GrowthPunch+1"],"picked":"Slimebound:DisruptingSlam","floor":19},{"not_picked":["Slimebound:LeechEnergy","Slimebound:SlimeSpikes+1"],"picked":"Slimebound:FirmFortitude+1","floor":21},{"not_picked":["Slimebound:MegaLick","Slimebound:FinishingTackle"],"picked":"Slimebound:SamplingLick","floor":22},{"not_picked":["Slimebound:ComboTackle+1","Slimebound:ItLooksTasty"],"picked":"Slimebound:LeadByExample+1","floor":23},{"not_picked":["Slimebound:SplitMire","Slimebound:BestDefense+1"],"picked":"Slimebound:SplitLeeching","floor":26},{"not_picked":["Slimebound:GrowthPunch","Slimebound:LeechingTouch"],"picked":"Slimebound:RainOfGoop","floor":28},{"not_picked":["Slimebound:GoopTackle","Slimebound:ComboTackle"],"picked":"Slimebound:SpikyOuterGoop+1","floor":29},{"not_picked":["Slimebound:Schlurp","Slimebound:ComboTackle"],"picked":"Slimebound:LevelUp+1","floor":32},{"not_picked":["Slimebound:LeechLife","Slimebound:RallyTheTroops"],"picked":"Slimebound:WasteNot","floor":33},{"not_picked":["Slimebound:LeechEnergy","Slimebound:GoopSpray+1"],"picked":"Slimebound:SplitMire","floor":36},{"not_picked":["Slimebound:FinishingTackle+1","Slimebound:GoopSpray+1"],"picked":"Slimebound:RollThrough+1","floor":38},{"not_picked":["Slimebound:GoopSpray+1","Slimebound:SplitBruiser"],"picked":"Slimebound:LevelUp+1","floor":42},{"not_picked":["Slimebound:SlimeTap+1","Slimebound:GoopSpray"],"picked":"Slimebound:SamplingLick+1","floor":44},{"not_picked":["Slimebound:RollThrough+1","Slimebound:SamplingLick"],"picked":"Slimebound:MegaLick","floor":46},{"not_picked":["Slimebound:FirmFortitude+1","Slimebound:ComboTackle+1"],"picked":"Slimebound:LeadByExample+1","floor":48},{"not_picked":["Slimebound:SlimeBrawl+1","Slimebound:Dissolve+1"],"picked":"Slimebound:OneTwoCombo","floor":49},{"not_picked":["Slimebound:LeechingTouch+1","Slimebound:SplitMire+1"],"picked":"Slimebound:FinishingTackle+1","floor":52},{"not_picked":["Slimebound:Grow+1","Slimebound:Chomp+1"],"picked":"Slimebound:SlimeSpikes+1","floor":54}],"player_experience":81936,"relics_obtained":[{"floor":6,"key":"Gremlin Horn"},{"floor":7,"key":"Art of War"},{"floor":9,"key":"Frozen Egg 2"},{"floor":23,"key":"Toy Ornithopter"},{"floor":41,"key":"HornCleat"},{"floor":42,"key":"Vajra"},{"floor":52,"key":"OrangePellets"},{"floor":52,"key":"Sundial"}],"event_choices":[{"damage_healed":0,"gold_gain":0,"player_choice":"Box","damage_taken":0,"relics_obtained":["Oddly Smooth Stone"],"max_hp_gain":0,"max_hp_loss":0,"event_name":"Big Fish","floor":13,"gold_loss":0,"cards_obtained":["Regret"]},{"damage_healed":0,"gold_gain":0,"player_choice":"Ignored","damage_taken":0,"max_hp_gain":0,"max_hp_loss":0,"event_name":"NoteForYourself","floor":14,"gold_loss":0},{"damage_healed":0,"gold_gain":0,"player_choice":"Ignored","damage_taken":0,"max_hp_gain":0,"max_hp_loss":0,"event_name":"Ghosts","floor":30,"gold_loss":0},{"damage_healed":0,"gold_gain":0,"player_choice":"Got Potions","damage_taken":0,"max_hp_gain":0,"max_hp_loss":0,"event_name":"Lab","floor":39,"gold_loss":0},{"damage_healed":0,"gold_gain":0,"cards_transformed":["Slimebound:FirmFortitude"],"player_choice":"Transformed","damage_taken":0,"max_hp_gain":0,"max_hp_loss":0,"event_name":"Transmorgrifier","floor":47,"gold_loss":0,"cards_obtained":["Slimebound:Nibble"]}],"is_beta":false,"boss_relics":[{"not_picked":["Velvet Choker","Empty Cage"],"picked":"SacredBark"},{"not_picked":["Sozu","Runic Dome"],"picked":"SlaversCollar"}],"items_purged_floors":[38],"is_endless":false,"potions_floor_spawned":[6,11,15,16,23,29,32,33,44,46,48,52],"ascension_level":0}}