{"host":"turdyikuxcak11ni","time":1607947844,"event":{"mods":["AchievementEnabler","BaseMod","Better Altar","Better Match","Better Note","Better Sensory Stone","Better Skull","Better Third Choice","Better Vampires","Colored Map","Conspire","Downfall","Hubris","Minty Spire (QoL Compilation)","Quick Restart","Relic Stats","Replay The Spire","Spicy Shops","StSLib","SuperFastMode"],"gold_per_floor":[110,110,122,47,58,58,38,38,38],"floor_reached":8,"playtime":321,"items_purged":["Strike_R"],"score":60,"play_id":"2e84e50c-51bb-4615-8d48-b5aaec154bd9","local_time":"20201214041044","is_ascension_mode":true,"campfire_choices":[{"data":"Power Through","floor":6,"key":"SMITH"}],"circlet_count":0,"master_deck":["Strike_R","Strike_R","Strike_R","Strike_R","Defend_R","Defend_R","Defend_R","Defend_R","Bash","Power Through+1","Iron Wave","ReplayTheSpireMod:Strike From Hell"],"relics":["Burning Blood","hubris:Icosahedron","Odd Mushroom"],"acts_visited":["Exordium"],"potions_floor_usage":[7,8],"damage_taken":[{"damage":9,"enemies":"Small Slimes","floor":1,"turns":4},{"damage":4,"enemies":"2 Louse","floor":3,"turns":6},{"damage":8,"enemies":"Jaw Worm","floor":5,"turns":4},{"damage":38,"enemies":"The Mushroom Lair","floor":7,"turns":5},{"damage":60,"enemies":"Lagavulin","floor":8,"turns":11}],"seed_played":"3265542216804303980","potions_obtained":[{"floor":1,"key":"Toxic Potion"},{"floor":7,"key":"champ:CounterPotion"}],"is_trial":false,"path_per_floor":["M","?","M","$","M","R","?","E"],"character_chosen":"IRONCLAD","items_purchased":[],"campfire_rested":0,"item_purchase_floors":[],"current_hp_per_floor":[77,77,79,79,77,77,45,0,0],"gold":38,"neow_bonus":"TEN_PERCENT_HP_BONUS","is_daily":false,"chose_seed":false,"campfire_upgraded":1,"win_rate":0.0,"timestamp":1607947844,"path_taken":["M","?","M","$","M","R","?","E"],"items_purchased_type":[],"build_version":"2020-12-13","purchased_purges":1,"victory":false,"max_hp_per_floor":[88,88,88,88,88,88,88,88,88],"relic_stats":{"counters":[5,30],"obtain_stats":[{"hubris:Icosahedron":2,"Odd Mushroom":7,"Burning Blood":0},{"hubris:Icosahedron":1,"Odd Mushroom":4,"Burning Blood":0},{"hubris:Icosahedron":4,"Odd Mushroom":19,"Burning Blood":0}],"Burning Blood":24},"card_choices":[{"not_picked":["Heavy Blade","Blood for Blood"],"picked":"Power Through","floor":1},{"not_picked":["Flex","Run Through"],"picked":"Iron Wave","floor":3},{"not_picked":["Sword Boomerang","ReplayReversal","Run Through"],"picked":"SKIP","floor":5},{"not_picked":["Wild Strike","Whirlwind"],"picked":"ReplayTheSpireMod:Strike From Hell","floor":7}],"player_experience":245111,"relics_obtained":[{"floor":7,"key":"Odd Mushroom"}],"event_choices":[{"damage_healed":0,"gold_gain":0,"player_choice":"Fought Mushrooms","damage_taken":0,"max_hp_gain":0,"max_hp_loss":0,"event_name":"Mushrooms","floor":7,"gold_loss":0}],"is_beta":false,"boss_relics":[],"items_purged_floors":[4],"is_endless":false,"potions_floor_spawned":[1,7],"killed_by":"Lagavulin","ascension_level":6}}