{"host":"og6lam4kt3nibbw0","time":1607989603,"event":{"mods":["AchievementEnabler","BaseMod","Colored Map","DeckTracker","Highlight Path","Keyboard Shortcuts","Minty Spire (QoL Compilation)","Permanent Neow","Quick Restart","StSLib","SuperFastMode"],"gold_per_floor":[117,117,68,68,68,68,68,68,68,68,68,79,79,79,79,153,153,166,184,184,196,196,196,196,196,196,196,196,196,196,196,196,196,196,207,218,218,218,218,218,218,218,218,218,236,236,236,236,236,236,236,236,236,236,236,236,236],"floor_reached":58,"playtime":958,"items_purged":[],"score":3566,"play_id":"5ea1efbb-1e97-4bd4-96e1-f73f41936b17","local_time":"20201215084643","is_ascension_mode":true,"campfire_choices":[{"data":"Tactician","floor":7,"key":"SMITH"},{"floor":13,"key":"RECALL"},{"data":"Reflex","floor":15,"key":"SMITH"},{"data":"Adrenaline","floor":24,"key":"SMITH"},{"floor":32,"key":"REST"},{"floor":41,"key":"REST"},{"floor":46,"key":"REST"},{"floor":50,"key":"REST"},{"data":"Grand Finale","floor":54,"key":"SMITH"}],"circlet_count":0,"master_deck":["Grand Finale+1","Acrobatics","Tactician+1","Acrobatics","Reflex+1","Adrenaline+1"],"relics":["TheAbacus"],"acts_visited":["Exordium","TheCity","TheBeyond","TheEnding"],"potions_floor_usage":[],"damage_taken":[{"damage":0,"enemies":"Small Slimes","floor":1,"turns":1},{"damage":0,"enemies":"Jaw Worm","floor":4,"turns":1},{"damage":0,"enemies":"2 Louse","floor":5,"turns":1},{"damage":0,"enemies":"3 Sentries","floor":6,"turns":1},{"damage":0,"enemies":"Lagavulin","floor":8,"turns":2},{"damage":0,"enemies":"Blue Slaver","floor":12,"turns":1},{"damage":0,"enemies":"Red Slaver","floor":14,"turns":1},{"damage":0,"enemies":"Hexaghost","floor":16,"turns":1},{"damage":0,"enemies":"3 Byrds","floor":18,"turns":1},{"damage":0,"enemies":"2 Thieves","floor":19,"turns":1},{"damage":0,"enemies":"3 Cultists","floor":21,"turns":1},{"damage":0,"enemies":"Snake Plant","floor":22,"turns":1},{"damage":0,"enemies":"Gremlin Leader","floor":23,"turns":1},{"damage":0,"enemies":"Book of Stabbing","floor":28,"turns":1},{"damage":0,"enemies":"Gremlin Leader","floor":31,"turns":1},{"damage":0,"enemies":"Automaton","floor":33,"turns":1},{"damage":0,"enemies":"Orb Walker","floor":35,"turns":1},{"damage":8,"enemies":"3 Shapes","floor":36,"turns":1},{"damage":0,"enemies":"3 Darklings","floor":40,"turns":1},{"damage":0,"enemies":"Giant Head","floor":43,"turns":1},{"damage":0,"enemies":"Sphere and 2 Shapes","floor":45,"turns":1},{"damage":0,"enemies":"Mind Bloom Boss Battle","floor":47,"turns":1},{"damage":0,"enemies":"Nemesis","floor":48,"turns":1},{"damage":0,"enemies":"Transient","floor":49,"turns":6},{"damage":0,"enemies":"Time Eater","floor":51,"turns":2},{"damage":0,"enemies":"Donu and Deca","floor":52,"turns":1},{"damage":0,"enemies":"Shield and Spear","floor":56,"turns":1},{"damage":49,"enemies":"The Heart","floor":57,"turns":6}],"seed_played":"-8005221085937953435","potions_obtained":[{"floor":21,"key":"Explosive Potion"}],"is_trial":false,"path_per_floor":["M","$","?","M","M","E","R","E","T","?","?","M","R","M","R","B",null,"M","M","?","M","M","E","R","?","T","?","E","$","$","E","R","B",null,"M","M","$","$","?","M","R","?","E","T","M","R","?","E","M","R","B","B",null,"R","$","E","B",null],"character_chosen":"THE_SILENT","items_purchased":[],"campfire_rested":4,"item_purchase_floors":[],"current_hp_per_floor":[65,65,65,65,65,65,65,65,65,65,65,65,65,65,65,65,70,70,70,70,70,70,70,70,70,70,70,70,70,70,70,72,72,72,72,64,64,64,64,64,72,72,72,72,72,72,72,72,72,72,72,72,72,72,72,72,23],"gold":236,"neow_bonus":"TEN_PERCENT_HP_BONUS","is_daily":false,"chose_seed":false,"campfire_upgraded":4,"win_rate":0.0,"timestamp":1607989603,"path_taken":["M","$","?","M","M","E","R","E","T","?","?","M","R","M","R","BOSS","M","M","?","?","M","E","R","?","T","?","E","?","$","E","R","BOSS","M","M","$","$","?","M","R","?","E","T","M","R","?","E","M","R","BOSS","BOSS","R","$","E","BOSS"],"items_purchased_type":[],"build_version":"2020-12-13","purchased_purges":0,"victory":true,"max_hp_per_floor":[72,72,72,72,72,72,72,72,72,72,72,72,72,72,72,72,72,72,72,72,72,72,72,72,72,72,72,72,72,72,72,72,72,72,72,72,72,72,72,72,72,72,72,72,72,72,72,72,72,72,72,72,72,72,72,72,72],"card_choices":[{"not_picked":["Prepared","Acrobatics","Skewer"],"picked":"SKIP","floor":1},{"not_picked":["Slice","Sucker Punch","Acrobatics"],"picked":"SKIP","floor":4},{"not_picked":["Dagger Spray","Masterful Stab","Flying Knee"],"picked":"SKIP","floor":5},{"not_picked":["Dodge and Roll","Caltrops","Flying Knee"],"picked":"SKIP","floor":6},{"not_picked":["Deadly Poison","Outmaneuver","Infinite Blades"],"picked":"SKIP","floor":8},{"not_picked":["Deadly Poison","Outmaneuver","Infinite Blades"],"picked":"SKIP","floor":8},{"not_picked":["Outmaneuver","Setup"],"picked":"Acrobatics","floor":12},{"not_picked":["Tactician","Flechettes"],"picked":"Reflex","floor":14},{"not_picked":["A Thousand Cuts","Storm of Steel"],"picked":"Adrenaline","floor":16},{"not_picked":["Flying Knee","Cloak And Dagger","Bane"],"picked":"SKIP","floor":18},{"not_picked":["Slice","Distraction","Escape Plan"],"picked":"SKIP","floor":19},{"not_picked":["Escape Plan","Slice","Cloak And Dagger"],"picked":"SKIP","floor":21},{"not_picked":["Setup+1","Backflip","Poisoned Stab"],"picked":"SKIP","floor":22},{"not_picked":["Underhanded Strike","Dagger Throw","Endless Agony"],"picked":"SKIP","floor":23},{"not_picked":["Malaise","PiercingWail","Deflect"],"picked":"SKIP","floor":28},{"not_picked":["Bane","Sucker Punch","Outmaneuver"],"picked":"SKIP","floor":31},{"not_picked":["Well Laid Plans","Predator","Dagger Throw"],"picked":"SKIP","floor":35},{"not_picked":["Reflex+1","PiercingWail","Dagger Spray"],"picked":"SKIP","floor":36},{"not_picked":["Tactician","Quick Slash","Catalyst"],"picked":"SKIP","floor":40},{"not_picked":["After Image","Deadly Poison","Crippling Poison"],"picked":"SKIP","floor":43},{"not_picked":["Noxious Fumes","PiercingWail","Backflip"],"picked":"SKIP","floor":45},{"not_picked":["Distraction","Well Laid Plans+1","Blade Dance"],"picked":"SKIP","floor":48},{"not_picked":["Burst","Eviscerate","Crippling Poison"],"picked":"SKIP","floor":49},{"not_picked":["PiercingWail","Blade Dance","Cloak And Dagger"],"picked":"SKIP","floor":56}],"player_experience":747852,"relics_obtained":[{"floor":8,"key":"Blue Candle"}],"event_choices":[{"damage_healed":0,"gold_gain":0,"player_choice":"Left Gold","damage_taken":0,"max_hp_gain":0,"max_hp_loss":0,"event_name":"World of Goop","floor":3,"gold_loss":49},{"damage_healed":0,"gold_gain":0,"player_choice":"Ignored","damage_taken":0,"max_hp_gain":0,"max_hp_loss":0,"event_name":"Liars Game","floor":10,"gold_loss":0},{"damage_healed":0,"gold_gain":0,"player_choice":"Ignored","damage_taken":0,"max_hp_gain":0,"max_hp_loss":0,"event_name":"Golden Idol","floor":11,"gold_loss":0},{"damage_healed":0,"gold_gain":0,"player_choice":"Ignored","damage_taken":0,"max_hp_gain":0,"max_hp_loss":0,"event_name":"Golden Shrine","floor":20,"gold_loss":0},{"damage_healed":0,"gold_gain":0,"player_choice":"Ignored","damage_taken":0,"max_hp_gain":0,"max_hp_loss":0,"event_name":"Vampires","floor":25,"gold_loss":0},{"damage_healed":0,"gold_gain":0,"player_choice":"Simplicity","damage_taken":0,"max_hp_gain":0,"max_hp_loss":0,"event_name":"Back to Basics","floor":27,"gold_loss":0,"cards_upgraded":[]},{"damage_healed":0,"gold_gain":0,"player_choice":"Ignored","damage_taken":0,"max_hp_gain":0,"max_hp_loss":0,"event_name":"Mysterious Sphere","floor":39,"gold_loss":0},{"damage_healed":0,"gold_gain":0,"player_choice":"Memory 1","damage_taken":0,"max_hp_gain":0,"max_hp_loss":0,"event_name":"SensoryStone","floor":42,"gold_loss":0},{"damage_healed":0,"gold_gain":0,"player_choice":"Fight","damage_taken":0,"max_hp_gain":0,"max_hp_loss":0,"event_name":"MindBloom","floor":47,"gold_loss":0}],"is_beta":false,"boss_relics":[{"not_picked":["Sozu","Tiny House","Runic Dome"]},{"not_picked":["Sozu","Tiny House","Runic Dome"]}],"items_purged_floors":[],"is_endless":false,"potions_floor_spawned":[4,8,14,21,22,23,31,43,47,48,49,56],"ascension_level":20}}