{"host":"bvkbjljjfzajhda9","time":1607979829,"event":{"mods":["2.2 Compatiblity","AchievementEnabler","Act Like it!","Ascension Reborn","Aspiration","BaseMod","Better Altar","Better Match","Better Note","Better Sensory Stone","Better Silent Start","Better Skull","Better Third Choice","Better-Laid Plans","BetterRewards","CCEM","Colored Powertips","Conspire","Custom Start","Defuse TimeMaze Blight","Downfall","Energized Spire","Friendly Minions","GifTheSpireLib","Gold Saver","HexUI Lib","Hubris","Infinite Spire","Minty Spire (QoL Compilation)","Permanent Neow","Prisma Mod","Relic Filter","Replay The Spire","Shop Mod","Small Relic Pack","Spikes Relics","StSLib","Transform Curses"],"gold_per_floor":[538,538,550,550,550,585,585,595,621,640,640,670,670,700,700,796,796,810,690,690,701,701,701,728,728,728,761,761,774,774,803,803,898,898,912,922,972,990,735,735,762,773,798,798,798,810,810,810,810,810],"floor_reached":51,"playtime":5539,"items_purged":["Forethought+1","Strike_P","Replay:ManipulateFuture"],"score":849,"play_id":"8bb393c3-cb84-4f94-8d01-ac57c5b26618","local_time":"20201214220349","daily_mods":["Heirloom"],"is_ascension_mode":true,"campfire_choices":[{"data":"infinitespire:SevenWalls","floor":7,"key":"SMITH"},{"data":"ReachHeaven","floor":11,"key":"SMITH"},{"data":"ForeignInfluence","floor":13,"key":"SMITH"},{"floor":15,"key":"REST"},{"data":"BowlingBash","floor":23,"key":"SMITH"},{"floor":25,"key":"REST"},{"floor":30,"key":"REST"},{"data":"Strike_P","floor":32,"key":"PURGE"},{"floor":40,"key":"REST"},{"floor":47,"key":"REST"},{"floor":49,"key":"REST"}],"circlet_count":0,"master_deck":["Strike_P","Strike_P","Strike_P","Defend_P","Defend_P","Defend_P","Defend_P","Eruption+1","Vigilance","Prostrate","infinitespire:SevenWalls+1","FollowUp","ReachHeaven+1","Good Instincts+1","ForeignInfluence+1","Devotion+1","BowlingBash+1","DeusExMachina","Study"],"relics":["PureWater","Durian","hubris:KleinBottle","hubris:EvacipatedBox","Simple Rune","CCEMRelics:FestiveHat","Bronze Scales","GoldenEye","sneckomod:SneckoTalon","aspiration:ChemicalBlood","CrustySpines","MealTicket","Turnip","hubris:Stopwatch","Pocketwatch","Pen Nib","hexamod:BolsterEngine","Akabeko"],"acts_visited":["Exordium","TheCity","TheBeyond"],"potions_floor_usage":[14,16,27,33,33,33,35,37,37,41,42,50,50,50,50],"damage_taken":[{"damage":1,"enemies":"Jaw Worm","floor":1,"turns":3},{"damage":1,"enemies":"Cultist","floor":3,"turns":3},{"damage":0,"enemies":"Replay:BlueRogue","floor":6,"turns":6},{"damage":0,"enemies":"Small Slimes","floor":8,"turns":3},{"damage":3,"enemies":"Exordium Wildlife","floor":10,"turns":3},{"damage":0,"enemies":"Lagavulin","floor":12,"turns":5},{"damage":9,"enemies":"3 Sentries","floor":14,"turns":5},{"damage":5,"enemies":"Hexaghost","floor":16,"turns":7},{"damage":17,"enemies":"Spheric Guardian","floor":18,"turns":4},{"damage":0,"enemies":"Chosen","floor":21,"turns":4},{"damage":15,"enemies":"Gremlin Leader","floor":24,"turns":5},{"damage":25,"enemies":"Slavers","floor":27,"turns":5},{"damage":6,"enemies":"Centurion and Healer","floor":29,"turns":4},{"damage":11,"enemies":"Replay:Snechameleon","floor":31,"turns":6},{"damage":32,"enemies":"Collector","floor":33,"turns":6},{"damage":23,"enemies":"3 Darklings","floor":35,"turns":4},{"damage":7,"enemies":"3 Shapes","floor":36,"turns":4},{"damage":10,"enemies":"Mind Bloom Boss Battle","floor":37,"turns":6},{"damage":17,"enemies":"3 Darklings","floor":38,"turns":4},{"damage":20,"enemies":"R_Hoarder","floor":41,"turns":8},{"damage":6,"enemies":"Transient","floor":42,"turns":5},{"damage":10,"enemies":"Jaw Worm Horde","floor":46,"turns":4},{"damage":51,"enemies":"conspire:OrnateMirror","floor":50,"turns":5}],"seed_played":"-4086626265076968772","potions_obtained":[{"floor":6,"key":"Toxic Potion"},{"floor":10,"key":"SpeedPotion"},{"floor":12,"key":"AttackPotion"},{"floor":21,"key":"Ancient Potion"},{"floor":31,"key":"PowerPotion"},{"floor":33,"key":"Reflective Coating"},{"floor":35,"key":"LiquidBronze"},{"floor":36,"key":"Strength Potion"},{"floor":37,"key":"LifebloodPotion"},{"floor":38,"key":"Explosive Potion"},{"floor":41,"key":"Adrenaline Potion"}],"is_trial":true,"path_per_floor":["M","?","M","$","?","E","R","M","T","M","R","E","R","E","R","B",null,"M","$","?","M","?","R","E","R","T","E","?","M","R","E","R","B",null,"M","M","?","M","$","R","E","M","T","?","?","M","R","AVR","R","B",null],"character_chosen":"WATCHER","items_purchased":["hubris:KleinBottle","hubris:EvacipatedBox","BowlingBash","Pen Nib"],"campfire_rested":6,"item_purchase_floors":[4,4,19,39],"current_hp_per_floor":[76,76,75,37,37,37,37,37,37,34,34,34,34,25,48,43,77,60,60,60,60,60,60,45,68,68,43,43,37,60,49,49,17,77,54,47,37,20,35,58,38,32,32,32,32,22,43,43,64,13],"gold":810,"neow_bonus":"","is_daily":false,"chose_seed":false,"campfire_upgraded":4,"win_rate":0.0,"timestamp":1607979829,"path_taken":["M","?","M","?","?","E","R","M","T","M","R","E","R","E","R","BOSS","M","$","?","M","?","R","E","R","T","E","?","?","R","E","R","BOSS","M","M","?","M","$","R","E","M","T","?","?","M","R","AVR","R","BOSS"],"items_purchased_type":["Relic","Relic","Card","Relic"],"build_version":"2020-12-13","purchased_purges":3,"victory":true,"max_hp_per_floor":[77,77,77,77,77,77,77,77,77,77,77,77,77,77,77,77,77,77,77,77,77,77,77,77,77,77,77,77,77,77,77,77,77,77,77,77,77,77,77,77,77,77,77,73,73,73,73,73,73,73],"card_choices":[{"not_picked":["Adaptation","WreathOfFlame"],"picked":"Prostrate","floor":1},{"not_picked":["Replay:AtTheReady","Protect","PathToVictory"],"picked":"SKIP","floor":3},{"not_picked":["infinitespire:SealOfDarkness+","infinitespire:NeuralNetwork"],"picked":"infinitespire:SevenWalls","floor":4},{"not_picked":["SashWhip","InnerPeace"],"picked":"Replay:ManipulateFuture","floor":6},{"not_picked":["EmptyFist","Adaptation"],"picked":"FollowUp","floor":8},{"not_picked":["ClearTheMind","Indignation"],"picked":"ReachHeaven","floor":10},{"not_picked":["Mayhem+1","Secret Technique+1"],"picked":"Good Instincts+1","floor":10},{"not_picked":["ReachHeaven","Replay:Hum"],"picked":"ForeignInfluence","floor":12},{"not_picked":["Feint+1","Secret Technique+1"],"picked":"Forethought+1","floor":12},{"not_picked":["Replay:SS_forest_6+1","Transmutation+1","Reforge+1"],"picked":"SKIP","floor":14},{"not_picked":["Replay:AtTheReady","Prostrate","Crescendo"],"picked":"SKIP","floor":14},{"not_picked":["MasterReality","DeusExMachina"],"picked":"Devotion","floor":16},{"not_picked":["FlurryOfBlows+1","ForeignInfluence","Crescendo+1"],"picked":"SKIP","floor":18},{"not_picked":["SashWhip","FlurryOfBlows","Prostrate"],"picked":"SKIP","floor":21},{"not_picked":["Prostrate","MasterReality","Crescendo"],"picked":"SKIP","floor":24},{"not_picked":["Vengeance","Nirvana"],"picked":"DeusExMachina","floor":27},{"not_picked":["Replay:BluntJabs","FlurryOfBlows","FollowUp"],"picked":"SKIP","floor":29},{"not_picked":["Halt","WindmillStrike","WreathOfFlame"],"picked":"SKIP","floor":31},{"not_picked":["Consecrate+1","Replay:BluntJabs+1","WreathOfFlame"],"picked":"SKIP","floor":35},{"not_picked":["Vengeance","Halt","CutThroughFate+1"],"picked":"SKIP","floor":36},{"not_picked":["FlurryOfBlows+1","BowlingBash+1","Wish"],"picked":"SKIP","floor":38},{"not_picked":["DeusExMachina","PathToVictory","MentalFortress"],"picked":"SKIP","floor":41},{"not_picked":["WindmillStrike","Prostrate","Wireheading+1"],"picked":"SKIP","floor":42},{"not_picked":["ClearTheMind+1","CrushJoints"],"picked":"Study","floor":46}],"player_experience":162348,"relics_obtained":[{"floor":6,"key":"Simple Rune"},{"floor":9,"key":"CCEMRelics:FestiveHat"},{"floor":12,"key":"Bronze Scales"},{"floor":14,"key":"GoldenEye"},{"floor":24,"key":"aspiration:ChemicalBlood"},{"floor":26,"key":"CrustySpines"},{"floor":27,"key":"MealTicket"},{"floor":31,"key":"Turnip"},{"floor":37,"key":"Pocketwatch"},{"floor":41,"key":"hexamod:BolsterEngine"},{"floor":43,"key":"Akabeko"}],"event_choices":[{"damage_healed":0,"gold_gain":0,"player_choice":"Forge","damage_taken":0,"max_hp_gain":0,"max_hp_loss":0,"event_name":"Accursed Blacksmith","floor":2,"gold_loss":0,"cards_upgraded":["Eruption"]},{"cards_removed":["Strike_P"],"damage_healed":0,"gold_gain":0,"player_choice":"Take \u0026 Give","damage_taken":0,"max_hp_gain":0,"max_hp_loss":0,"event_name":"betterNote:BetterNote","floor":20,"gold_loss":0,"cards_obtained":["Strike_P"]},{"damage_healed":0,"gold_gain":0,"player_choice":"Ignored","damage_taken":0,"max_hp_gain":0,"max_hp_loss":0,"event_name":"Vampires","floor":28,"gold_loss":0},{"damage_healed":0,"gold_gain":0,"player_choice":"Fight","damage_taken":0,"max_hp_gain":0,"max_hp_loss":0,"event_name":"MindBloom","floor":37,"gold_loss":0},{"damage_healed":0,"gold_gain":0,"player_choice":"Max HP","damage_taken":0,"max_hp_gain":0,"max_hp_loss":4,"event_name":"Winding Halls","floor":44,"gold_loss":0}],"is_beta":false,"boss_relics":[{"not_picked":["Pandora\u0027s Box","ReplayTheSpireMod:DimensionalGlitch","Busted Crown"],"picked":"sneckomod:SneckoTalon"},{"not_picked":["energizedSpire:CrystalSphere","relicPack:ShieldShield","infinitespire:Cupcake"],"picked":"hubris:Stopwatch"}],"items_purged_floors":[19,39,48],"is_endless":false,"potions_floor_spawned":[6,10,12,21,31,33,35,36,38],"ascension_level":0}}