{"host":"i9wanet4r0ff4t9y","time":1607947855,"event":{"mods":["2.2 Compatiblity","Act Like it!","BaseMod","Better Altar","Better Match","Better Note","Better Sensory Stone","Better Skull","Better Third Choice","Better Vampires","BetterRewards","CapriCore","Downfall","Minty Spire (QoL Compilation)","READ ME - Guardian Mod","READ ME - Snecko Mod","Relic Stats","Replay The Spire","Spicy Shops","StSLib","The Disciple","Waifu the Spire"],"gold_per_floor":[21,371,30,55,55,55,79,122,122,139,183,206,277,246,246,353,353,372,372,400,400,3,48,72,72,98,139,170,170,13,31,31,147,147,168,186,186,31,65,99,99,99,99,99,99,99,14,64,64,70],"floor_reached":51,"playtime":2132,"items_purged":[],"score":1157,"play_id":"376cf652-8f92-489e-a628-bb9571ba5c30","local_time":"20201214131055","is_ascension_mode":false,"campfire_choices":[{"data":"Apotheosis","floor":6.0,"key":"SMITH"},{"floor":15.0,"key":"REST"},{"floor":25.0,"key":"REST"},{"data":"expansioncontent:StudyTheSpire","floor":32.0,"key":"SMITH"},{"floor":41,"key":"REST"},{"floor":44,"key":"RECALL"},{"floor":46,"key":"REST"},{"floor":49,"key":"REST"}],"circlet_count":0,"master_deck":["Strike_B","Strike_B","Strike_B","Strike_B","Defend_B","Defend_B","Defend_B","Defend_B","Zap","Dualcast","Apotheosis+1","Clumsy","Crystallizer","Crystallizer","Cold Snap","Leap","Panic Button","Sunder","Voices","Hallucinations","expansioncontent:StudyTheSpire+1","ReplayTheSpireMod:Calculation Training","FIFO Queue","ReplaySort","CommonCold","BasicCrystalCard","Doom and Gloom","Sunder","Guardian:Aged","Creative AI","Streamline","Corpse Explosion","Doubt","Conserve Battery","ReplayTheSpireMod:System Scan+1","Core Surge","SwitchConfidence","Tempest+1","ReplaySolidLightProjector","ReplayTheSpireMod:Calculation Training","ReplayGash","Sickly","Meteor Strike","ReplayTheSpireMod:Doomed","Capacitor+1","Cold Snap+1","BootSequence+1","Defragment","Go for the Eyes+1","Chill+1","BasicCrystalCard+1","Double Energy+1","Echo Form","Echo Form","Doubt","expansioncontent:PolyBeam","expansioncontent:AwakenDeath","ReplayTheSpireMod:Restless Dread","Reinforced Body"],"relics":["Cracked Core","Replay:Frozen Program","Ring of Greed","Old Coin","Replay:Bandana","Ring of Panic","Toolbox","Spirit Poop","Pocketwatch","Dead Branch","Oddly Smooth Stone","Philosopher\u0027s Stone","PreservedInsect","Replay:Accelerometer","Mercury Hourglass","Replay:Antivirus Software","ClockworkSouvenir","Prayer Wheel","Prayer Wheel","Fusion Hammer","Lee\u0027s Waffle","Cables","Counterbalance","Replay:Multitool","Bronze Scales"],"acts_visited":["Exordium","TheCity","TheBeyond"],"potions_floor_usage":[40,50],"damage_taken":[{"damage":0.0,"enemies":"Small Slimes","floor":1.0,"turns":5.0},{"damage":1.0,"enemies":"Cultist","floor":4.0,"turns":4.0},{"damage":3.0,"enemies":"Jaw Worm","floor":7.0,"turns":2.0},{"damage":3.0,"enemies":"Gremlin Nob","floor":8.0,"turns":3.0},{"damage":0.0,"enemies":"Looter","floor":10.0,"turns":2.0},{"damage":6.0,"enemies":"3 Sentries","floor":11.0,"turns":4.0},{"damage":18.0,"enemies":"Large Slime","floor":12.0,"turns":4.0},{"damage":39.0,"enemies":"The Guardian","floor":16.0,"turns":9.0},{"damage":0.0,"enemies":"Spheric Guardian","floor":18.0,"turns":2.0},{"damage":5.0,"enemies":"2 Thieves","floor":20.0,"turns":3.0},{"damage":19.0,"enemies":"Slavers","floor":23.0,"turns":3.0},{"damage":12.0,"enemies":"Sentry and Sphere","floor":24.0,"turns":3.0},{"damage":19.0,"enemies":"Centurion and Healer","floor":27.0,"turns":3.0},{"damage":7.0,"enemies":"Cultist and Chosen","floor":28.0,"turns":3.0},{"damage":0.0,"enemies":"Snecko","floor":31.0,"turns":3.0},{"damage":21.0,"enemies":"Collector","floor":33.0,"turns":7.0},{"damage":1,"enemies":"3 Darklings","floor":35,"turns":6},{"damage":0,"enemies":"3 Shapes","floor":36,"turns":3},{"damage":18,"enemies":"3 Darklings","floor":39,"turns":4},{"damage":59,"enemies":"Giant Head","floor":40,"turns":7},{"damage":46,"enemies":"R_Hoarder","floor":48,"turns":6},{"damage":79,"enemies":"Time Eater","floor":50,"turns":10}],"seed_played":"6064632823485452629","potions_obtained":[{"floor":1.0,"key":"Elixir"},{"floor":7.0,"key":"Elixir"},{"floor":10.0,"key":"DistilledChaos"},{"floor":21.0,"key":"CultistPotion"},{"floor":21.0,"key":"Swift Potion"},{"floor":21.0,"key":"PotionOfCapacity"},{"floor":24.0,"key":"FearPotion"},{"floor":27.0,"key":"DistilledChaos"},{"floor":28.0,"key":"Regen Potion"},{"floor":31.0,"key":"Elixir"},{"floor":36,"key":"Adrenaline Potion"}],"is_trial":false,"path_per_floor":["M","?","$","M","?","R","M","E","T","M","E","M","?","?","R","B",null,"M","?","M","?","$","E","M","R","T","M","M","?","$","M","R","B",null,"M","M","?","$","M","E","R","?","T","R","?","R","$","E","R","B",null],"character_chosen":"DEFECT","items_purchased":["Apotheosis","Replay:Frozen Program","Crystallizer","Cold Snap","Leap","expansioncontent:StudyTheSpire","Toolbox","PreservedInsect","Replay:Accelerometer","ClockworkSouvenir","Lee\u0027s Waffle","Replay:Multitool"],"campfire_rested":5,"item_purchase_floors":[0,0,0,0,0,3,3,22,22,30,38,47],"current_hp_per_floor":[51,51,51,50,50,50,47,44,44,56,50,32,32,32,54,25,75,75,75,70,70,70,51,39,61,61,42,35,75,75,75,75,54,75,74,74,74,82,64,5,29,82,82,82,82,82,82,36,60,16],"gold":70,"neow_bonus":"","is_daily":false,"chose_seed":false,"campfire_upgraded":2,"win_rate":0.0,"timestamp":1607947855,"path_taken":["M","?","$","M","?","R","M","E","T","?","E","M","?","?","R","BOSS","M","?","M","?","$","E","?","R","T","M","M","?","$","?","R","BOSS","M","M","?","$","?","E","R","?","T","R","?","R","$","E","R","BOSS"],"items_purchased_type":["Card","Relic","Card","Card","Card","Card","Relic","Relic","Relic","Relic","Relic","Relic"],"build_version":"2020-12-13","purchased_purges":0,"victory":true,"max_hp_per_floor":[75,75,75,75,75,75,75,75,75,75,75,75,75,75,75,75,75,75,75,75,75,75,75,75,75,75,75,75,75,75,75,75,75,75,75,75,75,82,82,82,82,82,82,82,82,82,82,82,82,82],"relic_stats":{"Lee\u0027s Waffle":8,"counters":[192,711],"Dead Branch":[96],"Bronze Scales":[12],"Prayer Wheel":4,"PreservedInsect":392,"obtain_stats":[{"TwistedFunnel":0,"Replay:Accelerometer":42,"Spirit Poop":5,"Whetstone":24,"Sling":0,"Boot":23,"Old Coin":2,"Replay:Wanted Poster":17,"Sundial":43,"Replay:Bronze Core":17,"MealTicket":7,"Fusion Hammer":34,"Replay:Bottled Flurry":27,"HandDrill":30,"Pear":44,"ReplayTheSpireMod:Ring of Addiction":46,"Counterbalance":47,"Pen Nib":37,"Akabeko":13,"Cables":40,"Ring of the Serpent":17,"Singing Bowl":9,"Painkiller Herb":34,"StoneCalendar":53,"Blue Doll":25,"Bag of Preparation":6,"Replay:Multitool":27,"Ancient Tea Set":25,"Cursed Key":34,"Smiling Mask":45,"Pet Ghost":9,"BranchBurnRelic":15,"Ring of Fangs":46,"Matryoshka":27,"WristBlade":17,"Ninja Scroll":21,"Toolbox":3,"Chemical X":37,"Ring of Panic":5,"InkBottle":44,"Ring of the Snake":0,"Lee\u0027s Waffle":0,"NeowsBlessing":0,"Circlet":0,"Thread and Needle":26,"betterThird:NestCultRelic":21,"The Courier":45,"PreservedInsect":0,"Omamori":9,"Ring of Greed":2,"Frozen Egg 2":26,"MawBank":2,"Ornamental Fan":36,"betterThird:SlimedRelic":2,"Turnip":7,"Art of War":26,"Garlic":29,"ReplayTheSpireMod:Onyx Gauntlets":17,"Toy Ornithopter":46,"Divine Protection":9,"Tiny House":34,"Gremlin Horn":6,"CeramicFish":8,"Vajra":22,"Centennial Puzzle":43,"Lizard Tail":47,"Replay:Frozen Program":0,"Strawberry":37,"Honey Jar":34,"Philosopher\u0027s Stone":17,"Prayer Wheel":0,"Toxic Egg 2":26,"Happy Flower":43,"ReplayTheSpireMod:CursedCoin":24,"Dead Branch":0,"Replay:Grab Bag":17,"Oddly Smooth Stone":20,"Ring of Chaos":34,"Replay:Kaleidoscope":0,"War Paint":26,"WarpedTongs":29,"Replay:Baseball":11,"Bottled Flame":30,"ReplayTheSpireMod:Shallot":11,"Shuriken":9,"Bronze Scales":48,"Onion Ring":40,"Simple Rune":24,"Black Star":17,"ReplayTheSpireMod:TigerMarble":0,"Pocketwatch":44,"Darkstone Periapt":0,"Replay:PocketPolymizer":17,"SacredBark":46,"Snake Skull":25,"Juzu Bracelet":0,"Incense Burner":28,"ClockworkSouvenir":25,"Nunchaku":9,"Replay:Bandana":43,"Tough Bandages":0,"Dream Catcher":8,"Chameleon Ring":0,"Mummified Hand":37,"Pantograph":37,"Gambling Chip":36,"Tiny Chest":0,"Red Mask":19,"Replay:Antivirus Software":26,"Cracked Core":0,"Gremlin Food":30,"BargainBundle":53,"ReplayTheSpireMod:Ninjato":7,"Guide Book":37,"Quantum Egg":30,"Replay:WaspNest":37,"Orichalcum":5,"Odd Mushroom":10,"Medical Kit":47,"Mercury Hourglass":23,"Calling Bell":17,"Anchor":23,"CaptainsWheel":37,"Pondfish Scales":54,"Bag of Marbles":44,"Membership Card":0,"ReplayTheSpireMod:ShopPack":0},{"TwistedFunnel":76,"Replay:Accelerometer":122,"Spirit Poop":172,"Whetstone":61,"Sling":26,"Boot":113,"Old Coin":171,"Replay:Wanted Poster":84,"Sundial":70,"Replay:Bronze Core":34,"MealTicket":53,"Fusion Hammer":186,"Replay:Bottled Flurry":39,"HandDrill":41,"Pear":71,"ReplayTheSpireMod:Ring of Addiction":48,"Counterbalance":150,"Pen Nib":66,"Akabeko":7,"Cables":190,"Ring of the Serpent":132,"Singing Bowl":128,"Painkiller Herb":140,"StoneCalendar":152,"Blue Doll":166,"Bag of Preparation":3,"Replay:Multitool":39,"Ancient Tea Set":15,"Cursed Key":18,"Smiling Mask":97,"Pet Ghost":105,"BranchBurnRelic":33,"Ring of Fangs":48,"Matryoshka":89,"WristBlade":58,"Ninja Scroll":59,"Toolbox":171,"Chemical X":66,"Ring of Panic":104,"InkBottle":71,"Ring of the Snake":0,"Lee\u0027s Waffle":49,"NeowsBlessing":0,"Circlet":0,"Thread and Needle":37,"betterThird:NestCultRelic":36,"The Courier":48,"PreservedInsect":154,"Omamori":4,"Ring of Greed":171,"Frozen Egg 2":88,"MawBank":1,"Ornamental Fan":93,"betterThird:SlimedRelic":102,"Turnip":128,"Art of War":15,"Garlic":137,"ReplayTheSpireMod:Onyx Gauntlets":58,"Toy Ornithopter":48,"Divine Protection":159,"Tiny House":43,"Gremlin Horn":158,"CeramicFish":80,"Vajra":12,"Centennial Puzzle":22,"Lizard Tail":24,"Replay:Frozen Program":170,"Strawberry":45,"Honey Jar":117,"Philosopher\u0027s Stone":9,"Prayer Wheel":49,"Toxic Egg 2":113,"Happy Flower":122,"ReplayTheSpireMod:CursedCoin":113,"Dead Branch":26,"Replay:Grab Bag":58,"Oddly Smooth Stone":110,"Ring of Chaos":92,"Replay:Kaleidoscope":26,"War Paint":135,"WarpedTongs":62,"Replay:Baseball":31,"Bottled Flame":90,"ReplayTheSpireMod:Shallot":31,"Shuriken":80,"Bronze Scales":191,"Onion Ring":69,"Simple Rune":165,"Black Star":58,"ReplayTheSpireMod:TigerMarble":101,"Pocketwatch":23,"Darkstone Periapt":49,"Replay:PocketPolymizer":162,"SacredBark":48,"Snake Skull":37,"Juzu Bracelet":26,"Incense Burner":40,"ClockworkSouvenir":37,"Nunchaku":30,"Replay:Bandana":97,"Tough Bandages":126,"Dream Catcher":159,"Chameleon Ring":76,"Mummified Hand":66,"Pantograph":66,"Gambling Chip":119,"Tiny Chest":76,"Red Mask":11,"Replay:Antivirus Software":182,"Cracked Core":0,"Gremlin Food":41,"BargainBundle":75,"ReplayTheSpireMod:Ninjato":80,"Guide Book":45,"Quantum Egg":63,"Replay:WaspNest":119,"Orichalcum":28,"Odd Mushroom":31,"Medical Kit":150,"Mercury Hourglass":181,"Calling Bell":162,"Anchor":13,"CaptainsWheel":20,"Pondfish Scales":76,"Bag of Marbles":148,"Membership Card":26,"ReplayTheSpireMod:ShopPack":101},{"TwistedFunnel":283,"Replay:Accelerometer":422,"Spirit Poop":625,"Whetstone":237,"Sling":101,"Boot":394,"Old Coin":621,"Replay:Wanted Poster":313,"Sundial":265,"Replay:Bronze Core":127,"MealTicket":209,"Fusion Hammer":676,"Replay:Bottled Flurry":144,"HandDrill":153,"Pear":268,"ReplayTheSpireMod:Ring of Addiction":186,"Counterbalance":534,"Pen Nib":253,"Akabeko":19,"Cables":695,"Ring of the Serpent":465,"Singing Bowl":446,"Painkiller Herb":500,"StoneCalendar":544,"Blue Doll":600,"Bag of Preparation":3,"Replay:Multitool":144,"Ancient Tea Set":54,"Cursed Key":66,"Smiling Mask":346,"Pet Ghost":367,"BranchBurnRelic":118,"Ring of Fangs":186,"Matryoshka":324,"WristBlade":230,"Ninja Scroll":232,"Toolbox":621,"Chemical X":253,"Ring of Panic":365,"InkBottle":268,"Ring of the Snake":0,"Lee\u0027s Waffle":194,"NeowsBlessing":0,"Circlet":0,"Thread and Needle":137,"betterThird:NestCultRelic":133,"The Courier":186,"PreservedInsect":556,"Omamori":7,"Ring of Greed":621,"Frozen Egg 2":320,"MawBank":1,"Ornamental Fan":335,"betterThird:SlimedRelic":361,"Turnip":446,"Art of War":54,"Garlic":486,"ReplayTheSpireMod:Onyx Gauntlets":230,"Toy Ornithopter":186,"Divine Protection":573,"Tiny House":164,"Gremlin Horn":570,"CeramicFish":298,"Vajra":42,"Centennial Puzzle":78,"Lizard Tail":88,"Replay:Frozen Program":616,"Strawberry":173,"Honey Jar":408,"Philosopher\u0027s Stone":30,"Prayer Wheel":194,"Toxic Egg 2":394,"Happy Flower":422,"ReplayTheSpireMod:CursedCoin":394,"Dead Branch":101,"Replay:Grab Bag":230,"Oddly Smooth Stone":381,"Ring of Chaos":332,"Replay:Kaleidoscope":101,"War Paint":477,"WarpedTongs":240,"Replay:Baseball":114,"Bottled Flame":326,"ReplayTheSpireMod:Shallot":114,"Shuriken":298,"Bronze Scales":701,"Onion Ring":262,"Simple Rune":598,"Black Star":230,"ReplayTheSpireMod:TigerMarble":360,"Pocketwatch":83,"Darkstone Periapt":194,"Replay:PocketPolymizer":589,"SacredBark":186,"Snake Skull":137,"Juzu Bracelet":101,"Incense Burner":148,"ClockworkSouvenir":137,"Nunchaku":111,"Replay:Bandana":346,"Tough Bandages":437,"Dream Catcher":573,"Chameleon Ring":283,"Mummified Hand":253,"Pantograph":253,"Gambling Chip":415,"Tiny Chest":283,"Red Mask":38,"Replay:Antivirus Software":660,"Cracked Core":0,"Gremlin Food":153,"BargainBundle":280,"ReplayTheSpireMod:Ninjato":298,"Guide Book":173,"Quantum Egg":243,"Replay:WaspNest":415,"Orichalcum":106,"Odd Mushroom":114,"Medical Kit":534,"Mercury Hourglass":657,"Calling Bell":589,"Anchor":46,"CaptainsWheel":72,"Pondfish Scales":283,"Bag of Marbles":526,"Membership Card":101,"ReplayTheSpireMod:ShopPack":360}],"Pocketwatch":[39],"Mercury Hourglass":[206],"Cables":[11,4,3,1,3]},"card_choices":[{"not_picked":["Go for the Eyes","BasicCrystalCard"],"picked":"Sunder","floor":1.0},{"not_picked":["Compile Driver","BootSequence"],"picked":"ReplayTheSpireMod:Calculation Training","floor":4.0},{"not_picked":["Rip and Tear","Conserve Battery"],"picked":"FIFO Queue","floor":7.0},{"not_picked":["Beam Cell","Leap"],"picked":"ReplaySort","floor":8.0},{"not_picked":["FIFO Queue","Blizzard"],"picked":"BasicCrystalCard","floor":10.0},{"not_picked":["Cold Snap","Fusion"],"picked":"Doom and Gloom","floor":11.0},{"not_picked":["Stack","Streamline"],"picked":"Sunder","floor":12.0},{"not_picked":["Seek","Machine Learning"],"picked":"Creative AI","floor":16.0},{"not_picked":["Sweeping Beam","Turbo"],"picked":"Streamline","floor":18.0},{"not_picked":["Rebound","Gash"],"picked":"Conserve Battery","floor":20.0},{"not_picked":["Heatsinks+1","ReplayTheSpireMod:Reroute Power"],"picked":"ReplayTheSpireMod:System Scan+1","floor":23.0},{"not_picked":["Reprogram","Self Repair"],"picked":"Core Surge","floor":24.0},{"not_picked":["Sunder","Chill"],"picked":"Tempest+1","floor":27.0},{"not_picked":["Leap","Glacier"],"picked":"ReplaySolidLightProjector","floor":28.0},{"not_picked":["Coolheaded","Go for the Eyes"],"picked":"ReplayTheSpireMod:Calculation Training","floor":31.0},{"not_picked":["Crystallizer","Leap"],"picked":"ReplayGash","floor":31.0},{"not_picked":["Core Surge","Thunder Strike"],"picked":"Meteor Strike","floor":33.0},{"not_picked":["Leap","ReplayGash"],"picked":"Capacitor+1","floor":35},{"not_picked":["Stack+1","Streamline"],"picked":"Cold Snap+1","floor":35},{"not_picked":["Coolheaded","Doom and Gloom"],"picked":"BootSequence+1","floor":35},{"not_picked":["White Noise+1","Go for the Eyes"],"picked":"Defragment","floor":36},{"not_picked":["Stack","Gash+1"],"picked":"Go for the Eyes+1","floor":36},{"not_picked":["Hologram+1","Heatsinks"],"picked":"Chill+1","floor":36},{"not_picked":["Genetic Algorithm+1","Beam Cell"],"picked":"BasicCrystalCard+1","floor":39},{"not_picked":["Loop","Ball Lightning+1"],"picked":"Double Energy+1","floor":39},{"not_picked":["Gash+1","Recycle"],"picked":"Echo Form","floor":39},{"not_picked":["Beam Cell+1","Go for the Eyes"],"picked":"Echo Form","floor":40},{"not_picked":["Impatience","Madness"],"picked":"expansioncontent:PolyBeam","floor":45},{"not_picked":["Replay:BasicMightCard","Violence"],"picked":"expansioncontent:AwakenDeath","floor":45},{"not_picked":["Stack","Amplify"],"picked":"Reinforced Body","floor":48}],"player_experience":342882,"relics_obtained":[{"floor":2.0,"key":"Ring of Greed"},{"floor":2.0,"key":"Old Coin"},{"floor":2.0,"key":"Replay:Bandana"},{"floor":2.0,"key":"Ring of Panic"},{"floor":8.0,"key":"Pocketwatch"},{"floor":9.0,"key":"Dead Branch"},{"floor":11.0,"key":"Oddly Smooth Stone"},{"floor":23.0,"key":"Mercury Hourglass"},{"floor":26.0,"key":"Replay:Antivirus Software"},{"floor":40,"key":"Cables"},{"floor":43,"key":"Counterbalance"},{"floor":48,"key":"Bronze Scales"}],"event_choices":[{"cards_removed":["Amnesia"],"damage_healed":0.0,"max_hp_gain":0.0,"max_hp_loss":0.0,"gold_gain":0.0,"event_name":"Bonfire Elementals","player_choice":"Offered Curse","floor":5.0,"gold_loss":0.0,"damage_taken":0.0,"relics_obtained":["Spirit Poop"]},{"damage_healed":0.0,"max_hp_gain":0.0,"max_hp_loss":0.0,"gold_gain":71.0,"event_name":"Golden Wing","player_choice":"Gained Gold","floor":13.0,"gold_loss":0.0,"damage_taken":0.0},{"damage_healed":0.0,"max_hp_gain":0.0,"max_hp_loss":0.0,"gold_gain":0.0,"event_name":"betterThird:BetterGoop","player_choice":"Left","floor":14.0,"gold_loss":31.0,"damage_taken":0.0},{"cards_removed":["Apotheosis"],"damage_healed":0.0,"max_hp_gain":0.0,"max_hp_loss":0.0,"gold_gain":0.0,"event_name":"betterNote:BetterNote","player_choice":"Take \u0026 Give","floor":19.0,"gold_loss":0.0,"damage_taken":0.0,"cards_obtained":["Corpse Explosion"]},{"damage_healed":0.0,"max_hp_gain":0.0,"max_hp_loss":0.0,"gold_gain":0.0,"event_name":"Lab","player_choice":"Got Potions","floor":21.0,"gold_loss":0.0,"damage_taken":0.0},{"damage_healed":40.0,"max_hp_gain":0.0,"max_hp_loss":0.0,"gold_gain":0.0,"event_name":"Wheel of Change","player_choice":"Full Heal","floor":29.0,"gold_loss":0.0,"damage_taken":0.0},{"damage_healed":0,"gold_gain":0,"player_choice":"Bought 0 Potions","damage_taken":0,"max_hp_gain":0,"max_hp_loss":0,"event_name":"The Woman in Blue","floor":37,"gold_loss":0},{"damage_healed":53,"gold_gain":0,"player_choice":"Heal","damage_taken":0,"max_hp_gain":0,"max_hp_loss":0,"event_name":"MindBloom","floor":42,"gold_loss":0,"cards_obtained":["Doubt"]},{"damage_healed":0,"gold_gain":3,"player_choice":"1","damage_taken":0,"max_hp_gain":0,"max_hp_loss":0,"event_name":"betterStone:BetterStone","floor":45,"gold_loss":0}],"is_beta":false,"boss_relics":[{"not_picked":["Honey Jar","Astrolabe"],"picked":"Philosopher\u0027s Stone"},{"not_picked":["Kintsugi","Runic Dome"],"picked":"Fusion Hammer"}],"items_purged_floors":[],"is_endless":false,"potions_floor_spawned":[1,7,10,24,27,28,31,36],"ascension_level":0}}