{"host":"fevvm7bbzuh4s1jc","time":1607976225,"event":{"mods":["BaseMod","Highlight Path","Minty Spire (QoL Compilation)","Relic Stats"],"gold_per_floor":[360,380,449,462,462,462,495,495,495,512,10,26,26,60,60,139,139,99,14,14,14,14,14,14,14,14,14,14,14,14,14,14,14,14,14,14,0,0,0,0,0,0,0,0,0,0,0,0,0,0,0,0,0,0,0,0],"floor_reached":57,"playtime":3729,"items_purged":[],"score":2932,"play_id":"dac302df-9916-49c8-912a-53c49293e4b0","local_time":"20201214150345","is_ascension_mode":true,"campfire_choices":[{"data":"Perfected Strike","floor":6.0,"key":"SMITH"},{"data":"Bash","floor":8.0,"key":"SMITH"},{"floor":13.0,"key":"DIG"},{"floor":15.0,"key":"DIG"},{"data":"Immolate","floor":24.0,"key":"SMITH"},{"data":"True Grit","floor":28.0,"key":"SMITH"},{"data":"Spot Weakness","floor":30.0,"key":"SMITH"},{"floor":32.0,"key":"DIG"},{"floor":42,"key":"RECALL"},{"floor":49,"key":"DIG"},{"floor":53,"key":"DIG"}],"circlet_count":0,"master_deck":["AscendersBane","Strike_R","Strike_R","Strike_R","Strike_R","Strike_R","Defend_R","Defend_R","Defend_R","Defend_R","Bash+1","Clothesline","Perfected Strike+1","Feel No Pain","Pommel Strike","Immolate+1","True Grit+1","Necronomicurse","Shrug It Off+1","Twin Strike+1","Shrug It Off","Spot Weakness+1","Fiend Fire","Power Through","Dark Shackles","Discovery","Shrug It Off","Heavy Blade+1","Uppercut+1","True Grit+1"],"relics":["Burning Blood","Shovel","Lizard Tail","Dead Branch","Oddly Smooth Stone","InkBottle","Eternal Feather","Mango","Ectoplasm","Blood Vial","Necronomicon","Boot","Strawberry","CaptainsWheel","Fusion Hammer","Red Mask","Anchor","MawBank","Vajra","Molten Egg 2","Thread and Needle","MealTicket","Bag of Preparation","Pantograph","Bottled Flame"],"acts_visited":["TheCity","TheBeyond","TheEnding"],"potions_floor_usage":[44,47,47],"damage_taken":[{"damage":9.0,"enemies":"Small Slimes","floor":1.0,"turns":5.0},{"damage":2.0,"enemies":"2 Louse","floor":2.0,"turns":3.0},{"damage":4.0,"enemies":"Jaw Worm","floor":4.0,"turns":3.0},{"damage":37.0,"enemies":"Lagavulin","floor":7.0,"turns":8.0},{"damage":13.0,"enemies":"Blue Slaver","floor":10.0,"turns":4.0},{"damage":15.0,"enemies":"Exordium Wildlife","floor":12.0,"turns":4.0},{"damage":19.0,"enemies":"3 Sentries","floor":14.0,"turns":6.0},{"damage":41.0,"enemies":"Slime Boss","floor":16.0,"turns":10.0},{"damage":11.0,"enemies":"2 Thieves","floor":18.0,"turns":3.0},{"damage":9.0,"enemies":"Shell Parasite","floor":22.0,"turns":2.0},{"damage":28.0,"enemies":"Book of Stabbing","floor":23.0,"turns":4.0},{"damage":17.0,"enemies":"Centurion and Healer","floor":25.0,"turns":3.0},{"damage":21.0,"enemies":"Slavers","floor":27.0,"turns":3.0},{"damage":0.0,"enemies":"Cultist and Chosen","floor":29.0,"turns":3.0},{"damage":12.0,"enemies":"Collector","floor":33.0,"turns":6.0},{"damage":5.0,"enemies":"Orb Walker","floor":35.0,"turns":2.0},{"damage":18,"enemies":"3 Darklings","floor":36,"turns":3},{"damage":0,"enemies":"Jaw Worm Horde","floor":39,"turns":2},{"damage":0,"enemies":"Reptomancer","floor":40,"turns":4},{"damage":6,"enemies":"Maw","floor":41,"turns":5},{"damage":16,"enemies":"Giant Head","floor":44,"turns":7},{"damage":13,"enemies":"Reptomancer","floor":46,"turns":6},{"damage":6,"enemies":"2 Orb Walkers","floor":47,"turns":3},{"damage":17,"enemies":"Giant Head","floor":48,"turns":5},{"damage":14,"enemies":"Time Eater","floor":50,"turns":7},{"damage":7,"enemies":"Donu and Deca","floor":51,"turns":5},{"damage":6,"enemies":"Shield and Spear","floor":55,"turns":2},{"damage":70,"enemies":"The Heart","floor":56,"turns":9}],"seed_played":"-8301238138752079454","potions_obtained":[{"floor":2.0,"key":"Regen Potion"},{"floor":10.0,"key":"DuplicationPotion"},{"floor":16.0,"key":"FearPotion"},{"floor":18.0,"key":"LiquidMemories"},{"floor":25.0,"key":"SneckoOil"},{"floor":39,"key":"Weak Potion"},{"floor":44,"key":"Explosive Potion"},{"floor":46,"key":"Explosive Potion"}],"is_trial":false,"path_per_floor":["M","M","?","M","?","R","E","R","T","M","$","M","R","E","R","B",null,"M","?","?","$","M","E","R","M","T","E","R","M","R","?","R","B",null,"M","M","?","?","M","E","M","R","T","E","$","E","?","E","R","B","B",null,"R","$","E","B",null],"character_chosen":"IRONCLAD","items_purchased":["Dead Branch","Oddly Smooth Stone"],"campfire_rested":0,"item_purchase_floors":[11,11],"current_hp_per_floor":[65,68,68,68,68,68,49,49,49,42,42,33,33,20,43,8,64,59,59,38,38,37,17,29,20,20,14,26,34,46,46,58,54,80,83,73,73,63,71,79,81,89,89,79,79,74,76,67,85,79,80,87,89,89,89,25],"gold":0,"neow_bonus":"TWO_FIFTY_GOLD","is_daily":false,"chose_seed":false,"campfire_upgraded":5,"win_rate":0.0,"timestamp":1607976225,"path_taken":["M","M","?","M","?","R","E","R","T","M","$","?","R","E","R","BOSS","M","?","?","?","M","E","R","M","T","E","R","?","R","?","R","BOSS","M","M","?","?","M","E","M","R","T","E","$","E","?","E","R","BOSS","BOSS","R","$","E","BOSS"],"items_purchased_type":["Relic","Relic"],"build_version":"2020-12-13","purchased_purges":0,"victory":true,"max_hp_per_floor":[68,68,68,68,68,68,68,68,68,68,68,68,68,68,82,82,82,82,82,82,82,82,82,82,82,82,89,89,89,89,89,89,89,89,89,89,89,89,89,89,89,89,89,89,89,89,89,89,89,89,89,89,89,89,89,89],"relic_stats":{"counters":[28,127],"Dead Branch":[242],"Eternal Feather":85,"Bag of Preparation":[8],"Boot":[7],"MawBank":0,"Burning Blood":165,"Blood Vial":32,"Lizard Tail":0,"Shovel":5,"Pantograph":0,"MealTicket":0,"Ectoplasm":728,"Necronomicon":[65],"obtain_stats":[{"Vajra":44,"Mango":15,"Bag of Preparation":49,"Boot":23,"Burning Blood":0,"Blood Vial":19,"Lizard Tail":9,"Shovel":7,"Strawberry":27,"Pantograph":53,"MealTicket":48,"Fusion Hammer":34,"Necronomicon":20,"Red Mask":37,"InkBottle":13,"Dead Branch":11,"Oddly Smooth Stone":11,"Eternal Feather":14,"Thread and Needle":47,"MawBank":43,"CaptainsWheel":32,"Anchor":40,"Bottled Flame":55,"Molten Egg 2":46,"Ectoplasm":17},{"Vajra":21,"Mango":7,"Bag of Preparation":24,"Boot":11,"Burning Blood":0,"Blood Vial":9,"Lizard Tail":4,"Shovel":4,"Strawberry":13,"Pantograph":26,"MealTicket":24,"Fusion Hammer":15,"Necronomicon":9,"Red Mask":17,"InkBottle":6,"Dead Branch":5,"Oddly Smooth Stone":5,"Eternal Feather":7,"Thread and Needle":23,"MawBank":20,"CaptainsWheel":14,"Anchor":19,"Bottled Flame":27,"Molten Egg 2":22,"Ectoplasm":8},{"Vajra":90,"Mango":33,"Bag of Preparation":104,"Boot":52,"Burning Blood":0,"Blood Vial":46,"Lizard Tail":19,"Shovel":19,"Strawberry":58,"Pantograph":116,"MealTicket":104,"Fusion Hammer":67,"Necronomicon":46,"Red Mask":72,"InkBottle":27,"Dead Branch":23,"Oddly Smooth Stone":23,"Eternal Feather":33,"Thread and Needle":99,"MawBank":83,"CaptainsWheel":61,"Anchor":78,"Bottled Flame":118,"Molten Egg 2":96,"Ectoplasm":43}],"InkBottle":[43]},"card_choices":[{"not_picked":["Headbutt","Wild Strike"],"picked":"Clothesline","floor":1.0},{"not_picked":["Pummel","Infernal Blade"],"picked":"Perfected Strike","floor":2.0},{"not_picked":["Clash","Havoc"],"picked":"Feel No Pain","floor":4.0},{"not_picked":["Flex","Bludgeon"],"picked":"Pommel Strike","floor":7.0},{"not_picked":["Anger","Havoc","Rupture"],"picked":"SKIP","floor":10.0},{"not_picked":["Reckless Charge","Thunderclap","Havoc"],"picked":"SKIP","floor":12.0},{"not_picked":["Reckless Charge","Thunderclap","Havoc"],"picked":"SKIP","floor":12.0},{"not_picked":["Iron Wave","Clash","Flex"],"picked":"SKIP","floor":14.0},{"not_picked":["Exhume","Feed"],"picked":"Immolate","floor":16.0},{"not_picked":["Body Slam","Carnage"],"picked":"True Grit","floor":18.0},{"not_picked":["Pommel Strike","Rupture"],"picked":"Shrug It Off+1","floor":22.0},{"not_picked":["Sword Boomerang+1","Limit Break"],"picked":"Twin Strike+1","floor":23.0},{"not_picked":["Clothesline","Fire Breathing"],"picked":"Shrug It Off","floor":25.0},{"not_picked":["Clothesline","Iron Wave+1","Shrug It Off"],"picked":"SKIP","floor":27.0},{"not_picked":["Second Wind+1","Pommel Strike"],"picked":"Spot Weakness","floor":29.0},{"not_picked":["Impervious","Demon Form"],"picked":"Fiend Fire","floor":33.0},{"not_picked":["Clothesline","Havoc+1","Iron Wave"],"picked":"SKIP","floor":35.0},{"not_picked":["Rupture","Fire Breathing"],"picked":"Power Through","floor":36},{"not_picked":["Flash of Steel","Mind Blast"],"picked":"Dark Shackles","floor":38},{"not_picked":["PanicButton","Sadistic Nature"],"picked":"Discovery","floor":38},{"not_picked":["Infernal Blade","Flex"],"picked":"Shrug It Off","floor":39},{"not_picked":["Dual Wield","Heavy Blade+1","Headbutt+1"],"picked":"SKIP","floor":40},{"not_picked":["Dual Wield","Headbutt+1"],"picked":"Heavy Blade+1","floor":40},{"not_picked":["Searing Blow","Hemokinesis+1","Pommel Strike"],"picked":"SKIP","floor":41},{"not_picked":["Iron Wave","Sword Boomerang+1","Power Through"],"picked":"SKIP","floor":44},{"not_picked":["Dropkick+1","Rampage+1"],"picked":"Uppercut+1","floor":46},{"not_picked":["Berserk","Fire Breathing"],"picked":"True Grit+1","floor":48},{"not_picked":["Clash+1","Armaments+1","Heavy Blade+1"],"picked":"SKIP","floor":55}],"player_experience":2540350,"relics_obtained":[{"floor":7.0,"key":"Shovel"},{"floor":9.0,"key":"Lizard Tail"},{"floor":13.0,"key":"InkBottle"},{"floor":14.0,"key":"Eternal Feather"},{"floor":15.0,"key":"Mango"},{"floor":20.0,"key":"Necronomicon"},{"floor":23.0,"key":"Boot"},{"floor":27.0,"key":"Strawberry"},{"floor":32.0,"key":"CaptainsWheel"},{"floor":40,"key":"Anchor"},{"floor":43,"key":"MawBank"},{"floor":44,"key":"Vajra"},{"floor":46,"key":"Molten Egg 2"},{"floor":47,"key":"Thread and Needle"},{"floor":48,"key":"MealTicket"},{"floor":49,"key":"Bag of Preparation"},{"floor":53,"key":"Pantograph"},{"floor":55,"key":"Bottled Flame"}],"event_choices":[{"damage_healed":0.0,"max_hp_gain":0.0,"max_hp_loss":0.0,"gold_gain":69.0,"event_name":"Golden Wing","player_choice":"Gained Gold","floor":3.0,"gold_loss":0.0,"damage_taken":0.0},{"damage_healed":0.0,"max_hp_gain":0.0,"max_hp_loss":0.0,"gold_gain":0.0,"event_name":"Liars Game","player_choice":"Ignored","floor":5.0,"gold_loss":0.0,"damage_taken":0.0},{"damage_healed":0.0,"max_hp_gain":0.0,"max_hp_loss":0.0,"gold_gain":0.0,"event_name":"Addict","player_choice":"Obtained Relic","floor":19.0,"gold_loss":85.0,"damage_taken":0.0,"relics_obtained":["Blood Vial"]},{"damage_healed":0.0,"max_hp_gain":0.0,"max_hp_loss":0.0,"gold_gain":0.0,"event_name":"Cursed Tome","player_choice":"Obtained Book","floor":20.0,"gold_loss":0.0,"damage_taken":21.0},{"damage_healed":0.0,"max_hp_gain":0.0,"max_hp_loss":0.0,"gold_gain":0.0,"event_name":"The Mausoleum","player_choice":"Ignored","floor":31.0,"gold_loss":0.0,"damage_taken":0.0},{"damage_healed":0,"gold_gain":0,"player_choice":"Paid","damage_taken":0,"relics_obtained":["Red Mask"],"max_hp_gain":0,"max_hp_loss":0,"event_name":"Tomb of Lord Red Mask","floor":37,"gold_loss":14},{"damage_healed":0,"gold_gain":0,"player_choice":"Memory 3","damage_taken":10,"max_hp_gain":0,"max_hp_loss":0,"event_name":"SensoryStone","floor":38,"gold_loss":0},{"damage_healed":0,"gold_gain":0,"player_choice":"Fight","damage_taken":0,"max_hp_gain":0,"max_hp_loss":0,"event_name":"Mysterious Sphere","floor":47,"gold_loss":0}],"is_beta":false,"boss_relics":[{"not_picked":["Black Star","Empty Cage"],"picked":"Ectoplasm"},{"not_picked":["Tiny House","Mark of Pain"],"picked":"Fusion Hammer"}],"items_purged_floors":[],"is_endless":false,"potions_floor_spawned":[2,10,16,18,25,39,44,46],"ascension_level":20}}