{"host":"detovitglhtzaqdj","time":1607989091,"event":{"mods":["AchievementEnabler","Aspiration","BaseMod","Better Altar","Better Match","Better Note","Better Sensory Stone","Better Skull","Better Third Choice","Colored Map","Colored Powertips","Current Relic Mod","Curses Come First","Custom Start","Downfall","Emptier Cage","Friendly Minions","Highlight Path","Minty Spire (QoL Compilation)","Practice Mode","Quick Restart","Relic Stats","Remove Card Discount Mod","Replay The Spire","Shop Mod","Somnambulant","StSLib","The Exordian Avenger","The Jungle","TheHeartMod","Thieving Mod","Transform Curses","Virulent Crown"],"gold_per_floor":[113,123,123,189,207,207,221,247,274,274,239,239,164,184,184,283,283,301,301,271,0,0,0,19,19,19,19,19,39,39,39],"floor_reached":30,"playtime":1236,"items_purged":[],"score":226,"play_id":"859ab2a4-b1c0-483a-87d2-b9f3923470ae","local_time":"20201215103811","is_ascension_mode":false,"campfire_choices":[{"data":"Bane","floor":6.0,"key":"SMITH"},{"floor":10.0,"key":"REST"},{"data":"Infinite Blades","floor":15.0,"key":"SMITH"},{"floor":23.0,"key":"REST"}],"circlet_count":0,"master_deck":["Strike_G+1","Strike_G+1","Strike_G+1","Defend_G+1","Defend_G+1","Defend_G+1","Defend_G+1","Survivor","Neutralize","Quick Slash","Predator","Corpse Explosion","Slice","Poisoned Stab","Slice","Bane+1","Prepared","Backstab","Feel No Pain+1","Envenom+1","Night Terror+1","After Image+1","Infinite Blades+1","Replay:Bag of Tricks","Poisoned Stab","Endless Agony+1","Dodge and Roll"],"relics":["Ring of the Snake","VirulentCrownMod:VirulentCrown","Vajra","Snake Skull","MerchantsRug","Happy Flower","HandDrill","Omamori","Oddly Smooth Stone","Juzu Bracelet","Pet Ghost","Gremlin Food"],"acts_visited":["TheCity"],"potions_floor_usage":[],"damage_taken":[{"damage":10.0,"enemies":"Small Slimes","floor":1.0,"turns":5.0},{"damage":0.0,"enemies":"2 Louse","floor":2.0,"turns":2.0},{"damage":6.0,"enemies":"Cultist","floor":5.0,"turns":3.0},{"damage":7.0,"enemies":"Blue Slaver","floor":7.0,"turns":2.0},{"damage":14.0,"enemies":"Gremlin Nob","floor":8.0,"turns":5.0},{"damage":6.0,"enemies":"2 Fungi Beasts","floor":14.0,"turns":2.0},{"damage":27.0,"enemies":"Hexaghost","floor":16.0,"turns":6.0},{"damage":9.0,"enemies":"Shell Parasite","floor":18.0,"turns":6.0},{"damage":13.0,"enemies":"Spheric Guardian","floor":24.0,"turns":4.0},{"damage":1.0,"enemies":"3 Cultists","floor":29.0,"turns":4.0},{"damage":0,"enemies":"Slavers","floor":30,"turns":1}],"seed_played":"-2967431420331472921","potions_obtained":[{"floor":1.0,"key":"Block Potion"},{"floor":16.0,"key":"Weak Potion"},{"floor":20.0,"key":"Dexterity Potion"},{"floor":20.0,"key":"Elixir"}],"is_trial":false,"path_per_floor":["M","M","$","?","M","R","M","E","T","R","?","?","?","M","R","B",null,"M","?","?","$","?","R","M","$","T","?","?","M","E"],"character_chosen":"THE_SILENT","items_purchased":["MerchantsRug","Happy Flower","HandDrill"],"campfire_rested":2,"item_purchase_floors":[21,21,21],"current_hp_per_floor":[67,67,67,67,61,61,54,40,40,63,77,65,65,59,59,32,58,49,49,49,49,49,58,45,45,45,45,5,4,4,4],"gold":39,"neow_bonus":"TEN_PERCENT_HP_BONUS","is_daily":false,"chose_seed":false,"campfire_upgraded":2,"win_rate":0.0,"timestamp":1607989091,"path_taken":["M","M","$","?","M","R","M","E","T","R","?","?","?","M","R","BOSS","M","?","?","?","?","R","M","$","T","?","?","M","E"],"items_purchased_type":["Relic","Relic","Relic"],"build_version":"2020-12-13","purchased_purges":0,"victory":false,"max_hp_per_floor":[77,77,77,77,77,77,77,77,77,77,77,77,77,77,77,77,58,58,58,58,58,58,58,58,58,58,58,58,58,58,58],"relic_stats":{"Happy Flower":[3],"counters":[11,40],"Snake Skull":[42],"HandDrill":[2],"Juzu Bracelet":0,"obtain_stats":[{"Gremlin Food":28,"MerchantsRug":21,"Happy Flower":21,"Vajra":9,"Oddly Smooth Stone":26,"Snake Skull":12,"Omamori":22,"Juzu Bracelet":28,"VirulentCrownMod:VirulentCrown":8,"Pet Ghost":28,"Orrery":3,"HandDrill":21,"Replay:Drink Me":17,"Ring of the Snake":0},{"Gremlin Food":9,"MerchantsRug":8,"Happy Flower":8,"Vajra":5,"Oddly Smooth Stone":9,"Snake Skull":5,"Omamori":8,"Juzu Bracelet":9,"VirulentCrownMod:VirulentCrown":5,"Pet Ghost":9,"Orrery":2,"HandDrill":8,"Replay:Drink Me":7,"Ring of the Snake":0},{"Gremlin Food":35,"MerchantsRug":31,"Happy Flower":31,"Vajra":17,"Oddly Smooth Stone":35,"Snake Skull":17,"Omamori":31,"Juzu Bracelet":35,"VirulentCrownMod:VirulentCrown":17,"Pet Ghost":35,"Orrery":7,"HandDrill":31,"Replay:Drink Me":25,"Ring of the Snake":0}],"Ring of the Snake":[22]},"card_choices":[{"not_picked":["Dagger Spray","Deadly Poison"],"picked":"Quick Slash","floor":1.0},{"not_picked":["ReplayTheSpireMod:Exploit Weakness","Flying Knee"],"picked":"Predator","floor":2.0},{"not_picked":["Bouncing Flask","Dash"],"picked":"ReplayTheSpireMod:Speed Training","floor":3.0},{"not_picked":["Masterful Stab","Bouncing Flask"],"picked":"Corpse Explosion","floor":3.0},{"not_picked":["Flying Knee","Poisoned Stab"],"picked":"Slice","floor":3.0},{"not_picked":["Flying Knee","Deadly Poison"],"picked":"Poisoned Stab","floor":3.0},{"not_picked":["Flying Knee","Replay:Bag of Tricks"],"picked":"Slice","floor":3.0},{"not_picked":["Hidden Blade","Dagger Throw"],"picked":"Bane","floor":5.0},{"not_picked":["Fluid Movement","Sucker Punch"],"picked":"Prepared","floor":7.0},{"not_picked":["Caltrops","Noxious Fumes"],"picked":"Backstab","floor":8.0},{"not_picked":["Unload+1","Doppelganger+1"],"picked":"Envenom+1","floor":13.0},{"not_picked":["Malaise+1","Doppelganger+1"],"picked":"Night Terror+1","floor":13.0},{"not_picked":["Phantasmal Killer+1","Venomology+1"],"picked":"After Image+1","floor":13.0},{"not_picked":["Sucker Punch","Finisher"],"picked":"Infinite Blades","floor":14.0},{"not_picked":["aspiration:Lunge","Glass Knife"],"picked":"Replay:Bag of Tricks","floor":16.0},{"not_picked":["Dodge and Roll","ReplayTheSpireMod:The Works"],"picked":"Poisoned Stab","floor":18.0},{"not_picked":["Prepared","Dagger Spray"],"picked":"Endless Agony+1","floor":24.0},{"not_picked":["Finisher","Prepared"],"picked":"Dodge and Roll","floor":29.0}],"player_experience":29987,"relics_obtained":[{"floor":8.0,"key":"VirulentCrownMod:VirulentCrown"},{"floor":9.0,"key":"Vajra"},{"floor":26.0,"key":"Oddly Smooth Stone"}],"event_choices":[{"damage_healed":0.0,"max_hp_gain":0.0,"max_hp_loss":0.0,"gold_gain":66.0,"event_name":"Golden Wing","player_choice":"Gained Gold","floor":4.0,"gold_loss":0.0,"damage_taken":0.0},{"damage_healed":19.0,"max_hp_gain":0.0,"max_hp_loss":0.0,"gold_gain":0.0,"event_name":"The Cleric","player_choice":"Healed","floor":11.0,"gold_loss":35.0,"damage_taken":0.0},{"damage_healed":0.0,"max_hp_gain":0.0,"max_hp_loss":0.0,"gold_gain":0.0,"event_name":"betterMatch:BetterMatch","player_choice":"3","floor":13.0,"gold_loss":0.0,"damage_taken":0.0,"cards_obtained":["betterMatch:RareCard"]},{"damage_healed":0.0,"max_hp_gain":0.0,"max_hp_loss":0.0,"gold_gain":0.0,"event_name":"Purifier","player_choice":"Ignored","floor":19.0,"gold_loss":0.0,"damage_taken":0.0},{"damage_healed":0.0,"max_hp_gain":0.0,"max_hp_loss":0.0,"gold_gain":0.0,"event_name":"The Woman in Blue","player_choice":"Bought 2 Potions","floor":20.0,"gold_loss":0.0,"damage_taken":0.0},{"cards_removed":["ReplayTheSpireMod:Speed Training"],"damage_healed":0.0,"max_hp_gain":0.0,"max_hp_loss":0.0,"gold_gain":0.0,"event_name":"WeMeetAgain","player_choice":"Gave Card","floor":22.0,"gold_loss":0.0,"damage_taken":0.0,"relics_obtained":["Omamori"]},{"damage_healed":0.0,"max_hp_gain":0.0,"max_hp_loss":7.0,"gold_gain":0.0,"event_name":"betterThird:BetterWriting","player_choice":"Simplicity","floor":27.0,"gold_loss":0.0,"damage_taken":0.0},{"damage_healed":0.0,"max_hp_gain":0.0,"max_hp_loss":0.0,"gold_gain":0.0,"event_name":"betterSkull:BetterSkull","player_choice":"RE RE RE ","floor":28.0,"gold_loss":0.0,"damage_taken":46.0,"cards_upgraded":[],"relics_obtained":["Juzu Bracelet","Pet Ghost","Gremlin Food"]}],"is_beta":false,"boss_relics":[{"not_picked":["ChewingGum","aspiration:DefectSkillbook"],"picked":"Replay:Drink Me"}],"items_purged_floors":[],"is_endless":false,"potions_floor_spawned":[1,16],"killed_by":"Slavers","ascension_level":0}}