{"host":"gu5bom8l9zwjg25u","time":1607952814,"event":{"mods":["AchievementEnabler","Act Like it!","BaseMod","Better Altar","Better Match","Better Note","Better Sensory Stone","Better Skull","Better Third Choice","Better Vampires","BetterRewards","Colored Map","Colored Powertips","Curses Come First","Downfall","Emptier Cage","Energized Spire","GifTheSpireLib","GungeonMod","Hallownest","Hero for Fun","Hubris","Infinite Spire","Jorbs\u0027s Wanderer Trilogy","Mad Scientist","Marked Mod","Minty Spire (QoL Compilation)","Rare Cards Sparkle","Relic Sorter","Replay The Spire","Say the Spire","Shop Mod","Spicy Shops","StSLib","The Animator","The Blackbeard","The Blue Laboratory","The Bug Knight","The Construct","The Cursed","The Disciple","The Hierophant","The Runesmith","The Servant 0.9.4","Uncapped"],"gold_per_floor":[12,12,23,123,123,123,3975,4001,4086,4023,4059,4089,4117,4148,4160,4277,4289,4453,4453],"floor_reached":18,"playtime":806,"items_purged":[],"score":356,"play_id":"77926722-8bfd-4749-8915-7c359bf60a45","local_time":"20201214153334","is_ascension_mode":false,"campfire_choices":[{"data":"Yawn","floor":6,"key":"SMITH"},{"floor":15,"key":"REST"}],"circlet_count":0,"master_deck":["Strike_Y","Strike_Y","Strike_Y","Strike_Y","Strike_Y","Defend_Y+2","Defend_Y","Defend_Y","Defend_Y","Defend_Y","Ignore+1","Yawn+1","Ignore+1","Pot Of Greed","Side_Hop+1","Hop+1","Serious_Side_Hops+1","Wear_Disguise+1","champ:Backstep+1","Oh+1","Slap+1","Serious_Punch+1"],"relics":["Cape","Ring of Misfortune","ReplayTheSpireMod:Ring of Challenge","hubris:ToyBattleship","hubris:SlimyHat","Replay:Mystery Machine","infinitespire:PuzzleCube","Pet Ghost","Tiny Chest","Bag of Marbles","Dream Catcher","Toy Ornithopter","Happy Flower","War Paint","DemoMod:LamentConfigurum","Anchor","infinitespire:Satchel","DemoMod:WeirdEgg","Orichalcum","Replay:Wax Seal","Bronze Scales","Art of War","Grinning Jar","Juzu Bracelet","Pen Nib","HollowMod:PaleOreRelic","Smiling Mask","MawBank","Oddly Smooth Stone","infinitespire:Lucky Rock","Gremlin Food","ReplayTheSpireMod:TigerMarble","ReplayTheSpireMod:Lightbulb","Potion Belt","Runesmith:AutoHammer","Simple Rune","hubris:TenFootPole","DemoMod:WhiteGuonStone","ReplayFunnel","MealTicket","DemoMod:ClearGuonStone","Replay:Bandana","Centennial Puzzle","DemoMod:PoisonVial","Regal Pillow","Ancient Tea Set","Vajra","Lantern","Bag of Preparation","PreservedInsect","Replay:Rubber Ducky","Boot","Strawberry","Omamori","infinitespire:Beetle Shell","Blue Doll","Blood Vial","DemoMod:MonsterBlood","DemoMod:Metronome","hubris:CrystalStatue","Replay:Bottled Snecko","HollowMod:StagPassRelic","Garlic","Singing Bowl","Kunai","Ornamental Fan","DemoMod:SerJunkan","DemoMod:MemoryAlloy","infinitespire:WardingShard","infinitespire:CheckeredPen","DemoMod:Bottle","DemoMod:OrangeGuonStone","DemoMod:MeltedRock","DemoMod:PinkGuonStone","DemoMod:ChaffGrenade","Chameleon Ring","Replay:Bottled Steam","Replay:WaspNest","hubris:DisguiseKit","hubris:BottledRain","HornCleat","hubris:TinFlute","Pantograph","infinitespire:EmpoweringShard","Frozen Egg 2","Darkstone Periapt","DemoMod:BlueGuonStone","Mummified Hand","Replay:Ringing Soul","DemoMod:DecoyRelic","Onion Ring","infinitespire:Midas Blood","Blue Candle","HollowMod:LifeEnderRelic","hubris:MysteriousPyramids","construct:FoamFinger","Meat on the Bone","hubris:PeanutButter","infinitespire:Eraser","Mercury Hourglass","Mirror","The Courier","Replay:Bottled Eggs","Golden Egg","hubris:DeckOfHolding","Sundial","infinitespire:BottledMercury","Molten Egg 2","hubris:MobiusCoin","infinitespire:ShieldingShard","Question Card","Runesmith:Nanobots","hubris:DuctTape","hubris:SphereOfDissonance","Gremlin Horn","infinitespire:Bottled Soul","infinitespire:FocusingShard","Replay:Bottled Flurry","Eternal Feather","Matryoshka","InkBottle","White Beast Statue","hubris:Metronome","hubris:Reverence","ReplayTheSpireMod:Ninjato","Letter Opener","ReplayTheSpireMod:Shallot","Quantum Egg","Iron Hammer","DemoMod:JetPack","Toxic Egg 2","infinitespire:Broken Mirror","Replay:Accelerometer","Shuriken","Pear","construct:BoolHorns","DemoMod:GreenGuonStone","hubris:FunFungus","Mango","Durian","hubris:Spice","Du-Vu Doll","DemoMod:GundromedaStrain","DemoMod:PartiallyEatenCheese","Replay:PocketPolymizer","Unceasing Top","Peace Pipe","Old Coin","DemoMod:ResourcefulSack","hubris:GlazedTorus","Calipers","Turnip","DemoMod:VorpalBullet","Replay:Towering Pillar of Hats","hubris:Potato","DemoMod:GlassGuonStoneRelic"],"acts_visited":["Hallownest:Greenpath","TheCity"],"potions_floor_usage":[],"damage_taken":[{"damage":0,"enemies":"Hallownest:2_Baldur","floor":1,"turns":1},{"damage":0,"enemies":"Hallownest:2_MossCreeps","floor":3,"turns":1},{"damage":0,"enemies":"2_ Uuma","floor":8,"turns":1},{"damage":0,"enemies":"Hallownest:MossCreep_and_Mosskin","floor":11,"turns":2},{"damage":0,"enemies":"Hallownest:monsterFoolEater","floor":12,"turns":1},{"damage":0,"enemies":"Hallownest:1_Ooma_and_2_Uuma","floor":13,"turns":1},{"damage":0,"enemies":"Hallownest:monsterAspidMother","floor":14,"turns":6},{"damage":0,"enemies":"Hallownest:BossFalseKnight","floor":16,"turns":1},{"damage":0,"enemies":"Spheric Guardian","floor":18,"turns":1}],"seed_played":"-1339579972742623318","potions_obtained":[{"floor":3,"key":"blueLaboratory:FruitPunch"},{"floor":8,"key":"BlessingOfTheForge"},{"floor":11,"key":"blueLaboratory:BottledHope"},{"floor":12,"key":"Guardian:BlockOnCardUsePotion"},{"floor":13,"key":"blueLaboratory:FrostheartPotion"}],"is_trial":false,"path_per_floor":["M","$","M","?","?","R","?","M","T","?","M","M","M","M","R","B",null,"M"],"character_chosen":"OPM","items_purchased":[],"campfire_rested":1,"item_purchase_floors":[],"current_hp_per_floor":[1098,1098,1098,1098,1098,1098,943,946,938,941,944,947,950,953,953,956,948,948,948],"gold":4453,"neow_bonus":"TEN_PERCENT_HP_BONUS","is_daily":false,"chose_seed":false,"campfire_upgraded":1,"win_rate":0.0,"timestamp":1607952814,"path_taken":["M","$","M","?","?","R","?","M","T","?","M","M","M","M","R","BOSS","M"],"items_purchased_type":[],"build_version":"2020-12-13","purchased_purges":0,"victory":false,"max_hp_per_floor":[1098,1098,1098,1098,1098,1098,943,946,938,941,944,947,950,953,953,956,948,948,948],"card_choices":[{"not_picked":["Hop","Slap"],"picked":"Ignore","floor":1},{"not_picked":["Hop","Toss_Stone"],"picked":"Yawn","floor":3},{"not_picked":["Hop","Slap"],"picked":"Ignore","floor":4},{"not_picked":["Hop+1","Yawn+1","Ignore+1","champ:TornadoPunch"],"picked":"Side_Hop+1","floor":8},{"not_picked":["Yawn","Ignore","Side_Hop","Slap"],"picked":"Hop","floor":10},{"not_picked":["Get_Hopes_Up","Hip_Strike","Terrifying_Presence","Oh"],"picked":"Serious_Side_Hops","floor":10},{"not_picked":["Hop+1","hubris:SpiceAddiction","hubris:SpiceAddiction","hubris:SpiceAddiction"],"picked":"Wear_Disguise+1","floor":11},{"not_picked":["Serious_Side_Hops+1","Hop+1","Yawn+1","Slap+1"],"picked":"champ:Backstep","floor":12},{"not_picked":["Hop+1","Side_Hop+1","Yawn+1","champ:HeartStrike"],"picked":"Oh+1","floor":13},{"not_picked":["hubris:SpiceAddiction","Toss_Stone+1","hubris:SpiceAddiction","champ:CrookedStrike"],"picked":"Slap+1","floor":14},{"not_picked":["Side_Hop+1","Normal_Punch+1","Toss_Stone+1","hubris:SpiceAddiction"],"picked":"hubris:SpiceAddiction","floor":15},{"not_picked":["Hip_Strike+1","Oh+1","Serious_Side_Hops+1","champ:Improvising"],"picked":"Serious_Punch+1","floor":16}],"player_experience":302312,"relics_obtained":[{"floor":5,"key":"Ring of Misfortune"},{"floor":5,"key":"ReplayTheSpireMod:Ring of Challenge"},{"floor":9,"key":"hubris:Spice"}],"event_choices":[{"damage_healed":0,"gold_gain":3552,"player_choice":"GO GO GO GO GO GO GO GO GO GO GO GO GO GO GO GO UP UP UP UP UP UP UP UP UP UP UP UP UP UP UP RE RE GO GO RE GO GO GO GO GO GO GO GO GO GO GO GO GO GO RE RE RE RE RE RE RE RE RE RE RE RE RE RE RE RE RE RE RE RE RE RE RE RE RE RE RE RE RE RE RE RE RE RE RE RE RE RE RE RE RE RE RE RE RE RE RE RE RE RE RE RE RE RE RE RE RE RE RE RE RE RE RE RE RE RE RE RE RE RE RE RE RE RE RE RE RE RE RE RE RE RE RE RE RE RE RE RE RE RE RE RE RE RE RE RE RE RE RE RE RE RE RE RE RE RE RE RE RE RE RE RE RE RE RE RE RE RE RE RE RE RE RE RE RE RE RE RE RE RE RE RE RE RE RE RE RE RE RE RE RE RE RE RE RE RE RE RE RE RE RE RE RE RE RE RE RE RE RE RE RE RE RE RE RE RE RE RE RE RE RE RE RE RE RE RE RE RE ","damage_taken":79085,"relics_obtained":["hubris:ToyBattleship","hubris:SlimyHat","Replay:Mystery Machine","infinitespire:PuzzleCube","Pet Ghost","Tiny Chest","Bag of Marbles","Dream Catcher","Toy Ornithopter","Happy Flower","War Paint","DemoMod:LamentConfigurum","Anchor","infinitespire:Satchel","DemoMod:WeirdEgg","Orichalcum","Replay:Wax Seal","Bronze Scales","Art of War","Grinning Jar","Juzu Bracelet","Pen Nib","HollowMod:PaleOreRelic","Smiling Mask","MawBank","Oddly Smooth Stone","infinitespire:Lucky Rock","Gremlin Food","ReplayTheSpireMod:TigerMarble","ReplayTheSpireMod:Lightbulb","Potion Belt","Runesmith:AutoHammer","Simple Rune","hubris:TenFootPole","DemoMod:WhiteGuonStone","ReplayFunnel","MealTicket","DemoMod:ClearGuonStone","Replay:Bandana","Centennial Puzzle","DemoMod:PoisonVial","Regal Pillow","Ancient Tea Set","Vajra","Lantern","Bag of Preparation","PreservedInsect","Replay:Rubber Ducky","Boot","Strawberry","Omamori","infinitespire:Beetle Shell","Blue Doll","Blood Vial","DemoMod:MonsterBlood","DemoMod:Metronome","hubris:CrystalStatue","Replay:Bottled Snecko","HollowMod:StagPassRelic","Garlic","Singing Bowl","Kunai","Ornamental Fan","DemoMod:SerJunkan","DemoMod:MemoryAlloy","infinitespire:WardingShard","infinitespire:CheckeredPen","DemoMod:Bottle","DemoMod:OrangeGuonStone","DemoMod:MeltedRock","DemoMod:PinkGuonStone","DemoMod:ChaffGrenade","Chameleon Ring","Replay:Bottled Steam","Replay:WaspNest","hubris:DisguiseKit","hubris:BottledRain","HornCleat","hubris:TinFlute","Pantograph","infinitespire:EmpoweringShard","Frozen Egg 2","Darkstone Periapt","DemoMod:BlueGuonStone","Mummified Hand","Replay:Ringing Soul","DemoMod:DecoyRelic","Onion Ring","infinitespire:Midas Blood","Blue Candle","HollowMod:LifeEnderRelic","hubris:MysteriousPyramids","construct:FoamFinger","Meat on the Bone","hubris:PeanutButter","infinitespire:Eraser","Mercury Hourglass","Mirror","The Courier","Replay:Bottled Eggs","Golden Egg","hubris:DeckOfHolding","Sundial","infinitespire:BottledMercury","Molten Egg 2","hubris:MobiusCoin","infinitespire:ShieldingShard","Question Card","Runesmith:Nanobots","hubris:DuctTape","hubris:SphereOfDissonance","Gremlin Horn","infinitespire:Bottled Soul","infinitespire:FocusingShard","Replay:Bottled Flurry","Eternal Feather","Matryoshka","InkBottle","White Beast Statue","hubris:Metronome","hubris:Reverence","ReplayTheSpireMod:Ninjato","Letter Opener","ReplayTheSpireMod:Shallot","Quantum Egg","Iron Hammer","DemoMod:JetPack","Toxic Egg 2","infinitespire:Broken Mirror","Replay:Accelerometer","Shuriken","Pear","construct:BoolHorns","DemoMod:GreenGuonStone","hubris:FunFungus","Mango","Durian","hubris:Spice","Du-Vu Doll","DemoMod:GundromedaStrain","DemoMod:PartiallyEatenCheese","Replay:PocketPolymizer","Unceasing Top","hubris:Spice","hubris:Spice","Peace Pipe","hubris:Spice","hubris:Spice","hubris:Spice","hubris:Spice","Old Coin","hubris:Spice","DemoMod:ResourcefulSack","hubris:Spice","hubris:Spice","hubris:Spice","hubris:Spice","hubris:Spice","hubris:GlazedTorus","hubris:Spice","hubris:Spice","hubris:Spice","hubris:Spice","hubris:Spice","hubris:Spice","hubris:Spice","hubris:Spice","hubris:Spice","Calipers","Turnip","hubris:Spice","hubris:Spice","DemoMod:VorpalBullet","Replay:Towering Pillar of Hats","hubris:Spice","hubris:Potato","hubris:Spice","hubris:Spice","hubris:Spice","hubris:Spice","hubris:Spice"],"max_hp_gain":0,"max_hp_loss":0,"event_name":"betterSkull:BetterSkull","floor":7,"gold_loss":0,"cards_upgraded":["Strike_Y","Strike_Y","Defend_Y","Defend_Y","Defend_Y","Strike_Y","Ignore","Defend_Y","Ignore","Strike_Y","Defend_Y","Strike_Y"]},{"damage_healed":0,"gold_gain":0,"player_choice":"1","damage_taken":0,"max_hp_gain":0,"max_hp_loss":0,"event_name":"betterMatch:BetterMatch","floor":10,"gold_loss":0,"cards_obtained":["betterMatch:CommonCard","betterMatch:RareCard"]}],"is_beta":false,"boss_relics":[{"not_picked":["Runesmith:UraniumAnvil","Replay:Wanted Poster"],"picked":"hubris:Spice"}],"items_purged_floors":[],"is_endless":false,"potions_floor_spawned":[3,8,11,12,13,14,16,18],"killed_by":"Spheric Guardian","ascension_level":0}}