{"host":"dntw6kil9p09eemm","time":1607963502,"event":{"mods":["Aspiration","BaseMod","Colored Powertips","Downfall","Hermit","Hubris","Minty Spire (QoL Compilation)","Replay The Spire","Shop Mod","StSLib","The Runesmith"],"gold_per_floor":[110,110,123,298,310,310,310,310,310,92,122,122,141,153,153,256,256,276,296,296,309,235,235,250,250,275,286,304,304,304,416,416,514,514,534,138,152,49,68,68,68],"floor_reached":40,"playtime":2084,"items_purged":["Doubt"],"score":388,"play_id":"172d6851-5590-42bd-8052-1f277a41cbc6","local_time":"20201215013142","is_ascension_mode":false,"campfire_choices":[{"data":"hexamod:Float","floor":6.0,"key":"SMITH"},{"data":"hexamod:SoulSteal","floor":8.0,"key":"SMITH"},{"floor":15.0,"key":"REST"},{"floor":23.0,"key":"REST"},{"floor":29,"key":"REST"},{"data":"hexamod:FastForward","floor":32,"key":"SMITH"}],"circlet_count":0,"master_deck":["hexamod:Strike","hexamod:Strike","hexamod:Strike","hexamod:Strike","hexamod:Defend","hexamod:Defend","hexamod:Defend","hexamod:Sear","hexamod:Float+1","hexamod:HexaLevel","hexamod:SoulSteal+1","Injury","hexamod:ExtraCrispy","hexamod:ThermalTransfer+1","hexamod:HeatMetal+1","hexamod:FastForward+1","hexamod:FastForward+1","hexamod:ThermalTransfer+1","hexamod:ThermalTransfer+1","hexamod:PhantomFireball+1","hexamod:TimeWarp+1","hexamod:Incineration+1","ReplayTheSpireMod:IOU"],"relics":["hexamod:SpiritBrand","Molten Egg 2","hubris:Towel","hexamod:InflammatoryLetter","MerchantsRug","hexamod:IceCube","Dream Catcher","ReplayFunnel","Sozu","Replay:Baseball","Frozen Egg 2","ReplayTheSpireMod:CursedCoin","hexamod:CandleOfCauterizing"],"acts_visited":["Exordium","TheCity","TheBeyond"],"potions_floor_usage":[],"damage_taken":[{"damage":0.0,"enemies":"Small Slimes","floor":1.0,"turns":3.0},{"damage":6.0,"enemies":"2 Louse","floor":3.0,"turns":3.0},{"damage":6.0,"enemies":"Jaw Worm","floor":5.0,"turns":4.0},{"damage":4.0,"enemies":"Gremlin Nob","floor":11.0,"turns":3.0},{"damage":2.0,"enemies":"Large Slime","floor":13.0,"turns":5.0},{"damage":11.0,"enemies":"Exordium Wildlife","floor":14.0,"turns":4.0},{"damage":38.0,"enemies":"Hexaghost","floor":16.0,"turns":9.0},{"damage":5.0,"enemies":"Spheric Guardian","floor":18.0,"turns":5.0},{"damage":3.0,"enemies":"Shell Parasite","floor":19.0,"turns":4.0},{"damage":8.0,"enemies":"3 Cultists","floor":21.0,"turns":4.0},{"damage":10.0,"enemies":"Snake Plant","floor":24.0,"turns":4.0},{"damage":5,"enemies":"Centurion and Healer","floor":27,"turns":7},{"damage":6,"enemies":"Snecko","floor":28,"turns":4},{"damage":29,"enemies":"Champ","floor":33,"turns":9},{"damage":0,"enemies":"Orb Walker","floor":35,"turns":4},{"damage":15,"enemies":"3 Darklings","floor":37,"turns":5},{"damage":31,"enemies":"4 Shapes","floor":39,"turns":4},{"damage":41,"enemies":"Nemesis","floor":40,"turns":5}],"seed_played":"8788130065549645534","potions_obtained":[{"floor":1.0,"key":"Elixir"},{"floor":11.0,"key":"Explosive Potion"},{"floor":13.0,"key":"PowerPotion"},{"floor":18.0,"key":"Swift Potion"},{"floor":24.0,"key":"Venom Potion"}],"is_trial":false,"path_per_floor":["M","?","M","?","M","R","?","R","T","$","E","$","M","M","R","B",null,"M","M","?","M","$","R","M","?","T","M","M","R","T","$","R","B",null,"M","$","M","$","M","E"],"character_chosen":"THE_SPIRIT","items_purchased":["MerchantsRug","Dream Catcher","Replay:Baseball","Frozen Egg 2","ReplayTheSpireMod:CursedCoin","hexamod:CandleOfCauterizing"],"campfire_rested":3,"item_purchase_floors":[10,22,36,36,38,38],"current_hp_per_floor":[70,70,64,64,58,58,58,58,58,58,54,54,52,41,62,24,70,65,62,54,46,46,67,57,57,57,52,46,67,67,67,67,38,70,70,70,55,55,24,0,0],"gold":68,"neow_bonus":"TRANSFORM_CARD","is_daily":false,"chose_seed":false,"campfire_upgraded":3,"win_rate":0.0,"timestamp":1607963502,"path_taken":["M","?","M","?","M","R","?","R","T","$","E","?","M","M","R","BOSS","M","M","?","M","$","R","M","?","T","M","M","R","?","$","R","BOSS","M","$","M","$","M","E"],"items_purchased_type":["Relic","Relic","Relic","Relic","Relic","Relic"],"build_version":"2020-12-13","purchased_purges":1,"victory":false,"max_hp_per_floor":[70,70,70,70,70,70,70,70,70,70,70,70,70,70,70,70,70,70,70,70,70,70,70,70,70,70,70,70,70,70,70,70,70,70,70,70,70,70,70,70,70],"card_choices":[{"not_picked":["hexamod:ChargedBarrage","hexamod:FastForward"],"picked":"hexamod:SoulSteal","floor":1.0},{"not_picked":["hexamod:GhostOfSpirePast","hexamod:Firestarter+1"],"picked":"hexamod:ExtraCrispy","floor":3.0},{"not_picked":["hexamod:RainOfEmbers+1","hexamod:PowerFromBeyond"],"picked":"hexamod:ThermalTransfer+1","floor":5.0},{"not_picked":["hexamod:PhantomCloak","hexamod:Hexaguard","hexamod:UnlimitedPower"],"picked":"SKIP","floor":11.0},{"not_picked":["hexamod:NightmareGuise","hexamod:ShieldOfDarkness"],"picked":"hexamod:HeatMetal+1","floor":13.0},{"not_picked":["hexamod:GhostOfSpirePast","hexamod:SwordOfDarkness+1","hexamod:InspiringFlames"],"picked":"SKIP","floor":14.0},{"not_picked":["hexamod:AdvancingGuard+1","hexamod:Hexaguard+1"],"picked":"hexamod:FastForward+1","floor":18.0},{"not_picked":["hexamod:Hexaguard","hexamod:SpectersWail+1"],"picked":"hexamod:FastForward","floor":19.0},{"not_picked":["Guardian:Suspension+1","hermit:PistolWhip+1","Body Slam+1"],"picked":"SKIP","floor":21.0},{"not_picked":["hexamod:TimeOfNeed","hexamod:Hexaguard"],"picked":"hexamod:ThermalTransfer+1","floor":23.0},{"not_picked":["hexamod:AdvancingGuard","hexamod:NightmareStrike+1","hexamod:CrushingStance+1"],"picked":"SKIP","floor":24.0},{"not_picked":["hexamod:GhostLash+1","hexamod:RainOfEmbers+1"],"picked":"hexamod:ThermalTransfer+1","floor":27},{"not_picked":["hexamod:BacktrackSmack+1","hexamod:Hexaguard"],"picked":"hexamod:PhantomFireball+1","floor":28},{"not_picked":["hexamod:EmpoweringStance","hexamod:UnlimitedPower"],"picked":"hexamod:TimeWarp+1","floor":33},{"not_picked":["hexamod:Again","hexamod:Hexaguard+1","hexamod:HeatCrush+1"],"picked":"SKIP","floor":35},{"not_picked":["hexamod:Firestarter+1","hexamod:Again"],"picked":"hexamod:Incineration+1","floor":37},{"not_picked":["hexamod:SwordOfDarkness+1","hexamod:Hexaguard","hexamod:SpectersWail+1"],"picked":"SKIP","floor":39}],"player_experience":348998,"relics_obtained":[{"floor":9.0,"key":"hexamod:InflammatoryLetter"},{"floor":11.0,"key":"Tiny Chest"},{"floor":20.0,"key":"PrismaticShard"},{"floor":26.0,"key":"ReplayFunnel"},{"floor":30,"key":"InkBottle"}],"event_choices":[{"damage_healed":0.0,"max_hp_gain":0.0,"max_hp_loss":0.0,"gold_gain":175.0,"event_name":"Liars Game","player_choice":"AGREE","floor":4.0,"gold_loss":0.0,"damage_taken":0.0,"cards_obtained":["Doubt"]},{"damage_healed":0.0,"max_hp_gain":0.0,"max_hp_loss":0.0,"gold_gain":0.0,"event_name":"The Mausoleum","player_choice":"Ignored","floor":25.0,"gold_loss":0.0,"damage_taken":0.0}],"is_beta":false,"boss_relics":[{"not_picked":["Fusion Hammer","Replay:Drink Me"],"picked":"hexamod:IceCube"},{"not_picked":["Kintsugi","hubris:VirtuousBlindfold"],"picked":"Sozu"}],"items_purged_floors":[10],"is_endless":false,"potions_floor_spawned":[1,11,13,14,18,24,27,39],"killed_by":"Nemesis","ascension_level":0}}