{"host":"xd92u7alcwi518yp","time":1607933486,"event":{"mods":["Aspiration","BaseMod","BetterRewards","Colored Map","Colored Powertips","Hubris","Minty Spire (QoL Compilation)","Quick Restart","StSLib"],"gold_per_floor":[114,114,133,148,163,191,191,211,211,225,225,260,277,287,287,383,383,400,80,95,110,110,110,145,145,169,199,199,299,299,313,313,416,416,427,427,403,416,416,416,434,448,530,541,560,575,587,605,605,605,605,605,204,233,233,233],"floor_reached":55,"playtime":7232,"items_purged":[],"score":777,"play_id":"ca0d0b5e-762e-4c93-863c-0dc6bbeb14a0","local_time":"20201214001126","is_ascension_mode":false,"campfire_choices":[{"floor":7,"key":"REST"},{"data":"Accuracy","floor":11,"key":"SMITH"},{"data":"Calculated Gamble","floor":15,"key":"SMITH"},{"floor":23,"key":"REST"},{"floor":25,"key":"REST"},{"floor":28,"key":"REST"},{"floor":30,"key":"REST"},{"floor":32,"key":"RECALL"},{"data":"Accuracy","floor":40,"key":"SMITH"},{"data":"Burst","floor":49,"key":"SMITH"},{"data":"Terror","floor":52,"key":"SMITH"}],"circlet_count":0,"master_deck":["Strike_G","Strike_G","Strike_G","Defend_G","Defend_G","Defend_G","Defend_G","Defend_G","Survivor","Neutralize","Dagger Spray","Blade Dance","Accuracy+1","Blade Dance","hubris:Counter","Calculated Gamble+1","Prepared","Deadly Poison","Venomology","CurseOfTheBell","Backflip","Apotheosis+1","Accuracy+1","hubris:Sniper","Well Laid Plans+1","Terror+1","Noxious Fumes+1","Accuracy+1","PiercingWail","Die Die Die","Cloak And Dagger","Blade Dance","Cloak And Dagger+1","Blade Dance","Cloak And Dagger+1","Burst+1","After Image","hubris:EnhanceAbility"],"relics":["Ring of the Snake","aspiration:Nostalgia","Burning Blood","Ornamental Fan","Ice Cream","Calling Bell","Ancient Tea Set","Darkstone Periapt","CaptainsWheel","Mummified Hand","aspiration:Lifesprig","aspiration:HiddenCompartment","hubris:MedicalManual","hubris:DeckOfHolding","hubris:Backtick","Shuriken","Bottled Lightning","aspiration:ChemicalBlood"],"acts_visited":["Exordium","TheCity","TheBeyond","TheEnding"],"potions_floor_usage":[6,6,12,16,18,20,21,24,24,27,29,29,31,35,38,38,41,42,45,50,50,55,55,55,55,55,55],"damage_taken":[{"damage":7,"enemies":"Cultist","floor":1,"turns":5},{"damage":5,"enemies":"Jaw Worm","floor":3,"turns":6},{"damage":0,"enemies":"Small Slimes","floor":4,"turns":2},{"damage":0,"enemies":"2 Fungi Beasts","floor":5,"turns":3},{"damage":47,"enemies":"Lagavulin","floor":6,"turns":7},{"damage":2,"enemies":"Large Slime","floor":8,"turns":6},{"damage":8,"enemies":"Exordium Thugs","floor":10,"turns":3},{"damage":0,"enemies":"Gremlin Nob","floor":12,"turns":2},{"damage":13,"enemies":"Gremlin Gang","floor":13,"turns":3},{"damage":12,"enemies":"Lots of Slimes","floor":14,"turns":3},{"damage":36,"enemies":"Hexaghost","floor":16,"turns":8},{"damage":0,"enemies":"3 Byrds","floor":18,"turns":5},{"damage":22,"enemies":"2 Thieves","floor":20,"turns":3},{"damage":30,"enemies":"Sentry and Sphere","floor":21,"turns":8},{"damage":21,"enemies":"Slavers","floor":24,"turns":6},{"damage":22,"enemies":"Book of Stabbing","floor":27,"turns":5},{"damage":17,"enemies":"Colosseum Slavers","floor":29,"turns":5},{"damage":11,"enemies":"Colosseum Nobs","floor":29,"turns":3},{"damage":5,"enemies":"Centurion and Healer","floor":31,"turns":3},{"damage":55,"enemies":"Automaton","floor":33,"turns":7},{"damage":5,"enemies":"3 Shapes","floor":35,"turns":6},{"damage":19,"enemies":"3 Darklings","floor":38,"turns":4},{"damage":0,"enemies":"Transient","floor":41,"turns":5},{"damage":11,"enemies":"4 Shapes","floor":42,"turns":3},{"damage":0,"enemies":"Maw","floor":44,"turns":4},{"damage":6,"enemies":"Sphere and 2 Shapes","floor":45,"turns":3},{"damage":0,"enemies":"Jaw Worm Horde","floor":46,"turns":4},{"damage":0,"enemies":"3 Darklings","floor":47,"turns":3},{"damage":7,"enemies":"Transient","floor":48,"turns":5},{"damage":19,"enemies":"Time Eater","floor":50,"turns":6},{"damage":0,"enemies":"Shield and Spear","floor":54,"turns":3},{"damage":76,"enemies":"The Heart","floor":55,"turns":6}],"seed_played":"-2725432505033466492","potions_obtained":[{"floor":3,"key":"Energy Potion"},{"floor":4,"key":"LiquidBronze"},{"floor":6,"key":"CultistPotion"},{"floor":8,"key":"SteroidPotion"},{"floor":13,"key":"Ancient Potion"},{"floor":16,"key":"Weak Potion"},{"floor":18,"key":"SpeedPotion"},{"floor":27,"key":"LiquidMemories"},{"floor":35,"key":"Poison Potion"},{"floor":38,"key":"SteroidPotion"},{"floor":44,"key":"SkillPotion"},{"floor":45,"key":"DistilledChaos"}],"is_trial":false,"path_per_floor":["M","?","M","M","M","E","R","M","T","M","R","E","M","M","R","B",null,"M","$","M","M","?","R","E","R","T","E","R","?","R","M","R","B",null,"M","?","$","M","?","R","M","M","T","M","M","M","M","M","R","B",null,"R","$","E","B"],"character_chosen":"THE_SILENT","items_purchased":["Apotheosis","Accuracy","hubris:Sniper","Cloak And Dagger","PowerPotion","After Image","hubris:EnhanceAbility"],"campfire_rested":5,"item_purchase_floors":[19,19,19,37,53,53,53],"current_hp_per_floor":[69,62,63,69,70,29,50,54,54,52,52,58,51,45,45,15,70,70,70,54,30,17,39,24,46,46,30,52,36,58,59,59,10,75,75,75,75,62,62,62,68,63,63,69,69,75,75,74,74,61,75,75,75,75,0,0],"gold":233,"neow_bonus":"NOSTALGIA","is_daily":false,"chose_seed":false,"campfire_upgraded":5,"win_rate":0.0,"timestamp":1607933486,"path_taken":["M","?","M","M","M","E","R","M","T","M","R","E","M","M","R","BOSS","M","$","M","M","?","R","E","R","T","E","R","?","R","M","R","BOSS","M","?","$","M","?","R","M","M","T","?","M","M","M","M","R","BOSS","R","$","E","BOSS"],"items_purchased_type":["Card","Card","Card","Card","Potion","Card","Card"],"build_version":"2020-12-13","purchased_purges":0,"victory":false,"max_hp_per_floor":[70,70,70,70,70,70,70,70,70,70,70,70,70,70,70,70,70,70,70,70,70,75,75,75,75,75,75,75,75,75,75,75,75,75,75,75,75,75,75,75,75,75,75,75,75,75,75,75,75,75,75,75,75,75,75,75],"card_choices":[{"not_picked":["Prepared","Finisher"],"picked":"Dagger Spray","floor":1},{"not_picked":["Masterful Stab","Sucker Punch"],"picked":"Blade Dance","floor":3},{"not_picked":["Skewer","Prepared"],"picked":"Accuracy","floor":4},{"not_picked":["Acrobatics","Catalyst","Outmaneuver"],"picked":"SKIP","floor":5},{"not_picked":["Bane","Flechettes"],"picked":"Blade Dance","floor":6},{"not_picked":["Glass Knife","Outmaneuver"],"picked":"hubris:Counter","floor":8},{"not_picked":["Finisher","Sucker Punch"],"picked":"Calculated Gamble","floor":10},{"not_picked":["Outmaneuver","Dagger Throw","Masterful Stab"],"picked":"SKIP","floor":12},{"not_picked":["PiercingWail","Outmaneuver"],"picked":"Prepared","floor":13},{"not_picked":["Flechettes","Sucker Punch"],"picked":"Deadly Poison","floor":14},{"not_picked":["Bullet Time","Storm of Steel"],"picked":"Venomology","floor":16},{"not_picked":["Dagger Spray","Expertise"],"picked":"Backflip","floor":18},{"not_picked":["Dodge and Roll","Acrobatics","Predator"],"picked":"SKIP","floor":20},{"not_picked":["Blur","Acrobatics+1"],"picked":"Well Laid Plans+1","floor":21},{"not_picked":["Sucker Punch","Deadly Poison"],"picked":"Terror","floor":24},{"not_picked":["Calculated Gamble+1","Well Laid Plans"],"picked":"Noxious Fumes+1","floor":27},{"not_picked":["Choke","Acrobatics"],"picked":"Accuracy+1","floor":29},{"not_picked":["Flying Knee","hubris:Counter"],"picked":"PiercingWail","floor":31},{"not_picked":["Unload","Grand Finale"],"picked":"Die Die Die","floor":33},{"not_picked":["Riddle With Holes","Dodge and Roll","Bane"],"picked":"SKIP","floor":35},{"not_picked":["Quick Slash","hubris:SlightOfHand","Escape Plan+1"],"picked":"SKIP","floor":38},{"not_picked":["Bullet Time","Backstab+1"],"picked":"Blade Dance","floor":41},{"not_picked":["Escape Plan","Deadly Poison"],"picked":"Cloak And Dagger+1","floor":42},{"not_picked":["Escape Plan","Deflect+1","Dagger Throw"],"picked":"SKIP","floor":44},{"not_picked":["Heel Hook","Reflex+1"],"picked":"Blade Dance","floor":45},{"not_picked":["Accuracy","Riddle With Holes+1"],"picked":"Cloak And Dagger+1","floor":46},{"not_picked":["Reflex","Flying Knee","Tactician+1"],"picked":"SKIP","floor":47},{"not_picked":["Slice+1","Prepared"],"picked":"Burst","floor":48},{"not_picked":["Masterful Stab+1","Prepared","Acrobatics+1"],"picked":"SKIP","floor":54}],"player_experience":320439,"relics_obtained":[{"floor":6,"key":"Ornamental Fan"},{"floor":12,"key":"Ice Cream"},{"floor":17,"key":"Ancient Tea Set"},{"floor":17,"key":"Darkstone Periapt"},{"floor":17,"key":"CaptainsWheel"},{"floor":24,"key":"Mummified Hand"},{"floor":26,"key":"aspiration:Lifesprig"},{"floor":27,"key":"aspiration:HiddenCompartment"},{"floor":29,"key":"hubris:MedicalManual"},{"floor":29,"key":"hubris:DeckOfHolding"},{"floor":43,"key":"Bottled Lightning"},{"floor":54,"key":"aspiration:ChemicalBlood"}],"event_choices":[{"cards_removed":["Strike_G"],"damage_healed":0,"gold_gain":0,"player_choice":"Card Removal","damage_taken":7,"max_hp_gain":0,"max_hp_loss":0,"event_name":"Golden Wing","floor":2,"gold_loss":0},{"damage_healed":0,"gold_gain":0,"player_choice":"Shed Blood","damage_taken":18,"max_hp_gain":5,"max_hp_loss":0,"event_name":"Forgotten Altar","floor":22,"gold_loss":0},{"damage_healed":0,"gold_gain":0,"player_choice":"Fight","damage_taken":0,"max_hp_gain":0,"max_hp_loss":0,"event_name":"Colosseum","floor":29,"gold_loss":0},{"damage_healed":0,"gold_gain":0,"player_choice":"Fought Nobs","damage_taken":0,"max_hp_gain":0,"max_hp_loss":0,"event_name":"Colosseum","floor":29,"gold_loss":0},{"cards_removed":["Strike_G"],"damage_healed":0,"gold_gain":0,"player_choice":"Removed Attack","damage_taken":0,"max_hp_gain":0,"max_hp_loss":0,"event_name":"Falling","floor":39,"gold_loss":0}],"is_beta":false,"boss_relics":[{"not_picked":["hubris:HollowSoul","HoveringKite"],"picked":"Calling Bell"},{"not_picked":["Coffee Dripper","SacredBark"],"picked":"hubris:Backtick"}],"items_purged_floors":[],"is_endless":false,"potions_floor_spawned":[3,4,6,8,13,16,18,27,29,35,38,44,45,46,54],"killed_by":"The Heart","ascension_level":0}}