{"host":"utqe55yv0jihe4d6","time":1607921964,"event":{"mods":["2.2 Compatiblity","AchievementEnabler","BaseMod","Block Reminder","Colored Map","Colored Powertips","Minty Spire (QoL Compilation)","Quick Restart","Rare Cards Sparkle","Relic Stats","SuperFastMode"],"gold_per_floor":[114,114,39,53,53,84,54,87,87,87,105,105,105],"floor_reached":12,"playtime":269,"items_purged":["Strike_R"],"score":172,"play_id":"abf1e5ee-6493-4851-9d01-bd2f0177b797","local_time":"20201213235924","is_ascension_mode":true,"campfire_choices":[{"data":"Offering","floor":10,"key":"SMITH"}],"circlet_count":0,"master_deck":["AscendersBane","Strike_R","Strike_R","Strike_R","Strike_R","Defend_R","Defend_R","Defend_R","Defend_R","Bash","Sword Boomerang","Offering+1"],"relics":["Snecko Eye","Letter Opener","Meat on the Bone","Shovel","Nunchaku"],"acts_visited":["Exordium"],"potions_floor_usage":[6,6,7,8],"damage_taken":[{"damage":0,"enemies":"Small Slimes","floor":1,"turns":3},{"damage":1,"enemies":"2 Louse","floor":4,"turns":3},{"damage":15,"enemies":"3 Sentries","floor":6,"turns":4},{"damage":30,"enemies":"Lagavulin","floor":8,"turns":4},{"damage":1,"enemies":"Cultist","floor":11,"turns":4},{"damage":36,"enemies":"3 Sentries","floor":12,"turns":5}],"seed_played":"3769784343680152942","potions_obtained":[{"floor":1,"key":"Strength Potion"},{"floor":4,"key":"AttackPotion"},{"floor":6,"key":"Fruit Juice"},{"floor":7,"key":"Weak Potion"},{"floor":7,"key":"Strength Potion"}],"is_trial":false,"path_per_floor":["M","?","$","M","?","E","?","E","T","R","M","E"],"character_chosen":"IRONCLAD","items_purchased":[],"campfire_rested":0,"item_purchase_floors":[],"current_hp_per_floor":[68,50,50,49,49,34,39,21,21,21,32,0,0],"gold":105,"neow_bonus":"BOSS_RELIC","is_daily":false,"chose_seed":false,"campfire_upgraded":1,"win_rate":0.0,"timestamp":1607921964,"path_taken":["M","?","$","M","?","E","?","E","T","R","?","E"],"items_purchased_type":[],"build_version":"2020-11-30","purchased_purges":1,"victory":false,"max_hp_per_floor":[75,75,75,75,75,75,80,80,80,80,80,80,80],"relic_stats":{"Nunchaku":[1],"Shovel":0,"counters":[6,23],"Snecko Eye":[34,33,33,39],"Letter Opener":[15],"obtain_stats":[{"Nunchaku":9,"Shovel":8,"Snecko Eye":0,"Letter Opener":2,"Burning Blood":0,"Meat on the Bone":6},{"Nunchaku":4,"Shovel":4,"Snecko Eye":0,"Letter Opener":1,"Burning Blood":0,"Meat on the Bone":3},{"Nunchaku":14,"Shovel":14,"Snecko Eye":0,"Letter Opener":3,"Burning Blood":0,"Meat on the Bone":10}],"Meat on the Bone":24},"card_choices":[{"not_picked":["Rampage","Cleave"],"picked":"Sword Boomerang","floor":1},{"not_picked":["Hemokinesis","Rampage","Twin Strike"],"picked":"SKIP","floor":4},{"not_picked":["Armaments","Sword Boomerang","Combust"],"picked":"SKIP","floor":6},{"not_picked":["Shockwave","Warcry"],"picked":"Offering","floor":8},{"not_picked":["Intimidate","Body Slam","Clash"],"picked":"SKIP","floor":11}],"player_experience":2759846,"relics_obtained":[{"floor":6,"key":"Meat on the Bone"},{"floor":8,"key":"Shovel"},{"floor":9,"key":"Nunchaku"}],"event_choices":[{"damage_healed":0,"gold_gain":0,"player_choice":"Success","damage_taken":18,"relics_obtained":["Letter Opener"],"max_hp_gain":0,"max_hp_loss":0,"event_name":"Scrap Ooze","floor":2,"gold_loss":0},{"damage_healed":0,"gold_gain":0,"player_choice":"Ignored","damage_taken":0,"max_hp_gain":0,"max_hp_loss":0,"event_name":"Liars Game","floor":5,"gold_loss":0},{"damage_healed":0,"gold_gain":0,"player_choice":"Bought 2 Potions","damage_taken":0,"max_hp_gain":0,"max_hp_loss":0,"event_name":"The Woman in Blue","floor":7,"gold_loss":0}],"is_beta":false,"boss_relics":[],"items_purged_floors":[3],"is_endless":false,"potions_floor_spawned":[1,4,6],"killed_by":"3 Sentries","ascension_level":20}}