{"host":"sxnl403xm2xmiyj1","time":1607937210,"event":{"mods":["AchievementEnabler","BaseMod","Colored Map","Keyboard Shortcuts","Minty Spire (QoL Compilation)","Quick Restart","StSLib","SuperFastMode"],"gold_per_floor":[364,147,147,162,85,116,133,162,162,192,192,224,239,249,249,320,370,390,390,43,53,53,88,103,8,8,25,40,40,72,91,91,91,91],"floor_reached":33,"playtime":952,"items_purged":["Strike_G","Strike_G"],"score":684,"play_id":"21911c14-9405-49be-a3d9-8251f2332d87","local_time":"20201214181330","is_ascension_mode":true,"campfire_choices":[{"data":"Blade Dance","floor":11.0,"key":"SMITH"},{"data":"Acrobatics","floor":15.0,"key":"SMITH"},{"floor":29.0,"key":"REST"},{"floor":32.0,"key":"REST"}],"circlet_count":0,"master_deck":["AscendersBane","Strike_G+1","Strike_G","Defend_G","Defend_G","Defend_G","Defend_G","Defend_G","Survivor","Neutralize","Terror","Blade Dance+1","Choke+1","Slice+1","Infinite Blades","Dagger Throw","Reflex","Deflect","PiercingWail","Acrobatics+1","Deflect+1","Escape Plan","Adrenaline","Deflect","Prepared","Footwork","Acrobatics","Backstab","Caltrops","Expertise+1","Backflip+1","Accuracy"],"relics":["Ring of the Snake","Torii","StrikeDummy","Question Card","Strawberry","Thread and Needle","Tiny House","Bronze Scales","Pen Nib","Toxic Egg 2","Gambling Chip","Whetstone"],"acts_visited":["TheCity"],"potions_floor_usage":[],"damage_taken":[{"damage":4.0,"enemies":"2 Louse","floor":1.0,"turns":4.0},{"damage":0.0,"enemies":"Cultist","floor":4.0,"turns":2.0},{"damage":0.0,"enemies":"Gremlin Nob","floor":6.0,"turns":3.0},{"damage":7.0,"enemies":"Small Slimes","floor":7.0,"turns":3.0},{"damage":8.0,"enemies":"Lagavulin","floor":8.0,"turns":6.0},{"damage":3.0,"enemies":"3 Sentries","floor":10.0,"turns":6.0},{"damage":8.0,"enemies":"Lagavulin","floor":12.0,"turns":5.0},{"damage":0.0,"enemies":"2 Fungi Beasts","floor":13.0,"turns":2.0},{"damage":0.0,"enemies":"Exordium Wildlife","floor":14.0,"turns":3.0},{"damage":9.0,"enemies":"Hexaghost","floor":16.0,"turns":8.0},{"damage":0.0,"enemies":"3 Byrds","floor":18.0,"turns":6.0},{"damage":0.0,"enemies":"Shell Parasite","floor":21.0,"turns":4.0},{"damage":7.0,"enemies":"Gremlin Leader","floor":23.0,"turns":6.0},{"damage":38.0,"enemies":"3 Cultists","floor":24.0,"turns":7.0},{"damage":8.0,"enemies":"Snake Plant","floor":27.0,"turns":4.0},{"damage":0.0,"enemies":"Snecko","floor":28.0,"turns":3.0},{"damage":24.0,"enemies":"Slavers","floor":30.0,"turns":6.0},{"damage":1.0,"enemies":"Shelled Parasite and Fungi","floor":31.0,"turns":7.0},{"damage":22,"enemies":"Collector","floor":33,"turns":5}],"seed_played":"-3586189754740277071","potions_obtained":[{"floor":1.0,"key":"Fire Potion"},{"floor":4.0,"key":"LiquidMemories"},{"floor":7.0,"key":"CunningPotion"},{"floor":14.0,"key":"Weak Potion"},{"floor":16.0,"key":"EntropicBrew"},{"floor":17.0,"key":"Fire Potion"},{"floor":21.0,"key":"GamblersBrew"},{"floor":23.0,"key":"EntropicBrew"},{"floor":24.0,"key":"Dexterity Potion"},{"floor":27.0,"key":"ColorlessPotion"},{"floor":28.0,"key":"PowerPotion"}],"is_trial":false,"path_per_floor":["M","$","?","M","$","E","M","E","T","E","R","E","M","M","R","B",null,"M","?","$","M","?","E","M","?","T","M","M","R","E","M","R","B"],"character_chosen":"THE_SILENT","items_purchased":["Blade Dance","Choke","Infinite Blades","Footwork","Bronze Scales"],"campfire_rested":2,"item_purchase_floors":[2,2,5,20,20],"current_hp_per_floor":[55,55,55,55,55,55,48,40,40,44,44,36,36,36,36,27,62,62,62,62,62,62,55,17,17,17,9,9,30,6,5,26,4,4],"gold":91,"neow_bonus":"TWO_FIFTY_GOLD","is_daily":false,"chose_seed":false,"campfire_upgraded":2,"win_rate":0.0,"timestamp":1607937210,"path_taken":["M","$","?","M","$","E","M","E","T","E","R","E","?","?","R","BOSS","M","?","$","M","?","E","?","?","T","M","M","R","E","M","R","BOSS"],"items_purchased_type":["Card","Card","Card","Card","Relic"],"build_version":"2020-12-13","purchased_purges":2,"victory":false,"max_hp_per_floor":[60,60,60,60,60,60,60,60,60,67,67,67,67,67,67,67,72,72,72,72,72,72,72,72,72,72,72,72,72,72,72,72,72,72],"card_choices":[{"not_picked":["Quick Slash","Dagger Throw"],"picked":"Terror","floor":1.0},{"not_picked":["Outmaneuver","Corpse Explosion"],"picked":"Slice","floor":4.0},{"not_picked":["Flying Knee","Terror"],"picked":"Dagger Throw","floor":6.0},{"not_picked":["Prepared","Cloak And Dagger"],"picked":"Reflex","floor":7.0},{"not_picked":["Sucker Punch","PiercingWail"],"picked":"Deflect","floor":8.0},{"not_picked":["Heel Hook","Flying Knee","Setup"],"picked":"PiercingWail","floor":10.0},{"not_picked":["Sucker Punch","Heel Hook","Noxious Fumes"],"picked":"Acrobatics","floor":12.0},{"not_picked":["PiercingWail","Sucker Punch","Night Terror"],"picked":"Deflect","floor":13.0},{"not_picked":["Outmaneuver","Deadly Poison","Leg Sweep"],"picked":"Escape Plan","floor":14.0},{"not_picked":["Wraith Form v2","Venomology","Bullet Time"],"picked":"Adrenaline","floor":16.0},{"not_picked":["Quick Slash","Well Laid Plans","Leg Sweep"],"picked":"Deflect","floor":17.0},{"not_picked":["Sucker Punch","Slice","Underhanded Strike"],"picked":"Prepared","floor":18.0},{"not_picked":["Deadly Poison+1","Dodge and Roll","PiercingWail"],"picked":"Acrobatics","floor":21.0},{"not_picked":["Underhanded Strike","Well Laid Plans","Dagger Spray"],"picked":"Backstab","floor":23.0},{"not_picked":["Deflect","Flechettes","Bullet Time","Sucker Punch"],"picked":"SKIP","floor":24.0},{"not_picked":["Prepared+1","Deadly Poison+1","Distraction+1"],"picked":"Caltrops","floor":27.0},{"not_picked":["Dagger Spray+1","Crippling Poison+1","Heel Hook"],"picked":"Expertise+1","floor":28.0},{"not_picked":["Deadly Poison+1","Tools of the Trade","Bullet Time+1"],"picked":"Backflip+1","floor":30.0},{"not_picked":["Cloak And Dagger+1","Eviscerate","Backflip+1"],"picked":"Accuracy","floor":31.0}],"player_experience":199747,"relics_obtained":[{"floor":6.0,"key":"Torii"},{"floor":8.0,"key":"StrikeDummy"},{"floor":9.0,"key":"Question Card"},{"floor":10.0,"key":"Strawberry"},{"floor":12.0,"key":"Thread and Needle"},{"floor":23.0,"key":"Pen Nib"},{"floor":26.0,"key":"Gambling Chip"},{"floor":30.0,"key":"Whetstone"}],"event_choices":[{"damage_healed":0.0,"max_hp_gain":0.0,"max_hp_loss":0.0,"gold_gain":0.0,"event_name":"Upgrade Shrine","player_choice":"Upgraded","floor":3.0,"gold_loss":0.0,"damage_taken":0.0,"cards_upgraded":["Choke"]},{"cards_removed":["Strike_G"],"damage_healed":0.0,"max_hp_gain":0.0,"max_hp_loss":0.0,"gold_gain":0.0,"event_name":"Back to Basics","player_choice":"Elegance","floor":19.0,"gold_loss":0.0,"damage_taken":0.0},{"damage_healed":0.0,"max_hp_gain":0.0,"max_hp_loss":0.0,"gold_gain":0.0,"event_name":"Ghosts","player_choice":"Ignored","floor":22.0,"gold_loss":0.0,"damage_taken":0.0},{"damage_healed":0.0,"max_hp_gain":0.0,"max_hp_loss":0.0,"gold_gain":0.0,"event_name":"WeMeetAgain","player_choice":"Paid Gold","floor":25.0,"gold_loss":95.0,"damage_taken":0.0,"relics_obtained":["Toxic Egg 2"]}],"is_beta":false,"boss_relics":[{"not_picked":["Velvet Choker","Fusion Hammer"],"picked":"Tiny House"}],"items_purged_floors":[2,20],"is_endless":false,"potions_floor_spawned":[1,4,7,14,16,21,23,24,27,28],"killed_by":"Collector","ascension_level":20}}