{"host":"kyy1kus4tsuq869y","time":1607944792,"event":{"mods":["BaseMod","Downfall","GifTheSpireLib","HololiveMod","Hubris","Jorbs\u0027s Wanderer Trilogy","Marisa£®ÏF”Í°°ƒß¿Ì…≥£©","Minty Spire (QoL Compilation)","Quick Restart","READ ME - Guardian Mod","READ ME - Snecko Mod","Reimu£®≤©¿ˆ¡È√Œ£©","Remilia£®¿Ÿ√◊¿Ú—«£©","Replay The Spire","StSLib","Td1madao Mod","The Administrix","The Animator","The Bug Knight","The Construct","The Cursed","The Hierophant","The Runesmith","The Senshi","The Servant 0.9.4","Youmu£®ªÍ∆«—˝√Œ£©"],"gold_per_floor":[112,128,128,29,40,40,372,372,399,399,399],"floor_reached":10,"playtime":298,"items_purged":[],"score":132,"play_id":"ba26edff-2df5-471a-9495-28bca6f17287","local_time":"20201214191952","is_ascension_mode":true,"campfire_choices":[{"data":"Ghostly Armor","floor":6,"key":"SMITH"},{"data":"Feel No Pain","floor":8,"key":"SMITH"}],"circlet_count":0,"master_deck":["AscendersBane","Strike_R","Strike_R","Strike_R","Strike_R","Strike_R","Defend_R","Defend_R","Defend_R","Defend_R","Bash","Headbutt","Ghostly Armor+1","stsjorbsmod:Withering","Feel No Pain+1","Replay:Undeath\u0027s Touch"],"relics":["Burning Blood","NeowsBlessing","Hololive_LightStick","ReplayTheSpireMod:CursedCoin","Dream Catcher","Old Coin","Blood Vial"],"acts_visited":["Exordium"],"potions_floor_usage":[7],"damage_taken":[{"damage":0,"enemies":"Cultist","floor":1,"turns":1},{"damage":0,"enemies":"Jaw Worm","floor":2,"turns":1},{"damage":0,"enemies":"Small Slimes","floor":5,"turns":1},{"damage":27,"enemies":"Gremlin Nob","floor":7,"turns":5},{"damage":33,"enemies":"HollowMod:MossKnight","floor":10,"turns":10}],"seed_played":"360155730707679893","potions_obtained":[{"floor":5,"key":"SteroidPotion"}],"is_trial":false,"path_per_floor":["M","M","?","$","M","R","E","R","T","E"],"character_chosen":"IRONCLAD","items_purchased":["ReplayTheSpireMod:CursedCoin","Feel No Pain","Dream Catcher"],"campfire_rested":0,"item_purchase_floors":[4,4,4],"current_hp_per_floor":[74,75,64,64,70,70,49,49,49,18,18],"gold":399,"neow_bonus":"THREE_ENEMY_KILL","is_daily":false,"chose_seed":false,"campfire_upgraded":2,"win_rate":0.0,"timestamp":1607944792,"path_taken":["M","M","?","$","M","R","E","R","T","E"],"items_purchased_type":["Relic","Card","Relic"],"build_version":"2020-12-13","purchased_purges":0,"victory":false,"max_hp_per_floor":[75,75,75,75,75,75,75,75,75,75,75],"card_choices":[{"not_picked":["Clash","Blood for Blood"],"picked":"Headbutt","floor":1},{"not_picked":["True Grit","Clash"],"picked":"Ghostly Armor","floor":2},{"not_picked":["Thunderclap","Run Through","Defy Death"],"picked":"SKIP","floor":5},{"not_picked":["Wild Strike","Anger"],"picked":"Replay:Undeath\u0027s Touch","floor":7}],"player_experience":460970,"relics_obtained":[{"floor":7,"key":"Old Coin"},{"floor":9,"key":"Blood Vial"}],"event_choices":[{"damage_healed":0,"gold_gain":0,"player_choice":"Success","damage_taken":11,"relics_obtained":["Hololive_LightStick"],"max_hp_gain":0,"max_hp_loss":0,"event_name":"Scrap Ooze","floor":3,"gold_loss":0}],"is_beta":false,"boss_relics":[],"items_purged_floors":[],"is_endless":false,"potions_floor_spawned":[5],"killed_by":"HollowMod:MossKnight","ascension_level":20}}