{"host":"3pyrf848gr42tovh","time":1607942865,"event":{"mods":["Aspiration","BaseMod","Better Altar","Better Match","Better Note","Better Sensory Stone","Better Skull","Better Third Choice","BetterRewards","Colored Map","Conspire","Curses Come First","Displayed Cursed Tome","Hubris","Infinite Spire","Marisa????????","Minty Spire (QoL Compilation)","Quick Restart","Relic Sorter","Relic Stats","Remilia??????","Replay The Spire","StSLib","Td1madao Mod","The Administrix","The Animator","The Cursed","The Hierophant","The Jungle","The Necromancer","The Servant 0.9.4","vexMod"],"gold_per_floor":[109,126,126,136,136,136,147,158,158,169,169,201,218,228,228,328,328,343,353,368,368,387,414,427,444,444,477,477,512,512,547,547,650,650,660,679,140,152,162,197,197,224,250,266,266,266,266,286,286,286,286,286,3,36,36],"floor_reached":56,"playtime":1657,"items_purged":["Strike_RM","Defend_RM","Defend_RM","Defend_RM"],"score":2688,"play_id":"19e9252e-1c16-4a5f-89e9-e9c108100ae9","local_time":"20201214124745","is_ascension_mode":true,"campfire_choices":[{"data":"MastersStateliness","floor":6,"key":"SMITH"},{"data":"MastersStateliness","floor":11,"key":"SMITH"},{"data":"RedNightlessCastle","floor":15,"key":"SMITH"},{"data":"BloodySeventeenLaser","floor":28,"key":"SMITH"},{"floor":32,"key":"DIG"},{"floor":45,"key":"RECALL"},{"floor":47,"key":"REST"},{"data":"MastersStateliness","floor":49,"key":"SMITH"},{"data":"RedMoon","floor":52,"key":"SMITH"}],"circlet_count":0,"master_deck":["Strike_RM","Strike_RM","Defend_RM","RedMoon+1","ScarletShoot","NightDance+1","NightDance+1","MastersStateliness+1","MastersStateliness+1","RedNightlessCastle+1","BloodySeventeenLaser+1","MastersStateliness+1","RedNightlessCastle+1","infinitespire:Collect+1","BombardNight+1","BombardNight+1"],"relics":["ScarletHat","hubris:Stopwatch","Sling","StoneCalendar","infinitespire:Golems Mask","Mango","ClockworkSouvenir","Lantern","Omamori","TungstenRod","hubris:Icosahedron","vexMod:Dragonfruit","infinitespire:Bottled Soul","Busted Crown","Ring of Peace","Bag of Marbles","Juzu Bracelet","Molten Egg 2","Nunchaku","Oddly Smooth Stone","vexMod:FocusSash","infinitespire:Lucky Rock","Gremlin Food","aspiration:AnachronicSnailShell","Kunai","Guide Book","ReplayTheSpireMod:Ninjato","Strawberry","Ornamental Fan","conspire:Dentures","vexMod:InvisibilityCloak"],"acts_visited":["Exordium","Exordium","TheBeyond","TheEnding"],"potions_floor_usage":[10,16,27,33,33,33,36,50,50],"damage_taken":[{"damage":0,"enemies":"2 Louse","floor":1,"turns":2},{"damage":0,"enemies":"Cultist","floor":2,"turns":2},{"damage":0,"enemies":"Small Slimes","floor":4,"turns":4},{"damage":6,"enemies":"Exordium Thugs","floor":7,"turns":5},{"damage":0,"enemies":"Large Slime","floor":8,"turns":3},{"damage":0,"enemies":"Looter","floor":10,"turns":4},{"damage":0,"enemies":"3 Sentries","floor":12,"turns":2},{"damage":0,"enemies":"Exordium Wildlife","floor":13,"turns":1},{"damage":0,"enemies":"2 Fungi Beasts","floor":14,"turns":1},{"damage":0,"enemies":"Slime Boss","floor":16,"turns":5},{"damage":0,"enemies":"theJungle:GiantWrat","floor":18,"turns":2},{"damage":1,"enemies":"theJungle:MUSHROOMGANG","floor":19,"turns":2},{"damage":0,"enemies":"theJungle:2_Snecko_Cultists","floor":20,"turns":2},{"damage":3,"enemies":"theJungle:JungleHuntersEncounter","floor":22,"turns":5},{"damage":0,"enemies":"theJungle:MamaSnecko","floor":23,"turns":2},{"damage":0,"enemies":"theJungle:Lyon","floor":24,"turns":1},{"damage":0,"enemies":"theJungle:SlimyTreeVines","floor":25,"turns":2},{"damage":22,"enemies":"theJungle:2_Phrogs","floor":27,"turns":6},{"damage":0,"enemies":"theJungle:MamaSnecko","floor":29,"turns":3},{"damage":0,"enemies":"theJungle:2_Phrogs","floor":31,"turns":4},{"damage":0,"enemies":"theJungle:TotemBoss","floor":33,"turns":5},{"damage":0,"enemies":"3 Darklings","floor":35,"turns":2},{"damage":14,"enemies":"3 Shapes","floor":36,"turns":4},{"damage":0,"enemies":"Transient","floor":38,"turns":5},{"damage":0,"enemies":"Sphere and 2 Shapes","floor":39,"turns":3},{"damage":0,"enemies":"R_Hoarder","floor":40,"turns":5},{"damage":0,"enemies":"Giant Head","floor":42,"turns":2},{"damage":3,"enemies":"4 Shapes","floor":44,"turns":2},{"damage":0,"enemies":"Spire Growth","floor":48,"turns":3},{"damage":0,"enemies":"Donu and Deca","floor":50,"turns":3},{"damage":0,"enemies":"Shield and Spear","floor":54,"turns":2},{"damage":65,"enemies":"The Heart","floor":55,"turns":6}],"seed_played":"817973535564516301","potions_obtained":[{"floor":7,"key":"AttackPotion"},{"floor":10,"key":"Fruit Juice"},{"floor":13,"key":"Weak Potion"},{"floor":14,"key":"Venom Potion"},{"floor":20,"key":"conspire:TimeTravelPotion"},{"floor":22,"key":"Strength Potion"},{"floor":25,"key":"AttackPotion"},{"floor":27,"key":"SpeedPotion"},{"floor":31,"key":"Languid Potion"},{"floor":33,"key":"Block Potion"},{"floor":35,"key":"Swift Potion"},{"floor":36,"key":"SpeedPotion"},{"floor":40,"key":"DistilledChaos"}],"is_trial":false,"path_per_floor":["M","M","?","M","?","R","M","M","T","M","R","E","M","M","R_BF","B",null,"M","M","M","?","M","E","M","M","T","E","R","E","?","E","R_BF","B",null,"M","M","$","M","M","E","?","E","T","M","R","?","R","M","R","B",null,"R","$","E","B",null],"character_chosen":"REMILIA","items_purchased":["Sling","NightDance","infinitespire:Golems Mask","MastersStateliness","ClockworkSouvenir","Lantern","Omamori","Guide Book","ReplayTheSpireMod:Ninjato","conspire:Dentures","BombardNight+1"],"campfire_rested":1,"item_purchase_floors":[0,0,0,0,0,0,0,37,37,53,53],"current_hp_per_floor":[82,84,84,86,86,86,85,88,93,94,94,94,94,94,94,94,94,94,94,94,94,92,94,94,94,94,87,87,94,10,12,12,26,81,82,68,68,99,99,106,101,101,101,98,98,75,101,101,101,101,101,101,101,101,86],"gold":36,"neow_bonus":"","is_daily":false,"chose_seed":false,"campfire_upgraded":6,"win_rate":0.0,"timestamp":1607942865,"path_taken":["M","M","?","M","?","R","M","M","T","?","R","E","M","M","R_BF","BOSS","M","M","M","?","M","E","M","M","T","E","R","E","?","E","R_BF","BOSS","M","M","$","M","M","E","?","E","T","M","R","?","R","M","R","BOSS","R","$","E","BOSS"],"items_purchased_type":["Relic","Card","Relic","Card","Relic","Relic","Relic","Relic","Relic","Relic","Card"],"build_version":"2020-12-13","purchased_purges":4,"victory":true,"max_hp_per_floor":[89,89,89,89,89,89,89,89,94,94,94,94,94,94,94,94,94,94,94,94,94,94,94,94,94,94,94,94,94,94,94,94,99,99,99,99,99,99,99,106,101,101,101,101,101,101,101,101,101,101,101,101,101,101,101],"relic_stats":{"Nunchaku":[8],"Busted Crown":50,"counters":[580,2290],"Ornamental Fan":[16],"StoneCalendar":[0],"Juzu Bracelet":0,"Kunai":[8],"obtain_stats":[{"Replay:Accelerometer":29,"ScarletDevilRocket":6,"Spirit Poop":43,"Sling":0,"Blood Vial":33,"vexMod:InvisibilityCloak":0,"conspire:GlowingRock":23,"infinitespire:ShieldingShard":0,"theJungle:BirthdayCakeSlice":24,"hubris:AstralHammer":0,"Fusion Hammer":17,"HandDrill":0,"aspiration:DSix":0,"hubris:MobiusCoin":0,"Eternal Feather":0,"Pen Nib":54,"infinitespire:Magic Flask":0,"infinitespire:Lychee Nut":0,"infinitespire:Broken Mirror":0,"Bird Faced Urn":37,"Unceasing Top":0,"vexMod:ImprovementManual":17,"vexMod:PlasmaPancake":6,"Regal Pillow":25,"Torii":49,"animator:TheMissingPiece":0,"hubris:EmptyBottle":39,"Ancient Tea Set":7,"Pet Ghost":23,"conspire:InfiniteJournal":0,"RedBat":20,"hubris:Backtick":28,"infinitespire:Bottled Soul":26,"vexMod:RedPlottingStone":9,"aspiration:AnachronicSnailShell":0,"AntiCross":54,"hubris:CuriousFeather":0,"Chemical X":0,"infinitespire:Eraser":18,"InkBottle":0,"aspiration:ChemicalBlood":54,"Potion Belt":6,"vexMod:GildedClover":0,"Lee\u0027s Waffle":11,"Replay:Fungal Core":34,"hubris:64BitClover":6,"Golden Idol":2,"Circlet":0,"vexMod:BerryBomb":36,"PreservedInsect":32,"infinitespire:Lucky Rock":43,"hubris:Towel":2,"Replay:Arrowhead":0,"APieceOfRedMist":17,"Ornamental Fan":11,"Ring of Misfortune":5,"Ectoplasm":17,"Garlic":29,"Durian":0,"conspire:DeflatedDodgeball":29,"infinitespire:Midas Blood":0,"Ice Cream":0,"Calipers":40,"Gremlin Horn":17,"aspiration:Stabinomicon":23,"Sozu":17,"Centennial Puzzle":0,"Iron Hammer":31,"Girya":0,"hubris:Teleporter":43,"hubris:DuctTape":26,"hubris:FruitBowl":28,"vexMod:PaidLearning":0,"aspiration:HiddenCompartment":43,"Gungnir":25,"hubris:Zylophone":0,"OrangePellets":0,"conspire:GiftBox":26,"hierophant:DonationBoxRelic":28,"hubris:PeanutButter":0,"infinitespire:EmpoweringShard":14,"aspiration:HatOfInfinitePower":0,"Mirror":0,"Pocketwatch":0,"Yang":28,"aspiration:TomeofQuesting":6,"Sizzling Blood":0,"Juzu Bracelet":26,"Replay:Mystery Machine":20,"Empty Cage":17,"vexMod:Spyglass":0,"conspire:TopHat":9,"aspiration:StickyExplosives_weak":0,"Dream Catcher":26,"Nunchaku":0,"hubris:Icosahedron":3,"Chameleon Ring":13,"TheAbacus":0,"m_TsuchinokoRing":28,"hubris:Stopwatch":28,"Guide Book":0,"infinitespire:FocusingShard":7,"hubris:MedicalManual":31,"Replay:WaspNest":0,"theJungle:SpiritDisease":28,"vexMod:FocusSash":53,"Medical Kit":0,"Mercury Hourglass":26,"vexMod:Dragonfruit":0,"Calling Bell":17,"Cauldron":0,"Strange Spoon":0,"Pondfish Scales":0,"vexMod:BarristanHead":17,"infinitespire:Satchel":27,"aspiration:KaomsHeart":45,"hubris:BundleOfHerbs":0,"Bag of Marbles":0,"Membership Card":11,"theJungle:ParSnip":28,"hubris:OldNail":9,"FossilizedHelix":0,"Golden Egg":6,"vexMod:MemoryStick":0,"Whetstone":0,"Ginger":47,"vexMod:TanglingVine":34,"Boot":0,"Replay:Ringing Soul":20,"vexMod:CardConverter":0,"Sundial":47,"MealTicket":12,"infinitespire:Golems Mask":0,"hubris:DeckOfHolding":0,"Kunai":0,"Replay:Wax Seal":48,"conspire:TreasureMap":53,"Pear":27,"Counterbalance":29,"aspiration:FrozenJewel":20,"SlaversCollar":34,"Runic Dome":17,"hubris:TenFootPole":9,"infinitespire:PuzzleCube":0,"infinitespire:Cupcake":34,"Lantern":8,"hubris:Metronome":0,"hierophant:PropheticMaskRelic":0,"StoneCalendar":28,"Blue Doll":0,"Bag of Preparation":42,"Replay:Multitool":0,"Cursed Key":17,"ScarletHat":0,"Replay:Rubber Ducky":0,"Shovel":28,"Matryoshka":0,"Ring of Peace":21,"hubris:ScarierMask":34,"Replay:Lucky Slots":0,"hubris:FunFungus":0,"WingedGreaves":0,"hubris:GlazedTorus":0,"Damaru":28,"Thread and Needle":0,"infinitespire:Joker Card":0,"Omamori":0,"infinitespire:CheckeredPen":0,"Frozen Egg 2":23,"MawBank":8,"Busted Crown":34,"Bloody Idol":22,"Orrery":19,"animator:LivingPicture":0,"Bottled Lightning":29,"ReplayTheSpireMod:Lightbulb":53,"Toy Ornithopter":40,"hubris:CrystalStatue":53,"Vajra":13,"Lizard Tail":41,"theJungle:SneckoAutograph":19,"HornCleat":26,"DollysMirror":46,"Strawberry":9,"conspire:DecoderRing":25,"Toxic Egg 2":21,"vexMod:RetaliationKit":0,"conspire:Dentures":28,"Happy Flower":6,"aspiration:Nostalgia":0,"vexMod:ScavengeHelm":26,"Oddly Smooth Stone":54,"vexMod:TimeEaterHat":0,"conspire:SlowCooker":17,"infinitespire:Beetle Shell":0,"conspire:Boomerang":0,"Letter Opener":0,"aspiration:SeaSaltIceCream":0,"War Paint":44,"Replay:Baseball":31,"ReplayTheSpireMod:Shallot":54,"Shuriken":8,"Bronze Scales":10,"Molten Egg 2":43,"Simple Rune":15,"ReplayTheSpireMod:TigerMarble":23,"Nloth\u0027s Gift":24,"hubris:ToyBattleship":0,"CatCart":46,"Grinning Jar":23,"Meat on the Bone":48,"ReplayFunnel":53,"Darkstone Periapt":27,"Replay:PocketPolymizer":0,"SacredBark":21,"conspire:SpecialSausage":34,"FairyMaid":43,"Mango":37,"hubris:SlimyHat":28,"Incense Burner":27,"theJungle:PaperFaux":20,"ClockworkSouvenir":37,"SsserpentHead":4,"Replay:Bandana":45,"Mummified Hand":9,"Gambling Chip":23,"Pantograph":0,"infinitespire:Chaos":28,"Gremlin Food":0,"hubris:DisguiseKit":8,"BargainBundle":42,"TypeBBloodRedTea":0,"ReplayTheSpireMod:Ninjato":6,"Replay:Towering Pillar of Hats":0,"infinitespire:CursedDice":0,"aspiration:FetidBarrel":0,"Quantum Egg":0,"infinitespire:EmptyRelic":28,"aspiration:HummingbirdHeart":52,"ScarletEmblem":34,"Orichalcum":13,"White Beast Statue":0,"Peace Pipe":44,"CaptainsWheel":0,"Anchor":26,"vexMod:HeadHunter":36,"Ring of Fury":28,"Coffee Dripper":17,"Snack Pack":46,"hubris:Potato":17,"TungstenRod":0},{"Replay:Accelerometer":272,"ScarletDevilRocket":233,"Spirit Poop":251,"Sling":470,"Blood Vial":385,"vexMod:InvisibilityCloak":499,"conspire:GlowingRock":242,"infinitespire:ShieldingShard":258,"theJungle:BirthdayCakeSlice":456,"hubris:AstralHammer":470,"Fusion Hammer":177,"HandDrill":499,"aspiration:DSix":311,"hubris:MobiusCoin":499,"Eternal Feather":499,"Pen Nib":193,"infinitespire:Magic Flask":370,"infinitespire:Lychee Nut":499,"infinitespire:Broken Mirror":499,"Bird Faced Urn":226,"Unceasing Top":499,"vexMod:ImprovementManual":535,"vexMod:PlasmaPancake":400,"Regal Pillow":180,"Torii":255,"animator:TheMissingPiece":0,"hubris:EmptyBottle":388,"Ancient Tea Set":415,"Pet Ghost":325,"conspire:InfiniteJournal":194,"RedBat":322,"hubris:Backtick":243,"infinitespire:Bottled Soul":208,"vexMod:RedPlottingStone":198,"aspiration:AnachronicSnailShell":470,"AntiCross":257,"hubris:CuriousFeather":340,"Chemical X":499,"infinitespire:Eraser":353,"InkBottle":499,"aspiration:ChemicalBlood":282,"Potion Belt":213,"vexMod:GildedClover":499,"Lee\u0027s Waffle":199,"Replay:Fungal Core":247,"hubris:64BitClover":345,"Golden Idol":398,"Circlet":525,"vexMod:BerryBomb":302,"PreservedInsect":246,"infinitespire:Lucky Rock":390,"hubris:Towel":211,"Replay:Arrowhead":283,"APieceOfRedMist":266,"Ornamental Fan":376,"Ring of Misfortune":414,"Ectoplasm":481,"Garlic":244,"Durian":499,"conspire:DeflatedDodgeball":328,"infinitespire:Midas Blood":499,"Ice Cream":499,"Calipers":305,"Gremlin Horn":202,"aspiration:Stabinomicon":298,"Sozu":217,"Centennial Puzzle":499,"Iron Hammer":428,"Girya":499,"hubris:Teleporter":364,"hubris:DuctTape":180,"hubris:FruitBowl":243,"vexMod:PaidLearning":499,"aspiration:HiddenCompartment":278,"Gungnir":357,"hubris:Zylophone":441,"OrangePellets":499,"conspire:GiftBox":456,"hierophant:DonationBoxRelic":243,"hubris:PeanutButter":499,"infinitespire:EmpoweringShard":404,"aspiration:HatOfInfinitePower":499,"Mirror":499,"Pocketwatch":499,"Yang":243,"aspiration:TomeofQuesting":261,"Sizzling Blood":283,"Juzu Bracelet":565,"Replay:Mystery Machine":240,"Empty Cage":452,"vexMod:Spyglass":499,"conspire:TopHat":289,"aspiration:StickyExplosives_weak":441,"Dream Catcher":298,"Nunchaku":499,"hubris:Icosahedron":398,"Chameleon Ring":450,"TheAbacus":499,"m_TsuchinokoRing":243,"hubris:Stopwatch":243,"Guide Book":499,"infinitespire:FocusingShard":198,"hubris:MedicalManual":300,"Replay:WaspNest":499,"theJungle:SpiritDisease":243,"vexMod:FocusSash":192,"Medical Kit":194,"Mercury Hourglass":221,"vexMod:Dragonfruit":194,"Calling Bell":202,"Cauldron":499,"Strange Spoon":499,"Pondfish Scales":499,"vexMod:BarristanHead":202,"infinitespire:Satchel":243,"aspiration:KaomsHeart":306,"hubris:BundleOfHerbs":499,"Bag of Marbles":499,"Membership Card":235,"theJungle:ParSnip":243,"hubris:OldNail":261,"FossilizedHelix":340,"Golden Egg":374,"vexMod:MemoryStick":499,"Whetstone":311,"Ginger":367,"vexMod:TanglingVine":541,"Boot":499,"Replay:Ringing Soul":407,"vexMod:CardConverter":499,"Sundial":495,"MealTicket":214,"infinitespire:Golems Mask":499,"hubris:DeckOfHolding":499,"Kunai":499,"Replay:Wax Seal":191,"conspire:TreasureMap":368,"Pear":209,"Counterbalance":458,"aspiration:FrozenJewel":219,"SlaversCollar":183,"Runic Dome":294,"hubris:TenFootPole":213,"infinitespire:PuzzleCube":499,"infinitespire:Cupcake":274,"Lantern":213,"hubris:Metronome":499,"hierophant:PropheticMaskRelic":0,"StoneCalendar":243,"Blue Doll":499,"Bag of Preparation":390,"Replay:Multitool":499,"Cursed Key":378,"ScarletHat":0,"Replay:Rubber Ducky":499,"Shovel":243,"Matryoshka":283,"Ring of Peace":561,"hubris:ScarierMask":331,"Replay:Lucky Slots":499,"hubris:FunFungus":499,"WingedGreaves":499,"hubris:GlazedTorus":499,"Damaru":243,"Thread and Needle":229,"infinitespire:Joker Card":499,"Omamori":548,"infinitespire:CheckeredPen":499,"Frozen Egg 2":485,"MawBank":317,"Busted Crown":301,"Bloody Idol":178,"Orrery":178,"animator:LivingPicture":0,"Bottled Lightning":358,"ReplayTheSpireMod:Lightbulb":368,"Toy Ornithopter":335,"hubris:CrystalStatue":256,"Vajra":292,"Lizard Tail":187,"theJungle:SneckoAutograph":353,"HornCleat":423,"DollysMirror":466,"Strawberry":174,"conspire:DecoderRing":486,"Toxic Egg 2":269,"vexMod:RetaliationKit":283,"conspire:Dentures":243,"Happy Flower":288,"aspiration:Nostalgia":283,"vexMod:ScavengeHelm":357,"Oddly Smooth Stone":369,"vexMod:TimeEaterHat":499,"conspire:SlowCooker":419,"infinitespire:Beetle Shell":499,"conspire:Boomerang":470,"Letter Opener":499,"aspiration:SeaSaltIceCream":499,"War Paint":188,"Replay:Baseball":359,"ReplayTheSpireMod:Shallot":440,"Shuriken":235,"Bronze Scales":199,"Molten Egg 2":187,"Simple Rune":320,"ReplayTheSpireMod:TigerMarble":270,"Nloth\u0027s Gift":325,"hubris:ToyBattleship":499,"CatCart":189,"Grinning Jar":356,"Meat on the Bone":496,"ReplayFunnel":368,"Darkstone Periapt":424,"Replay:PocketPolymizer":499,"SacredBark":269,"conspire:SpecialSausage":225,"FairyMaid":306,"Mango":490,"hubris:SlimyHat":180,"Incense Burner":272,"theJungle:PaperFaux":420,"ClockworkSouvenir":431,"SsserpentHead":231,"Replay:Bandana":466,"Mummified Hand":289,"Gambling Chip":179,"Pantograph":499,"infinitespire:Chaos":243,"Gremlin Food":311,"hubris:DisguiseKit":198,"BargainBundle":251,"TypeBBloodRedTea":340,"ReplayTheSpireMod:Ninjato":315,"Replay:Towering Pillar of Hats":311,"infinitespire:CursedDice":441,"aspiration:FetidBarrel":499,"Quantum Egg":499,"infinitespire:EmptyRelic":243,"aspiration:HummingbirdHeart":256,"ScarletEmblem":460,"Orichalcum":319,"White Beast Statue":499,"Peace Pipe":391,"CaptainsWheel":229,"Anchor":456,"vexMod:HeadHunter":276,"Ring of Fury":243,"Coffee Dripper":238,"Snack Pack":366,"hubris:Potato":202,"TungstenRod":258},{"Replay:Accelerometer":1244,"ScarletDevilRocket":1051,"Spirit Poop":1144,"Sling":1971,"Blood Vial":1659,"vexMod:InvisibilityCloak":2076,"conspire:GlowingRock":1095,"infinitespire:ShieldingShard":1189,"theJungle:BirthdayCakeSlice":1921,"hubris:AstralHammer":1971,"Fusion Hammer":784,"HandDrill":2076,"aspiration:DSix":1374,"hubris:MobiusCoin":2076,"Eternal Feather":2076,"Pen Nib":840,"infinitespire:Magic Flask":1602,"infinitespire:Lychee Nut":2076,"infinitespire:Broken Mirror":2076,"Bird Faced Urn":1022,"Unceasing Top":2076,"vexMod:ImprovementManual":2157,"vexMod:PlasmaPancake":1731,"Regal Pillow":796,"Torii":1165,"animator:TheMissingPiece":0,"hubris:EmptyBottle":1674,"Ancient Tea Set":1786,"Pet Ghost":1420,"conspire:InfiniteJournal":847,"RedBat":1412,"hubris:Backtick":1100,"infinitespire:Bottled Soul":912,"vexMod:RedPlottingStone":865,"aspiration:AnachronicSnailShell":1971,"AntiCross":1180,"hubris:CuriousFeather":1472,"Chemical X":2076,"infinitespire:Eraser":1536,"InkBottle":2076,"aspiration:ChemicalBlood":1282,"Potion Belt":940,"vexMod:GildedClover":2076,"Lee\u0027s Waffle":871,"Replay:Fungal Core":1126,"hubris:64BitClover":1501,"Golden Idol":1724,"Circlet":2127,"vexMod:BerryBomb":1350,"PreservedInsect":1117,"infinitespire:Lucky Rock":1688,"hubris:Towel":930,"Replay:Arrowhead":1288,"APieceOfRedMist":1219,"Ornamental Fan":1624,"Ring of Misfortune":1783,"Ectoplasm":2003,"Garlic":1107,"Durian":2076,"conspire:DeflatedDodgeball":1432,"infinitespire:Midas Blood":2076,"Ice Cream":2076,"Calipers":1356,"Gremlin Horn":888,"aspiration:Stabinomicon":1341,"Sozu":961,"Centennial Puzzle":2076,"Iron Hammer":1833,"Girya":2076,"hubris:Teleporter":1572,"hubris:DuctTape":796,"hubris:FruitBowl":1100,"vexMod:PaidLearning":2076,"aspiration:HiddenCompartment":1270,"Gungnir":1549,"hubris:Zylophone":1877,"OrangePellets":2076,"conspire:GiftBox":1921,"hierophant:DonationBoxRelic":1100,"hubris:PeanutButter":2076,"infinitespire:EmpoweringShard":1743,"aspiration:HatOfInfinitePower":2076,"Mirror":2076,"Pocketwatch":2076,"Yang":1100,"aspiration:TomeofQuesting":1203,"Sizzling Blood":1288,"Juzu Bracelet":2235,"Replay:Mystery Machine":1084,"Empty Cage":1910,"vexMod:Spyglass":2076,"conspire:TopHat":1305,"aspiration:StickyExplosives_weak":1877,"Dream Catcher":1341,"Nunchaku":2076,"hubris:Icosahedron":1724,"Chameleon Ring":1901,"TheAbacus":2076,"m_TsuchinokoRing":1100,"hubris:Stopwatch":1100,"Guide Book":2076,"infinitespire:FocusingShard":865,"hubris:MedicalManual":1343,"Replay:WaspNest":2076,"theJungle:SpiritDisease":1100,"vexMod:FocusSash":837,"Medical Kit":847,"Mercury Hourglass":991,"vexMod:Dragonfruit":847,"Calling Bell":888,"Cauldron":2076,"Strange Spoon":2076,"Pondfish Scales":2076,"vexMod:BarristanHead":888,"infinitespire:Satchel":1100,"aspiration:KaomsHeart":1358,"hubris:BundleOfHerbs":2076,"Bag of Marbles":2076,"Membership Card":1059,"theJungle:ParSnip":1100,"hubris:OldNail":1203,"FossilizedHelix":1472,"Golden Egg":1615,"vexMod:MemoryStick":2076,"Whetstone":1374,"Ginger":1584,"vexMod:TanglingVine":2180,"Boot":2076,"Replay:Ringing Soul":1754,"vexMod:CardConverter":2076,"Sundial":2055,"MealTicket":944,"infinitespire:Golems Mask":2076,"hubris:DeckOfHolding":2076,"Kunai":2076,"Replay:Wax Seal":834,"conspire:TreasureMap":1593,"Pear":917,"Counterbalance":1931,"aspiration:FrozenJewel":974,"SlaversCollar":807,"Runic Dome":1331,"hubris:TenFootPole":940,"infinitespire:PuzzleCube":2076,"infinitespire:Cupcake":1256,"Lantern":940,"hubris:Metronome":2076,"hierophant:PropheticMaskRelic":0,"StoneCalendar":1100,"Blue Doll":2076,"Bag of Preparation":1688,"Replay:Multitool":2076,"Cursed Key":1636,"ScarletHat":0,"Replay:Rubber Ducky":2076,"Shovel":1100,"Matryoshka":1288,"Ring of Peace":2225,"hubris:ScarierMask":1443,"Replay:Lucky Slots":2076,"hubris:FunFungus":2076,"WingedGreaves":2076,"hubris:GlazedTorus":2076,"Damaru":1100,"Thread and Needle":1034,"infinitespire:Joker Card":2076,"Omamori":2190,"infinitespire:CheckeredPen":2076,"Frozen Egg 2":2015,"MawBank":1396,"Busted Crown":1348,"Bloody Idol":788,"Orrery":788,"animator:LivingPicture":0,"Bottled Lightning":1552,"ReplayTheSpireMod:Lightbulb":1593,"Toy Ornithopter":1458,"hubris:CrystalStatue":1175,"Vajra":1315,"Lizard Tail":819,"theJungle:SneckoAutograph":1536,"HornCleat":1817,"DollysMirror":1953,"Strawberry":769,"conspire:DecoderRing":2019,"Toxic Egg 2":1225,"vexMod:RetaliationKit":1288,"conspire:Dentures":1100,"Happy Flower":1302,"aspiration:Nostalgia":1288,"vexMod:ScavengeHelm":1549,"Oddly Smooth Stone":1596,"vexMod:TimeEaterHat":2076,"conspire:SlowCooker":1798,"infinitespire:Beetle Shell":2076,"conspire:Boomerang":1971,"Letter Opener":2076,"aspiration:SeaSaltIceCream":2076,"War Paint":822,"Replay:Baseball":1556,"ReplayTheSpireMod:Shallot":1871,"Shuriken":1059,"Bronze Scales":871,"Molten Egg 2":819,"Simple Rune":1407,"ReplayTheSpireMod:TigerMarble":1233,"Nloth\u0027s Gift":1420,"hubris:ToyBattleship":2076,"CatCart":824,"Grinning Jar":1545,"Meat on the Bone":2059,"ReplayFunnel":1593,"Darkstone Periapt":1821,"Replay:PocketPolymizer":2076,"SacredBark":1225,"conspire:SpecialSausage":1016,"FairyMaid":1358,"Mango":2033,"hubris:SlimyHat":796,"Incense Burner":1244,"theJungle:PaperFaux":1803,"ClockworkSouvenir":1840,"SsserpentHead":1040,"Replay:Bandana":1953,"Mummified Hand":1305,"Gambling Chip":792,"Pantograph":2076,"infinitespire:Chaos":1100,"Gremlin Food":1374,"hubris:DisguiseKit":865,"BargainBundle":1144,"TypeBBloodRedTea":1472,"ReplayTheSpireMod:Ninjato":1385,"Replay:Towering Pillar of Hats":1374,"infinitespire:CursedDice":1877,"aspiration:FetidBarrel":2076,"Quantum Egg":2076,"infinitespire:EmptyRelic":1100,"aspiration:HummingbirdHeart":1175,"ScarletEmblem":1939,"Orichalcum":1405,"White Beast Statue":2076,"Peace Pipe":1694,"CaptainsWheel":1034,"Anchor":1921,"vexMod:HeadHunter":1265,"Ring of Fury":1100,"Coffee Dripper":1074,"Snack Pack":1581,"hubris:Potato":888,"TungstenRod":1189}],"TungstenRod":42},"card_choices":[{"not_picked":["FitfulNightmare","VampirishNight","UnstableMagic"],"picked":"SKIP","floor":1},{"not_picked":["Stigmanizer","ScarletDevilSign","BloodHunter"],"picked":"SKIP","floor":2},{"not_picked":["RedMagic","Maim","UnstableMagic"],"picked":"SKIP","floor":4},{"not_picked":["CharismaGuard","BlasphemousPunishment"],"picked":"MastersStateliness","floor":7},{"not_picked":["BloodRain","VampireKiss","NightDance"],"picked":"SKIP","floor":8},{"not_picked":["FavorOfDestiny","CharismaGuard","Stigmanizer"],"picked":"SKIP","floor":10},{"not_picked":["FavorOfDestiny","CharismaGuard","Stigmanizer"],"picked":"SKIP","floor":10},{"not_picked":["ScarletDream","FavorOfDestiny","SuperhumanBloodyKnife"],"picked":"SKIP","floor":12},{"not_picked":["RedNightlessCastle","Stigmanizer","UnderTheZenith"],"picked":"SKIP","floor":13},{"not_picked":["UnderTheZenith","CurseOfVladTepes"],"picked":"RedNightlessCastle","floor":14},{"not_picked":["HellCatastrophe","CurseOfVladTepes"],"picked":"BloodySeventeenLaser","floor":16},{"not_picked":["DiffusionOfMisfortune"],"picked":"SKIP","floor":18},{"not_picked":["HunterOfTheNight"],"picked":"SKIP","floor":19},{"not_picked":["DiffusionOfMisfortune"],"picked":"SKIP","floor":20},{"not_picked":["ScarletImprint"],"picked":"SKIP","floor":22},{"not_picked":["BloodAndWine"],"picked":"SKIP","floor":23},{"not_picked":["UnstableMagic+1"],"picked":"SKIP","floor":24},{"not_picked":["HeartBreak"],"picked":"SKIP","floor":25},{"not_picked":[],"picked":"MastersStateliness","floor":27},{"not_picked":["StarOfDavid+1"],"picked":"SKIP","floor":29},{"not_picked":[],"picked":"RedNightlessCastle+1","floor":31},{"not_picked":["EmergencyRegeneration"],"picked":"SKIP","floor":35},{"not_picked":["ReincarnationDial"],"picked":"SKIP","floor":36},{"not_picked":["ScarletNetherworld"],"picked":"SKIP","floor":38},{"not_picked":["RedRainbow+1"],"picked":"SKIP","floor":39},{"not_picked":["NightDance+1"],"picked":"SKIP","floor":40},{"not_picked":["VampirishNight"],"picked":"SKIP","floor":42},{"not_picked":["Stigmanizer+1"],"picked":"SKIP","floor":44},{"not_picked":["infinitespire:Starlight","infinitespire:Gouge"],"picked":"infinitespire:Collect","floor":46},{"not_picked":["VampireKiss+1"],"picked":"SKIP","floor":48},{"not_picked":["VampireKiss+1"],"picked":"SKIP","floor":54}],"player_experience":111159,"relics_obtained":[{"floor":9,"key":"vexMod:Dragonfruit"},{"floor":12,"key":"infinitespire:Bottled Soul"},{"floor":21,"key":"Ring of Peace"},{"floor":23,"key":"Bag of Marbles"},{"floor":26,"key":"Juzu Bracelet"},{"floor":27,"key":"Molten Egg 2"},{"floor":29,"key":"Nunchaku"},{"floor":31,"key":"aspiration:AnachronicSnailShell"},{"floor":32,"key":"Kunai"},{"floor":40,"key":"Strawberry"},{"floor":42,"key":"Ornamental Fan"},{"floor":54,"key":"vexMod:InvisibilityCloak"}],"event_choices":[{"cards_removed":["Strike_RM"],"damage_healed":0,"gold_gain":0,"player_choice":"Offered Basic","damage_taken":0,"max_hp_gain":0,"max_hp_loss":0,"event_name":"Bonfire Elementals","floor":5,"gold_loss":0},{"damage_healed":0,"gold_gain":0,"player_choice":"RE RE RE RE ","damage_taken":97,"relics_obtained":["Oddly Smooth Stone","vexMod:FocusSash","infinitespire:Lucky Rock","Gremlin Food"],"max_hp_gain":0,"max_hp_loss":0,"event_name":"betterSkull:BetterSkull","floor":30,"gold_loss":0,"cards_upgraded":[]},{"damage_healed":0,"gold_gain":0,"player_choice":"Max HP","damage_taken":0,"max_hp_gain":0,"max_hp_loss":5,"event_name":"Winding Halls","floor":41,"gold_loss":0}],"is_beta":false,"boss_relics":[{"not_picked":["hubris:BlackHole","aspiration:DefectSkillbook"],"picked":"Busted Crown"},{"not_picked":["aspiration:ServantSkillbook","Replay:Fungal Core"],"picked":"hubris:Stopwatch"}],"items_purged_floors":[0,0,0,37],"is_endless":false,"potions_floor_spawned":[7,10,13,14,20,22,24,25,27,31,33,35,36,40,48],"ascension_level":9}}