{"host":"4cz9gr89nglr7k8k","time":1607982540,"event":{"mods":["BaseMod","Minty Spire (QoL Compilation)","Relic Stats","Slay-I"],"gold_per_floor":[114,114,131,131,30,30,30,30,106,256,256,256],"floor_reached":11,"playtime":288,"items_purged":[],"score":115,"play_id":"5ed293d9-95fb-40e9-a630-7a9b1c72eb1d","local_time":"20201214224900","is_ascension_mode":true,"campfire_choices":[{"data":"Caltrops","floor":6,"key":"SMITH"},{"data":"Wraith Form v2","floor":8,"key":"SMITH"}],"circlet_count":0,"master_deck":["AscendersBane","Strike_G","Strike_G","Strike_G","Strike_G","Strike_G","Defend_G","Defend_G","Defend_G","Defend_G","Survivor","Neutralize","Flying Knee","Dagger Throw","Wraith Form v2+1","Cloak And Dagger","Caltrops+1","Dagger Throw","Doubt"],"relics":["Black Star","InkBottle"],"acts_visited":["Exordium"],"potions_floor_usage":[],"damage_taken":[{"damage":1,"enemies":"Small Slimes","floor":1,"turns":5},{"damage":3,"enemies":"Cultist","floor":3,"turns":4},{"damage":56,"enemies":"3 Sentries","floor":11,"turns":12}],"seed_played":"8379835998489004024","potions_obtained":[],"is_trial":false,"path_per_floor":["M","?","M","?","$","R","$","R","T","?","E"],"character_chosen":"THE_SILENT","items_purchased":["Caltrops","Dagger Throw"],"campfire_rested":0,"item_purchase_floors":[5,5],"current_hp_per_floor":[58,58,55,55,55,55,55,55,55,55,0,0],"gold":256,"neow_bonus":"BOSS_RELIC","is_daily":false,"chose_seed":false,"campfire_upgraded":2,"win_rate":0.0,"timestamp":1607982540,"path_taken":["M","?","?","?","$","R","?","R","T","?","E"],"items_purchased_type":["Card","Card"],"build_version":"2020-12-13","purchased_purges":0,"victory":false,"max_hp_per_floor":[66,66,66,66,66,66,66,66,66,66,66,66],"relic_stats":{"counters":[3,21],"Black Star":0,"obtain_stats":[{"Black Star":0,"InkBottle":9,"Ring of the Snake":0},{"Black Star":0,"InkBottle":2,"Ring of the Snake":0},{"Black Star":0,"InkBottle":9,"Ring of the Snake":0}],"InkBottle":[3]},"card_choices":[{"not_picked":["Underhanded Strike","Bane"],"picked":"Flying Knee","floor":1},{"not_picked":["Blade Dance","Underhanded Strike"],"picked":"Dagger Throw","floor":3}],"player_experience":1440731,"relics_obtained":[{"floor":9,"key":"InkBottle"}],"event_choices":[{"cards_removed":["Defend_G"],"damage_healed":0,"gold_gain":0,"player_choice":"Offered Basic","damage_taken":0,"max_hp_gain":0,"max_hp_loss":0,"event_name":"Bonfire Elementals","floor":2,"gold_loss":0},{"damage_healed":0,"gold_gain":0,"player_choice":"2 cards matched","damage_taken":0,"max_hp_gain":0,"max_hp_loss":0,"event_name":"Match and Keep!","floor":4,"gold_loss":0,"cards_obtained":["Wraith Form v2","Cloak And Dagger"]},{"damage_healed":0,"gold_gain":150,"player_choice":"AGREE","damage_taken":0,"max_hp_gain":0,"max_hp_loss":0,"event_name":"Liars Game","floor":10,"gold_loss":0,"cards_obtained":["Doubt"]}],"is_beta":false,"boss_relics":[],"items_purged_floors":[],"is_endless":false,"potions_floor_spawned":[],"killed_by":"3 Sentries","ascension_level":19}}