{"host":"aji03558nlnqydpa","time":1607956036,"event":{"mods":["2.2 Compatiblity","AchievementEnabler","Astrologer","BaseMod","Better Altar","Better Match","Better Sensory Stone","Better Third Choice","Colored Map","Gremlin Skip","Koishi","MarisaÅiñ∂âJÅ@ñÇóùçπÅj","Minty Spire (QoL Compilation)","Prisma Mod","Relic Filter","StSLib","The Cursed","The IronCluck","The Servant 0.9.4"],"gold_per_floor":[109,123,48,61,71,99,99,117,117,117,135,135,135,148,148,247,247,260,271,285,384,384,384,4,4,30,30,59,59,6,26,26,124,124,136,186,199,215,233,245,245,259,259,259,273,284,284,11,11,11],"floor_reached":51,"playtime":3988,"items_purged":["Strike_S","Writhe"],"score":623,"play_id":"49a0739f-c0fe-431d-9649-b5210cd28dd0","local_time":"20201214232716","is_ascension_mode":false,"campfire_choices":[{"floor":7.0,"key":"REST"},{"data":"SilverBlades","floor":13,"key":"SMITH"},{"data":"Spin","floor":15,"key":"SMITH"},{"data":"Defy","floor":23,"key":"SMITH"},{"data":"Rewind","floor":25,"key":"SMITH"},{"data":"KidneyShot","floor":29,"key":"SMITH"},{"data":"Luminosity","floor":32,"key":"SMITH"},{"data":"Starlight","floor":41,"key":"SMITH"},{"data":"SilverBlades","floor":44,"key":"SMITH"},{"data":"SoulSculpture","floor":49,"key":"SMITH"}],"circlet_count":0,"master_deck":["Strike_S+1","Strike_S+1","Defend_S+1","Defend_S+1","Defend_S+1","Defend_S+1","KidneyShot+1","Exchange","Defy+1","Rearm","Rewind+1","InstantArmor","Spin+1","SilverBlades+1","Starlight+1","SoulSculpture+1","Contraction+1","SpecialFormula","Potential+1","InstantArmor+1","SilverBlades+1","Luminosity+1","Dilation+1","Hightail+1","Rewind+1","ShatteredReality+1","Barrier+1","GearUp+1","Replace+1","Parasite","Moondial+1","Good Instincts+1"],"relics":["SplendidAttire","Happy Flower","Pen Nib","Shuriken","Blood Vial","Membership Card","Bag of Marbles","Akabeko","Toxic Egg 2","Incense Burner","MysterySword","PocketWatch","Kunai","Ginger","Vajra"],"acts_visited":["Exordium","TheCity","TheBeyond"],"potions_floor_usage":[19,19,50,50,50],"damage_taken":[{"damage":0.0,"enemies":"Cultist","floor":1.0,"turns":3.0},{"damage":4.0,"enemies":"Jaw Worm","floor":2.0,"turns":5.0},{"damage":0.0,"enemies":"Small Slimes","floor":4.0,"turns":3.0},{"damage":4.0,"enemies":"Looter","floor":5.0,"turns":4.0},{"damage":19.0,"enemies":"3 Sentries","floor":6.0,"turns":14.0},{"damage":0.0,"enemies":"Blue Slaver","floor":8.0,"turns":4.0},{"damage":0,"enemies":"Gremlin Gang","floor":11,"turns":2},{"damage":0,"enemies":"Lots of Slimes","floor":14,"turns":1},{"damage":12,"enemies":"Slime Boss","floor":16,"turns":8},{"damage":13,"enemies":"Shell Parasite","floor":18,"turns":3},{"damage":0,"enemies":"3 Byrds","floor":19,"turns":4},{"damage":0,"enemies":"Centurion and Healer","floor":20,"turns":7},{"damage":1,"enemies":"Gremlin Leader","floor":28,"turns":6},{"damage":0,"enemies":"Snake Plant","floor":31,"turns":3},{"damage":8,"enemies":"Automaton","floor":33,"turns":14},{"damage":1,"enemies":"Orb Walker","floor":35,"turns":3},{"damage":0,"enemies":"Mind Bloom Boss Battle","floor":36,"turns":10},{"damage":0,"enemies":"3 Shapes","floor":37,"turns":2},{"damage":8,"enemies":"Sphere and 2 Shapes","floor":38,"turns":4},{"damage":0,"enemies":"Transient","floor":39,"turns":5},{"damage":0,"enemies":"3 Darklings","floor":40,"turns":5},{"damage":6,"enemies":"Jaw Worm Horde","floor":42,"turns":3},{"damage":6,"enemies":"4 Shapes","floor":45,"turns":5},{"damage":0,"enemies":"Writhing Mass","floor":46,"turns":6},{"damage":5,"enemies":"Donu and Deca","floor":50,"turns":11}],"seed_played":"2161720923864208412","potions_obtained":[{"floor":4.0,"key":"PowerPotion"},{"floor":6.0,"key":"EssenceOfSteel"},{"floor":11,"key":"SkillPotion"},{"floor":16,"key":"Fire Potion"},{"floor":20,"key":"Weak Potion"},{"floor":33,"key":"Dexterity Potion"},{"floor":36,"key":"Ancient Potion"}],"is_trial":false,"path_per_floor":["M","M","$","M","M","E","R","M","T","?","M","?","R","M","R","B",null,"M","M","M","?","?","R","$","R","T","?","E","R","$","M","R","B",null,"M","?","M","M","M","M","R","M","T","R","M","M","?","$","R","B",null],"character_chosen":"THE_SERVANT","items_purchased":["Membership Card","Bag of Marbles","Akabeko","SpecialFormula","InstantArmor+1","SilverBlades","Ginger","Moondial+1","Vajra","Good Instincts+1"],"campfire_rested":1,"item_purchase_floors":[24,24,24,24,30,30,48,48,48,48],"current_hp_per_floor":[65,61,61,61,57,38,57,57,57,62,62,55,55,55,55,43,70,57,57,57,57,57,57,57,57,57,57,63,63,63,65,65,62,70,69,70,70,62,69,70,70,64,64,64,64,70,70,70,70,70],"gold":11,"neow_bonus":"RANDOM_COMMON_RELIC","is_daily":false,"chose_seed":false,"campfire_upgraded":9,"win_rate":0.0,"timestamp":1607956036,"path_taken":["M","?","$","M","M","E","R","M","T","?","M","?","R","M","R","BOSS","M","M","M","?","?","R","?","R","T","?","E","R","?","M","R","BOSS","M","?","M","M","M","M","R","M","T","R","M","M","?","$","R","BOSS"],"items_purchased_type":["Relic","Relic","Relic","Card","Card","Card","Relic","Card","Relic","Card"],"build_version":"2020-12-13","purchased_purges":2,"victory":true,"max_hp_per_floor":[65,65,65,65,65,65,65,65,65,70,70,70,70,70,70,70,70,70,70,70,70,70,70,70,70,70,70,70,70,70,70,70,70,70,70,70,70,70,70,70,70,70,70,70,70,70,70,70,70,70],"card_choices":[{"not_picked":["Moondial","DoubleEdge"],"picked":"Defy","floor":1.0},{"not_picked":["Alleviate","Revamp"],"picked":"Rearm","floor":2.0},{"not_picked":["Rearm","ShatteredReality"],"picked":"Rewind","floor":4.0},{"not_picked":["TimeWarp","BestPractice"],"picked":"InstantArmor","floor":5.0},{"not_picked":["Revamp","SoulSculpture"],"picked":"Spin","floor":6.0},{"not_picked":["Sabotage","Alleviate"],"picked":"SilverBlades","floor":8.0},{"not_picked":["Revamp","Ricochet"],"picked":"Starlight","floor":11},{"not_picked":["Rearm","Potential"],"picked":"Foresight","floor":14},{"not_picked":["KillingDoll","Deny"],"picked":"SoulSculpture","floor":16},{"not_picked":["Moonlight","Starlight+1","DoubleEdge"],"picked":"SKIP","floor":18},{"not_picked":["Unruled","Rearm+1","Starlight"],"picked":"SKIP","floor":19},{"not_picked":["Replace","Reset"],"picked":"Contraction+1","floor":20},{"not_picked":["Misdirection+1","LightFlow"],"picked":"Potential+1","floor":28},{"not_picked":["Rewind+1","Alleviate+1"],"picked":"Luminosity","floor":31},{"not_picked":["KillingDoll","Solidify+1"],"picked":"Dilation+1","floor":33},{"not_picked":["Misdirection+1","Revamp+1"],"picked":"Hightail+1","floor":35},{"not_picked":["DoubleEdge","Rearm+1"],"picked":"Rewind+1","floor":36},{"not_picked":["Collapse","StarChef"],"picked":"ShatteredReality+1","floor":37},{"not_picked":["Ricochet+1","Alleviate+1","Read+1"],"picked":"SKIP","floor":38},{"not_picked":["Read+1","SpecialFormula+1","Alleviate+1"],"picked":"SKIP","floor":39},{"not_picked":["Misdirection+1","Snipe+1"],"picked":"Barrier+1","floor":40},{"not_picked":["Starlight","Snipe"],"picked":"GearUp+1","floor":42},{"not_picked":["Ricochet+1","ShatteredReality"],"picked":"Replace+1","floor":45},{"not_picked":["Deny+1","Potential+1","DoubleEdge"],"picked":"SKIP","floor":46}],"player_experience":710517,"relics_obtained":[{"floor":6.0,"key":"Pen Nib"},{"floor":9.0,"key":"Shuriken"},{"floor":26,"key":"Toxic Egg 2"},{"floor":28,"key":"Incense Burner"},{"floor":36,"key":"PocketWatch"},{"floor":43,"key":"Kunai"}],"event_choices":[{"damage_healed":0,"gold_gain":0,"player_choice":"Donut","damage_taken":0,"max_hp_gain":5,"max_hp_loss":0,"event_name":"Big Fish","floor":10,"gold_loss":0},{"cards_removed":["Strike_S"],"damage_healed":0,"gold_gain":0,"player_choice":"Card Removal","damage_taken":7,"max_hp_gain":0,"max_hp_loss":0,"event_name":"Golden Wing","floor":12,"gold_loss":0},{"damage_healed":0,"gold_gain":99,"player_choice":"Steal","damage_taken":0,"max_hp_gain":0,"max_hp_loss":0,"event_name":"betterThird:BetterNest","floor":21,"gold_loss":0},{"damage_healed":0,"gold_gain":0,"player_choice":"Opened","damage_taken":0,"relics_obtained":["Blood Vial"],"max_hp_gain":0,"max_hp_loss":0,"event_name":"The Mausoleum","floor":22,"gold_loss":0,"cards_obtained":["Writhe"]},{"damage_healed":0,"gold_gain":0,"player_choice":"Simplicity","damage_taken":0,"max_hp_gain":0,"max_hp_loss":6,"event_name":"betterThird:BetterWriting","floor":27,"gold_loss":0},{"damage_healed":0,"gold_gain":0,"player_choice":"Fight","damage_taken":0,"max_hp_gain":0,"max_hp_loss":0,"event_name":"MindBloom","floor":36,"gold_loss":0},{"cards_removed":["Foresight"],"damage_healed":0,"gold_gain":0,"player_choice":"Removed Power","damage_taken":0,"max_hp_gain":0,"max_hp_loss":0,"event_name":"Falling","floor":47,"gold_loss":0}],"is_beta":false,"boss_relics":[{"not_picked":["Calling Bell","Cursed Key"],"picked":"SplendidAttire"},{"not_picked":["StoneMask","Runic Pyramid"],"picked":"MysterySword"}],"items_purged_floors":[3,24],"is_endless":false,"potions_floor_spawned":[4,6,11,16,18,20,33,36,39,42,45,46],"ascension_level":0}}