{"host":"soyfmymeou4emntr","time":1607927123,"event":{"mods":["BaseMod","Minty Spire (QoL Compilation)","Relic Sorter","Relic Stats","StSLib"],"gold_per_floor":[115,115,128,147,13,39,54,54,54,54,73,73,73,103,103,178,178,198,94,94,111,125,155,155,180,180,192,192,219,219,238,238,238,238],"floor_reached":33,"playtime":2117,"items_purged":["Strike_R"],"score":680,"play_id":"110ee6d8-c716-496c-b031-94d14cba4314","local_time":"20201213232523","is_ascension_mode":true,"campfire_choices":[{"data":"Carnage","floor":8.0,"key":"SMITH"},{"floor":10.0,"key":"REST"},{"data":"Burning Pact","floor":12.0,"key":"SMITH"},{"floor":15.0,"key":"REST"},{"floor":24.0,"key":"REST"},{"data":"Juggernaut","floor":30,"key":"SMITH"},{"floor":32,"key":"REST"}],"circlet_count":0,"master_deck":["AscendersBane","Strike_R","Strike_R","Defend_R","Defend_R","Defend_R","Defend_R","Bash","Uppercut","Shrug It Off","Burning Pact+1","Flame Barrier","Carnage+1","Shrug It Off","Pommel Strike","Flex","Immolate","Bludgeon","Pommel Strike","Clothesline","Juggernaut+1","Burning Pact+1","Warcry+1"],"relics":["Philosopher\u0027s Stone","InkBottle","Bottled Lightning","HornCleat","Cursed Key","The Courier","Nunchaku","Toxic Egg 2"],"acts_visited":["Exordium","TheCity"],"potions_floor_usage":[33],"damage_taken":[{"damage":11.0,"enemies":"Small Slimes","floor":1.0,"turns":3.0},{"damage":0.0,"enemies":"2 Louse","floor":3.0,"turns":2.0},{"damage":0.0,"enemies":"Cultist","floor":4.0,"turns":3.0},{"damage":35.0,"enemies":"Lagavulin","floor":6.0,"turns":7.0},{"damage":9.0,"enemies":"Gremlin Gang","floor":7.0,"turns":4.0},{"damage":7.0,"enemies":"Large Slime","floor":11.0,"turns":7.0},{"damage":32.0,"enemies":"3 Sentries","floor":14.0,"turns":9.0},{"damage":15.0,"enemies":"The Guardian","floor":16.0,"turns":15.0},{"damage":0.0,"enemies":"Spheric Guardian","floor":18.0,"turns":3.0},{"damage":0.0,"enemies":"Chosen","floor":21.0,"turns":2.0},{"damage":23.0,"enemies":"Snake Plant","floor":22.0,"turns":5.0},{"damage":9.0,"enemies":"Gremlin Leader","floor":23.0,"turns":3.0},{"damage":5.0,"enemies":"Slavers","floor":25.0,"turns":3.0},{"damage":0,"enemies":"Snecko","floor":27,"turns":3},{"damage":0,"enemies":"Gremlin Leader","floor":29,"turns":3},{"damage":18,"enemies":"Sentry and Sphere","floor":31,"turns":4},{"damage":107,"enemies":"Champ","floor":33,"turns":13}],"seed_played":"6875930486254527933","potions_obtained":[{"floor":6.0,"key":"GamblersBrew"},{"floor":7.0,"key":"DuplicationPotion"},{"floor":14.0,"key":"DuplicationPotion"},{"floor":16.0,"key":"DistilledChaos"},{"floor":25.0,"key":"BloodPotion"}],"is_trial":false,"path_per_floor":["M","?","M","M","$","E","M","R","T","R","M","R","?","E","R","B",null,"M","$","?","M","M","E","R","E","T","M","?","E","R","M","R","B"],"character_chosen":"IRONCLAD","items_purchased":["Flame Barrier","Weak Potion","Clothesline"],"campfire_rested":4,"item_purchase_floors":[5,5,19],"current_hp_per_floor":[57,62,62,62,62,27,18,18,18,42,35,35,35,3,27,12,63,63,63,63,63,40,31,55,50,50,50,50,50,50,32,56,0,0],"gold":238,"neow_bonus":"BOSS_RELIC","is_daily":false,"chose_seed":false,"campfire_upgraded":3,"win_rate":0.0,"timestamp":1607927123,"path_taken":["M","?","M","M","$","E","M","R","T","R","M","R","?","E","R","BOSS","M","$","?","M","M","E","R","E","T","?","?","E","R","?","R","BOSS"],"items_purchased_type":["Card","Potion","Card"],"build_version":"2020-12-13","purchased_purges":1,"victory":false,"max_hp_per_floor":[75,80,80,80,80,80,80,80,80,80,80,80,80,80,80,80,80,80,80,80,80,80,80,80,80,80,80,80,80,80,80,80,80,80],"relic_stats":{"Nunchaku":[4],"counters":[17,89],"Cursed Key":0,"obtain_stats":[{"Nunchaku":25,"HornCleat":14,"Philosopher\u0027s Stone":0,"The Courier":23,"Bottled Lightning":9,"Toxic Egg 2":29,"Cursed Key":17,"Burning Blood":0,"InkBottle":6},{"Nunchaku":13,"HornCleat":7,"Philosopher\u0027s Stone":0,"The Courier":12,"Bottled Lightning":5,"Toxic Egg 2":15,"Cursed Key":8,"Burning Blood":0,"InkBottle":4},{"Nunchaku":66,"HornCleat":35,"Philosopher\u0027s Stone":0,"The Courier":63,"Bottled Lightning":19,"Toxic Egg 2":72,"Cursed Key":50,"Burning Blood":0,"InkBottle":15}],"InkBottle":[21]},"card_choices":[{"not_picked":["Headbutt","Perfected Strike"],"picked":"Uppercut","floor":1.0},{"not_picked":["Anger","Infernal Blade"],"picked":"Shrug It Off","floor":3.0},{"not_picked":["Body Slam","Warcry"],"picked":"Burning Pact","floor":4.0},{"not_picked":["Clothesline","Seeing Red"],"picked":"Carnage","floor":6.0},{"not_picked":["Flex","Dropkick"],"picked":"Shrug It Off","floor":7.0},{"not_picked":["Armaments","Combust"],"picked":"Pommel Strike","floor":11.0},{"not_picked":["Feel No Pain","Perfected Strike"],"picked":"Immolate","floor":14.0},{"not_picked":["Immolate","Exhume"],"picked":"Bludgeon","floor":16.0},{"not_picked":["Bloodletting","Clash"],"picked":"Pommel Strike","floor":18.0},{"not_picked":["Iron Wave","Blood for Blood","Sentinel"],"picked":"SKIP","floor":21.0},{"not_picked":["Perfected Strike","Iron Wave","Wild Strike"],"picked":"SKIP","floor":22.0},{"not_picked":["Flex","True Grit","Iron Wave"],"picked":"SKIP","floor":23.0},{"not_picked":["Flex","True Grit","Iron Wave"],"picked":"SKIP","floor":23.0},{"not_picked":["Heavy Blade","Metallicize"],"picked":"Juggernaut","floor":25.0},{"not_picked":["Clothesline","Rupture","True Grit"],"picked":"SKIP","floor":27},{"not_picked":["Perfected Strike+1","Sword Boomerang","Clash"],"picked":"SKIP","floor":29},{"not_picked":["Iron Wave","Blood for Blood"],"picked":"Warcry+1","floor":31}],"player_experience":2482435,"relics_obtained":[{"floor":6.0,"key":"InkBottle"},{"floor":9.0,"key":"Bottled Lightning"},{"floor":14.0,"key":"HornCleat"},{"floor":23.0,"key":"The Courier"},{"floor":25.0,"key":"Nunchaku"},{"floor":29,"key":"Toxic Egg 2"}],"event_choices":[{"damage_healed":0.0,"max_hp_gain":5.0,"max_hp_loss":0.0,"gold_gain":0.0,"event_name":"Big Fish","player_choice":"Donut","floor":2.0,"gold_loss":0.0,"damage_taken":0.0},{"damage_healed":0.0,"max_hp_gain":0.0,"max_hp_loss":0.0,"gold_gain":0.0,"cards_transformed":["Strike_R"],"event_name":"Transmorgrifier","player_choice":"Transformed","floor":13.0,"gold_loss":0.0,"damage_taken":0.0,"cards_obtained":["Flex"]},{"cards_removed":["Strike_R"],"damage_healed":0.0,"max_hp_gain":0.0,"max_hp_loss":0.0,"gold_gain":0.0,"event_name":"Bonfire Elementals","player_choice":"Offered Basic","floor":20.0,"gold_loss":0.0,"damage_taken":0.0},{"damage_healed":0,"gold_gain":0,"player_choice":"Copied","damage_taken":0,"max_hp_gain":0,"max_hp_loss":0,"event_name":"Duplicator","floor":28,"gold_loss":0,"cards_obtained":["Burning Pact"]}],"is_beta":false,"boss_relics":[{"not_picked":["Ectoplasm","Mark of Pain"],"picked":"Cursed Key"}],"items_purged_floors":[19],"is_endless":false,"potions_floor_spawned":[6,7,14,16,21,25],"killed_by":"Champ","ascension_level":20}}