{"host":"eyd8pf3bw1xm0qjv","time":1607963116,"event":{"mods":["AchievementEnabler","Aspiration","Bard","BaseMod","Beaked The Cultist","BetterRewards","CCEM","Challenge The Spire","Clawfect","Colored Map","Conspire","Downfall","Duelist Mod","Ekko","GifTheSpireLib","Glutton Mod","Googly Eyes","Halation","Hermit","Highlight Path","Hubris","Jedi Mod","Jorbs\u0027s Wanderer Trilogy","Mad Scientist","Marisa????????","Mimic Mod","Minty Spire (QoL Compilation)","Permanent Neow","Potionbrewer","Relic Sorter","Replay The Spire","StSLib","Stuff the Spire","The Administrix","The Animator","The Blackbeard","The Bug Knight","The Construct","The Cursed","The Dragon Tamer","The Florist","The Gatherer","The Hierophant","The IronCluck","The Jungle","The Mystic","The Necromancer","The Problem Sleuth","The Runesmith","The Servant 0.9.4","The Spell Scribe","vexMod"],"gold_per_floor":[118,137,1,1,1,1,17,17,42,76,76,113,138,149,149,254,254,264,3,18,32,32,67,84,123,139,139,139,41,56,56,160,160,177,177,196,124,124,138,138,138],"floor_reached":42,"playtime":2822,"items_purged":["Delirium"],"score":476,"play_id":"ba5999e4-4384-42c7-85a5-3a29876d3cf5","local_time":"20201214112516","is_ascension_mode":false,"campfire_choices":[{"data":"Summon_Undead_Army","floor":6,"key":"SMITH"},{"data":"Skeleton_Dragon","floor":11,"key":"SMITH"},{"floor":15,"key":"REST"},{"floor":23,"key":"REST"},{"floor":29,"key":"REST"},{"floor":32,"key":"REST"},{"floor":40,"key":"REST"}],"circlet_count":0,"master_deck":["Strike_W+1","Strike_W","Strike_W","Strike_W","Defend_W+1","Defend_W+1","Defend_W+1","Defend_W","Negative_Energy_Arrows+1","Bone_Wall","Bone_Spikes","Finger_Of_Death","Summon_Undead_Army+1","Summon_Undead+1","Summon_Undead+1","StuffTheSpire:CuriosityCurse","Skeleton_Dragon+1","Bone_Prison","Bone_Shift","Bone_Armory","Necrotic_Claws","Cloudkill","Flesh_Made_Foul","Summon_Undead_Army","Negative_Energy_Mist","Negative_Energy_Mist","Pandemic","Bone_Prison+1","Shade_Step","Spectral_Armor","Corrupt","Bone_Armor","Summon_Undead_Army","Vampiric_Strike","Summon_Death_Knight","Summon_Undead_Army","Summon_Lich","Siphon_Strength"],"relics":["Vampire_Amulet","jedi:purplefairy","Orichalcum","jedi:arcanewood","hubris:Teleporter","Gremlin Food","hubris:GrandSneckoEye","Anchor","jedi:archwizardhat","SlaversCollar"],"acts_visited":["Exordium","theJungle:Jungle","TheBeyond"],"potions_floor_usage":[13,14,14,16,21,24,24,25,25,25,27,31,37,42,42],"damage_taken":[{"damage":26,"enemies":"Cultist","floor":1,"turns":7},{"damage":2,"enemies":"Small Slimes","floor":2,"turns":4},{"damage":0,"enemies":"2 Louse","floor":7,"turns":3},{"damage":9,"enemies":"Gremlin Nob","floor":10,"turns":4},{"damage":3,"enemies":"Large Slime","floor":12,"turns":5},{"damage":11,"enemies":"Lagavulin","floor":13,"turns":5},{"damage":8,"enemies":"Large Slime","floor":14,"turns":4},{"damage":37,"enemies":"The Guardian","floor":16,"turns":9},{"damage":1,"enemies":"theJungle:Flameango_and_Byrd","floor":18,"turns":5},{"damage":2,"enemies":"theJungle:5_Spyders","floor":21,"turns":6},{"damage":23,"enemies":"theJungle:2_Snecko_Cultists","floor":22,"turns":4},{"damage":3,"enemies":"theJungle:2_Phrogs","floor":24,"turns":6},{"damage":44,"enemies":"theJungle:2_Flameangoes","floor":25,"turns":5},{"damage":5,"enemies":"theJungle:Lyon","floor":26,"turns":6},{"damage":14,"enemies":"theJungle:Lyon","floor":27,"turns":4},{"damage":29,"enemies":"theJungle:JungleHuntersEncounter","floor":31,"turns":5},{"damage":22,"enemies":"theJungle:QueenSpyder","floor":33,"turns":12},{"damage":25,"enemies":"3 Shapes","floor":35,"turns":4},{"damage":57,"enemies":"3 Darklings","floor":37,"turns":5},{"damage":16,"enemies":"Sphere and 2 Shapes","floor":41,"turns":6},{"damage":32,"enemies":"Giant Head","floor":42,"turns":7}],"seed_played":"-1377909668242519270","potions_obtained":[{"floor":10,"key":"Weak Potion"},{"floor":13,"key":"EntropicBrew"},{"floor":16,"key":"Block Potion"},{"floor":18,"key":"Explosive Potion"},{"floor":22,"key":"potionbrewer:SplittingPotion"},{"floor":25,"key":"jedi:StrikingPotion"},{"floor":27,"key":"sneckomod:MuddlingPotion"},{"floor":36,"key":"potionbrewer:AcidPotion"},{"floor":36,"key":"Dexterity Potion"},{"floor":36,"key":"potionbrewer:DiscountPotion"},{"floor":37,"key":"Dexterity Potion"}],"is_trial":false,"path_per_floor":["M","M","$","?","?","R","M","$","T","E","R","MIM","E","M","R","B",null,"M","$","M","M","R","E","M","MIM","M","?","R","$","M","R","B",null,"M","?","M","$","R","M","E"],"character_chosen":"NECROMANCER","items_purchased":["Summon_Undead_Army","Summon_Undead","Summon_Undead_Army","Negative_Energy_Mist","Pandemic","Bone_Armor","Summon_Undead_Army","Summon_Lich"],"campfire_rested":5,"item_purchase_floors":[3,3,20,20,20,30,30,38],"current_hp_per_floor":[51,53,53,38,38,43,47,47,47,49,50,49,40,36,58,23,75,75,75,75,56,75,75,35,41,29,37,59,59,34,56,58,75,56,56,4,4,26,16,0,0],"gold":138,"neow_bonus":"ONE_RARE_RELIC","is_daily":false,"chose_seed":false,"campfire_upgraded":2,"win_rate":0.0,"timestamp":1607963116,"path_taken":["M","M","?","?","?","R","M","$","T","E","R","?","E","M","R","BOSS","M","$","M","M","R","E","M","MIM","M","?","R","$","?","R","BOSS","M","?","M","$","R","?","E"],"items_purchased_type":["Card","Card","Card","Card","Card","Card","Card","Card"],"build_version":"2020-12-13","purchased_purges":1,"victory":false,"max_hp_per_floor":[75,75,75,75,75,75,75,75,75,75,75,75,75,75,75,75,75,75,75,75,75,75,75,75,75,75,75,75,75,75,75,75,75,75,75,75,75,75,75,75,75],"card_choices":[{"not_picked":["Blood_Curse","Epidemic"],"picked":"Bone_Spikes","floor":1},{"not_picked":["Vampiric_Strike","Bones_to_Steel"],"picked":"Finger_Of_Death","floor":2},{"not_picked":["Siphon_Strength","Blood_Shield"],"picked":"Skeleton_Dragon","floor":7},{"not_picked":["Chill_Blood","Blood_Curse"],"picked":"Bone_Prison","floor":10},{"not_picked":["Toxic_Smoke_Screen","Death_March_Dance"],"picked":"Bone_Shift","floor":12},{"not_picked":["Hellfire","Negative_Energy_Shield"],"picked":"Bone_Armory","floor":13},{"not_picked":["Shackles_Of_Pain","Chill_Blood"],"picked":"Necrotic_Claws","floor":14},{"not_picked":["Grasp_Heart","Blood_Magic"],"picked":"Cloudkill","floor":16},{"not_picked":["Death_March_Dance","Chill_Blood"],"picked":"Flesh_Made_Foul","floor":18},{"not_picked":["Death_March_Dance+1","Chill_Blood"],"picked":"Bone_Prison+1","floor":21},{"not_picked":["Whirlwind_of_Bones","Death_Coil"],"picked":"Shade_Step","floor":22},{"not_picked":["Negative_Energy_Shield","Bone_Bullets"],"picked":"Spectral_Armor","floor":24},{"not_picked":["Necromantic_Selection","Chill_Blood","Blood_Curse"],"picked":"SKIP","floor":25},{"not_picked":["Blood_Curse+1","Bones_to_Steel"],"picked":"Corrupt","floor":27},{"not_picked":["Detonate_Bones","Blood_Curse"],"picked":"Vampiric_Strike","floor":31},{"not_picked":["Blood_Magic","Detonate_Bones"],"picked":"Summon_Death_Knight","floor":33},{"not_picked":["Scare","Spectral_Walk"],"picked":"Summon_Undead_Army","floor":35},{"not_picked":["Shackles_Of_Pain","Bones_to_Steel","Blood_Shield+1"],"picked":"SKIP","floor":37},{"not_picked":["Bones_to_Steel","Bone_Spikes"],"picked":"Siphon_Strength","floor":41}],"player_experience":144977,"relics_obtained":[{"floor":9,"key":"jedi:arcanewood"},{"floor":10,"key":"hubris:Teleporter"},{"floor":13,"key":"Gremlin Food"},{"floor":24,"key":"Anchor"},{"floor":26,"key":"jedi:archwizardhat"}],"event_choices":[{"damage_healed":0,"gold_gain":0,"player_choice":"Entered Light","damage_taken":15,"max_hp_gain":0,"max_hp_loss":0,"event_name":"Shining Light","floor":4,"gold_loss":0,"cards_upgraded":["Summon_Undead","Negative_Energy_Arrows"]},{"damage_healed":0,"gold_gain":0,"player_choice":"Got Potions","damage_taken":0,"max_hp_gain":0,"max_hp_loss":0,"event_name":"Lab","floor":36,"gold_loss":0}],"is_beta":false,"boss_relics":[{"not_picked":["conspire:SpecialSausage","Replay:Bronze Core"],"picked":"hubris:GrandSneckoEye"},{"not_picked":["ChewingGum","halation:CatFaceCupcake"],"picked":"SlaversCollar"}],"items_purged_floors":[20],"is_endless":false,"potions_floor_spawned":[10,13,16,18,22,25,27,37],"killed_by":"Giant Head","ascension_level":0}}