{"host":"8dhn6p16jorj0i1s","time":1607949338,"event":{"mods":["BaseMod","Colored Map","DeckTracker","Minty Spire (QoL Compilation)","Permanent Neow","Quick Restart"],"gold_per_floor":[111,123,143,158,83,83,117,117,190,190,205,235,235,255,255,357,357,370,384,483,483,383,411,411,411,484,497,530,530,546,559,559,657,657,675,675,730,533,549,549,581,581,581,616,891,314,346,357,357,357],"floor_reached":51,"playtime":2929,"items_purged":["Regret","Dualcast","Strike_B","Defend_B"],"score":991,"play_id":"4e10cfec-a222-4d1b-95d9-5f817ae2f8f5","local_time":"20201214133538","is_ascension_mode":true,"campfire_choices":[{"data":"Hyperbeam","floor":6.0,"key":"SMITH"},{"data":"Streamline","floor":8.0,"key":"SMITH"},{"floor":13.0,"key":"DIG"},{"floor":15.0,"key":"DIG"},{"floor":24.0,"key":"DIG"},{"data":"Streamline","floor":29.0,"key":"SMITH"},{"data":"Beam Cell","floor":32.0,"key":"SMITH"},{"data":"Hyperbeam","floor":40.0,"key":"SMITH"},{"floor":42.0,"key":"DIG"},{"floor":49,"key":"REST"}],"circlet_count":0,"master_deck":["Defend_B","Defend_B+1","Defend_B+1","Streamline+1","Hyperbeam+1","Gash","Streamline+1","Gash","Gash","Hyperbeam+1","Streamline","Beam Cell+1","Turbo+1","All For One","Skim+1","Madness+1","Madness+1","Skim+1","Reinforced Body+1","Leap+1","Reinforced Body+1","Coolheaded+1"],"relics":["Cracked Core","Incense Burner","War Paint","Shovel","Centennial Puzzle","Singing Bowl","Philosopher\u0027s Stone","CaptainsWheel","Omamori","Toxic Egg 2","Shuriken","Frozen Egg 2","Empty Cage","TungstenRod","Mango","Happy Flower","Ornamental Fan","Calipers","Torii","MealTicket"],"acts_visited":["Exordium","TheCity","TheBeyond"],"potions_floor_usage":[50,50],"damage_taken":[{"damage":0.0,"enemies":"Cultist","floor":1.0,"turns":2.0},{"damage":0.0,"enemies":"Small Slimes","floor":2.0,"turns":2.0},{"damage":9.0,"enemies":"Jaw Worm","floor":3.0,"turns":2.0},{"damage":9.0,"enemies":"Blue Slaver","floor":4.0,"turns":2.0},{"damage":21.0,"enemies":"Lagavulin","floor":7.0,"turns":5.0},{"damage":7.0,"enemies":"3 Louse","floor":11.0,"turns":2.0},{"damage":5.0,"enemies":"Gremlin Nob","floor":12.0,"turns":3.0},{"damage":0.0,"enemies":"Large Slime","floor":14.0,"turns":2.0},{"damage":0.0,"enemies":"Slime Boss","floor":16.0,"turns":7.0},{"damage":0.0,"enemies":"2 Thieves","floor":18.0,"turns":1.0},{"damage":0.0,"enemies":"Spheric Guardian","floor":19.0,"turns":2.0},{"damage":0.0,"enemies":"Gremlin Leader","floor":23.0,"turns":4.0},{"damage":3.0,"enemies":"Snecko","floor":27.0,"turns":3.0},{"damage":15.0,"enemies":"Slavers","floor":28.0,"turns":2.0},{"damage":23.0,"enemies":"Snake Plant","floor":30.0,"turns":2.0},{"damage":10.0,"enemies":"Centurion and Healer","floor":31.0,"turns":2.0},{"damage":25.0,"enemies":"Champ","floor":33.0,"turns":7.0},{"damage":4.0,"enemies":"Orb Walker","floor":35.0,"turns":2.0},{"damage":38.0,"enemies":"2 Orb Walkers","floor":37.0,"turns":3.0},{"damage":12.0,"enemies":"3 Darklings","floor":39.0,"turns":3.0},{"damage":8.0,"enemies":"Nemesis","floor":41.0,"turns":5.0},{"damage":7.0,"enemies":"Reptomancer","floor":44.0,"turns":3.0},{"damage":0.0,"enemies":"Giant Head","floor":47.0,"turns":6.0},{"damage":0.0,"enemies":"Transient","floor":48.0,"turns":5.0},{"damage":15,"enemies":"Time Eater","floor":50,"turns":8}],"seed_played":"-6214664966011042855","potions_obtained":[{"floor":2.0,"key":"Ancient Potion"},{"floor":4.0,"key":"CultistPotion"},{"floor":7.0,"key":"FearPotion"},{"floor":11.0,"key":"Explosive Potion"},{"floor":14.0,"key":"EntropicBrew"},{"floor":19.0,"key":"EssenceOfSteel"},{"floor":23.0,"key":"Swift Potion"},{"floor":37.0,"key":"Explosive Potion"},{"floor":39.0,"key":"Dexterity Potion"},{"floor":44.0,"key":"Fire Potion"},{"floor":48,"key":"Strength Potion"}],"is_trial":false,"path_per_floor":["M","M","M","M","$","R","E","R","T","?","M","E","R","M","R","B",null,"M","M","?","?","$","E","R","?","T","M","E","R","M","M","R","B",null,"M","?","?","$","M","R","E","R","T","E","?","$","E","M","R","B",null],"character_chosen":"DEFECT","items_purchased":["Reinforced Body+1","Reinforced Body+1","Torii","Weak Potion"],"campfire_rested":1,"item_purchase_floors":[38,46,46,46],"current_hp_per_floor":[75,75,66,57,57,57,36,36,36,36,29,24,24,24,24,24,75,77,77,77,77,77,77,77,77,77,76,63,63,42,32,32,7,83,79,69,31,31,21,21,29,29,29,22,22,22,22,24,54,39],"gold":357,"neow_bonus":"TRANSFORM_TWO_CARDS","is_daily":false,"chose_seed":false,"campfire_upgraded":5,"win_rate":0.0,"timestamp":1607949338,"path_taken":["M","M","M","M","$","R","E","R","T","?","M","E","R","M","R","BOSS","M","?","?","?","?","E","R","?","T","M","E","R","M","M","R","BOSS","M","?","?","$","M","R","E","R","T","E","?","$","E","?","R","BOSS"],"items_purchased_type":["Card","Card","Relic","Potion"],"build_version":"2020-12-13","purchased_purges":4,"victory":true,"max_hp_per_floor":[75,75,75,75,75,75,75,75,75,75,75,75,75,75,75,75,75,77,77,77,77,77,77,77,77,77,79,81,81,83,83,83,83,83,83,83,83,83,85,85,101,101,101,101,101,101,101,103,103,103],"card_choices":[{"not_picked":["Chaos","Go for the Eyes"],"picked":"Gash","floor":1.0},{"not_picked":["Compile Driver","Ball Lightning"],"picked":"Streamline","floor":2.0},{"not_picked":["Auto Shields","Go for the Eyes"],"picked":"Gash","floor":3.0},{"not_picked":["Force Field","Meteor Strike","Rip and Tear"],"picked":"SKIP","floor":4.0},{"not_picked":["Rainbow","Sweeping Beam","Skim"],"picked":"SKIP","floor":7.0},{"not_picked":["Sweeping Beam","Stack","Compile Driver"],"picked":"SKIP","floor":11.0},{"not_picked":["Aggregate","Core Surge","FTL"],"picked":"SKIP","floor":12.0},{"not_picked":["Capacitor","Hologram"],"picked":"Gash","floor":14.0},{"not_picked":["Buffer","Electrodynamics"],"picked":"Hyperbeam","floor":16.0},{"not_picked":["Barrage","Cold Snap","Sweeping Beam+1"],"picked":"Singing Bowl","floor":18.0},{"not_picked":["Ball Lightning+1","Amplify"],"picked":"Streamline","floor":19.0},{"not_picked":["Gash","Rip and Tear+1"],"picked":"Beam Cell","floor":23.0},{"not_picked":["Beam Cell","Rebound","Leap+1"],"picked":"Singing Bowl","floor":27.0},{"not_picked":["Meteor Strike","Melter","Blizzard+1"],"picked":"Singing Bowl","floor":28.0},{"not_picked":["Cold Snap+1","Consume+1","Barrage"],"picked":"Singing Bowl","floor":30.0},{"not_picked":["Coolheaded+1","Reprogram+1"],"picked":"Turbo+1","floor":31.0},{"not_picked":["Rainbow+1","Thunder Strike"],"picked":"All For One","floor":33.0},{"not_picked":["Streamline","Go for the Eyes"],"picked":"Skim+1","floor":35.0},{"not_picked":["Heatsinks+1","Self Repair+1"],"picked":"Skim+1","floor":37.0},{"not_picked":["Coolheaded+1","Gash","Streamline+1"],"picked":"Singing Bowl","floor":39.0},{"not_picked":["Undo+1","Doom and Gloom","Steam Power+1"],"picked":"Singing Bowl","floor":41.0},{"not_picked":["Steam+1","Sweeping Beam+1"],"picked":"Leap+1","floor":44.0},{"not_picked":["Sweeping Beam+1","Streamline"],"picked":"Coolheaded+1","floor":47.0},{"not_picked":["Hologram+1","Streamline","Tempest+1"],"picked":"Singing Bowl","floor":48}],"player_experience":280583,"relics_obtained":[{"floor":7.0,"key":"Incense Burner"},{"floor":12.0,"key":"Shovel"},{"floor":13.0,"key":"Centennial Puzzle"},{"floor":15.0,"key":"Singing Bowl"},{"floor":23.0,"key":"CaptainsWheel"},{"floor":24.0,"key":"Omamori"},{"floor":26.0,"key":"Shuriken"},{"floor":28.0,"key":"Frozen Egg 2"},{"floor":37.0,"key":"TungstenRod"},{"floor":41.0,"key":"Mango"},{"floor":42.0,"key":"Happy Flower"},{"floor":43.0,"key":"Ornamental Fan"},{"floor":44.0,"key":"Calipers"},{"floor":47.0,"key":"MealTicket"}],"event_choices":[{"damage_healed":0.0,"max_hp_gain":0.0,"max_hp_loss":0.0,"gold_gain":0.0,"event_name":"WeMeetAgain","player_choice":"Gave Potion","floor":10.0,"gold_loss":0.0,"damage_taken":0.0,"relics_obtained":["War Paint"]},{"damage_healed":0.0,"max_hp_gain":0.0,"max_hp_loss":0.0,"gold_gain":99.0,"event_name":"Nest","player_choice":"Stole From Cult","floor":20.0,"gold_loss":0.0,"damage_taken":0.0},{"damage_healed":0.0,"max_hp_gain":0.0,"max_hp_loss":0.0,"gold_gain":0.0,"event_name":"Vampires","player_choice":"Ignored","floor":21.0,"gold_loss":0.0,"damage_taken":0.0},{"damage_healed":0.0,"max_hp_gain":0.0,"max_hp_loss":0.0,"gold_gain":0.0,"event_name":"The Mausoleum","player_choice":"Opened","floor":25.0,"gold_loss":0.0,"damage_taken":0.0,"relics_obtained":["Toxic Egg 2"]},{"damage_healed":0.0,"max_hp_gain":0.0,"max_hp_loss":0.0,"gold_gain":0.0,"event_name":"Winding Halls","player_choice":"Embrace Madness","floor":36.0,"gold_loss":0.0,"damage_taken":10.0,"cards_obtained":["Madness","Madness"]},{"damage_healed":0.0,"max_hp_gain":0.0,"max_hp_loss":0.0,"gold_gain":0.0,"event_name":"Mysterious Sphere","player_choice":"Fight","floor":37.0,"gold_loss":0.0,"damage_taken":0.0},{"damage_healed":0.0,"max_hp_gain":0.0,"max_hp_loss":0.0,"gold_gain":275.0,"event_name":"Golden Shrine","player_choice":"Desecrate","floor":45.0,"gold_loss":0.0,"damage_taken":0.0,"cards_obtained":["Regret"]}],"is_beta":false,"boss_relics":[{"not_picked":["Runic Dome","SacredBark"],"picked":"Philosopher\u0027s Stone"},{"not_picked":["Pandora\u0027s Box","Sozu"],"picked":"Empty Cage"}],"items_purged_floors":[5,22,38,46],"is_endless":false,"potions_floor_spawned":[2,4,7,11,14,19,23,37,39,44,48],"ascension_level":2}}