{"host":"y1t8p8u0dxvsm95y","time":1607981513,"event":{"mods":["BaseMod","Colored Map","Colored Powertips","Downfall","Hermit","Infinite Spire","Minty Spire (QoL Compilation)","Quick Restart","Somnambulant","StSLib","The Blackbeard","The Clintock","The Construct","The Cursed","The Elementalist","The Exalted","The Factory","The Forsaken","The Hayseed","The Hierophant","The Judge","The Jungle","The Mystic","The Necromancer","The Problem Sleuth","The Runesmith","The Senshi","The Servant 0.9.4","The Wild Card","TheBandit"],"gold_per_floor":[118,134,134,134,134,134,134,174,174,174,174,207,219,252,264,397,409,444,426,20,39,39,39,57,57,57,78,98,98,98,98,98,98,98,98],"floor_reached":33,"playtime":1690,"items_purged":[],"score":251,"play_id":"8a4119cc-2d4a-4e21-ac6c-b69255792641","local_time":"20201214163153","is_ascension_mode":false,"campfire_choices":[{"data":"theSleuth:Diplomacy","floor":7,"key":"SMITH"},{"floor":11,"key":"REST"},{"floor":15,"key":"REST"},{"floor":23,"key":"REST"},{"data":"theSleuth:HairpinMachinegun","floor":25,"key":"SMITH"},{"floor":30,"key":"REST"},{"floor":32,"key":"REST"}],"circlet_count":0,"master_deck":["theSleuth:Strike","theSleuth:Strike","theSleuth:Strike","theSleuth:Strike","theSleuth:Defend","theSleuth:Defend","theSleuth:Defend","theSleuth:KeyHandgun","theSleuth:TakeInventory","theSleuth:Diplomacy+1","theSleuth:Deprogram","theSleuth:Ignore","elementalist:Fire_Emblem","theSleuth:BenStillerBust","theSleuth:BiteHardly","theSleuth:ClubClubClub","theSleuth:CandyCorn","theSleuth:HeartStab","theSleuth:RollBoxcars","theSleuth:PezUzi+1","theSleuth:CandyCane","theSleuth:ForceDeck","theSleuth:CandyCorn","theSleuth:KeyringTommygun+1","theSleuth:LeverageHeight","theSleuth:HairpinMachinegun+1","theSleuth:WilsonBust","theSleuth:CandyCorn+1","J.A.X."],"relics":["theSleuth:Typewriter","Golden Idol","Happy Flower","theForsaken:Gavel","Gambling Chip","MawBank","theForsaken:PaleLantern","theForsaken:ScaryMask","Bromod:ArcaneGuardian"],"acts_visited":["Exordium","TheCity"],"potions_floor_usage":[8,8,21,21,27,28,28],"damage_taken":[{"damage":0,"enemies":"Jaw Worm","floor":1,"turns":6},{"damage":0,"enemies":"Cultist","floor":2,"turns":3},{"damage":29,"enemies":"Lagavulin","floor":8,"turns":8},{"damage":43,"enemies":"Gremlin Nob","floor":12,"turns":6},{"damage":0,"enemies":"Small Slimes","floor":14,"turns":4},{"damage":22,"enemies":"Hexaghost","floor":16,"turns":12},{"damage":16,"enemies":"Chosen","floor":18,"turns":5},{"damage":13,"enemies":"2 Thieves","floor":21,"turns":5},{"damage":10,"enemies":"Snecko","floor":24,"turns":7},{"damage":19,"enemies":"Chosen and Byrds","floor":27,"turns":9},{"damage":12,"enemies":"Snake Plant","floor":28,"turns":4},{"damage":30,"enemies":"Colosseum Slavers","floor":31,"turns":6},{"damage":62,"enemies":"Automaton","floor":33,"turns":6}],"seed_played":"511770666962253639","potions_obtained":[{"floor":1,"key":"Strength Potion"},{"floor":2,"key":"LiquidBronze"},{"floor":14,"key":"FearPotion"},{"floor":19,"key":"hexamod:EctoCoolerPotion"},{"floor":19,"key":"SneckoOil"},{"floor":24,"key":"Fire Potion"},{"floor":27,"key":"SteroidPotion"}],"is_trial":false,"path_per_floor":["M","M","?","?","?","?","R","E","T","?","R","E","?","M","R","B",null,"M","?","$","M","$","R","M","R","T","M","M","?","R","?","R","B"],"character_chosen":"THE_sleuth","items_purchased":["theSleuth:CandyCane","theForsaken:ScaryMask","theSleuth:ForceDeck","theSleuth:CandyCorn"],"campfire_rested":5,"item_purchase_floors":[20,20,20,20],"current_hp_per_floor":[80,80,80,80,74,74,74,45,45,45,67,24,24,24,46,24,74,58,58,58,45,45,67,57,57,57,38,26,26,48,18,40,0,0,0],"gold":98,"neow_bonus":"TEN_PERCENT_HP_BONUS","is_daily":false,"chose_seed":false,"campfire_upgraded":2,"win_rate":0.0,"timestamp":1607981513,"path_taken":["M","M","?","?","?","?","R","E","T","?","R","E","?","M","R","BOSS","M","?","$","?","$","R","M","R","T","M","M","?","R","?","R","BOSS"],"items_purchased_type":["Card","Relic","Card","Card"],"build_version":"2020-12-13","purchased_purges":0,"victory":false,"max_hp_per_floor":[80,80,80,80,74,74,74,74,74,74,74,74,74,74,74,74,74,74,74,74,74,74,74,74,74,74,74,74,74,74,74,74,74,74,74],"card_choices":[{"not_picked":["theSleuth:Fortify","theSleuth:Appropriate"],"picked":"theSleuth:Deprogram","floor":1},{"not_picked":["theSleuth:Ogle","theSleuth:Pepperminthryl"],"picked":"theSleuth:Ignore","floor":2},{"not_picked":["theSleuth:TootsieRollFrankenstein","theSleuth:Fortune"],"picked":"theSleuth:BenStillerBust","floor":8},{"not_picked":["theSleuth:CandyCorn","theSleuth:TruffleShuffle"],"picked":"theSleuth:ClubClubClub","floor":12},{"not_picked":["theSleuth:TorsoFlail","theSleuth:CharismaBlast"],"picked":"theSleuth:CandyCorn","floor":14},{"not_picked":["theSleuth:TheZillyhammer","theSleuth:Supermassive"],"picked":"theSleuth:RollBoxcars","floor":16},{"not_picked":["theSleuth:BenStillerBust","theSleuth:Unscale"],"picked":"theSleuth:PezUzi+1","floor":18},{"not_picked":["theSleuth:ThinkAhead+1","theSleuth:Deprogram"],"picked":"theSleuth:KeyringTommygun+1","floor":21},{"not_picked":["theSleuth:Appropriate","theSleuth:HandCannon"],"picked":"theSleuth:HairpinMachinegun","floor":24},{"not_picked":["theSleuth:ThinkAhead","theSleuth:RetainReturn"],"picked":"theSleuth:WilsonBust","floor":27},{"not_picked":["theSleuth:Ignore","theSleuth:TruffleShuffle"],"picked":"theSleuth:CandyCorn+1","floor":28}],"player_experience":1178974,"relics_obtained":[{"floor":8,"key":"Happy Flower"},{"floor":9,"key":"theForsaken:Gavel"},{"floor":12,"key":"MawBank"},{"floor":26,"key":"Bromod:ArcaneGuardian"}],"event_choices":[{"damage_healed":0,"gold_gain":0,"player_choice":"Ignored","damage_taken":0,"max_hp_gain":0,"max_hp_loss":0,"event_name":"Golden Wing","floor":3,"gold_loss":0},{"damage_healed":0,"gold_gain":0,"player_choice":"Lose Max HP","damage_taken":0,"relics_obtained":["Golden Idol"],"max_hp_gain":0,"max_hp_loss":6,"event_name":"Golden Idol","floor":5,"gold_loss":0},{"damage_healed":0,"gold_gain":0,"player_choice":"Searched \u00271\u0027 times","damage_taken":0,"relics_obtained":["Gambling Chip"],"max_hp_gain":0,"max_hp_loss":0,"event_name":"Dead Adventurer","floor":10,"gold_loss":0},{"damage_healed":0,"gold_gain":0,"player_choice":"Bought 2 Potions","damage_taken":0,"max_hp_gain":0,"max_hp_loss":0,"event_name":"The Woman in Blue","floor":19,"gold_loss":0},{"damage_healed":0,"gold_gain":0,"player_choice":"Obtain J.A.X.","damage_taken":0,"max_hp_gain":0,"max_hp_loss":0,"event_name":"Drug Dealer","floor":29,"gold_loss":0,"cards_obtained":["J.A.X."]},{"damage_healed":0,"gold_gain":0,"player_choice":"Fight","damage_taken":0,"max_hp_gain":0,"max_hp_loss":0,"event_name":"Colosseum","floor":31,"gold_loss":0},{"damage_healed":0,"gold_gain":0,"player_choice":"Fled From Nobs","damage_taken":0,"max_hp_gain":0,"max_hp_loss":0,"event_name":"Colosseum","floor":31,"gold_loss":0}],"is_beta":false,"boss_relics":[{"not_picked":["Pandora\u0027s Box","Philosopher\u0027s Stone"],"picked":"theForsaken:PaleLantern"}],"items_purged_floors":[],"is_endless":false,"potions_floor_spawned":[1,2,14,24,27,31],"killed_by":"Automaton","ascension_level":0}}