{"host":"fflyk188z5ncxlup","time":1607928749,"event":{"mods":["AchievementEnabler","BaseMod","Bestiary","Better Third Choice","Block Reminder","Colored Map","Colored Powertips","DeckTracker","Googly Eyes","Minty Spire (QoL Compilation)","StSLib","SuperFastMode"],"gold_per_floor":[113,113,113,126,58,58,85,95,121,147,76,92,92,104,104,104,199,199,211,136,147,158,257,257,257],"floor_reached":24,"playtime":666,"items_purged":["Strike_G"],"score":274,"play_id":"a137afbc-93f4-4725-95b9-c2d88eab7c81","local_time":"20201214155229","is_ascension_mode":true,"campfire_choices":[{"data":"Poisoned Stab","floor":6,"key":"SMITH"},{"floor":13,"key":"REST"},{"floor":16,"key":"REST"}],"circlet_count":0,"master_deck":["Strike_G","Strike_G","Strike_G","Strike_G","Defend_G","Defend_G","Defend_G","Defend_G","Defend_G","Survivor","Neutralize+1","Cloak And Dagger","Poisoned Stab+1","Blur","Bullet Time","Backflip","Noxious Fumes","Deflect","Bouncing Flask","Fusion","Night Terror","Poisoned Stab","Bane+1"],"relics":["SacredBark","Bronze Scales","Pen Nib","Boot","Centennial Puzzle","Cursed Key"],"acts_visited":["Exordium","TheCity"],"potions_floor_usage":[7,21,24,24],"damage_taken":[{"damage":0,"enemies":"Small Slimes","floor":1,"turns":3},{"damage":0,"enemies":"Cultist","floor":4,"turns":5},{"damage":29,"enemies":"Gremlin Nob","floor":7,"turns":5},{"damage":1,"enemies":"2 Louse","floor":8,"turns":2},{"damage":14,"enemies":"Large Slime","floor":12,"turns":6},{"damage":5,"enemies":"3 Louse","floor":14,"turns":4},{"damage":8,"enemies":"The Guardian","floor":17,"turns":9},{"damage":9,"enemies":"Spheric Guardian","floor":19,"turns":5},{"damage":0,"enemies":"3 Byrds","floor":21,"turns":2},{"damage":42,"enemies":"3 Cultists","floor":22,"turns":6},{"damage":18,"enemies":"Slavers","floor":24,"turns":1}],"seed_played":"2462849841942265975","potions_obtained":[{"floor":4,"key":"Swift Potion"},{"floor":7,"key":"CultistPotion"},{"floor":12,"key":"AttackPotion"},{"floor":19,"key":"Dexterity Potion"}],"is_trial":false,"path_per_floor":["M","?","$","M","$","R","E","M","T","T","$","M","R","M","?","R","B",null,"M","$","M","M","?","E"],"character_chosen":"THE_SILENT","items_purchased":["Blur","Noxious Fumes"],"campfire_rested":2,"item_purchase_floors":[5,11],"current_hp_per_floor":[63,63,63,63,63,63,34,33,33,33,33,19,40,35,27,48,40,63,54,54,54,12,12,0,0],"gold":257,"neow_bonus":"BOSS_RELIC","is_daily":false,"chose_seed":false,"campfire_upgraded":1,"win_rate":0.0,"timestamp":1607928749,"path_taken":["M","?","$","?","$","R","E","M","T","T","?","M","R","M","?","R","BOSS","M","$","M","M","?","E"],"items_purchased_type":["Card","Card"],"build_version":"2020-12-13","purchased_purges":1,"victory":false,"max_hp_per_floor":[70,70,70,70,70,70,70,70,70,70,70,70,70,70,70,70,70,70,70,70,70,70,70,70,70],"card_choices":[{"not_picked":["Bane","Slice"],"picked":"Cloak And Dagger","floor":1},{"not_picked":["Eviscerate","Concentrate"],"picked":"Poisoned Stab","floor":4},{"not_picked":["Masterful Stab","Prepared"],"picked":"Bullet Time","floor":7},{"not_picked":["Prepared","Flying Knee"],"picked":"Backflip","floor":8},{"not_picked":["Quick Slash","Eviscerate"],"picked":"Deflect","floor":12},{"not_picked":["Dodge and Roll","Escape Plan"],"picked":"Bouncing Flask","floor":14},{"not_picked":["Malaise","A Thousand Cuts"],"picked":"Night Terror","floor":17},{"not_picked":["Choke","Blade Dance"],"picked":"Poisoned Stab","floor":19},{"not_picked":["Riddle With Holes","Flying Knee","Finisher"],"picked":"SKIP","floor":21},{"not_picked":["Dagger Spray","Cloak And Dagger"],"picked":"Bane+1","floor":22}],"player_experience":363723,"relics_obtained":[{"floor":7,"key":"Bronze Scales"},{"floor":9,"key":"Pen Nib"},{"floor":10,"key":"Boot"}],"event_choices":[{"damage_healed":0,"gold_gain":0,"player_choice":"Upgraded","damage_taken":0,"max_hp_gain":0,"max_hp_loss":0,"event_name":"Upgrade Shrine","floor":2,"gold_loss":0,"cards_upgraded":["Neutralize"]},{"damage_healed":0,"gold_gain":99,"player_choice":"Steal","damage_taken":0,"max_hp_gain":0,"max_hp_loss":0,"event_name":"betterThird:BetterNest","floor":23,"gold_loss":0}],"is_beta":false,"boss_relics":[{"not_picked":["Ectoplasm","Philosopher\u0027s Stone"],"picked":"Cursed Key"}],"items_purged_floors":[20],"is_endless":false,"potions_floor_spawned":[4,7,12,19],"killed_by":"Slavers","ascension_level":8}}