{"host":"qw1m3zcvi888b4j7","time":1607971874,"event":{"mods":["AchievementEnabler","BaseMod","Block Reminder","Colored Map","Colored Powertips","DeckTracker","Highlight Path","Minty Spire (QoL Compilation)","Quick Restart","Rare Cards Sparkle","Relic Sorter","Relic Stats"],"gold_per_floor":[114,27,27,27,27,27,202,233,233,233,233,233,254,297,297,425,425,441,441,0,180,194,194,208,208,208,208,223,257,277,308,308,308,308],"floor_reached":33,"playtime":1941,"items_purged":[],"score":355,"play_id":"c14f26c5-2618-4024-9d1b-48ca32bc6f96","local_time":"20201214195114","is_ascension_mode":true,"campfire_choices":[{"floor":6,"key":"REST"},{"floor":10,"key":"RECALL"},{"data":"Infernal Blade","floor":12,"key":"SMITH"},{"data":"Bash","floor":15,"key":"SMITH"},{"floor":23,"key":"REST"},{"floor":25,"key":"REST"},{"floor":27,"key":"DIG"},{"floor":32,"key":"REST"}],"circlet_count":0,"master_deck":["Strike_R","Strike_R+1","Strike_R","Strike_R","Strike_R","Defend_R","Defend_R+1","Defend_R","Bash+1","Rupture","Clash","Rupture","Flame Barrier","Infernal Blade+1","Rage","Sword Boomerang","Feed","Thunderclap+1","Cleave","Flex","Hemokinesis","Forethought","Bandage Up","Armaments","Cleave+1","Combust","Evolve+1","Flex","Thunderclap+1","Clash","Armaments+1","Cleave+1"],"relics":["Burning Blood","NeowsBlessing","Golden Idol","Letter Opener","Lantern","Red Skull","Runic Pyramid","Toy Ornithopter","Dream Catcher","Shovel","Strawberry","Darkstone Periapt","White Beast Statue"],"acts_visited":["Exordium","TheCity"],"potions_floor_usage":[16,16,22,22,22,24,28,30,30],"damage_taken":[{"damage":0,"enemies":"2 Louse","floor":1,"turns":1},{"damage":0,"enemies":"Gremlin Nob","floor":8,"turns":1},{"damage":0,"enemies":"Jaw Worm","floor":13,"turns":1},{"damage":20,"enemies":"3 Sentries","floor":14,"turns":7},{"damage":48,"enemies":"The Guardian","floor":16,"turns":12},{"damage":47,"enemies":"Shell Parasite","floor":18,"turns":11},{"damage":2,"enemies":"Spheric Guardian","floor":22,"turns":3},{"damage":30,"enemies":"Snecko","floor":24,"turns":4},{"damage":22,"enemies":"Chosen and Byrds","floor":28,"turns":6},{"damage":25,"enemies":"Gremlin Leader","floor":29,"turns":7},{"damage":30,"enemies":"Centurion and Healer","floor":30,"turns":5},{"damage":40,"enemies":"Book of Stabbing","floor":31,"turns":4},{"damage":56,"enemies":"Collector","floor":33,"turns":5}],"seed_played":"4191971405195756511","potions_obtained":[{"floor":1,"key":"Regen Potion"},{"floor":8,"key":"SkillPotion"},{"floor":18,"key":"Energy Potion"},{"floor":28,"key":"Weak Potion"},{"floor":29,"key":"LiquidMemories"}],"is_trial":false,"path_per_floor":["M","$","?","?","?","R","?","E","T","R","T","R","M","E","R","B",null,"M","?","$","?","M","R","M","R","T","R","M","E","M","E","R","B"],"character_chosen":"IRONCLAD","items_purchased":["Clash","Rupture","Toy Ornithopter","Dream Catcher","Cleave","Flex","Hemokinesis"],"campfire_rested":4,"item_purchase_floors":[2,2,20,20,20,20,20],"current_hp_per_floor":[80,80,60,60,44,68,68,74,74,74,74,74,80,66,66,39,80,42,42,42,4,30,55,43,69,69,76,72,57,47,13,42,0,0],"gold":308,"neow_bonus":"THREE_ENEMY_KILL","is_daily":false,"chose_seed":false,"campfire_upgraded":2,"win_rate":0.0,"timestamp":1607971874,"path_taken":["M","$","?","?","?","R","?","E","T","R","?","R","?","E","R","BOSS","M","?","$","?","M","R","M","R","T","R","?","E","M","E","R","BOSS"],"items_purchased_type":["Card","Card","Relic","Relic","Card","Card","Card"],"build_version":"2020-12-13","purchased_purges":0,"victory":false,"max_hp_per_floor":[80,80,80,80,80,80,80,80,80,80,80,80,80,80,80,80,80,83,83,83,83,86,86,89,89,89,96,99,99,99,99,99,99,99],"relic_stats":{"Darkstone Periapt":0,"Dream Catcher":3,"Shovel":1,"counters":[13,67],"Golden Idol":74,"Letter Opener":[35],"obtain_stats":[{"Darkstone Periapt":29,"Lantern":11,"NeowsBlessing":0,"Golden Idol":3,"Letter Opener":8,"Burning Blood":0,"White Beast Statue":31,"Dream Catcher":20,"Shovel":26,"Strawberry":27,"Red Skull":14,"Toy Ornithopter":20,"Runic Pyramid":17},{"Darkstone Periapt":10,"Lantern":2,"NeowsBlessing":0,"Golden Idol":1,"Letter Opener":2,"Burning Blood":0,"White Beast Statue":12,"Dream Catcher":6,"Shovel":8,"Strawberry":8,"Red Skull":4,"Toy Ornithopter":6,"Runic Pyramid":5},{"Darkstone Periapt":53,"Lantern":2,"NeowsBlessing":0,"Golden Idol":1,"Letter Opener":2,"Burning Blood":0,"White Beast Statue":62,"Dream Catcher":33,"Shovel":40,"Strawberry":40,"Red Skull":10,"Toy Ornithopter":33,"Runic Pyramid":22}],"Burning Blood":66,"Toy Ornithopter":35},"card_choices":[{"not_picked":["Wild Strike","Dark Embrace"],"picked":"Rupture","floor":1},{"not_picked":["Power Through","Seeing Red"],"picked":"Infernal Blade","floor":8},{"not_picked":["Pummel","Perfected Strike"],"picked":"Rage","floor":13},{"not_picked":["True Grit","Pommel Strike"],"picked":"Sword Boomerang","floor":14},{"not_picked":["Double Tap","Demon Form"],"picked":"Feed","floor":16},{"not_picked":["Reckless Charge","Entrench"],"picked":"Thunderclap+1","floor":18},{"not_picked":["Twin Strike+1","Heavy Blade"],"picked":"Armaments","floor":22},{"not_picked":["Warcry","Wild Strike+1"],"picked":"Cleave+1","floor":23},{"not_picked":["Heavy Blade+1","Entrench"],"picked":"Combust","floor":24},{"not_picked":["Iron Wave","Cleave"],"picked":"Evolve+1","floor":25},{"not_picked":["Clothesline","Thunderclap"],"picked":"Flex","floor":28},{"not_picked":["Body Slam","Cleave+1"],"picked":"Thunderclap+1","floor":29},{"not_picked":["Berserk","Cleave"],"picked":"Clash","floor":30},{"not_picked":["Rampage","Flex+1"],"picked":"Armaments+1","floor":31},{"not_picked":["Body Slam","Warcry"],"picked":"Cleave+1","floor":32}],"player_experience":69303,"relics_obtained":[{"floor":8,"key":"Letter Opener"},{"floor":11,"key":"Lantern"},{"floor":14,"key":"Red Skull"},{"floor":26,"key":"Shovel"},{"floor":27,"key":"Strawberry"},{"floor":29,"key":"Darkstone Periapt"},{"floor":31,"key":"White Beast Statue"}],"event_choices":[{"damage_healed":0,"gold_gain":0,"player_choice":"Take Damage","damage_taken":20,"relics_obtained":["Golden Idol"],"max_hp_gain":0,"max_hp_loss":0,"event_name":"Golden Idol","floor":3,"gold_loss":0},{"damage_healed":0,"gold_gain":0,"cards_transformed":["Defend_R"],"player_choice":"Change","damage_taken":0,"max_hp_gain":0,"max_hp_loss":0,"event_name":"Living Wall","floor":4,"gold_loss":0,"cards_obtained":["Flame Barrier"]},{"damage_healed":0,"gold_gain":0,"player_choice":"Entered Light","damage_taken":16,"max_hp_gain":0,"max_hp_loss":0,"event_name":"Shining Light","floor":5,"gold_loss":0,"cards_upgraded":["Defend_R","Strike_R"]},{"damage_healed":0,"gold_gain":175,"player_choice":"AGREE","damage_taken":0,"max_hp_gain":0,"max_hp_loss":0,"event_name":"Liars Game","floor":7,"gold_loss":0,"cards_obtained":["Doubt"]},{"cards_removed":["Doubt"],"damage_healed":0,"gold_gain":0,"player_choice":"Elegance","damage_taken":0,"max_hp_gain":0,"max_hp_loss":0,"event_name":"Back to Basics","floor":19,"gold_loss":0},{"damage_healed":0,"gold_gain":180,"player_choice":"CARD CARD GOLD GOLD POTION ","damage_taken":38,"max_hp_gain":0,"max_hp_loss":0,"event_name":"Knowing Skull","floor":21,"potions_obtained":["EntropicBrew"],"gold_loss":0,"cards_obtained":["Forethought","Bandage Up"]}],"is_beta":false,"boss_relics":[{"not_picked":["Busted Crown","Sozu"],"picked":"Runic Pyramid"}],"items_purged_floors":[],"is_endless":false,"potions_floor_spawned":[1,8,18,28,29],"killed_by":"Collector","ascension_level":1}}