{"host":"q9718omregw4er46","time":1607976425,"event":{"mods":["BaseMod","Bestiary","Colored Powertips","Custom Start","Highlight Path","Minty Spire (QoL Compilation)","Practice Mode","Quick Restart","Relic Stats"],"gold_per_floor":[113,123,123,146,165,165,165],"floor_reached":6,"playtime":191,"items_purged":[],"score":74,"play_id":"61652043-c90d-4452-9ff4-c2455e0b03db","local_time":"20201215010705","is_ascension_mode":true,"campfire_choices":[],"circlet_count":0,"master_deck":["AscendersBane","Strike_B","Strike_B","Strike_B","Strike_B","Defend_B","Defend_B","Defend_B","Defend_B","Zap","Dualcast","Compile Driver","Cold Snap","Self Repair"],"relics":["Cracked Core","Calipers","CeramicFish"],"acts_visited":["Exordium"],"potions_floor_usage":[6],"damage_taken":[{"damage":0,"enemies":"Small Slimes","floor":1,"turns":2},{"damage":7,"enemies":"Jaw Worm","floor":2,"turns":3},{"damage":1,"enemies":"2 Louse","floor":4,"turns":4},{"damage":16,"enemies":"Exordium Thugs","floor":5,"turns":6},{"damage":14,"enemies":"Gremlin Nob","floor":6,"turns":2}],"seed_played":"2764686871865096168","potions_obtained":[{"floor":5,"key":"FocusPotion"}],"is_trial":false,"path_per_floor":["M","M","?","M","M","E"],"character_chosen":"DEFECT","items_purchased":[],"campfire_rested":0,"item_purchase_floors":[],"current_hp_per_floor":[46,39,28,27,11,0,0],"gold":165,"neow_bonus":"ONE_RARE_RELIC","is_daily":false,"chose_seed":false,"campfire_upgraded":0,"win_rate":0.0,"timestamp":1607976425,"path_taken":["M","M","?","M","M","E"],"items_purchased_type":[],"build_version":"2020-12-13","purchased_purges":0,"victory":false,"max_hp_per_floor":[71,71,71,71,71,71,71],"relic_stats":{"counters":[5,17],"CeramicFish":18,"obtain_stats":[{"Calipers":0,"CeramicFish":3,"Cracked Core":0},{"Calipers":0,"CeramicFish":2,"Cracked Core":0},{"Calipers":0,"CeramicFish":5,"Cracked Core":0}]},"card_choices":[{"not_picked":["Coolheaded","Turbo","Hello World"],"picked":"SKIP","floor":1},{"not_picked":["Beam Cell","Loop"],"picked":"Compile Driver","floor":2},{"not_picked":["Redo","Melter"],"picked":"Cold Snap","floor":4},{"not_picked":["Double Energy","Turbo"],"picked":"Self Repair","floor":5}],"player_experience":1010985,"relics_obtained":[],"event_choices":[{"damage_healed":0,"gold_gain":0,"player_choice":"Success","damage_taken":11,"relics_obtained":["CeramicFish"],"max_hp_gain":0,"max_hp_loss":0,"event_name":"Scrap Ooze","floor":3,"gold_loss":0}],"is_beta":false,"boss_relics":[],"items_purged_floors":[],"is_endless":false,"potions_floor_spawned":[5],"killed_by":"Gremlin Nob","ascension_level":19}}