{"host":"ja297la2wpvv1dvv","time":1607987478,"event":{"mods":["AchievementEnabler","BaseMod","Colored Map","Minty Spire (QoL Compilation)"],"gold_per_floor":[114,126,126,126,126,126,140,154,179,179,220,21,0,21,21,150,150,173,192,192,291,311,311,350,7,32,32,57,57,57,80,80,204,204,242,305,57,105,123,123,123,144,222,245,245,245,258,258,258,258,258],"floor_reached":50,"playtime":6675,"items_purged":["Injury","Defend_P","Shame"],"score":512,"play_id":"c73a77fc-bebc-4f61-9f95-34605354ef4b","local_time":"20201214171118","is_ascension_mode":false,"campfire_choices":[{"data":"TalkToTheHand","floor":6,"key":"SMITH"},{"data":"Wireheading","floor":10,"key":"SMITH"},{"floor":15,"key":"REST"},{"floor":23,"key":"REST"},{"data":"Ragnarok","floor":27,"key":"SMITH"},{"floor":29,"key":"REST"},{"data":"WindmillStrike","floor":32,"key":"SMITH"},{"floor":40,"key":"REST"},{"floor":46,"key":"REST"},{"floor":49,"key":"REST"}],"circlet_count":0,"master_deck":["Strike_P","Strike_P","Strike_P","Defend_P","Defend_P","Defend_P","Eruption+1","Vigilance","TalkToTheHand+1","Vengeance","Crescendo","ClearTheMind","Wireheading+1","Prostrate","Meditate","Consecrate","EmptyBody","Ragnarok+1","FearNoEvil","FollowUp+1","CarveReality","FearNoEvil+1","FlyingSleeves","WindmillStrike+1","ReachHeaven","Wish","SashWhip+1","Pray","Forethought","MentalFortress+1","Worship","Tantrum+1","WindmillStrike","Apotheosis","Evaluate"],"relics":["PureWater","Golden Idol","Strawberry","Potion Belt","MealTicket","Velvet Choker","White Beast Statue","Shuriken","Juzu Bracelet","Nunchaku","Runic Pyramid","Shovel","Sundial"],"acts_visited":["Exordium","TheCity","TheBeyond"],"potions_floor_usage":[16,16,16,16,42,44,44,44],"damage_taken":[{"damage":1,"enemies":"Jaw Worm","floor":1,"turns":2},{"damage":0,"enemies":"Small Slimes","floor":2,"turns":2},{"damage":0,"enemies":"Cultist","floor":7,"turns":3},{"damage":10,"enemies":"3 Louse","floor":8,"turns":3},{"damage":53,"enemies":"Lagavulin","floor":11,"turns":6},{"damage":7,"enemies":"Blue Slaver","floor":14,"turns":3},{"damage":48,"enemies":"Hexaghost","floor":16,"turns":16},{"damage":2,"enemies":"Chosen","floor":18,"turns":4},{"damage":27,"enemies":"2 Thieves","floor":19,"turns":4},{"damage":17,"enemies":"Snake Plant","floor":22,"turns":3},{"damage":12,"enemies":"Book of Stabbing","floor":24,"turns":4},{"damage":20,"enemies":"Centurion and Healer","floor":28,"turns":3},{"damage":10,"enemies":"Cultist and Chosen","floor":31,"turns":3},{"damage":19,"enemies":"Champ","floor":33,"turns":6},{"damage":26,"enemies":"3 Darklings","floor":35,"turns":3},{"damage":5,"enemies":"Mind Bloom Boss Battle","floor":36,"turns":5},{"damage":24,"enemies":"3 Shapes","floor":38,"turns":4},{"damage":35,"enemies":"3 Darklings","floor":39,"turns":3},{"damage":14,"enemies":"Maw","floor":42,"turns":5},{"damage":31,"enemies":"Sphere and 2 Shapes","floor":44,"turns":4},{"damage":17,"enemies":"3 Darklings","floor":47,"turns":4},{"damage":41,"enemies":"Awakened One","floor":50,"turns":3}],"seed_played":"8178077456682816196","potions_obtained":[{"floor":1,"key":"StancePotion"},{"floor":2,"key":"Fire Potion"},{"floor":8,"key":"Regen Potion"},{"floor":11,"key":"GamblersBrew"},{"floor":18,"key":"StancePotion"},{"floor":19,"key":"GamblersBrew"},{"floor":28,"key":"FairyPotion"},{"floor":31,"key":"GamblersBrew"},{"floor":33,"key":"LiquidBronze"},{"floor":35,"key":"SpeedPotion"},{"floor":36,"key":"Strength Potion"},{"floor":38,"key":"PowerPotion"},{"floor":39,"key":"SkillPotion"},{"floor":42,"key":"ColorlessPotion"},{"floor":44,"key":"GamblersBrew"},{"floor":47,"key":"DuplicationPotion"}],"is_trial":false,"path_per_floor":["M","M","?","?","?","R","M","M","T","R","E","$","?","M","R","B",null,"M","M","?","?","M","R","E","$","T","R","M","R","?","M","R","B",null,"M","?","$","M","M","R","?","M","T","M","?","R","M","?","R","B"],"character_chosen":"WATCHER","items_purchased":["Meditate","Consecrate","Shuriken","Pray","Forethought"],"campfire_rested":6,"item_purchase_floors":[12,12,25,37,37],"current_hp_per_floor":[71,71,71,71,71,71,71,61,61,61,8,23,23,16,39,6,79,77,50,50,50,33,56,44,59,59,59,39,62,62,52,52,33,79,53,48,63,39,4,27,27,13,13,5,5,28,11,11,34,0,0],"gold":258,"neow_bonus":"UPGRADE_CARD","is_daily":false,"chose_seed":false,"campfire_upgraded":4,"win_rate":0.0,"timestamp":1607987478,"path_taken":["M","M","?","?","?","R","?","?","T","R","E","$","?","M","R","BOSS","M","M","?","?","M","R","E","?","T","R","M","R","?","M","R","BOSS","M","?","$","M","M","R","?","M","T","M","?","R","M","?","R","BOSS"],"items_purchased_type":["Card","Card","Relic","Card","Card"],"build_version":"2020-12-13","purchased_purges":3,"victory":false,"max_hp_per_floor":[72,72,72,72,79,79,79,79,79,79,79,79,79,79,79,79,79,79,79,79,79,79,79,79,79,79,79,79,79,79,79,79,79,79,79,79,79,79,79,79,79,79,79,79,79,79,79,79,79,79,79],"card_choices":[{"not_picked":["Weave","Perseverance"],"picked":"TalkToTheHand","floor":1},{"not_picked":["Protect","ForeignInfluence"],"picked":"Vengeance","floor":2},{"not_picked":["DeceiveReality","Weave"],"picked":"ClearTheMind","floor":7},{"not_picked":["Weave","Consecrate"],"picked":"Wireheading","floor":8},{"not_picked":["Vault","Worship"],"picked":"Prostrate","floor":11},{"not_picked":["JustLucky","WindmillStrike"],"picked":"EmptyBody","floor":14},{"not_picked":["Establishment","Alpha"],"picked":"Ragnarok","floor":16},{"not_picked":["Crescendo","WheelKick"],"picked":"FearNoEvil","floor":18},{"not_picked":["Consecrate","Nirvana"],"picked":"FollowUp+1","floor":19},{"not_picked":["EmptyMind","Protect"],"picked":"FearNoEvil+1","floor":22},{"not_picked":["Halt","Wallop"],"picked":"FlyingSleeves","floor":24},{"not_picked":["Halt","Indignation"],"picked":"WindmillStrike","floor":28},{"not_picked":["ClearTheMind+1","Perseverance+1"],"picked":"ReachHeaven","floor":31},{"not_picked":["ConjureBlade","Vault"],"picked":"Wish","floor":33},{"not_picked":["Wallop","BowlingBash","MentalFortress"],"picked":"SKIP","floor":35},{"not_picked":["Meditate","FlyingSleeves"],"picked":"SashWhip","floor":36},{"not_picked":["CutThroughFate+1","Sanctity"],"picked":"MentalFortress+1","floor":38},{"not_picked":["FollowUp+1","MentalFortress+1"],"picked":"Worship","floor":39},{"not_picked":["CutThroughFate","Sanctity"],"picked":"Tantrum+1","floor":42},{"not_picked":["Consecrate","ConjureBlade"],"picked":"WindmillStrike","floor":44},{"not_picked":["Thinking Ahead","Trip"],"picked":"Apotheosis","floor":45},{"not_picked":["SashWhip+1","CrushJoints"],"picked":"Evaluate","floor":47}],"player_experience":136959,"relics_obtained":[{"floor":9,"key":"Potion Belt"},{"floor":11,"key":"MealTicket"},{"floor":24,"key":"White Beast Statue"},{"floor":26,"key":"Juzu Bracelet"},{"floor":36,"key":"Shovel"},{"floor":43,"key":"Sundial"}],"event_choices":[{"damage_healed":0,"gold_gain":0,"cards_transformed":["Strike_P"],"player_choice":"Change","damage_taken":0,"max_hp_gain":0,"max_hp_loss":0,"event_name":"Living Wall","floor":3,"gold_loss":0,"cards_obtained":["Crescendo"]},{"damage_healed":0,"gold_gain":0,"player_choice":"Take Wound","damage_taken":0,"relics_obtained":["Golden Idol"],"max_hp_gain":0,"max_hp_loss":0,"event_name":"Golden Idol","floor":4,"gold_loss":0,"cards_obtained":["Injury"]},{"damage_healed":0,"gold_gain":0,"player_choice":"Success","damage_taken":7,"relics_obtained":["Strawberry"],"max_hp_gain":0,"max_hp_loss":0,"event_name":"Scrap Ooze","floor":5,"gold_loss":0},{"damage_healed":0,"gold_gain":0,"player_choice":"Left Gold","damage_taken":0,"max_hp_gain":0,"max_hp_loss":0,"event_name":"World of Goop","floor":13,"gold_loss":21},{"damage_healed":0,"gold_gain":0,"player_choice":"Read","damage_taken":0,"max_hp_gain":0,"max_hp_loss":0,"event_name":"The Library","floor":20,"gold_loss":0,"cards_obtained":["CarveReality"]},{"damage_healed":0,"gold_gain":99,"player_choice":"Stole From Cult","damage_taken":0,"max_hp_gain":0,"max_hp_loss":0,"event_name":"Nest","floor":21,"gold_loss":0},{"damage_healed":0,"gold_gain":0,"player_choice":"Stole Relic","damage_taken":0,"relics_obtained":["Nunchaku"],"max_hp_gain":0,"max_hp_loss":0,"event_name":"Addict","floor":30,"gold_loss":0,"cards_obtained":["Shame"]},{"damage_healed":0,"gold_gain":0,"player_choice":"Fight","damage_taken":0,"max_hp_gain":0,"max_hp_loss":0,"event_name":"MindBloom","floor":36,"gold_loss":0},{"damage_healed":0,"gold_gain":0,"player_choice":"Upgraded","damage_taken":0,"max_hp_gain":0,"max_hp_loss":0,"event_name":"Upgrade Shrine","floor":41,"gold_loss":0,"cards_upgraded":["SashWhip"]},{"damage_healed":0,"gold_gain":0,"player_choice":"Memory 1","damage_taken":0,"max_hp_gain":0,"max_hp_loss":0,"event_name":"SensoryStone","floor":45,"gold_loss":0},{"damage_healed":0,"gold_gain":0,"player_choice":"Ignored","damage_taken":0,"max_hp_gain":0,"max_hp_loss":0,"event_name":"NoteForYourself","floor":48,"gold_loss":0}],"is_beta":false,"boss_relics":[{"not_picked":["Ectoplasm","Philosopher\u0027s Stone"],"picked":"Velvet Choker"},{"not_picked":["Coffee Dripper","Busted Crown"],"picked":"Runic Pyramid"}],"items_purged_floors":[12,25,37],"is_endless":false,"potions_floor_spawned":[1,2,8,11,18,19,28,31,33,35,36,38,39,42,44,47],"killed_by":"Awakened One","ascension_level":0}}