{"host":"7g4k6gexjz765cnk","time":1607987919,"event":{"mods":["BaseMod","Colored Map","Minty Spire (QoL Compilation)","Shop Mod"],"gold_per_floor":[109,109,120,120,120,120,42,70,117,151,72,72,100,111,111,211,211,222,240,35,35,35,35,68,68,92,118,118,118],"floor_reached":28,"playtime":1291,"items_purged":["Strike_G"],"score":325,"play_id":"dbbaa960-fae1-43ef-a399-74cf1dfa8c95","local_time":"20201215001839","is_ascension_mode":true,"campfire_choices":[{"data":"Neutralize","floor":6.0,"key":"SMITH"},{"data":"Noxious Fumes","floor":15.0,"key":"SMITH"},{"data":"Noxious Fumes","floor":23.0,"key":"SMITH"},{"data":"Noxious Fumes","floor":25.0,"key":"SMITH"}],"circlet_count":0,"master_deck":["Strike_G","Strike_G","Strike_G+1","Defend_G","Defend_G+1","Defend_G","Defend_G","Defend_G","Survivor","Neutralize+1","Backflip","Noxious Fumes+1","Backflip","Poisoned Stab","Noxious Fumes+1","Deadly Poison","Concentrate+1","Noxious Fumes+1","Deadly Poison","Accuracy","Catalyst"],"relics":["Ring of the Serpent","NeowsBlessing","Bottled Tornado","Calipers","Singing Bowl","Molten Egg 2","Nunchaku","PreservedInsect","Dream Catcher"],"acts_visited":["Exordium","TheCity"],"potions_floor_usage":[28],"damage_taken":[{"damage":0.0,"enemies":"Jaw Worm","floor":1.0,"turns":1.0},{"damage":0.0,"enemies":"Cultist","floor":3.0,"turns":1.0},{"damage":0.0,"enemies":"3 Sentries","floor":8.0,"turns":1.0},{"damage":19.0,"enemies":"Lagavulin","floor":10.0,"turns":8.0},{"damage":33.0,"enemies":"Gremlin Nob","floor":13.0,"turns":6.0},{"damage":0.0,"enemies":"2 Louse","floor":14.0,"turns":3.0},{"damage":9.0,"enemies":"The Guardian","floor":16.0,"turns":10.0},{"damage":0.0,"enemies":"Shell Parasite","floor":18.0,"turns":5.0},{"damage":33.0,"enemies":"2 Thieves","floor":19.0,"turns":5.0},{"damage":12.0,"enemies":"Book of Stabbing","floor":24.0,"turns":6.0},{"damage":32.0,"enemies":"Gremlin Leader","floor":27.0,"turns":5.0},{"damage":9,"enemies":"Snake Plant","floor":28,"turns":2}],"seed_played":"6822054350302785880","potions_obtained":[{"floor":8.0,"key":"Weak Potion"},{"floor":10.0,"key":"Explosive Potion"},{"floor":14.0,"key":"PowerPotion"},{"floor":16.0,"key":"AttackPotion"},{"floor":19.0,"key":"EssenceOfSteel"},{"floor":24.0,"key":"LiquidMemories"},{"floor":27.0,"key":"Poison Potion"}],"is_trial":false,"path_per_floor":["M","?","M","?","?","R","$","E","T","E","$","?","E","M","R","B",null,"M","M","$","?","$","R","E","R","T","E","M"],"character_chosen":"THE_SILENT","items_purchased":["Noxious Fumes","Noxious Fumes","Noxious Fumes","Deadly Poison"],"campfire_rested":0,"item_purchase_floors":[7,11,20,20],"current_hp_per_floor":[70,70,70,56,61,61,61,61,61,42,42,42,11,11,11,4,79,81,48,48,48,48,48,38,38,38,6,0,0],"gold":118,"neow_bonus":"THREE_ENEMY_KILL","is_daily":false,"chose_seed":false,"campfire_upgraded":4,"win_rate":0.0,"timestamp":1607987919,"path_taken":["M","?","?","?","?","R","$","E","T","E","$","?","E","M","R","BOSS","M","M","$","?","?","R","E","R","T","E","?"],"items_purchased_type":["Card","Card","Card","Card"],"build_version":"2020-12-13","purchased_purges":1,"victory":false,"max_hp_per_floor":[70,70,70,70,75,75,75,75,75,75,75,75,77,77,77,79,79,81,81,81,81,81,81,83,83,83,83,83,83],"card_choices":[{"not_picked":["Blade Dance","PiercingWail"],"picked":"Backflip","floor":1.0},{"not_picked":["Distraction","Dash","Sucker Punch"],"picked":"SKIP","floor":3.0},{"not_picked":["Blade Dance","Cloak And Dagger"],"picked":"Backflip","floor":8.0},{"not_picked":["Phantasmal Killer","Sucker Punch"],"picked":"Poisoned Stab","floor":10.0},{"not_picked":["Quick Slash+1","Backstab+1","Deflect"],"picked":"Singing Bowl","floor":13.0},{"not_picked":["Quick Slash+1","Bane+1"],"picked":"Deadly Poison","floor":14.0},{"not_picked":["Venomology","Storm of Steel","Grand Finale+1"],"picked":"Singing Bowl","floor":16.0},{"not_picked":["Quick Slash+1","Underhanded Strike+1","Backflip"],"picked":"Singing Bowl","floor":18.0},{"not_picked":["Underhanded Strike+1","Deflect+1"],"picked":"Concentrate+1","floor":19.0},{"not_picked":["Envenom","After Image","Bane+1"],"picked":"Singing Bowl","floor":24.0},{"not_picked":["Dodge and Roll","Dagger Spray+1"],"picked":"Catalyst","floor":27.0}],"player_experience":354960,"relics_obtained":[{"floor":8.0,"key":"Bottled Tornado"},{"floor":10.0,"key":"Calipers"},{"floor":13.0,"key":"Molten Egg 2"},{"floor":24.0,"key":"Nunchaku"},{"floor":26.0,"key":"PreservedInsect"},{"floor":27.0,"key":"Dream Catcher"}],"event_choices":[{"damage_healed":0.0,"max_hp_gain":0.0,"max_hp_loss":0.0,"gold_gain":0.0,"event_name":"NoteForYourself","player_choice":"Ignored","floor":2.0,"gold_loss":0.0,"damage_taken":0.0},{"damage_healed":0.0,"max_hp_gain":0.0,"max_hp_loss":0.0,"gold_gain":0.0,"event_name":"Shining Light","player_choice":"Entered Light","floor":4.0,"gold_loss":0.0,"damage_taken":14.0,"cards_upgraded":["Strike_G","Defend_G"]},{"damage_healed":0.0,"max_hp_gain":5.0,"max_hp_loss":0.0,"gold_gain":0.0,"event_name":"Big Fish","player_choice":"Donut","floor":5.0,"gold_loss":0.0,"damage_taken":0.0},{"damage_healed":0.0,"max_hp_gain":0.0,"max_hp_loss":0.0,"gold_gain":0.0,"event_name":"WeMeetAgain","player_choice":"Gave Potion","floor":12.0,"gold_loss":0.0,"damage_taken":0.0,"relics_obtained":["Singing Bowl"]},{"damage_healed":0.0,"max_hp_gain":0.0,"max_hp_loss":0.0,"gold_gain":0.0,"cards_transformed":["Strike_G"],"event_name":"Transmorgrifier","player_choice":"Transformed","floor":21.0,"gold_loss":0.0,"damage_taken":0.0,"cards_obtained":["Accuracy"]}],"is_beta":false,"boss_relics":[{"not_picked":["Calling Bell","Runic Pyramid"],"picked":"Ring of the Serpent"}],"items_purged_floors":[20],"is_endless":false,"potions_floor_spawned":[8,10,14,16,19,24,27],"killed_by":"Snake Plant","ascension_level":2}}