{"host":"8eddgt5t5e8es31j","time":1607963331,"event":{"mods":["2.2 Compatiblity","AchievementEnabler","BaseMod","Downfall","Hermit","Hubris","Infinite Spire","Minty Spire (QoL Compilation)","Quick Restart","Replay The Spire","StSLib","Thieving Mod"],"gold_per_floor":[118,135,135,135,135,163,163,177,201,228,243,261,261,272,272,369,369,385,310,310,10,30,30,62,62,62,89,102,52,87,2,2,106,106,119,119,170,290,370,395,395,395,395],"floor_reached":42,"playtime":1544,"items_purged":[],"score":543,"play_id":"9e4726e1-78be-42fd-b981-b5c74baf72e3","local_time":"20201214102851","is_ascension_mode":true,"campfire_choices":[{"data":"Limit Break","floor":13.0,"key":"SMITH"},{"floor":15.0,"key":"REST"},{"floor":23.0,"key":"REST"},{"floor":32.0,"key":"REST"},{"data":"Heavy Blade","floor":41,"key":"SMITH"}],"circlet_count":0,"master_deck":["Strike_R","Strike_R","Strike_R","Strike_R","Strike_R","Defend_R","Defend_R","Defend_R","Defend_R","Bash","Limit Break+1","Flex","Seeing Red","Cleave","Inflame+1","Cleave+1","infinitespire:FutureSight","Whirlwind+1","Flex","Flex+1","hubris:Rewind","Twin Strike","ReplayTheSpireMod:Splinters","Heavy Blade+1"],"relics":["Burning Blood","NeowsBlessing","Happy Flower","ReplayTheSpireMod:Shallot","PreservedInsect","Unceasing Top","SacredBark","hubris:Icosahedron","Membership Card","hubris:Potato","infinitespire:Lychee Nut","Replay:Bottled Steam","Replay:Bottled Eggs","hubris:BottledRain","Vajra","Chemical X","SlaversCollar","Bronze Scales","hubris:TenFootPole","Juzu Bracelet"],"acts_visited":["Exordium","TheCity","TheBeyond"],"potions_floor_usage":[42],"damage_taken":[{"damage":0.0,"enemies":"Small Slimes","floor":1.0,"turns":1.0},{"damage":0.0,"enemies":"2 Louse","floor":2.0,"turns":1.0},{"damage":0.0,"enemies":"3 Sentries","floor":6.0,"turns":1.0},{"damage":0.0,"enemies":"Jaw Worm","floor":8.0,"turns":3.0},{"damage":19.0,"enemies":"Lagavulin","floor":10.0,"turns":5.0},{"damage":10.0,"enemies":"3 Louse","floor":11.0,"turns":5.0},{"damage":0.0,"enemies":"2 Fungi Beasts","floor":12.0,"turns":2.0},{"damage":10.0,"enemies":"Red Slaver","floor":14.0,"turns":3.0},{"damage":35.0,"enemies":"Fading Forest","floor":16.0,"turns":11.0},{"damage":18.0,"enemies":"Spheric Guardian","floor":18.0,"turns":4.0},{"damage":36.0,"enemies":"Shell Parasite","floor":22.0,"turns":6.0},{"damage":32.0,"enemies":"Nightmare","floor":24.0,"turns":5.0},{"damage":47.0,"enemies":"Slavers","floor":27.0,"turns":3.0},{"damage":13.0,"enemies":"Snecko","floor":28.0,"turns":4.0},{"damage":10.0,"enemies":"Replay:Snechameleon","floor":30.0,"turns":4.0},{"damage":37.0,"enemies":"hubris:MusketHawk","floor":33.0,"turns":5.0},{"damage":37.0,"enemies":"Orb Walker","floor":35.0,"turns":5.0},{"damage":23.0,"enemies":"2 Orb Walkers","floor":37.0,"turns":2.0},{"damage":0,"enemies":"3 Shapes","floor":38,"turns":1},{"damage":23,"enemies":"R_Hoarder","floor":40,"turns":4},{"damage":55,"enemies":"Writhing Mass","floor":42,"turns":3}],"seed_played":"-687930963637753383","potions_obtained":[{"floor":1.0,"key":"Explosive Potion"},{"floor":11.0,"key":"Dexterity Potion"},{"floor":12.0,"key":"Flashbang"},{"floor":16.0,"key":"Strength Potion"},{"floor":22.0,"key":"Swift Potion"},{"floor":28.0,"key":"ElixirPotion"},{"floor":35.0,"key":"Weak Potion"},{"floor":38,"key":"DistilledChaos"}],"is_trial":false,"path_per_floor":["M","M","?","?","$","E","?","M","T","E","M","M","R","M","R","B",null,"M","?","?","$","M","R","NM","AVR","T","E","M","?","E","$","R","B",null,"M","AVR","?","M","?","E","R","M"],"character_chosen":"IRONCLAD","items_purchased":["Membership Card","hubris:Potato","Flex","Chemical X"],"campfire_rested":3,"item_purchase_floors":[21,21,31,31],"current_hp_per_floor":[80,80,80,68,48,54,54,60,60,47,43,49,49,45,69,50,80,68,68,68,68,38,62,36,36,36,21,20,20,22,22,40,15,60,30,30,16,22,22,44,44,0,0],"gold":395,"neow_bonus":"THREE_ENEMY_KILL","is_daily":false,"chose_seed":false,"campfire_upgraded":2,"win_rate":0.0,"timestamp":1607963331,"path_taken":["M","M","?","?","?","E","?","M","T","E","?","M","R","M","R","BOSS","M","?","?","?","?","R","NM","AVR","T","E","M","?","E","$","R","BOSS","M","AVR","?","M","?","E","R","M"],"items_purchased_type":["Relic","Relic","Card","Relic"],"build_version":"2020-12-13","purchased_purges":0,"victory":false,"max_hp_per_floor":[80,80,80,80,80,80,80,80,80,80,80,80,80,80,80,80,80,80,80,80,80,80,80,60,60,60,60,60,60,60,60,60,60,60,60,60,60,60,60,60,60,60,60],"card_choices":[{"not_picked":["hubris:SharpeningStone","Clash","Armaments"],"picked":"SKIP","floor":1.0},{"not_picked":["Wild Strike","Rampage","Iron Wave"],"picked":"SKIP","floor":2.0},{"not_picked":["Metallicize","Defy Death"],"picked":"Limit Break","floor":6.0},{"not_picked":["Flame Barrier","Infernal Blade"],"picked":"Flex","floor":8.0},{"not_picked":["Blood for Blood","Abandon"],"picked":"Seeing Red","floor":10.0},{"not_picked":["Clothesline","Clash"],"picked":"Cleave","floor":11.0},{"not_picked":["hubris:ReadiedAction","Clash"],"picked":"Inflame","floor":12.0},{"not_picked":["Combust","Sword Boomerang","Armaments"],"picked":"SKIP","floor":14.0},{"not_picked":["Clothesline","Pommel Strike","Iron Wave"],"picked":"SKIP","floor":18.0},{"not_picked":["Defy Death","Fire Breathing+1"],"picked":"Cleave+1","floor":22.0},{"not_picked":["infinitespire:Starlight","infinitespire:Collect"],"picked":"infinitespire:FutureSight","floor":24.0},{"not_picked":["Perfected Strike+1","Entrench","Sword Boomerang+1"],"picked":"SKIP","floor":24.0},{"not_picked":["Body Slam","Run Through"],"picked":"Whirlwind+1","floor":27.0},{"not_picked":["True Grit","ReplayTheSpireMod:Strike From Hell","Headbutt"],"picked":"SKIP","floor":28.0},{"not_picked":["Perfected Strike","Demonic Infusion","Pommel Strike"],"picked":"SKIP","floor":30.0},{"not_picked":["hubris:ReadiedAction","Seeing Red+1"],"picked":"Flex+1","floor":35.0},{"not_picked":["Havoc+1","Shrug It Off+1"],"picked":"Twin Strike","floor":38},{"not_picked":["Havoc+1","Shrug It Off"],"picked":"Heavy Blade","floor":40}],"player_experience":43509,"relics_obtained":[{"floor":6.0,"key":"ReplayTheSpireMod:Shallot"},{"floor":9.0,"key":"PreservedInsect"},{"floor":10.0,"key":"Unceasing Top"},{"floor":24.0,"key":"infinitespire:Lychee Nut"},{"floor":26.0,"key":"Replay:Bottled Eggs"},{"floor":27.0,"key":"hubris:BottledRain"},{"floor":30.0,"key":"Vajra"},{"floor":39,"key":"hubris:TenFootPole"},{"floor":40,"key":"Juzu Bracelet"}],"event_choices":[{"damage_healed":0.0,"max_hp_gain":0.0,"max_hp_loss":0.0,"gold_gain":0.0,"event_name":"Shining Light","player_choice":"Ignored","floor":3.0,"gold_loss":0.0,"damage_taken":0.0},{"damage_healed":0.0,"max_hp_gain":0.0,"max_hp_loss":0.0,"gold_gain":0.0,"event_name":"Scrap Ooze","player_choice":"Success","floor":4.0,"gold_loss":0.0,"damage_taken":12.0,"relics_obtained":["Happy Flower"]},{"damage_healed":0.0,"max_hp_gain":0.0,"max_hp_loss":0.0,"gold_gain":0.0,"event_name":"Wheel of Change","player_choice":"Cursed","floor":7.0,"gold_loss":0.0,"damage_taken":0.0,"cards_obtained":["Decay"]},{"cards_removed":["Decay"],"damage_healed":0.0,"max_hp_gain":0.0,"max_hp_loss":0.0,"gold_gain":0.0,"event_name":"Beggar","player_choice":"Gave Gold","floor":19.0,"gold_loss":75.0,"damage_taken":0.0},{"damage_healed":0.0,"max_hp_gain":0.0,"max_hp_loss":0.0,"gold_gain":0.0,"event_name":"The Joust","player_choice":"Bet on Murderer","floor":29.0,"gold_loss":50.0,"damage_taken":0.0},{"damage_healed":0.0,"max_hp_gain":0.0,"max_hp_loss":0.0,"gold_gain":0.0,"event_name":"Mysterious Sphere","player_choice":"Fight","floor":37.0,"gold_loss":0.0,"damage_taken":0.0}],"is_beta":false,"boss_relics":[{"not_picked":["Honey Jar","Cursed Key"],"picked":"SacredBark"},{"not_picked":["hubris:GrandSneckoEye","Electric Blood"],"picked":"SlaversCollar"}],"items_purged_floors":[],"is_endless":true,"potions_floor_spawned":[1,11,12,16,22,28,35,38],"killed_by":"Writhing Mass","ascension_level":1}}