{"host":"6z6y4ky8uzsz1dpj","time":1607948433,"event":{"mods":["2.2 Compatiblity","AchievementEnabler","BaseMod","BetterRewards","Challenge The Spire","Colored Map","Hubris","Minty Spire (QoL Compilation)","Quick Restart","Replay The Spire","StSLib","The Construct","The Cursed","The Hierophant","The Necromancer","The Poker Player","The Servant 0.9.4"],"gold_per_floor":[112,131,144,144,159,159,159],"floor_reached":6,"playtime":249,"items_purged":[],"score":49,"play_id":"dda2b83a-efd7-4f9c-a47c-6be43f44fc6d","local_time":"20201214072033","is_ascension_mode":true,"campfire_choices":[],"circlet_count":0,"master_deck":["Strike_G","Strike_G","Strike_G","Strike_G","Defend_G","Defend_G","Defend_G","Defend_G","Defend_G","Survivor","Neutralize","Noxious Fumes","Backflip"],"relics":["Ring of the Snake","Du-Vu Doll","Art of War"],"acts_visited":["Exordium"],"potions_floor_usage":[5,6],"damage_taken":[{"damage":3,"enemies":"2 Louse","floor":1,"turns":4},{"damage":0,"enemies":"Cultist","floor":2,"turns":5},{"damage":3,"enemies":"Jaw Worm","floor":3,"turns":4},{"damage":36,"enemies":"Exordium Wildlife","floor":5,"turns":7},{"damage":18,"enemies":"Gremlin Nob","floor":6,"turns":4}],"seed_played":"-5264041546558516788","potions_obtained":[{"floor":2,"key":"Energy Potion"},{"floor":5,"key":"Explosive Potion"}],"is_trial":false,"path_per_floor":["M","M","M","?","M","E"],"character_chosen":"THE_SILENT","items_purchased":["Noxious Fumes","Art of War"],"campfire_rested":0,"item_purchase_floors":[0,0],"current_hp_per_floor":[60,60,57,57,21,3,3],"gold":159,"neow_bonus":"","is_daily":false,"chose_seed":false,"campfire_upgraded":0,"win_rate":0.0,"timestamp":1607948433,"path_taken":["M","M","M","?","M","E"],"items_purchased_type":["Card","Relic"],"build_version":"2020-12-13","purchased_purges":0,"victory":false,"max_hp_per_floor":[70,70,70,70,70,70,70],"card_choices":[{"not_picked":["Deflect","ReplayTheSpireMod:Tripwire","Dagger Throw"],"picked":"SKIP","floor":1},{"not_picked":["Well Laid Plans","Dash"],"picked":"Backflip","floor":2},{"not_picked":["Bane","Quick Slash","hubris:Counter"],"picked":"SKIP","floor":3},{"not_picked":["Cloak And Dagger","ReplayTheSpireMod:Tripwire","Hidden Blade"],"picked":"SKIP","floor":5}],"player_experience":193399,"relics_obtained":[],"event_choices":[{"cards_removed":["Strike_G"],"damage_healed":0,"gold_gain":0,"player_choice":"Offered Basic","damage_taken":0,"max_hp_gain":0,"max_hp_loss":0,"event_name":"Bonfire Elementals","floor":4,"gold_loss":0}],"is_beta":false,"boss_relics":[],"items_purged_floors":[],"is_endless":false,"potions_floor_spawned":[2,5],"killed_by":"Gremlin Nob","ascension_level":6}}