{"host":"ks12kfi5c4d9hdxy","time":1607973587,"event":{"mods":["BaseMod","Conspire","GifTheSpireLib","Koishi","LagranYue(拉格朗・月)","Marisa（F雨　魔理沙）","Minty Spire (QoL Compilation)","Reimu（博丽灵梦）","Remilia（蕾米莉亚）","Replay The Spire","RumiaBox-露米娅的神秘盒子","StSLib","SuperFastMode","The Administrix","The Servant 0.9.4","Youmu（魂魄妖梦）","Yuyuko","【功能Mod】混沌之环修复补丁","【功能Mod】聪明的最终Boss","篝火指南"],"gold_per_floor":[119,69,69,81,81,115,115,55,109,144,158,214,214,232,232,335,335,348,12,12,36,60,125,125,188,211,211,263,263,52,111,111,238,238,285,1,87,125,153,153],"floor_reached":39,"playtime":1243,"items_purged":["Voices"],"score":1130,"play_id":"7811e9f0-fc5b-4c87-b5c3-95fceb3e6458","local_time":"20201215031947","is_ascension_mode":true,"campfire_choices":[{"data":"UpSweep","floor":13.0,"key":"SMITH"},{"floor":15.0,"key":"DIG"},{"floor":27.0,"key":"DIG"},{"data":"DeepEcoloBomb","floor":32.0,"key":"SMITH"}],"circlet_count":0,"master_deck":["AscendersBane","Strike_MRS","Strike_MRS","Strike_MRS","Strike_MRS","Defend_MRS","Defend_MRS","Defend_MRS","Defend_MRS","MasterSpark","UpSweep+1","DeepEcoloBomb+1","conspire:SpireCoStock","StarBarrage","MaximisePower","CollectingQuirk+1","GrandCross","EarthLightRay","StarBarrage","GrandCross","SprinkleStarSeal","MillisecondPulsars","OortCloud+1","WitchOfGreed+1"],"relics":["MiniHakkero","LagranYue:RandomDrawCardRelic","NeowsBlessing","Golden Idol","Garlic","Ring of Misfortune","ReplayTheSpireMod:Ring of Addiction","Chameleon Ring","SacredBark","PaintedHorse:ReiMu","LagranYue:MagicReflectiveArmorRelic","Mirror","FossilizedHelix","Tea:ReiMu","LagranYue:ContractPerformanceRelic","Sling","Boot","Ornamental Fan","Replay:Bandana","Replay:Multitool","Bag of Preparation","Blood Vial","BargainBundle","HornCleat","ChewingGum","AntiCross","SproutingBranch"],"acts_visited":["Exordium","TheCity","TheBeyond"],"potions_floor_usage":[39],"damage_taken":[{"damage":0.0,"enemies":"Small Slimes","floor":1.0,"turns":1.0},{"damage":0.0,"enemies":"2 Louse","floor":4.0,"turns":1.0},{"damage":0.0,"enemies":"Replay:BlueRogue","floor":6.0,"turns":1.0},{"damage":0.0,"enemies":"Gremlin Nob","floor":10.0,"turns":2.0},{"damage":4.0,"enemies":"conspire:RoseBush","floor":11.0,"turns":3.0},{"damage":9.0,"enemies":"3 Sentries","floor":12.0,"turns":10.0},{"damage":0.0,"enemies":"Exordium Wildlife","floor":14.0,"turns":3.0},{"damage":0.0,"enemies":"Fading Forest","floor":16.0,"turns":11.0},{"damage":8.0,"enemies":"conspire:FuzzyDice","floor":18.0,"turns":5.0},{"damage":1.0,"enemies":"Chosen","floor":21.0,"turns":3.0},{"damage":3.0,"enemies":"Snake Plant","floor":22.0,"turns":3.0},{"damage":8.0,"enemies":"conspire:Head Lice","floor":23.0,"turns":8.0},{"damage":11.0,"enemies":"Slavers","floor":25.0,"turns":3.0},{"damage":5.0,"enemies":"3 Cultists","floor":28.0,"turns":4.0},{"damage":2.0,"enemies":"conspire:SneckoGhost","floor":31.0,"turns":3.0},{"damage":42.0,"enemies":"Champ","floor":33.0,"turns":13.0},{"damage":2.0,"enemies":"Orb Walker","floor":35.0,"turns":3.0},{"damage":3.0,"enemies":"2 Orb Walkers","floor":37.0,"turns":3.0},{"damage":1.0,"enemies":"3 Shapes","floor":38.0,"turns":2.0},{"damage":60,"enemies":"Orin","floor":39,"turns":5}],"seed_played":"-5557181682037686853","potions_obtained":[{"floor":1.0,"key":"Milkshake"},{"floor":4.0,"key":"Fire Potion"},{"floor":7.0,"key":"Fire Potion"},{"floor":10.0,"key":"Reflective Coating"},{"floor":16.0,"key":"Adrenaline Potion"},{"floor":22.0,"key":"Dexterity Potion"},{"floor":28.0,"key":"DuplicationPotion"},{"floor":33.0,"key":"Energy Potion"},{"floor":38.0,"key":"Elixir"}],"is_trial":false,"path_per_floor":["M","?","$","M","?","E","?","?","T","E","M","E","R","M","R","B",null,"M","$","?","M","M","E","T","E","T","R","M","R","$","E","R","B",null,"M","$","?","M","?"],"character_chosen":"MARISA","items_purchased":["Sling","Boot","BargainBundle","Adrenaline Potion","Dexterity Potion","EarthLightRay","StarBarrage","GrandCross","SprinkleStarSeal","AntiCross"],"campfire_rested":0,"item_purchase_floors":[19,19,30,30,30,30,30,30,30,36],"current_hp_per_floor":[63,63,63,63,63,63,63,63,63,63,59,50,50,50,50,62,63,53,53,53,52,49,41,41,30,30,30,27,44,44,48,48,12,44,48,48,50,52,0,0],"gold":153,"neow_bonus":"THREE_ENEMY_KILL","is_daily":false,"chose_seed":false,"campfire_upgraded":2,"win_rate":0.0,"timestamp":1607973587,"path_taken":["M","?","$","M","?","E","?","?","T","E","?","E","R","M","R","BOSS","M","$","?","M","M","E","?","E","T","R","M","R","?","E","R","BOSS","M","$","?","M","?"],"items_purchased_type":["Relic","Relic","Relic","Potion","Potion","Card","Card","Card","Card","Relic"],"build_version":"2020-12-13","purchased_purges":1,"victory":false,"max_hp_per_floor":[70,70,70,70,63,63,63,63,63,63,63,63,63,63,63,63,63,61,61,61,61,59,59,59,59,59,57,57,57,55,55,55,55,55,55,55,53,53,53,53],"card_choices":[{"not_picked":["FairyDestructionRay","MilkyWay"],"picked":"DeepEcoloBomb","floor":1.0},{"not_picked":["SporeBomb","WitchOfGreed","PowerUp"],"picked":"SKIP","floor":4.0},{"not_picked":["DarkSpark","EnergyRecoil","MachineGunSpark"],"picked":"SKIP","floor":6.0},{"not_picked":["GravityBeat","MilkyWay","DarkSpark"],"picked":"SKIP","floor":10.0},{"not_picked":["WitchOfGreed","PulseMagic","RefractionSpark"],"picked":"SKIP","floor":11.0},{"not_picked":["DC","MilkyWay"],"picked":"StarBarrage","floor":12.0},{"not_picked":["IllusionStar","MysteriousBeam"],"picked":"MaximisePower","floor":14.0},{"not_picked":["MillisecondPulsars","StarDustReverie"],"picked":"CollectingQuirk","floor":16.0},{"not_picked":["SporeBomb","GalacticHalo","WitchLeyline"],"picked":"SKIP","floor":18.0},{"not_picked":["SuperPerseids","GalacticHalo","ChargeUpSpray"],"picked":"SKIP","floor":21.0},{"not_picked":["Robbery","DeepEcoloBomb"],"picked":"GrandCross","floor":22.0},{"not_picked":["EnergyRecoil","AlicesGift","DC"],"picked":"SKIP","floor":23.0},{"not_picked":["PulseMagic","SuperPerseids","AsteroidBelt"],"picked":"SKIP","floor":25.0},{"not_picked":["MilkyWay","MachineGunSpark","DragonMeteor"],"picked":"SKIP","floor":28.0},{"not_picked":["WitchOfGreed","SuperPerseids","SatelliteIllusion"],"picked":"SKIP","floor":31.0},{"not_picked":["BigCrunch","StarDustReverie"],"picked":"MillisecondPulsars","floor":33.0},{"not_picked":["6A+1","SprinkleStarSeal"],"picked":"OortCloud+1","floor":35.0},{"not_picked":["DoubleSpark","DC"],"picked":"WitchOfGreed+1","floor":38.0}],"player_experience":484574,"relics_obtained":[{"floor":6.0,"key":"Garlic"},{"floor":7.0,"key":"Ring of Misfortune"},{"floor":7.0,"key":"ReplayTheSpireMod:Ring of Addiction"},{"floor":7.0,"key":"Chameleon Ring"},{"floor":7.0,"key":"SacredBark"},{"floor":9.0,"key":"LagranYue:MagicReflectiveArmorRelic"},{"floor":10.0,"key":"Mirror"},{"floor":12.0,"key":"FossilizedHelix"},{"floor":15.0,"key":"Tea:ReiMu"},{"floor":23.0,"key":"Ornamental Fan"},{"floor":24.0,"key":"Replay:Bandana"},{"floor":25.0,"key":"Replay:Multitool"},{"floor":26.0,"key":"Bag of Preparation"},{"floor":27.0,"key":"Blood Vial"},{"floor":31.0,"key":"HornCleat"},{"floor":37.0,"key":"SproutingBranch"}],"event_choices":[{"damage_healed":0.0,"max_hp_gain":0.0,"max_hp_loss":0.0,"gold_gain":0.0,"event_name":"conspire:Investor","player_choice":"Invest 1","floor":2.0,"gold_loss":0.0,"damage_taken":0.0},{"damage_healed":0.0,"max_hp_gain":0.0,"max_hp_loss":7.0,"gold_gain":0.0,"event_name":"Golden Idol","player_choice":"Lose Max HP","floor":5.0,"gold_loss":0.0,"damage_taken":0.0,"relics_obtained":["Golden Idol"]},{"damage_healed":0.0,"max_hp_gain":0.0,"max_hp_loss":0.0,"gold_gain":0.0,"event_name":"yidonshenshe","player_choice":"塞钱","floor":8.0,"gold_loss":60.0,"damage_taken":0.0,"relics_obtained":["PaintedHorse:ReiMu"]},{"damage_healed":0.0,"max_hp_gain":0.0,"max_hp_loss":0.0,"gold_gain":0.0,"event_name":"Cursed Tome","player_choice":"Ignored","floor":20.0,"gold_loss":0.0,"damage_taken":0.0},{"damage_healed":0.0,"max_hp_gain":0.0,"max_hp_loss":0.0,"gold_gain":0.0,"event_name":"Mysterious Sphere","player_choice":"Fight","floor":37.0,"gold_loss":0.0,"damage_taken":0.0},{"damage_healed":0,"gold_gain":0,"player_choice":"Fight","damage_taken":0,"max_hp_gain":0,"max_hp_loss":0,"event_name":"OrinTheCat","floor":39,"gold_loss":0}],"is_beta":false,"boss_relics":[{"not_picked":["conspire:RoyalGoblet","Astrolabe"],"picked":"LagranYue:ContractPerformanceRelic"},{"not_picked":["Coffee Dripper","RampagingMagicTools"],"picked":"ChewingGum"}],"items_purged_floors":[30],"is_endless":false,"potions_floor_spawned":[1,4,10,16,22,28,33,38],"killed_by":"Orin","ascension_level":18}}