{"host":"Crutt","time":1607943871,"event":{"mods":["2.2 Compatiblity","Aspiration","Bard","BaseMod","Better Altar","Better Skull","Better Third Choice","Googly Eyes","Hermit","Jedi Mod","Jorbs\u0027s Wanderer Trilogy","Minty Spire (QoL Compilation)","Optimize The Spire","Potionbrewer","Spicy Shops","StSLib","The Construct","The Cursed","The Disciple","The Hierophant","The Runesmith","thorton","vexMod"],"gold_per_floor":[25,41,64,87,87,87,134,134,134,134,182,182,182,214,214,343,343,373,373,422,468,483,483,483],"floor_reached":22,"playtime":954,"items_purged":[],"score":444,"play_id":"559e03ff-e368-41e5-9a9f-950e38a90d51","local_time":"20201214050431","is_ascension_mode":true,"campfire_choices":[{"floor":6,"key":"REST"},{"floor":8,"key":"REST"},{"data":"The Bomb","floor":10,"key":"SMITH"},{"data":"thethorton:Investment","floor":12,"key":"SMITH"},{"floor":15,"key":"REST"}],"circlet_count":0,"master_deck":["AscendersBane","thethorton:Strike","thethorton:Strike","thethorton:Strike","thethorton:Defend","thethorton:Defend","thethorton:Defend","thethorton:SuperDefend","thethorton:Heckle","thethorton:CreditCard","The Bomb+1","thethorton:Investment+1","thethorton:LastDitchEffort","thethorton:GoldBuffer","thethorton:CoinShield","thethorton:TakeAccounts","thethorton:GoldBuffer","thethorton:Hexaghostify","thethorton:GoldBuffer+1","thethorton:Investment+1"],"relics":["thethorton:CouragePotion","Lizard Tail","Potion Belt","The Courier","Du-Vu Doll","Cursed Key","jedi:HeartOfTheCards"],"acts_visited":["Exordium","TheCity"],"potions_floor_usage":[11,16,21],"damage_taken":[{"damage":1,"enemies":"Cultist","floor":1,"turns":4},{"damage":12,"enemies":"Jaw Worm","floor":2,"turns":5},{"damage":20,"enemies":"Small Slimes","floor":3,"turns":3},{"damage":16,"enemies":"3 Louse","floor":4,"turns":6},{"damage":20,"enemies":"3 Sentries","floor":7,"turns":5},{"damage":10,"enemies":"Lagavulin","floor":11,"turns":7},{"damage":0,"enemies":"Exordium Wildlife","floor":14,"turns":4},{"damage":59,"enemies":"The Guardian","floor":16,"turns":11},{"damage":24,"enemies":"Chosen","floor":18,"turns":5},{"damage":22,"enemies":"Spheric Guardian","floor":20,"turns":7},{"damage":26,"enemies":"Snake Plant","floor":21,"turns":7},{"damage":6,"enemies":"Shelled Parasite and Fungi","floor":22,"turns":1}],"seed_played":"-934153405489331722","potions_obtained":[{"floor":3,"key":"Strength Potion"},{"floor":7,"key":"ColorlessPotion"},{"floor":11,"key":"construct:ShiftPotion"},{"floor":16,"key":"FearPotion"}],"is_trial":false,"path_per_floor":["M","M","M","M","?","R","E","R","T","R","E","R","?","M","R","B",null,"M","?","M","M","M"],"character_chosen":"THE_THORT","items_purchased":[],"campfire_rested":3,"item_purchase_floors":[],"current_hp_per_floor":[60,48,28,12,12,32,12,32,32,32,22,22,22,22,42,17,55,31,53,31,5,0,0,0],"gold":483,"neow_bonus":"RANDOM_COLORLESS_2","is_daily":false,"chose_seed":false,"campfire_upgraded":2,"win_rate":0.0,"timestamp":1607943871,"path_taken":["M","M","M","?","?","R","E","R","T","R","E","R","?","M","R","BOSS","M","?","M","M","M"],"items_purchased_type":[],"build_version":"2020-12-07","purchased_purges":0,"victory":false,"max_hp_per_floor":[68,68,68,68,68,68,68,68,68,68,68,68,68,68,68,68,68,68,68,68,68,68,68,68],"card_choices":[{"not_picked":["Magnetism","Transmutation"],"picked":"The Bomb","floor":0},{"not_picked":["thethorton:AngerMoment","thethorton:Crash"],"picked":"thethorton:Investment","floor":1},{"not_picked":["thethorton:DualBap","thethorton:GoldBuffer"],"picked":"thethorton:LastDitchEffort","floor":2},{"not_picked":["thethorton:HitAhead","thethorton:BusinessCard"],"picked":"thethorton:GoldBuffer","floor":3},{"not_picked":["thethorton:GemGun","thethorton:TakeAccounts"],"picked":"thethorton:CoinShield","floor":4},{"not_picked":["thethorton:ShoutAndRun","thethorton:ToxicGreed"],"picked":"thethorton:TakeAccounts","floor":7},{"not_picked":["thethorton:CrashingStocks","thethorton:BookBash","thethorton:ToxicGreed"],"picked":"SKIP","floor":11},{"not_picked":["thethorton:DualBap","thethorton:PocketChange"],"picked":"thethorton:GoldBuffer","floor":14},{"not_picked":["thethorton:ScalingIsWin","thethorton:Escape"],"picked":"thethorton:Hexaghostify","floor":16},{"not_picked":["thethorton:Distance","thethorton:AngerMoment"],"picked":"thethorton:GoldBuffer+1","floor":18},{"not_picked":["thethorton:AngerMoment","thethorton:LongTermPayoff","thethorton:BookBash+1"],"picked":"SKIP","floor":20},{"not_picked":["thethorton:AngerMoment","thethorton:Hindsight"],"picked":"thethorton:Investment+1","floor":21}],"player_experience":3516229,"relics_obtained":[{"floor":7,"key":"Potion Belt"},{"floor":9,"key":"The Courier"},{"floor":11,"key":"Du-Vu Doll"}],"event_choices":[{"cards_removed":["Normality"],"damage_healed":0,"gold_gain":0,"player_choice":"Forget","damage_taken":0,"max_hp_gain":0,"max_hp_loss":0,"event_name":"Living Wall","floor":5,"gold_loss":0},{"damage_healed":22,"gold_gain":0,"player_choice":"Heal","damage_taken":0,"max_hp_gain":0,"max_hp_loss":0,"event_name":"The Library","floor":19,"gold_loss":0}],"is_beta":true,"boss_relics":[{"not_picked":["Busted Crown","vexMod:FluxCapacitor"],"picked":"Cursed Key"}],"items_purged_floors":[],"is_endless":false,"potions_floor_spawned":[3,7,11,16],"killed_by":"Shelled Parasite and Fungi","ascension_level":10}}