{"host":"nox","time":1607942140,"event":{"mods":["BaseMod","Colored Powertips","Minty Spire (QoL Compilation)","Quick Restart","Replay The Spire","StSLib"],"gold_per_floor":[111,111,111,130,130,130,145,145,170,170,200,214,248,258,258,258,258],"floor_reached":16,"playtime":443,"items_purged":[],"score":162,"play_id":"5ff56680-494a-4c22-b337-4d063746ec0f","local_time":"20201214173540","is_ascension_mode":true,"campfire_choices":[{"data":"Perfected Strike","floor":6,"key":"SMITH"},{"floor":10,"key":"RECALL"},{"data":"Defend_R","floor":15,"key":"SMITH"}],"circlet_count":0,"master_deck":["Strike_R","Strike_R","Strike_R","Strike_R","Strike_R","Defend_R","Defend_R","Defend_R","Defend_R+1","Perfected Strike+1","Pommel Strike","Heavy Blade+1"],"relics":["Burning Blood","Spirit Poop","Quantum Egg","King of Hearts","ReplayFunnel"],"acts_visited":[],"potions_floor_usage":[11,13,13],"damage_taken":[{"damage":6,"enemies":"Cultist","floor":1,"turns":3},{"damage":1,"enemies":"2 Louse","floor":4,"turns":2},{"damage":7,"enemies":"Jaw Worm","floor":7,"turns":2},{"damage":26,"enemies":"3 Sentries","floor":11,"turns":5},{"damage":16,"enemies":"Lots of Slimes","floor":12,"turns":5},{"damage":13,"enemies":"Gremlin Nob","floor":13,"turns":3},{"damage":8,"enemies":"Blue Slaver","floor":14,"turns":2},{"damage":71,"enemies":"Fading Forest","floor":16,"turns":7}],"seed_played":"1227417151344935439","potions_obtained":[{"floor":1,"key":"AttackPotion"},{"floor":4,"key":"Swift Potion"},{"floor":12,"key":"Fire Potion"}],"is_trial":false,"path_per_floor":["M","?","$","M","?","R","M","T","T","R","E","M","E","M","R","B"],"character_chosen":"IRONCLAD","items_purchased":[],"campfire_rested":0,"item_purchase_floors":[],"current_hp_per_floor":[96,96,96,96,96,96,95,95,95,95,75,65,58,56,56,0,0],"gold":258,"neow_bonus":"TWENTY_PERCENT_HP_BONUS","is_daily":false,"chose_seed":false,"campfire_upgraded":2,"win_rate":0.0,"timestamp":1607942140,"path_taken":["M","?","$","?","?","R","M","?","T","R","E","?","E","M","R","BOSS"],"items_purchased_type":[],"build_version":"2020-11-17","purchased_purges":0,"victory":false,"max_hp_per_floor":[96,96,96,96,96,96,96,96,96,96,96,96,96,96,96,96,96],"card_choices":[{"not_picked":["ReplayTheSpireMod:LeadingStrike","ReplayTheSpireMod:Corrosion Curse"],"picked":"Perfected Strike","floor":1},{"not_picked":["Cleave","Iron Wave"],"picked":"Pommel Strike","floor":4},{"not_picked":["Shockwave","Havoc","ReplayTheSpireMod:Muscle Training"],"picked":"SKIP","floor":7},{"not_picked":["ReplayTheSpireMod:Strike From Hell","Combust","Disarm"],"picked":"SKIP","floor":11},{"not_picked":["Reckless Charge","ReplayTheSpireMod:Corrosion Curse","True Grit"],"picked":"SKIP","floor":12},{"not_picked":["Defy Death","Heavy Blade","Uppercut"],"picked":"SKIP","floor":13},{"not_picked":["Anger","Sword Boomerang","Rampage"],"picked":"SKIP","floor":14}],"player_experience":94412,"relics_obtained":[{"floor":8,"key":"Quantum Egg"},{"floor":9,"key":"King of Hearts"},{"floor":13,"key":"ReplayFunnel"}],"event_choices":[{"cards_removed":["CommonCold"],"damage_healed":0,"gold_gain":0,"player_choice":"Offered Curse","damage_taken":0,"relics_obtained":["Spirit Poop"],"max_hp_gain":0,"max_hp_loss":0,"event_name":"Bonfire Elementals","floor":2,"gold_loss":0}],"is_beta":true,"boss_relics":[],"items_purged_floors":[],"is_endless":false,"potions_floor_spawned":[1,4,12],"killed_by":"Fading Forest","ascension_level":5}}