{"host":"7cp3z5w0tcrrm8ys","time":1610883176,"event":{"mods":["AchievementEnabler","BaseMod","Colored Map","Colored Powertips","DeckTracker","Minty Spire (QoL Compilation)","StSLib","SuperFastMode"],"gold_per_floor":[112,124,124,224,237,237,237,237,263,263,17,17,17,56,56,147,147,163,182,182,182,13,13,32,48,123,70,0,0,20,31,31,31,31],"floor_reached":33,"language":"KOR","playtime":856,"items_purged":[],"score":486,"play_id":"ae15eec1-1c88-4072-9223-47044f758c66","local_time":"20210117203256","is_ascension_mode":true,"campfire_choices":[{"data":"Clothesline","floor":6,"key":"SMITH"},{"data":"Bash","floor":8,"key":"SMITH"},{"floor":12,"key":"REST"},{"data":"Fire Breathing","floor":15,"key":"SMITH"},{"floor":23,"key":"REST"},{"data":"Bloodletting","floor":29,"key":"SMITH"},{"floor":32,"key":"REST"}],"circlet_count":0,"master_deck":["AscendersBane","Strike_R","Defend_R","Defend_R","Defend_R","Bash+1","Shrug It Off","Flex","Bloodletting+1","Clothesline+1","Fire Breathing+1","Perfected Strike","Dual Wield+1","Immolate+1","Clothesline+1","Flame Barrier","Seeing Red"],"relics":["Burning Blood","Potion Belt","Bloody Idol","Omamori","Lantern","Boot","Astrolabe","Anchor","Eternal Feather"],"acts_visited":["Exordium","TheCity"],"potions_floor_usage":[14,14,19,24,31],"damage_taken":[{"damage":5,"enemies":"Small Slimes","floor":1,"turns":4},{"damage":13,"enemies":"Jaw Worm","floor":2,"turns":6},{"damage":3,"enemies":"Cultist","floor":5,"turns":3},{"damage":30,"enemies":"Gremlin Nob","floor":14,"turns":6},{"damage":20,"enemies":"Slime Boss","floor":16,"turns":7},{"damage":41,"enemies":"Spheric Guardian","floor":18,"turns":5},{"damage":20,"enemies":"2 Thieves","floor":19,"turns":4},{"damage":14,"enemies":"Cultist and Chosen","floor":24,"turns":4},{"damage":13,"enemies":"Sentry and Sphere","floor":25,"turns":4},{"damage":27,"enemies":"Snake Plant","floor":30,"turns":5},{"damage":6,"enemies":"Centurion and Healer","floor":31,"turns":5},{"damage":27,"enemies":"Automaton","floor":33,"turns":6}],"seed_played":"-7330313860933564716","potions_obtained":[{"floor":2,"key":"Swift Potion"},{"floor":5,"key":"Block Potion"},{"floor":18,"key":"Fire Potion"},{"floor":19,"key":"SneckoOil"}],"is_trial":false,"path_per_floor":["M","M","?","?","M","R","?","R","T","?","$","R","$","E","R","B",null,"M","M","?","?","$","R","M","M","T","$","?","R","M","M","R","B"],"character_chosen":"IRONCLAD","items_purchased":["Fire Breathing","Lantern","Anchor","Block Potion"],"campfire_rested":3,"item_purchase_floors":[11,11,22,27],"current_hp_per_floor":[68,61,43,43,46,46,46,46,46,39,39,59,59,35,35,21,56,21,7,7,7,7,27,24,22,27,27,27,36,20,25,54,27,27],"gold":31,"neow_bonus":"TRANSFORM_TWO_CARDS","is_daily":false,"chose_seed":false,"campfire_upgraded":4,"win_rate":0.0,"timestamp":1610883176,"path_taken":["M","M","?","?","?","R","?","R","T","?","$","R","$","E","R","BOSS","M","M","?","?","$","R","M","M","T","$","?","R","?","?","R","BOSS"],"items_purchased_type":["Card","Relic","Relic","Potion"],"build_version":"2020-12-22","purchased_purges":0,"victory":false,"max_hp_per_floor":[68,68,68,68,68,68,68,68,68,68,68,68,68,68,68,68,68,68,68,68,68,68,68,68,68,68,68,68,68,68,68,68,68,68],"card_choices":[{"not_picked":["Iron Wave","Intimidate"],"picked":"Bloodletting","floor":1},{"not_picked":["Twin Strike","Shrug It Off"],"picked":"Clothesline","floor":2},{"not_picked":["Iron Wave","Clothesline","Rampage"],"picked":"SKIP","floor":5},{"not_picked":["Thunderclap","Anger"],"picked":"Perfected Strike","floor":14},{"not_picked":["Heavy Blade","Twin Strike"],"picked":"Flame Barrier","floor":18},{"not_picked":["Clash","Armaments","Sentinel"],"picked":"SKIP","floor":19},{"not_picked":["Clothesline","Cleave","Pommel Strike"],"picked":"SKIP","floor":24},{"not_picked":["Blood for Blood","Wild Strike","Pummel"],"picked":"SKIP","floor":25},{"not_picked":["Warcry","Twin Strike","Heavy Blade"],"picked":"SKIP","floor":30},{"not_picked":["Thunderclap","Fiend Fire","Inflame"],"picked":"SKIP","floor":31}],"player_experience":798892,"relics_obtained":[{"floor":9,"key":"Omamori"},{"floor":14,"key":"Boot"},{"floor":26,"key":"Eternal Feather"}],"event_choices":[{"damage_healed":0,"gold_gain":0,"player_choice":"Success","damage_taken":18,"relics_obtained":["Potion Belt"],"max_hp_gain":0,"max_hp_loss":0,"event_name":"Scrap Ooze","floor":3,"gold_loss":0},{"damage_healed":0,"gold_gain":100,"player_choice":"Gold","damage_taken":0,"max_hp_gain":0,"max_hp_loss":0,"event_name":"Wheel of Change","floor":4,"gold_loss":0},{"damage_healed":0,"gold_gain":0,"player_choice":"Take Wound","damage_taken":0,"relics_obtained":["Golden Idol"],"max_hp_gain":0,"max_hp_loss":0,"event_name":"Golden Idol","floor":7,"gold_loss":0,"cards_obtained":["Injury"]},{"cards_removed":["Injury"],"damage_healed":0,"gold_gain":0,"player_choice":"Card Removal","damage_taken":7,"max_hp_gain":0,"max_hp_loss":0,"event_name":"Golden Wing","floor":10,"gold_loss":0},{"damage_healed":0,"gold_gain":0,"player_choice":"Read","damage_taken":0,"max_hp_gain":0,"max_hp_loss":0,"event_name":"The Library","floor":20,"gold_loss":0,"cards_obtained":["Seeing Red"]},{"damage_healed":0,"gold_gain":0,"player_choice":"Gave Idol","damage_taken":0,"relics_obtained":["Bloody Idol"],"max_hp_gain":0,"max_hp_loss":0,"event_name":"Forgotten Altar","floor":21,"relics_lost":["Golden Idol"],"gold_loss":0},{"damage_healed":0,"gold_gain":0,"player_choice":"Paid Fearfully","damage_taken":0,"max_hp_gain":0,"max_hp_loss":0,"event_name":"Masked Bandits","floor":28,"gold_loss":70}],"is_beta":false,"boss_relics":[{"not_picked":["Runic Pyramid","Black Star"],"picked":"Astrolabe"}],"items_purged_floors":[],"is_endless":false,"potions_floor_spawned":[2,5,18,19],"killed_by":"Automaton","ascension_level":20}}