{"host":"40gggw0x72bpm5se","time":1610852071,"event":{"mods":["ATMod(°¢èªMod)","Act Like it!","Aspiration","BaseMod","Better Vampires","Colored Map","Conspire","Energized Spire","Friendly Minions","Gensokyo","GungeonMod","GungeonMod Extend","Infinite Spire","Koishi","Library of Ruina","Library of Ruina Extra","Lobotomy","LobotomyExtend","Minty Spire (QoL Compilation)","Quarter Circle Forward PUNCH!","Quick Restart","Reimu£¨²©ÀöÁéÃÎ£©","Relic Stats","Replay The Spire","RumiaBox-Â¶Ã×æ«µÄÉñÃØºÐ×Ó","Shop Mod","Spicy Shops","StSLib","TestMod","The Alterego","UnlockEverythingMod","Waifu the Spire","Youmu£¨»êÆÇÑýÃÎ£©","vexMod","¡¾¹¦ÄÜMod¡¿»ìãçÖ®»·ÐÞ¸´²¹¶¡","¡¾ÒÅÎï¿¨ÅÆ¡¿REMEMod","Ä§½ä"],"gold_per_floor":[115,144,144,160,176,205,205,231,284,317,335,335,335,15,15,110,110,102,118,118,147,147,172,188,188,188,196,196,76,105,119,119,199,199,219,272,311,311,311],"floor_reached":38,"language":"ZHS","playtime":1846,"items_purged":["Dazed","Voices"],"score":573,"play_id":"de571b68-1e4c-443d-bddc-d1936716e2a1","local_time":"20210117105431","is_ascension_mode":false,"campfire_choices":[{"floor":7.0,"key":"RECALL"},{"floor":12.0,"key":"REST"},{"data":"RingOfDestiny:Villainous2","floor":15.0,"key":"SMITH"},{"data":"RingOfDestiny:DawnJudgement2","floor":28.0,"key":"SMITH"},{"data":"RingOfDestiny:PureHeart","floor":32.0,"key":"SMITH"}],"circlet_count":0,"master_deck":["Madness","Madness","Madness","Madness","Madness+1","Madness+1","Madness+1","Madness+1","Madness+1","Madness+1","ReplayTheSpireMod:Stacked+1","Madness+1","Madness+1","Madness+1","Madness+1","Madness+1","RingOfDestiny:AmuletHeart+16","Madness+1","Madness","RingOfDestiny:ChainOfLight","RingOfDestiny:HolyJustice+10","RingOfDestiny:HolyStorm","Madness+1","RingOfDestiny:HolyJustice+8","RingOfDestiny:PureHeart+2","Madness+1","RingOfDestiny:ShimmerBarrier","RingOfDestiny:SheathOfLight"],"relics":["REME_ComplimentaryCards","AT_ATBox","testmod-TestBox","energizedSpire:RedRose","testmod-ArcanaOfDestiny","LetterFromLob","Replay:Rubber Ducky","Gensokyo:OccultBall","Bag of Preparation","testmod-AssaultLearning","Garlic","Heaven_r","MagicDraw1","conspire:SlowCooker","Ring of Hypnosis","Ring of Misfortune","ZombieArmy","Letter Opener","REME_LimitBreaker","AT_SilvercatRing","PageOfTodaysShyLook","Gensokyo:DemonMask","vexMod:BarristanHead","Baka2","Busted Crown","Boot","conspire:GiftBox"],"acts_visited":["Gensokyo:Gensokyo","Gensokyo:Gensokyoer","Gensokyo:Gensokyoest"],"potions_floor_usage":[],"damage_taken":[{"damage":0.0,"enemies":"Gensokyo:3_Fairies","floor":1.0,"turns":6.0},{"damage":17.0,"enemies":"Gensokyo:Mamizou","floor":2.0,"turns":5.0},{"damage":0.0,"enemies":"Gensokyo:Python","floor":4.0,"turns":2.0},{"damage":0.0,"enemies":"Gensokyo:2_Kodama","floor":5.0,"turns":2.0},{"damage":0.0,"enemies":"Gensokyo:Aya","floor":6.0,"turns":2.0},{"damage":7.0,"enemies":"Gensokyo:Mamizou","floor":8.0,"turns":5.0},{"damage":0.0,"enemies":"Gensokyo:VengefulSpirit","floor":11.0,"turns":2.0},{"damage":17.0,"enemies":"Gensokyo:Aya","floor":13.0,"turns":4.0},{"damage":13.0,"enemies":"Gensokyo:Yukari","floor":16.0,"turns":8.0},{"damage":0.0,"enemies":"Gensokyo:CosmicMonolith","floor":18.0,"turns":2.0},{"damage":0.0,"enemies":"Gensokyo:Chomper","floor":19.0,"turns":3.0},{"damage":16.0,"enemies":"conspire:MimicChest","floor":21.0,"turns":3.0},{"damage":15.0,"enemies":"Gensokyo:Koishi","floor":23.0,"turns":3.0},{"damage":0.0,"enemies":"Gensokyo:Swordslinger","floor":24.0,"turns":2.0},{"damage":9.0,"enemies":"Gensokyo:Reisen","floor":27.0,"turns":2.0},{"damage":5.0,"enemies":"Gensokyo:Koishi","floor":30.0,"turns":3.0},{"damage":9.0,"enemies":"Gensokyo:3_Gloops","floor":31.0,"turns":1.0},{"damage":42.0,"enemies":"Gensokyo:Kaguya","floor":33.0,"turns":6.0},{"damage":25.0,"enemies":"Gensokyo:3_Boulders","floor":35.0,"turns":1.0},{"damage":36.0,"enemies":"Gensokyo:AncientGuardian","floor":37.0,"turns":3.0},{"damage":0,"enemies":"Gensokyo:AncientGuardian","floor":38,"turns":1}],"seed_played":"8781574437899240650","potions_obtained":[{"floor":1.0,"key":"AttackPotion"},{"floor":4.0,"key":"PowerPotion"},{"floor":6.0,"key":"BlessingOfTheForge"}],"is_trial":false,"path_per_floor":["M","?","?","M","M","E","R","E","T","?","M","R","E","$","R","B",null,"M","M","?","?","?","E","M","AVR","T","E","R","?","E","M","R","B",null,"M","T","?","M"],"character_chosen":"Inherit","items_purchased":["MagicDraw1"],"campfire_rested":1,"item_purchase_floors":[14],"current_hp_per_floor":[90,73,73,73,73,75,75,72,72,24,24,60,43,43,43,58,119,119,119,119,115,115,109,119,119,119,110,110,110,105,96,96,68,119,94,94,94,94,94],"gold":311,"neow_bonus":"BOSS_RELIC","is_daily":false,"chose_seed":false,"campfire_upgraded":3,"win_rate":0.0,"timestamp":1610852071,"path_taken":["M","?","?","M","M","E","R","E","T","?","?","R","E","$","R","BOSS","M","M","?","?","?","E","M","AVR","T","E","R","?","E","?","R","BOSS","M","?","?","M"],"items_purchased_type":["Relic"],"build_version":"2020-12-22","purchased_purges":2,"victory":false,"max_hp_per_floor":[90,120,120,120,120,120,120,120,120,120,120,120,120,120,120,119,119,119,119,119,119,119,119,119,119,119,119,119,119,119,119,119,119,119,119,119,119,119,119],"relic_stats":{"Busted Crown":6,"counters":[21,66],"Bag of Preparation":[36],"Letter Opener":[42],"Boot":[0],"obtain_stats":[{"Gensokyo:DemonMask":29,"AT_ATBox":0,"DemoMod:GlassGuonStoneRelic":1,"Bag of Preparation":4,"Boot":36,"Replay:Rubber Ducky":2,"MagicDraw1":14,"Frozen Eye":23,"Baka2":31,"Gensokyo:OccultBall":3,"PageOfTodaysShyLook":27,"testmod-ArcanaOfDestiny":0,"ZombieArmy":21,"RingOfDestiny:TwinWings":0,"energizedSpire:RedRose":0,"testmod-TestBox":0,"Ring of Hypnosis":20,"conspire:SlowCooker":17,"Baka":1,"Letter Opener":23,"REME_LimitBreaker":25,"AT_SilvercatRing":26,"Heaven_r":13,"conspire:GiftBox":37,"vexMod:BarristanHead":30,"Busted Crown":34,"testmod-AssaultLearning":6,"Ring of Misfortune":20,"LetterFromLob":1,"Garlic":8,"REME_ComplimentaryCards":0},{"Gensokyo:DemonMask":15,"AT_ATBox":0,"DemoMod:GlassGuonStoneRelic":1,"Bag of Preparation":3,"Boot":19,"Replay:Rubber Ducky":2,"MagicDraw1":8,"Frozen Eye":12,"Baka2":17,"Gensokyo:OccultBall":2,"PageOfTodaysShyLook":15,"testmod-ArcanaOfDestiny":0,"ZombieArmy":12,"RingOfDestiny:TwinWings":0,"energizedSpire:RedRose":0,"testmod-TestBox":0,"Ring of Hypnosis":11,"conspire:SlowCooker":9,"Baka":1,"Letter Opener":13,"REME_LimitBreaker":14,"AT_SilvercatRing":14,"Heaven_r":8,"conspire:GiftBox":20,"vexMod:BarristanHead":16,"Busted Crown":18,"testmod-AssaultLearning":5,"Ring of Misfortune":11,"LetterFromLob":1,"Garlic":6,"REME_ComplimentaryCards":0},{"Gensokyo:DemonMask":51,"AT_ATBox":0,"DemoMod:GlassGuonStoneRelic":6,"Bag of Preparation":13,"Boot":62,"Replay:Rubber Ducky":11,"MagicDraw1":28,"Frozen Eye":44,"Baka2":55,"Gensokyo:OccultBall":11,"PageOfTodaysShyLook":51,"testmod-ArcanaOfDestiny":0,"ZombieArmy":44,"RingOfDestiny:TwinWings":0,"energizedSpire:RedRose":0,"testmod-TestBox":0,"Ring of Hypnosis":41,"conspire:SlowCooker":36,"Baka":6,"Letter Opener":47,"REME_LimitBreaker":49,"AT_SilvercatRing":49,"Heaven_r":28,"conspire:GiftBox":65,"vexMod:BarristanHead":54,"Busted Crown":61,"testmod-AssaultLearning":17,"Ring of Misfortune":41,"LetterFromLob":6,"Garlic":22,"REME_ComplimentaryCards":0}]},"card_choices":[{"not_picked":["RingOfDestiny:BathingInGrace","RingOfDestiny:FairJudgement"],"picked":"RingOfDestiny:HolyAssault","floor":1.0},{"not_picked":["RingOfDestiny:HolyInterweaving","RingOfDestiny:Aerostigmata"],"picked":"RingOfDestiny:HolyEcho","floor":2.0},{"not_picked":["RingOfDestiny:ExpiateSin","RingOfDestiny:DevoutPray"],"picked":"RingOfDestiny:PureHeart","floor":4.0},{"not_picked":["RingOfDestiny:HolyShock","RingOfDestiny:JusticeWarning"],"picked":"RingOfDestiny:PowerOfLight","floor":5.0},{"not_picked":["RingOfDestiny:HolyStorm","RingOfDestiny:HolyInterweaving"],"picked":"RingOfDestiny:InsightTruth","floor":6.0},{"not_picked":["RingOfDestiny:HolyStorm","RingOfDestiny:JudgementOfLight"],"picked":"RingOfDestiny:AmuletHeart","floor":8.0},{"not_picked":["RingOfDestiny:HolyShock","RingOfDestiny:FairJudgement"],"picked":"RingOfDestiny:WeakenStrike","floor":10.0},{"not_picked":["RingOfDestiny:Sacrifice","RingOfDestiny:ForbiddenBook"],"picked":"RingOfDestiny:AngelTalisman","floor":11.0},{"not_picked":["RingOfDestiny:FinalJudgement2","RingOfDestiny:HolyPouring2"],"picked":"RingOfDestiny:DawnJudgement2","floor":16.0},{"not_picked":["RingOfDestiny:WeakenStrike2","RingOfDestiny:ForbiddenStrike2+1"],"picked":"RingOfDestiny:Pray2","floor":18.0},{"not_picked":["RingOfDestiny:ForbiddenStrike","RingOfDestiny:HymnOfAngels"],"picked":"RingOfDestiny:ChainOfLight","floor":19.0},{"not_picked":["RingOfDestiny:WeakenStrike+1","RingOfDestiny:BathingInGrace"],"picked":"RingOfDestiny:HolyJustice+1","floor":21.0},{"not_picked":["RingOfDestiny:ForbiddenStrike2+1","RingOfDestiny:Resuscitation2"],"picked":"RingOfDestiny:JudgementOfSanctity2+1","floor":23.0},{"not_picked":["RingOfDestiny:PowerOfLight+1","RingOfDestiny:PureHeart"],"picked":"RingOfDestiny:HolyJustice+1","floor":24.0},{"not_picked":["RingOfDestiny:FairJudgement","RingOfDestiny:ExpiateSin","RingOfDestiny:HolyJustice"],"picked":"SKIP","floor":27.0},{"not_picked":["RingOfDestiny:HolyShock+1","RingOfDestiny:ForbiddenStrike"],"picked":"RingOfDestiny:PureHeart","floor":30.0},{"not_picked":["RingOfDestiny:HolyShock+1","RingOfDestiny:SacredOverload","RingOfDestiny:WeakenStrike"],"picked":"SKIP","floor":31.0},{"not_picked":["RingOfDestiny:DawnJudgement2","RingOfDestiny:SheathOfLight2"],"picked":"RingOfDestiny:HolyEcho2","floor":33.0},{"not_picked":[],"picked":"RingOfDestiny:ShimmerBarrier","floor":35.0},{"not_picked":[],"picked":"RingOfDestiny:SheathOfLight","floor":37.0},{"not_picked":["RingOfDestiny:ForbiddenStrike+1"],"picked":"SKIP","floor":37.0}],"player_experience":62431,"relics_obtained":[{"floor":1.0,"key":"Baka"},{"floor":1.0,"key":"LetterFromLob"},{"floor":2.0,"key":"Replay:Rubber Ducky"},{"floor":4.0,"key":"Bag of Preparation"},{"floor":4.0,"key":"Gensokyo:OccultBall"},{"floor":6.0,"key":"testmod-AssaultLearning"},{"floor":8.0,"key":"Garlic"},{"floor":16.0,"key":"Gensokyo:OccultBall"},{"floor":20.0,"key":"Ring of Hypnosis"},{"floor":20.0,"key":"Ring of Misfortune"},{"floor":21.0,"key":"ZombieArmy"},{"floor":23.0,"key":"Letter Opener"},{"floor":26.0,"key":"AT_SilvercatRing"},{"floor":27.0,"key":"Gensokyo:OccultBall"},{"floor":27.0,"key":"PageOfTodaysShyLook"},{"floor":30.0,"key":"vexMod:BarristanHead"},{"floor":31.0,"key":"Baka2"},{"floor":33.0,"key":"Gensokyo:OccultBall"},{"floor":36.0,"key":"Boot"},{"floor":37.0,"key":"conspire:GiftBox"}],"event_choices":[],"is_beta":false,"boss_relics":[{"not_picked":["testmod-Fanaticism","vexMod:EndlessSickness"],"picked":"conspire:SlowCooker"},{"not_picked":["Ring of Chaos","EasyGame_NEW"],"picked":"Busted Crown"}],"items_purged_floors":[14,25],"is_endless":false,"potions_floor_spawned":[1,4,6,13,16,21,23,24,30],"killed_by":"Gensokyo:AncientGuardian","ascension_level":0}}