{"host":"i7jfea87xc8lz16p","time":1610899597,"event":{"mods":["AchievementEnabler","BaseMod","Colored Powertips","Minty Spire (QoL Compilation)","Relic Stats"],"gold_per_floor":[117,117,132,144,164,164,189,189,213,229,126,126,136,154,154,154,154],"floor_reached":16,"language":"ENG","playtime":727,"items_purged":["Strike_G"],"score":208,"play_id":"1661f6a2-1cdd-4336-b41a-157736bd7971","local_time":"20210117170637","is_ascension_mode":true,"campfire_choices":[{"data":"Underhanded Strike","floor":6,"key":"SMITH"},{"floor":8,"key":"REST"},{"data":"Deflect","floor":12,"key":"SMITH"},{"data":"Finisher","floor":15,"key":"SMITH"}],"circlet_count":0,"master_deck":["AscendersBane","Strike_G","Strike_G","Strike_G","Defend_G","Defend_G","Defend_G","Defend_G","Defend_G","Survivor","Neutralize","Underhanded Strike+1","Prepared","Die Die Die","Prepared","Sucker Punch","Deflect+1","Dagger Throw","Finisher+1"],"relics":["Runic Pyramid","Nunchaku","Happy Flower"],"acts_visited":["Exordium"],"potions_floor_usage":[16,16],"damage_taken":[{"damage":12,"enemies":"2 Louse","floor":1,"turns":4},{"damage":1,"enemies":"Cultist","floor":3,"turns":4},{"damage":6,"enemies":"Small Slimes","floor":4,"turns":4},{"damage":6,"enemies":"Looter","floor":5,"turns":3},{"damage":14,"enemies":"3 Sentries","floor":7,"turns":9},{"damage":4,"enemies":"2 Fungi Beasts","floor":10,"turns":3},{"damage":1,"enemies":"3 Louse","floor":13,"turns":4},{"damage":1,"enemies":"Exordium Thugs","floor":14,"turns":4},{"damage":53,"enemies":"Slime Boss","floor":16,"turns":13}],"seed_played":"3516793110785580266","potions_obtained":[{"floor":3,"key":"FearPotion"},{"floor":4,"key":"Poison Potion"},{"floor":14,"key":"Regen Potion"}],"is_trial":false,"path_per_floor":["M","?","M","M","M","R","E","R","T","M","$","R","M","M","R","B"],"character_chosen":"THE_SILENT","items_purchased":["Dagger Throw"],"campfire_rested":1,"item_purchase_floors":[11],"current_hp_per_floor":[47,47,46,40,34,34,20,39,39,35,35,35,34,33,33,0,0],"gold":154,"neow_bonus":"BOSS_RELIC","is_daily":false,"chose_seed":false,"campfire_upgraded":3,"win_rate":0.0,"timestamp":1610899597,"path_taken":["M","?","?","M","M","R","E","R","T","M","$","R","M","M","R","BOSS"],"items_purchased_type":["Card"],"build_version":"2020-12-22","purchased_purges":1,"victory":false,"max_hp_per_floor":[66,66,66,66,66,66,66,66,66,66,66,66,66,66,66,66,66],"relic_stats":{"Nunchaku":[4],"Happy Flower":[8],"counters":[9,48],"obtain_stats":[{"Nunchaku":7,"Happy Flower":9,"Ring of the Snake":0,"Runic Pyramid":0},{"Nunchaku":5,"Happy Flower":5,"Ring of the Snake":0,"Runic Pyramid":0},{"Nunchaku":24,"Happy Flower":24,"Ring of the Snake":0,"Runic Pyramid":0}]},"card_choices":[{"not_picked":["Sucker Punch","Outmaneuver"],"picked":"Underhanded Strike","floor":1},{"not_picked":["Flying Knee","Choke"],"picked":"Prepared","floor":3},{"not_picked":["Blade Dance","Reflex"],"picked":"Die Die Die","floor":4},{"not_picked":["Quick Slash","Acrobatics"],"picked":"Prepared","floor":5},{"not_picked":["Cloak And Dagger","Outmaneuver"],"picked":"Sucker Punch","floor":7},{"not_picked":["Escape Plan","Acrobatics"],"picked":"Deflect","floor":10},{"not_picked":["Bane","Quick Slash"],"picked":"Finisher","floor":13},{"not_picked":["Underhanded Strike","Backflip","Reflex"],"picked":"SKIP","floor":14}],"player_experience":1789303,"relics_obtained":[{"floor":7,"key":"Nunchaku"},{"floor":9,"key":"Happy Flower"}],"event_choices":[{"cards_removed":["Strike_G"],"damage_healed":0,"gold_gain":0,"player_choice":"Purged","damage_taken":0,"max_hp_gain":0,"max_hp_loss":0,"event_name":"Purifier","floor":2,"gold_loss":0}],"is_beta":false,"boss_relics":[],"items_purged_floors":[11],"is_endless":false,"potions_floor_spawned":[3,4,7,14],"killed_by":"Slime Boss","ascension_level":20}}