{"host":"0ueeacaatm8t6jyh","time":1610901787,"event":{"mods":["AchievementEnabler","BaseMod","Colored Powertips","Minty Spire (QoL Compilation)","Quick Restart","Rare Cards Sparkle","Shop Mod","StSLib"],"gold_per_floor":[119,143,143,155,173,173,206,233,233,233,233],"floor_reached":10,"language":"ZHS","playtime":533,"items_purged":[],"score":252,"play_id":"df982900-a108-4cb8-a75f-4dae543cdd7d","local_time":"20210118004307","daily_mods":["SealedDeck","Chimera","Diverse","Heirloom","DeadlyEvents","Elite Swarm"],"is_ascension_mode":true,"campfire_choices":[{"data":"Eruption","floor":6.0,"key":"SMITH"}],"circlet_count":0,"master_deck":["AscendersBane","Survivor","Zap","Eruption+1","Strike_R","Strike_G","Strike_B","Defend_R","Defend_G","Defend_P","Conserve Battery","Scrape","Prostrate","CarveReality","Disarm","Evaluate","BootSequence","Sword Boomerang","Cleave","Backflip","Prostrate","All For One","Omniscience"],"relics":["Unceasing Top","Mango","Smiling Mask","Charon\u0027s Ashes","FossilizedHelix","Darkstone Periapt"],"acts_visited":["Exordium"],"potions_floor_usage":[10],"damage_taken":[{"damage":0.0,"enemies":"Cultist","floor":1.0,"turns":4.0},{"damage":1.0,"enemies":"Small Slimes","floor":4.0,"turns":4.0},{"damage":0.0,"enemies":"Jaw Worm","floor":5.0,"turns":3.0},{"damage":33.0,"enemies":"Gremlin Nob","floor":7.0,"turns":4.0},{"damage":27.0,"enemies":"Lagavulin","floor":8.0,"turns":7.0},{"damage":66,"enemies":"Gremlin Nob","floor":10,"turns":3}],"seed_played":"-4538049222685258718","potions_obtained":[{"floor":4.0,"key":"Dexterity Potion"}],"is_trial":true,"path_per_floor":["M","T","?","M","M","R","E","E","T","E"],"character_chosen":"IRONCLAD","items_purchased":[],"campfire_rested":0,"item_purchase_floors":[],"current_hp_per_floor":[82,82,82,81,81,81,48,21,21,0,0],"gold":233,"neow_bonus":"","is_daily":false,"chose_seed":false,"campfire_upgraded":1,"win_rate":0.0,"timestamp":1610901787,"path_taken":["M","?","?","M","M","R","?","E","T","E"],"items_purchased_type":[],"build_version":"2020-12-22","purchased_purges":0,"victory":false,"max_hp_per_floor":[89,89,89,89,89,89,89,89,89,89,89],"card_choices":[{"not_picked":["Beam Cell","Turbo","Undo"],"picked":"SKIP","floor":1.0},{"not_picked":["CrushJoints","FlyingSleeves","Force Field"],"picked":"SKIP","floor":4.0},{"not_picked":["Warcry","ReachHeaven"],"picked":"Prostrate","floor":5.0},{"not_picked":["Corruption","Machine Learning"],"picked":"All For One","floor":7.0},{"not_picked":["Exhume","Thunder Strike"],"picked":"Omniscience","floor":8.0}],"player_experience":387488,"relics_obtained":[{"floor":2.0,"key":"Smiling Mask"},{"floor":7.0,"key":"Charon\u0027s Ashes"},{"floor":8.0,"key":"FossilizedHelix"},{"floor":9.0,"key":"Darkstone Periapt"}],"event_choices":[{"cards_removed":["Bash"],"damage_healed":0.0,"max_hp_gain":0.0,"max_hp_loss":0.0,"gold_gain":0.0,"event_name":"Bonfire Elementals","player_choice":"Offered Basic","floor":3.0,"gold_loss":0.0,"damage_taken":0.0}],"is_beta":false,"boss_relics":[],"items_purged_floors":[],"is_endless":true,"potions_floor_spawned":[4],"killed_by":"Gremlin Nob","ascension_level":20}}