{"host":"2se5dq1do2gp0x9k","time":1610918342,"event":{"mods":["AchievementEnabler","BaseMod","Block Reminder","Colored Map","Colored Powertips","Minty Spire (QoL Compilation)","Relic Stats","StSLib","SuperFastMode"],"gold_per_floor":[115,126,126,51,62,97,117,117,117],"floor_reached":8,"language":"ENG","playtime":219,"items_purged":["Strike_R"],"score":116,"play_id":"61cda09a-f5c7-471b-bad6-2dcf68436b54","local_time":"20210117131902","is_ascension_mode":true,"campfire_choices":[],"circlet_count":0,"master_deck":["AscendersBane","Strike_R","Strike_R","Strike_R","Defend_R","Defend_R","Defend_R","Defend_R","Bash","Twin Strike","Flex","Disarm","Flex","Inflame"],"relics":["Burning Blood","NeowsBlessing","Regal Pillow"],"acts_visited":["Exordium"],"potions_floor_usage":[6,7],"damage_taken":[{"damage":0,"enemies":"Jaw Worm","floor":1,"turns":1},{"damage":0,"enemies":"Cultist","floor":2,"turns":1},{"damage":0,"enemies":"2 Louse","floor":5,"turns":1},{"damage":70,"enemies":"3 Sentries","floor":6,"turns":16},{"damage":0,"enemies":"2 Fungi Beasts","floor":7,"turns":1},{"damage":51,"enemies":"Gremlin Nob","floor":8,"turns":3}],"seed_played":"-832906883449584556","potions_obtained":[{"floor":5,"key":"DistilledChaos"},{"floor":6,"key":"AttackPotion"}],"is_trial":false,"path_per_floor":["M","M","?","$","M","E","M","E"],"character_chosen":"IRONCLAD","items_purchased":[],"campfire_rested":0,"item_purchase_floors":[],"current_hp_per_floor":[74,75,75,75,75,11,17,0,0],"gold":117,"neow_bonus":"THREE_ENEMY_KILL","is_daily":false,"chose_seed":false,"campfire_upgraded":0,"win_rate":0.0,"timestamp":1610918342,"path_taken":["M","M","?","$","?","E","M","E"],"items_purchased_type":[],"build_version":"2020-12-22","purchased_purges":1,"victory":false,"max_hp_per_floor":[75,75,75,75,75,75,75,75,75],"relic_stats":{"Regal Pillow":0,"counters":[6,23],"obtain_stats":[{"Regal Pillow":6,"NeowsBlessing":0,"Burning Blood":0},{"Regal Pillow":4,"NeowsBlessing":0,"Burning Blood":0},{"Regal Pillow":19,"NeowsBlessing":0,"Burning Blood":0}],"Burning Blood":19},"card_choices":[{"not_picked":["Sever Soul","Perfected Strike"],"picked":"Twin Strike","floor":1},{"not_picked":["Rupture","Perfected Strike"],"picked":"Flex","floor":2},{"not_picked":["Fire Breathing","Anger"],"picked":"Disarm","floor":5},{"not_picked":["Feel No Pain","Warcry"],"picked":"Flex","floor":6},{"not_picked":["Power Through","Iron Wave"],"picked":"Inflame","floor":7}],"player_experience":3894105,"relics_obtained":[{"floor":6,"key":"Regal Pillow"}],"event_choices":[{"cards_removed":["Strike_R"],"damage_healed":0,"gold_gain":0,"player_choice":"Purged","damage_taken":0,"max_hp_gain":0,"max_hp_loss":0,"event_name":"Purifier","floor":3,"gold_loss":0}],"is_beta":false,"boss_relics":[],"items_purged_floors":[4],"is_endless":false,"potions_floor_spawned":[5,6],"killed_by":"Gremlin Nob","ascension_level":20}}