{"host":"3498uni0c31c9bdm","time":1610854849,"event":{"mods":["BaseMod","Better Third Choice","Minty Spire (QoL Compilation)","Replay The Spire","StSLib"],"gold_per_floor":[117,117,84,104,159,484,484,516,561,578,578,597,627,42,42,157,157,142,142,72,72,52,83,98,108,108,108,108,123,13,45,45,140,140,159,159,173,183,133,166,166,183,183,183,183,210,210,226,226,226,226,226,30,65,65,65],"floor_reached":55,"language":"ENG","playtime":3147,"items_purged":["Normality","Doubt"],"score":1232,"play_id":"495d2073-3b04-4730-a1c6-2d61ad288baf","local_time":"20210117144049","is_ascension_mode":true,"campfire_choices":[{"floor":7,"key":"RECALL"},{"data":"Whirlwind","floor":11,"key":"SMITH"},{"data":"Armaments","floor":15,"key":"SMITH"},{"data":"1","floor":28,"key":"LIFT"},{"data":"2","floor":32,"key":"LIFT"},{"floor":44,"key":"REST"},{"data":"3","floor":47,"key":"LIFT"},{"data":"Shockwave","floor":49,"key":"SMITH"},{"data":"Disarm","floor":52,"key":"SMITH"}],"circlet_count":0,"master_deck":["Strike_R+1","Strike_R+1","Strike_R+1","Strike_R+1","Strike_R+1","Defend_R+1","Defend_R+1","Defend_R+1","Bash","Wild Strike","Run Through","Whirlwind+1","Perfected Strike","Disarm+1","Pommel Strike","Impervious","Armaments+1","Demon Form","Sword Boomerang+1","Feed","ReplayReversal+1","ReplayTheSpireMod:Stacked","Clothesline","Pain","Thunderclap","Rupture","Shockwave+1","Reaper","Headbutt+1","Pommel Strike+1","Dropkick+1","ReplayTheSpireMod:Limb From Limb+1","Wild Strike+1","Heavy Blade+1","Armaments+1","Metallicize+1"],"relics":["Burning Blood","NeowsBlessing","Boot","betterThird:SlimedRelic","Old Coin","Art of War","Replay:Baseball","Girya","Mummified Hand","Akabeko","Toolbox","Replay:Grab Bag","Cursed Key","Replay:Bronze Core","Black Star","White Beast Statue","Tiny Chest","WarpedTongs","Smiling Mask","Nunchaku","Honey Jar","Ornamental Fan","The Courier","Ice Cream","Oddly Smooth Stone","Calipers","Sundial","Strange Spoon","Happy Flower","Bag of Marbles"],"acts_visited":["Exordium","TheCity","TheBeyond","TheEnding"],"potions_floor_usage":[16,16,23,23,31,31,33,40,42,46,50,50,50,55,55,55,55],"damage_taken":[{"damage":0,"enemies":"Cultist","floor":1,"turns":1},{"damage":0,"enemies":"2 Louse","floor":4,"turns":1},{"damage":0,"enemies":"Gremlin Nob","floor":6,"turns":1},{"damage":7,"enemies":"Replay:BlueRogue","floor":8,"turns":12},{"damage":0,"enemies":"Jaw Worm","floor":10,"turns":3},{"damage":0,"enemies":"Large Slime","floor":12,"turns":3},{"damage":32,"enemies":"Gremlin Nob","floor":13,"turns":4},{"damage":34,"enemies":"Slime Boss","floor":16,"turns":11},{"damage":23,"enemies":"2 Thieves","floor":18,"turns":5},{"damage":12,"enemies":"Gremlin Leader","floor":23,"turns":3},{"damage":0,"enemies":"3 Byrds","floor":24,"turns":2},{"damage":8,"enemies":"Snake Plant","floor":25,"turns":4},{"damage":2,"enemies":"Centurion and Healer","floor":29,"turns":4},{"damage":9,"enemies":"Slavers","floor":31,"turns":3},{"damage":77,"enemies":"Champ","floor":33,"turns":10},{"damage":16,"enemies":"3 Shapes","floor":35,"turns":5},{"damage":8,"enemies":"3 Darklings","floor":37,"turns":3},{"damage":3,"enemies":"Transient","floor":38,"turns":5},{"damage":54,"enemies":"R_Hoarder","floor":40,"turns":8},{"damage":19,"enemies":"Spire Growth","floor":42,"turns":3},{"damage":8,"enemies":"Nemesis","floor":46,"turns":5},{"damage":7,"enemies":"Maw","floor":48,"turns":7},{"damage":25,"enemies":"Donu and Deca","floor":50,"turns":5},{"damage":65,"enemies":"Shield and Spear","floor":54,"turns":6},{"damage":91,"enemies":"The Heart","floor":55,"turns":6}],"seed_played":"-1994313053263406410","potions_obtained":[{"floor":4,"key":"LifebloodPotion"},{"floor":8,"key":"PowerPotion"},{"floor":10,"key":"FearPotion"},{"floor":16,"key":"Elixir"},{"floor":22,"key":"SpeedPotion"},{"floor":24,"key":"Venom Potion"},{"floor":25,"key":"Swift Potion"},{"floor":31,"key":"Death Potion"},{"floor":33,"key":"Explosive Potion"},{"floor":35,"key":"SteroidPotion"},{"floor":37,"key":"Dexterity Potion"},{"floor":38,"key":"SmokeBomb"},{"floor":40,"key":"Regen Potion"},{"floor":42,"key":"DistilledChaos"},{"floor":46,"key":"Block Potion"},{"floor":48,"key":"PowerPotion"},{"floor":54,"key":"BlessingOfTheForge"}],"is_trial":false,"path_per_floor":["M","?","?","M","?","E","R","E","T","M","R","M","E","$","R","B",null,"M","?","$","?","?","E","M","M","T","?","R","M","$","E","R","B",null,"M","T","M","M","$","E","?","M","T","R","?","E","R","M","R","B",null,"R","$","E","B"],"character_chosen":"IRONCLAD","items_purchased":["Mummified Hand","Akabeko","Toolbox","Armaments","Feed","Rupture","Strange Spoon","Block Potion","Dexterity Potion"],"campfire_rested":1,"item_purchase_floors":[14,14,14,14,20,30,53,53,53],"current_hp_per_floor":[78,66,55,61,61,67,67,66,66,72,72,78,52,52,52,24,66,49,75,75,75,75,69,75,73,73,73,73,80,80,81,81,10,68,78,78,85,87,87,43,43,39,39,65,65,78,78,87,87,90,90,90,90,40,0,0],"gold":65,"neow_bonus":"THREE_ENEMY_KILL","is_daily":false,"chose_seed":false,"campfire_upgraded":4,"win_rate":0.0,"timestamp":1610854849,"path_taken":["M","?","?","M","?","E","R","E","T","M","R","M","E","$","R","BOSS","M","?","$","?","?","E","M","?","T","?","R","?","$","E","R","BOSS","M","?","M","M","$","E","?","M","T","R","?","E","R","M","R","BOSS","R","$","E","BOSS"],"items_purchased_type":["Relic","Relic","Relic","Card","Card","Card","Relic","Potion","Potion"],"build_version":"2020-12-22","purchased_purges":2,"victory":false,"max_hp_per_floor":[80,80,80,80,80,80,80,80,80,80,80,80,80,80,80,80,80,80,80,80,80,80,80,80,80,80,80,80,83,83,87,87,87,87,87,87,87,87,87,87,87,87,87,87,87,87,87,87,87,90,90,90,90,90,90,90],"card_choices":[{"not_picked":["Shrug It Off","True Grit"],"picked":"Wild Strike","floor":1},{"not_picked":["Warcry","Body Slam"],"picked":"Run Through","floor":4},{"not_picked":["Pommel Strike","Headbutt"],"picked":"Whirlwind","floor":6},{"not_picked":["Run Through","Feel No Pain"],"picked":"Perfected Strike","floor":8},{"not_picked":["Life Link","Anger"],"picked":"Disarm","floor":10},{"not_picked":["Replay:Undeath\u0027s Touch","Wild Strike"],"picked":"Pommel Strike","floor":12},{"not_picked":["Clothesline","Perfected Strike"],"picked":"Impervious","floor":13},{"not_picked":["Feed","Exhume"],"picked":"Demon Form","floor":16},{"not_picked":["Pummel+1","Run Through"],"picked":"Sword Boomerang+1","floor":18},{"not_picked":["Exhume","Feel No Pain+1"],"picked":"ReplayReversal+1","floor":23},{"not_picked":["Cleave","Seeing Red"],"picked":"ReplayTheSpireMod:Stacked","floor":24},{"not_picked":["Headbutt","Carnage"],"picked":"Clothesline","floor":25},{"not_picked":["Sword Boomerang","Headbutt"],"picked":"Thunderclap","floor":29},{"not_picked":["Twin Strike","Iron Wave"],"picked":"Shockwave","floor":31},{"not_picked":["Demonic Infusion","Feed"],"picked":"Reaper","floor":33},{"not_picked":["Havoc","Anger+1","Wild Strike+1"],"picked":"Headbutt+1","floor":35},{"not_picked":["Clothesline","True Grit","Havoc"],"picked":"Pommel Strike+1","floor":37},{"not_picked":["Replay:Undeath\u0027s Touch","Twin Strike","ReplayTheSpireMod:Strike From Hell+1"],"picked":"Dropkick+1","floor":38},{"not_picked":["Defy Death","Exhume","Anger+1"],"picked":"ReplayTheSpireMod:Limb From Limb+1","floor":40},{"not_picked":["Intimidate","Searing Blow+1","Run Through+1"],"picked":"Wild Strike+1","floor":42},{"not_picked":["Sword Boomerang","Pommel Strike+1","Shockwave+1"],"picked":"Heavy Blade+1","floor":46},{"not_picked":["Metallicize","Replay:Undeath\u0027s Touch","ReplayReversal+1"],"picked":"Armaments+1","floor":48},{"not_picked":["Run Through","Clothesline+1","Anger"],"picked":"Metallicize+1","floor":54}],"player_experience":688280,"relics_obtained":[{"floor":6,"key":"Old Coin"},{"floor":8,"key":"Art of War"},{"floor":9,"key":"Replay:Baseball"},{"floor":13,"key":"Girya"},{"floor":23,"key":"White Beast Statue"},{"floor":23,"key":"Tiny Chest"},{"floor":31,"key":"Smiling Mask"},{"floor":31,"key":"Nunchaku"},{"floor":36,"key":"Ornamental Fan"},{"floor":40,"key":"The Courier"},{"floor":40,"key":"Ice Cream"},{"floor":43,"key":"Oddly Smooth Stone"},{"floor":46,"key":"Calipers"},{"floor":46,"key":"Sundial"},{"floor":54,"key":"Happy Flower"},{"floor":54,"key":"Bag of Marbles"}],"event_choices":[{"damage_healed":0,"gold_gain":0,"player_choice":"Relic ","damage_taken":12,"max_hp_gain":0,"max_hp_loss":0,"event_name":"betterThird:BetterScrap","floor":2,"gold_loss":0,"cards_obtained":["Replay:Cycle"]},{"damage_healed":0,"gold_gain":0,"player_choice":"Slimed","damage_taken":11,"max_hp_gain":0,"max_hp_loss":0,"event_name":"betterThird:BetterGoop","floor":3,"gold_loss":33},{"damage_healed":0,"gold_gain":55,"player_choice":"Gained Gold","damage_taken":0,"max_hp_gain":0,"max_hp_loss":0,"event_name":"Golden Wing","floor":5,"gold_loss":0},{"damage_healed":26,"gold_gain":0,"player_choice":"Heal","damage_taken":0,"max_hp_gain":0,"max_hp_loss":0,"event_name":"The Library","floor":19,"gold_loss":0},{"damage_healed":0,"gold_gain":0,"player_choice":"Simplicity","damage_taken":0,"max_hp_gain":0,"max_hp_loss":9,"event_name":"betterThird:BetterWriting","floor":21,"gold_loss":0},{"damage_healed":0,"gold_gain":0,"player_choice":"Bought 1 Potion","damage_taken":0,"max_hp_gain":0,"max_hp_loss":0,"event_name":"The Woman in Blue","floor":22,"gold_loss":0},{"damage_healed":0,"gold_gain":0,"player_choice":"Rummage","damage_taken":0,"relics_obtained":["WarpedTongs"],"max_hp_gain":0,"max_hp_loss":0,"event_name":"Accursed Blacksmith","floor":27,"gold_loss":0,"cards_obtained":["Pain"]},{"cards_removed":["Defend_R"],"damage_healed":0,"gold_gain":0,"player_choice":"Removed Skill","damage_taken":0,"max_hp_gain":0,"max_hp_loss":0,"event_name":"Falling","floor":41,"gold_loss":0},{"cards_removed":["Languid"],"damage_healed":0,"gold_gain":0,"player_choice":"Purged","damage_taken":0,"max_hp_gain":0,"max_hp_loss":0,"event_name":"Purifier","floor":45,"gold_loss":0}],"is_beta":false,"boss_relics":[{"not_picked":["Busted Crown","Tiny House"],"picked":"Replay:Grab Bag"},{"not_picked":["Philosopher\u0027s Stone","Ectoplasm"],"picked":"Cursed Key"},{"not_picked":["Mark of Pain","Runic Dome"],"picked":"Replay:Bronze Core"},{"not_picked":["SacredBark","Astrolabe"],"picked":"Black Star"},{"not_picked":["Empty Cage","Velvet Choker"],"picked":"Honey Jar"}],"items_purged_floors":[30,39],"is_endless":false,"potions_floor_spawned":[4,8,10,16,24,25,29,31,33,35,37,38,40,42,46,48,54],"killed_by":"The Heart","ascension_level":9}}