{"host":"xj2wyr3bqqv4irjd","time":1610871623,"event":{"mods":["Act Like it!","Aspiration","BaseMod","DeckTracker","Highlight Path","Jorbs\u0027s Wanderer Trilogy","Koishi","Lobotomy","LobotomyExtend","Marisa£®ÏF”Í°°ƒß¿Ì…≥£©","Minty Spire (QoL Compilation)","Quick Restart","Rare Cards Sparkle","Reimu£®≤©¿ˆ¡È√Œ£©","Remilia£®¿Ÿ√◊¿Ú—«£©","Replay The Spire","SIMod","StSLib","Td1madao Mod","The Animator","WarShipGirlsR/’ΩΩ¢…Ÿ≈ÆR mod","Yakumo Yukari mod"],"gold_per_floor":[111,126,141,151,170,170,181,181,204,223,223,254,272,300,300,402,402,402,402,402,402,402,402,402,402,402,402,402,402,402,402,402,402,402,402,402,402,402,402,402,402,402,402,300,300,300,300,300,300,300,300,300,300,66,66,66],"floor_reached":57,"language":"ZHS","playtime":4824,"items_purged":["Strike_Lin:ReiMu","Strike_Lin:ReiMu"],"score":1350,"play_id":"0c90d666-50dc-48d3-9bc8-5e37cd3667a1","local_time":"20210117162023","is_ascension_mode":false,"campfire_choices":[{"data":"Conquer:ReiMu","floor":6.0,"key":"SMITH"},{"data":"SealNeedle:ReiMu","floor":8.0,"key":"SMITH"},{"data":"AirStrike:ReiMu","floor":11.0,"key":"SMITH"},{"data":"Dreaming2:ReiMu","floor":15.0,"key":"SMITH"},{"data":"KamiRite:ReiMu","floor":24.0,"key":"SMITH"},{"floor":28.0,"key":"REST"},{"data":"LovePray:ReiMu","floor":32.0,"key":"SMITH"},{"floor":40.0,"key":"RECALL"},{"data":"DependentForm:ReiMu","floor":49.0,"key":"SMITH"},{"data":"SafetyPray:ReiMu","floor":53,"key":"SMITH"}],"circlet_count":0,"master_deck":["Strike_Lin:ReiMu","Strike_Lin:ReiMu","Defend_Lin:ReiMu","Defend_Lin:ReiMu","Defend_Lin:ReiMu","Defend_Lin:ReiMu","NB:ReiMu","Stagnation:ReiMu","AirStrike:ReiMu+1","Enchanting:ReiMu","DependentForm:ReiMu+1","Conquer:ReiMu+1","EmergencyTakeOff:ReiMu","Free:ReiMu","Dreaming2:ReiMu+1","SafetyPray:ReiMu+1","Mountainwind:ReiMu","KamiRite:ReiMu+1","ManaGlint:ReiMu","LovePray:ReiMu+1","Amulet:ReiMu","Amulet:ReiMu","HakureiPhantom:ReiMu","MikOfLucky:ReiMu+1","SpreadBorder2:ReiMu+1","RainPray2:ReiMu","YinYangSange:ReiMu","KyokaiOfKami:ReiMu","Specialist","RainPray2:ReiMu+1","CareerPray:ReiMu+1","NineCharacters:ReiMu","RainPray2:ReiMu+1","Amulet:ReiMu","Dreaming2:ReiMu+1","PrayRite:ReiMu","SubcavityFantasy:ReiMu"],"relics":["FlyPower:ReiMu","aspiration:Nostalgia","Memoryfragments_purpleEX","Oddly Smooth Stone","Ice Cream","Blood Vial","Ectoplasm","RedMistMask","Mastiff:ReiMu","Smiling Mask","CrownOfHeavens:ReiMu","Replay:Wax Seal","Durian","Happy Flower"],"acts_visited":["Exordium","TheCity","TheBeyond","TheEnding"],"potions_floor_usage":[50,56,56,56],"damage_taken":[{"damage":5.0,"enemies":"Cultist","floor":1.0,"turns":6.0},{"damage":2.0,"enemies":"Small Slimes","floor":2.0,"turns":3.0},{"damage":0.0,"enemies":"Jaw Worm","floor":3.0,"turns":3.0},{"damage":5.0,"enemies":"2 Fungi Beasts","floor":4.0,"turns":3.0},{"damage":14.0,"enemies":"Exordium Thugs","floor":5.0,"turns":6.0},{"damage":3.0,"enemies":"Looter","floor":7.0,"turns":2.0},{"damage":1.0,"enemies":"Large Slime","floor":10.0,"turns":6.0},{"damage":11.0,"enemies":"Lagavulin","floor":12.0,"turns":6.0},{"damage":1.0,"enemies":"Red Slaver","floor":13.0,"turns":3.0},{"damage":8.0,"enemies":"Replay:BlueRogue","floor":14.0,"turns":5.0},{"damage":6.0,"enemies":"The Guardian","floor":16.0,"turns":8.0},{"damage":0.0,"enemies":"3 Byrds","floor":18.0,"turns":5.0},{"damage":5.0,"enemies":"Spheric Guardian","floor":19.0,"turns":5.0},{"damage":9.0,"enemies":"Snake Plant","floor":20.0,"turns":5.0},{"damage":5.0,"enemies":"Centurion and Healer","floor":21.0,"turns":8.0},{"damage":21.0,"enemies":"3 Cultists","floor":22.0,"turns":6.0},{"damage":21.0,"enemies":"Book of Stabbing","floor":23.0,"turns":5.0},{"damage":10.0,"enemies":"Replay:Snechameleon","floor":25.0,"turns":4.0},{"damage":11.0,"enemies":"Shelled Parasite and Fungi","floor":27.0,"turns":4.0},{"damage":0.0,"enemies":"Chosen and Byrds","floor":29.0,"turns":3.0},{"damage":1.0,"enemies":"Snecko","floor":30.0,"turns":4.0},{"damage":0.0,"enemies":"Sentry and Sphere","floor":31.0,"turns":4.0},{"damage":0.0,"enemies":"Collector","floor":33.0,"turns":6.0},{"damage":0.0,"enemies":"Orb Walker","floor":35.0,"turns":3.0},{"damage":0.0,"enemies":"3 Darklings","floor":37.0,"turns":2.0},{"damage":3.0,"enemies":"Sphere and 2 Shapes","floor":38.0,"turns":3.0},{"damage":2.0,"enemies":"Maw","floor":39.0,"turns":6.0},{"damage":0.0,"enemies":"Nemesis","floor":41.0,"turns":3.0},{"damage":16.0,"enemies":"Spire Growth","floor":42.0,"turns":5.0},{"damage":7.0,"enemies":"3 Darklings","floor":45.0,"turns":3.0},{"damage":23.0,"enemies":"Jaw Worm Horde","floor":47.0,"turns":4.0},{"damage":8.0,"enemies":"4 Shapes","floor":48.0,"turns":3.0},{"damage":20,"enemies":"Donu and Deca","floor":50,"turns":5},{"damage":30,"enemies":"Shield and Spear","floor":55,"turns":5},{"damage":1,"enemies":"The Heart","floor":56,"turns":8}],"seed_played":"-5020423268228784780","potions_obtained":[{"floor":4.0,"key":"Toxic Potion"},{"floor":5.0,"key":"SpeedPotion"},{"floor":7.0,"key":"Strength Potion"},{"floor":12.0,"key":"Doom Potion"},{"floor":14.0,"key":"Venom Potion"},{"floor":20.0,"key":"Milkshake"},{"floor":21.0,"key":"Regen Potion"},{"floor":27.0,"key":"LiquidFlight:ReiMu"},{"floor":30.0,"key":"Energy Potion"},{"floor":31.0,"key":"PowerPotion"},{"floor":38.0,"key":"Elixir"}],"is_trial":false,"path_per_floor":["M","M","M","M","M","R","M","R","T","M","R","E","M","E","R","B",null,"M","M","M","M","M","E","R","E","T","M","R","M","M","M","R","B",null,"M","?","M","M","M","R","E","M","T","$","M","?","M","M","R","B",null,null,"R","$","E","B",null],"character_chosen":"REIMU","items_purchased":["PinkPotion:ReiMu","PrayRite:ReiMu","PowerPotion"],"campfire_rested":1,"item_purchase_floors":[44,54,54],"current_hp_per_floor":[60,58,58,53,39,39,36,36,36,35,35,24,23,15,15,11,65,65,60,58,55,50,31,31,23,23,14,33,35,36,38,38,40,65,65,65,65,62,65,65,65,57,57,57,52,57,36,30,30,12,12,70,70,70,40,41],"gold":66,"neow_bonus":"NOSTALGIA","is_daily":false,"chose_seed":false,"campfire_upgraded":8,"win_rate":0.0,"timestamp":1610871623,"path_taken":["M","M","?","?","M","R","M","R","T","M","R","E","M","E","R","BOSS","M","M","M","M","M","E","R","E","T","M","R","M","M","?","R","BOSS","M","?","M","M","M","R","E","M","T","$","M","?","M","M","R","BOSS","R","$","E","BOSS"],"items_purchased_type":["Potion","Card","Potion"],"build_version":"2020-12-22","purchased_purges":2,"victory":true,"max_hp_per_floor":[65,65,65,65,65,65,65,65,65,65,65,65,65,65,65,65,65,65,65,65,65,65,65,65,65,65,65,65,65,65,65,65,65,65,65,65,65,65,65,65,65,65,65,65,65,70,70,70,70,70,70,70,70,70,70,70],"card_choices":[{"not_picked":["Intuition:ReiMu","SubAcupoint:ReiMu"],"picked":"AirStrike:ReiMu","floor":1.0},{"not_picked":["Intuition:ReiMu","Enchanting:ReiMu","Gathering:ReiMu"],"picked":"SKIP","floor":2.0},{"not_picked":["Intuition:ReiMu","Gathering:ReiMu"],"picked":"Enchanting:ReiMu","floor":2.0},{"not_picked":["Enchanting:ReiMu","InherentArray:ReiMu"],"picked":"SealNeedle:ReiMu","floor":3.0},{"not_picked":["OrbThrow:ReiMu","Conquer:ReiMu"],"picked":"DependentForm:ReiMu","floor":4.0},{"not_picked":["Meditation:ReiMu","AirStrike:ReiMu"],"picked":"Conquer:ReiMu","floor":5.0},{"not_picked":["AirStrike:ReiMu","SpringWay:ReiMu"],"picked":"EmergencyTakeOff:ReiMu","floor":7.0},{"not_picked":["Meditation:ReiMu","SpringWay:ReiMu"],"picked":"Free:ReiMu","floor":10.0},{"not_picked":["Conquer:ReiMu","SpringWay:ReiMu"],"picked":"Dreaming2:ReiMu","floor":12.0},{"not_picked":["Meditation:ReiMu","Conquer:ReiMu"],"picked":"SafetyPray:ReiMu","floor":13.0},{"not_picked":["SpreadBorder2:ReiMu","ShadowOfCrow2:ReiMu"],"picked":"Mountainwind:ReiMu","floor":14.0},{"not_picked":["SubcavityFantasy:ReiMu","HakureiPhantom:ReiMu"],"picked":"KamiRite:ReiMu","floor":16.0},{"not_picked":["SubAcupoint:ReiMu","AirStrike:ReiMu+1"],"picked":"ManaGlint:ReiMu","floor":18.0},{"not_picked":["AlertArray:ReiMu","Enchanting:ReiMu"],"picked":"LovePray:ReiMu","floor":19.0},{"not_picked":["SpreadBorder2:ReiMu+1","SubcavityInstant:ReiMu"],"picked":"Amulet:ReiMu","floor":20.0},{"not_picked":["TightArray:ReiMu","Intuition:ReiMu","CeremonyResonance:ReiMu"],"picked":"SKIP","floor":21.0},{"not_picked":["Gathering:ReiMu","Enchanting:ReiMu"],"picked":"Amulet:ReiMu","floor":22.0},{"not_picked":["PrayRite:ReiMu","YinYangSange:ReiMu+1"],"picked":"HakureiPhantom:ReiMu","floor":23.0},{"not_picked":["InherentArray:ReiMu","DoubleButterfly:ReiMu"],"picked":"MikOfLucky:ReiMu+1","floor":25.0},{"not_picked":["YinYangSign:ReiMu","FoulBorder2:ReiMu"],"picked":"SpreadBorder2:ReiMu+1","floor":27.0},{"not_picked":["SpreadBorder2:ReiMu","MikOfLucky:ReiMu"],"picked":"RainPray2:ReiMu","floor":29.0},{"not_picked":["Conquer:ReiMu","EmergencyTakeOff:ReiMu","Meditation:ReiMu"],"picked":"SKIP","floor":30.0},{"not_picked":["CollectionFlower2:ReiMu","ManaGlint:ReiMu+1"],"picked":"YinYangSange:ReiMu","floor":31.0},{"not_picked":["SubcavityFantasy:ReiMu","Free:ReiMu"],"picked":"KyokaiOfKami:ReiMu","floor":33.0},{"not_picked":["EmergencyTakeOff:ReiMu+1","AlertArray:ReiMu","Meditation:ReiMu"],"picked":"SKIP","floor":35.0},{"not_picked":["HandOfGreed","Good Instincts"],"picked":"Specialist","floor":36.0},{"not_picked":["OctopathBindingBorder2:ReiMu","SpiritualOutbreak2:ReiMu"],"picked":"RainPray2:ReiMu+1","floor":37.0},{"not_picked":["Conquer:ReiMu","ManaGlint:ReiMu"],"picked":"CareerPray:ReiMu+1","floor":38.0},{"not_picked":["YinYangSange:ReiMu+1","SafetyPray:ReiMu"],"picked":"NineCharacters:ReiMu","floor":39.0},{"not_picked":["TightArray:ReiMu","ForcedLanding:ReiMu","Conquer:ReiMu"],"picked":"SKIP","floor":41.0},{"not_picked":["SubcavityInstant:ReiMu","Conquer:ReiMu+1"],"picked":"RainPray2:ReiMu+1","floor":42.0},{"not_picked":["Mountainwind:ReiMu+1","SpreadBorder2:ReiMu+1","SpiritualOutbreak2:ReiMu"],"picked":"SKIP","floor":45.0},{"not_picked":["Conquer:ReiMu+1","CollectionFlower2:ReiMu+1"],"picked":"Amulet:ReiMu","floor":47.0},{"not_picked":["SpiritualOutbreak2:ReiMu","UpKicking:ReiMu"],"picked":"Dreaming2:ReiMu+1","floor":48.0},{"not_picked":["SpreadBorder2:ReiMu","ForcedLanding:ReiMu+1"],"picked":"SubcavityFantasy:ReiMu","floor":55}],"player_experience":526340,"relics_obtained":[{"floor":9.0,"key":"Oddly Smooth Stone"},{"floor":12.0,"key":"Ice Cream"},{"floor":14.0,"key":"Blood Vial"},{"floor":22.0,"key":"RedMistMask"},{"floor":25.0,"key":"Mastiff:ReiMu"},{"floor":26.0,"key":"Smiling Mask"},{"floor":41.0,"key":"Replay:Wax Seal"},{"floor":55,"key":"Happy Flower"}],"event_choices":[{"damage_healed":0.0,"max_hp_gain":0.0,"max_hp_loss":0.0,"gold_gain":0.0,"event_name":"SensoryStone","player_choice":"Memory 1","floor":36.0,"gold_loss":0.0,"damage_taken":0.0},{"cards_removed":["SealNeedle:ReiMu"],"damage_healed":0.0,"max_hp_gain":0.0,"max_hp_loss":0.0,"gold_gain":0.0,"event_name":"WeMeetAgain","player_choice":"Gave Card","floor":46.0,"gold_loss":0.0,"damage_taken":0.0,"relics_obtained":["Durian"]}],"is_beta":false,"boss_relics":[{"not_picked":["Empty Cage","aspiration:SilentSkillbook"],"picked":"Ectoplasm"},{"not_picked":["Replay:Wanted Poster","Coffee Dripper"],"picked":"CrownOfHeavens:ReiMu"}],"items_purged_floors":[44,54],"is_endless":false,"potions_floor_spawned":[4,5,7,12,14,20,21,27,29,30,31,38,45,55],"ascension_level":0}}