{"host":"jyuuog6ydc2s7nd8","time":1610872245,"event":{"mods":["BaseMod","Better Vampires","Minty Spire (QoL Compilation)","Shop Mod","StSLib","The Hierophant","The Servant 0.9.4","TheBandit","[IsaacMod]ÒÔÈö¼âËþ"],"gold_per_floor":[210,210,222,232,157,157,182,182,182,210,172,172,122,141,141,141,141],"floor_reached":16,"language":"ZHS","playtime":274,"items_purged":["Strike_R","Strike_R"],"score":316,"play_id":"f0664f1f-7e3c-467e-b118-861cebd1254c","local_time":"20210117163045","is_ascension_mode":true,"campfire_choices":[{"data":"Bash","floor":6,"key":"SMITH"},{"data":"Pommel Strike","floor":12,"key":"SMITH"},{"data":"Evolve","floor":15,"key":"SMITH"}],"circlet_count":0,"master_deck":["AscendersBane","Strike_R","Strike_R","Defend_R","Defend_R","Defend_R","Defend_R","Bash+1","Bomb","Pommel Strike+1","Evolve+1"],"relics":["Burning Blood","HushsDoor","SteamSale","Shuriken","MoneyPower","HowToJump","AnarchistCookbook","Anchor"],"acts_visited":["Exordium"],"potions_floor_usage":[4,4,16],"damage_taken":[{"damage":4,"enemies":"Small Slimes","floor":1,"turns":4},{"damage":7,"enemies":"Cultist","floor":3,"turns":4},{"damage":14,"enemies":"Jaw Worm","floor":4,"turns":4},{"damage":0,"enemies":"3 Sentries","floor":7,"turns":2},{"damage":0,"enemies":"Lagavulin","floor":10,"turns":3},{"damage":8,"enemies":"Blue Slaver","floor":14,"turns":3},{"damage":5,"enemies":"Hexaghost","floor":16,"turns":4}],"seed_played":"-8319107616275643753","potions_obtained":[{"floor":3,"key":"EntropicBrew"},{"floor":10,"key":"SpeedPotion"},{"floor":14,"key":"Weak Potion"}],"is_trial":false,"path_per_floor":["M","?","M","M","?","R","E","?","T","E","$","R","$","M","R","B"],"character_chosen":"IRONCLAD","items_purchased":[],"campfire_rested":0,"item_purchase_floors":[],"current_hp_per_floor":[70,70,69,61,61,61,67,52,52,58,58,58,58,56,56,51,51],"gold":141,"neow_bonus":"HUNDRED_GOLD","is_daily":false,"chose_seed":false,"campfire_upgraded":3,"win_rate":0.0,"timestamp":1610872245,"path_taken":["M","?","M","M","?","R","E","?","T","E","$","R","$","?","R","BOSS"],"items_purchased_type":[],"build_version":"2020-12-22","purchased_purges":2,"victory":false,"max_hp_per_floor":[75,75,75,75,75,75,75,75,75,75,75,75,75,75,75,75,75],"card_choices":[{"not_picked":[],"picked":"Bomb","floor":0},{"not_picked":["Flame Barrier","Thunderclap"],"picked":"Carnage","floor":1},{"not_picked":["Clothesline","Havoc"],"picked":"Bomb","floor":3},{"not_picked":["Cleave","Evolve"],"picked":"Pommel Strike","floor":4},{"not_picked":["Clothesline","Spot Weakness","Flex"],"picked":"SKIP","floor":7},{"not_picked":["Double Tap","Flame Barrier"],"picked":"Evolve","floor":10},{"not_picked":["Burning Pact","Iron Wave","Havoc"],"picked":"SKIP","floor":14}],"player_experience":1824982,"relics_obtained":[{"floor":7,"key":"MoneyPower"},{"floor":9,"key":"AnarchistCookbook"},{"floor":10,"key":"Anchor"}],"event_choices":[{"cards_removed":["Carnage"],"damage_healed":0,"gold_gain":0,"player_choice":"Gave Card","damage_taken":0,"relics_obtained":["Shuriken"],"max_hp_gain":0,"max_hp_loss":0,"event_name":"WeMeetAgain","floor":2,"gold_loss":0},{"cards_removed":["Strike_R"],"damage_healed":0,"gold_gain":0,"player_choice":"Card Removal","damage_taken":0,"max_hp_gain":0,"max_hp_loss":0,"event_name":"The Cleric","floor":5,"gold_loss":75}],"is_beta":false,"boss_relics":[],"items_purged_floors":[11,13],"is_endless":false,"potions_floor_spawned":[3,10,14],"killed_by":"Hexaghost","ascension_level":20}}