{"host":"qxeepl7ydvsgmfdb","time":1610873171,"event":{"mods":["AchievementEnabler","BaseMod","Colored Powertips","Minty Spire (QoL Compilation)","Quick Restart","slay the spire mod where everything is the same but ironclad has a cowboy hat"],"gold_per_floor":[119,8,8,8,8,37,48,223,223,279,279,279,293,304,304,404,404,421,421,23,33,49,84,84,84,110,121,138,165,26,26,26,128,128,147,147,147,97,147,174,174,209,209,229,12,0,0,0,0,0,0],"floor_reached":50,"language":"ENG","playtime":1327,"items_purged":["Strike_R","Strike_R"],"score":607,"play_id":"5d92d4df-80fb-44e0-95b7-a84102b6592b","local_time":"20210117034611","is_ascension_mode":false,"campfire_choices":[{"data":"Inflame","floor":12.0,"key":"SMITH"},{"data":"Shrug It Off","floor":15.0,"key":"SMITH"},{"floor":25.0,"key":"REST"},{"floor":32.0,"key":"REST"},{"floor":41.0,"key":"RECALL"},{"floor":47.0,"key":"REST"},{"floor":49.0,"key":"REST"}],"circlet_count":0,"master_deck":["Strike_R","Strike_R","Strike_R","Defend_R+1","Defend_R+1","Defend_R+1","Defend_R","Bash+1","Perfected Strike","Fire Breathing+1","Reckless Charge","Inflame+1","Shrug It Off+1","Doubt","Regret","Perfected Strike","Thunderclap","Infernal Blade+1","RitualDagger","Fire Breathing","Double Tap","Infernal Blade","Shame","Wild Strike","Limit Break","Infernal Blade+1"],"relics":["Burning Blood","NeowsBlessing","MealTicket","The Courier","Pear","SacredBark","Membership Card","Red Skull","Darkstone Periapt","War Paint","Question Card","Blood Vial","Incense Burner","Juzu Bracelet","MutagenicStrength","Mark of Pain","Unceasing Top","Pen Nib","Happy Flower","Orichalcum","Meat on the Bone","Red Mask"],"acts_visited":["Exordium","TheCity","TheBeyond"],"potions_floor_usage":[50,50],"damage_taken":[{"damage":0.0,"enemies":"Jaw Worm","floor":1.0,"turns":1.0},{"damage":0.0,"enemies":"Lagavulin","floor":6.0,"turns":1.0},{"damage":0.0,"enemies":"Small Slimes","floor":7.0,"turns":1.0},{"damage":0.0,"enemies":"2 Louse","floor":13.0,"turns":2.0},{"damage":11.0,"enemies":"2 Fungi Beasts","floor":14.0,"turns":3.0},{"damage":8.0,"enemies":"Slime Boss","floor":16.0,"turns":6.0},{"damage":17.0,"enemies":"Spheric Guardian","floor":18.0,"turns":4.0},{"damage":28.0,"enemies":"Shell Parasite","floor":21.0,"turns":5.0},{"damage":29.0,"enemies":"3 Cultists","floor":22.0,"turns":5.0},{"damage":0.0,"enemies":"Slavers","floor":23.0,"turns":1.0},{"damage":42.0,"enemies":"Centurion and Healer","floor":27.0,"turns":4.0},{"damage":15.0,"enemies":"Snake Plant","floor":28.0,"turns":4.0},{"damage":39.0,"enemies":"Book of Stabbing","floor":29.0,"turns":5.0},{"damage":17.0,"enemies":"Champ","floor":33.0,"turns":7.0},{"damage":25.0,"enemies":"Orb Walker","floor":35.0,"turns":3.0},{"damage":13.0,"enemies":"Mind Bloom Boss Battle","floor":39.0,"turns":5.0},{"damage":67.0,"enemies":"Nemesis","floor":40.0,"turns":5.0},{"damage":21.0,"enemies":"Reptomancer","floor":42.0,"turns":5.0},{"damage":4.0,"enemies":"3 Shapes","floor":44.0,"turns":7.0},{"damage":144,"enemies":"Awakened One","floor":50,"turns":9}],"seed_played":"-8986278730665980330","potions_obtained":[{"floor":1.0,"key":"Block Potion"},{"floor":6.0,"key":"SkillPotion"},{"floor":7.0,"key":"EssenceOfSteel"},{"floor":22.0,"key":"AttackPotion"},{"floor":33.0,"key":"SpeedPotion"},{"floor":35.0,"key":"AttackPotion"},{"floor":39.0,"key":"Strength Potion"},{"floor":40.0,"key":"ColorlessPotion"}],"is_trial":false,"path_per_floor":["M","$","?","?","$","E","M","?","T","?","?","R","M","M","R","B",null,"M","?","$","M","M","E","?","R","T","M","M","E","$","?","R","B",null,"M","?","?","$","?","E","R","E","T","M","$","?","R","$","R","B"],"character_chosen":"IRONCLAD","items_purchased":["Fire Breathing","Reckless Charge","Membership Card","Red Skull","Darkstone Periapt","Fire Breathing","Block Potion","Strength Potion","Double Tap","Juzu Bracelet","PowerPotion","SkillPotion","Orichalcum","Meat on the Bone","LiquidMemories","BloodPotion"],"campfire_rested":4,"item_purchase_floors":[2,2,20,20,20,20,20,20,20,30,30,30,45,45,45,45],"current_hp_per_floor":[80,80,64,64,64,70,76,76,76,76,86,86,90,85,85,83,90,79,73,88,66,43,49,55,83,83,49,42,11,26,26,54,45,96,77,77,77,92,87,28,28,15,15,19,34,34,62,77,96,0,0],"gold":0,"neow_bonus":"THREE_ENEMY_KILL","is_daily":false,"chose_seed":false,"campfire_upgraded":2,"win_rate":0.0,"timestamp":1610873171,"path_taken":["M","$","?","?","$","E","M","?","T","?","?","R","M","M","R","BOSS","M","?","$","M","M","E","?","R","T","M","M","E","$","?","R","BOSS","M","?","?","$","?","E","R","E","T","M","$","?","R","?","R","BOSS"],"items_purchased_type":["Card","Card","Relic","Relic","Relic","Card","Potion","Potion","Card","Relic","Potion","Potion","Relic","Relic","Potion","Potion"],"build_version":"2020-12-22","purchased_purges":2,"victory":false,"max_hp_per_floor":[80,80,80,80,80,80,80,80,80,80,90,90,90,90,90,90,90,90,90,90,90,90,90,96,96,96,96,96,96,96,96,96,96,96,96,96,96,96,96,96,96,96,96,96,96,96,96,96,96,96,96],"card_choices":[{"not_picked":["Entrench","Clash"],"picked":"Perfected Strike","floor":1.0},{"not_picked":["Feel No Pain","Intimidate"],"picked":"Inflame","floor":6.0},{"not_picked":["Sentinel","Clash"],"picked":"Shrug It Off","floor":7.0},{"not_picked":["Warcry","True Grit"],"picked":"Perfected Strike","floor":13.0},{"not_picked":["Dark Embrace","Sword Boomerang"],"picked":"Thunderclap","floor":14.0},{"not_picked":["True Grit+1","Headbutt"],"picked":"Infernal Blade+1","floor":18.0},{"not_picked":["Body Slam","Havoc","Headbutt"],"picked":"SKIP","floor":21.0},{"not_picked":["Feel No Pain+1","Shrug It Off","Perfected Strike"],"picked":"SKIP","floor":22.0},{"not_picked":["Body Slam+1","Seeing Red"],"picked":"Infernal Blade","floor":23.0},{"not_picked":["Sword Boomerang","Fire Breathing+1","Anger"],"picked":"Cleave","floor":27.0},{"not_picked":["Anger","Spot Weakness","Cleave"],"picked":"Wild Strike","floor":28.0},{"not_picked":["Entrench","Burning Pact+1","Dark Embrace","Twin Strike+1"],"picked":"SKIP","floor":29.0},{"not_picked":["Reaper","Impervious","Corruption"],"picked":"Limit Break","floor":33.0},{"not_picked":["Metallicize+1","Entrench","Pummel"],"picked":"Infernal Blade+1","floor":35.0},{"not_picked":["Anger+1","Headbutt","Hemokinesis+1","Clash"],"picked":"SKIP","floor":40.0},{"not_picked":["Armaments","Thunderclap","Havoc","Burning Pact+1"],"picked":"SKIP","floor":42.0},{"not_picked":["Berserk","Dual Wield+1","Combust+1","True Grit+1"],"picked":"SKIP","floor":44.0}],"player_experience":160012,"relics_obtained":[{"floor":6.0,"key":"MealTicket"},{"floor":9.0,"key":"The Courier"},{"floor":23.0,"key":"War Paint"},{"floor":26.0,"key":"Blood Vial"},{"floor":29.0,"key":"Incense Burner"},{"floor":39.0,"key":"Unceasing Top"},{"floor":40.0,"key":"Pen Nib"},{"floor":42.0,"key":"Happy Flower"}],"event_choices":[{"damage_healed":0.0,"max_hp_gain":0.0,"max_hp_loss":0.0,"gold_gain":0.0,"event_name":"Shining Light","player_choice":"Entered Light","floor":3.0,"gold_loss":0.0,"damage_taken":16.0,"cards_upgraded":["Defend_R","Bash"]},{"damage_healed":0.0,"max_hp_gain":0.0,"max_hp_loss":0.0,"gold_gain":0.0,"event_name":"Living Wall","player_choice":"Grow","floor":4.0,"gold_loss":0.0,"damage_taken":0.0,"cards_upgraded":["Fire Breathing"]},{"damage_healed":0.0,"max_hp_gain":0.0,"max_hp_loss":0.0,"gold_gain":175.0,"event_name":"Liars Game","player_choice":"AGREE","floor":8.0,"gold_loss":0.0,"damage_taken":0.0,"cards_obtained":["Doubt"]},{"damage_healed":0.0,"max_hp_gain":0.0,"max_hp_loss":0.0,"gold_gain":56.0,"event_name":"Golden Wing","player_choice":"Gained Gold","floor":10.0,"gold_loss":0.0,"damage_taken":0.0},{"damage_healed":0.0,"max_hp_gain":0.0,"max_hp_loss":0.0,"gold_gain":0.0,"event_name":"Big Fish","player_choice":"Box","floor":11.0,"gold_loss":0.0,"damage_taken":0.0,"relics_obtained":["Pear"],"cards_obtained":["Regret"]},{"damage_healed":0.0,"max_hp_gain":0.0,"max_hp_loss":0.0,"gold_gain":0.0,"event_name":"Nest","player_choice":"Joined the Cult","floor":19.0,"gold_loss":0.0,"damage_taken":6.0,"cards_obtained":["RitualDagger"]},{"damage_healed":0.0,"max_hp_gain":0.0,"max_hp_loss":0.0,"gold_gain":0.0,"event_name":"Addict","player_choice":"Stole Relic","floor":24.0,"gold_loss":0.0,"damage_taken":0.0,"relics_obtained":["Question Card"],"cards_obtained":["Shame"]},{"damage_healed":0.0,"max_hp_gain":0.0,"max_hp_loss":0.0,"gold_gain":0.0,"event_name":"Drug Dealer","player_choice":"Inject Mutagens","floor":31.0,"gold_loss":0.0,"damage_taken":0.0,"relics_obtained":["MutagenicStrength"]},{"damage_healed":0.0,"max_hp_gain":0.0,"max_hp_loss":0.0,"gold_gain":0.0,"event_name":"SensoryStone","player_choice":"Memory 1","floor":36.0,"gold_loss":0.0,"damage_taken":0.0},{"cards_removed":["Cleave"],"damage_healed":0.0,"max_hp_gain":0.0,"max_hp_loss":0.0,"gold_gain":0.0,"event_name":"Falling","player_choice":"Removed Attack","floor":37.0,"gold_loss":0.0,"damage_taken":0.0},{"damage_healed":0.0,"max_hp_gain":0.0,"max_hp_loss":0.0,"gold_gain":0.0,"event_name":"MindBloom","player_choice":"Fight","floor":39.0,"gold_loss":0.0,"damage_taken":0.0},{"damage_healed":0.0,"max_hp_gain":0.0,"max_hp_loss":0.0,"gold_gain":0.0,"event_name":"Tomb of Lord Red Mask","player_choice":"Paid","floor":46.0,"gold_loss":12.0,"damage_taken":0.0,"relics_obtained":["Red Mask"]}],"is_beta":false,"boss_relics":[{"not_picked":["Velvet Choker","Astrolabe"],"picked":"SacredBark"},{"not_picked":["Cursed Key","SlaversCollar"],"picked":"Mark of Pain"}],"items_purged_floors":[30,38],"is_endless":false,"potions_floor_spawned":[1,6,7,21,22,33,35,39,40],"killed_by":"Awakened One","ascension_level":0}}