{"host":"8rqsnaeml9gxb0kp","time":1610862994,"event":{"mods":["AchievementEnabler","BaseMod","Dark Map","Minty Spire (QoL Compilation)","StSLib"],"gold_per_floor":[111,111,127,146,160,178,178,190,190,190,224,224,1,21,21,126,126,144,219,229,23,34,34,62,79,79,79,95,124,138,157,157,252,252,265,265,52,70,70,70],"floor_reached":39,"language":"ENG","playtime":2482,"items_purged":[],"score":498,"play_id":"900df5b3-2c69-4624-b73e-74603b9279f7","local_time":"20210116215634","is_ascension_mode":true,"campfire_choices":[{"floor":7,"key":"REST"},{"floor":10,"key":"REST"},{"data":"Choke","floor":15,"key":"SMITH"},{"floor":23,"key":"REST"},{"floor":32,"key":"REST"}],"circlet_count":0,"master_deck":["Strike_G","Strike_G","Strike_G","Defend_G","Defend_G","Defend_G","Defend_G","Defend_G","Survivor","Neutralize","Slice","Choke+1","Slice","Noxious Fumes+1","Blade Dance","All Out Attack","Sucker Punch","Dash","Flying Knee","After Image+1","Finisher","Riddle With Holes+1","Infinite Blades+1","Mayhem+1","Dodge and Roll+1","Dash+1","PiercingWail+1","Blade Dance+1","Footwork+1","Backflip+1","Footwork+1","Envenom+1","Acrobatics+1","Accuracy+1","Normality","Accuracy+1","Infinite Blades+1","Backflip+1"],"relics":["HoveringKite","Frozen Egg 2","White Beast Statue","Kunai","Lee\u0027s Waffle","SacredBark","Blue Candle","Mango","Letter Opener","Astrolabe","Strange Spoon"],"acts_visited":["Exordium","TheCity","TheBeyond"],"potions_floor_usage":[18,20,24,24,25,28,28,30,31,33,33,39],"damage_taken":[{"damage":8,"enemies":"2 Louse","floor":1,"turns":3},{"damage":1,"enemies":"Jaw Worm","floor":3,"turns":4},{"damage":1,"enemies":"Cultist","floor":4,"turns":3},{"damage":0,"enemies":"3 Louse","floor":5,"turns":4},{"damage":23,"enemies":"Exordium Wildlife","floor":6,"turns":4},{"damage":13,"enemies":"2 Fungi Beasts","floor":8,"turns":3},{"damage":29,"enemies":"Lagavulin","floor":11,"turns":6},{"damage":0,"enemies":"Lots of Slimes","floor":14,"turns":1},{"damage":31,"enemies":"Slime Boss","floor":16,"turns":9},{"damage":9,"enemies":"Spheric Guardian","floor":18,"turns":4},{"damage":8,"enemies":"3 Byrds","floor":20,"turns":5},{"damage":21,"enemies":"Snecko","floor":22,"turns":5},{"damage":29,"enemies":"Slavers","floor":24,"turns":5},{"damage":4,"enemies":"3 Cultists","floor":25,"turns":6},{"damage":11,"enemies":"Centurion and Healer","floor":28,"turns":6},{"damage":11,"enemies":"Book of Stabbing","floor":29,"turns":5},{"damage":3,"enemies":"Cultist and Chosen","floor":30,"turns":6},{"damage":6,"enemies":"Sentry and Sphere","floor":31,"turns":6},{"damage":12,"enemies":"Collector","floor":33,"turns":10},{"damage":53,"enemies":"3 Darklings","floor":35,"turns":9},{"damage":10,"enemies":"Orb Walker","floor":38,"turns":3},{"damage":34,"enemies":"4 Shapes","floor":39,"turns":8}],"seed_played":"-7903500735866812289","potions_obtained":[{"floor":3,"key":"Strength Potion"},{"floor":11,"key":"DistilledChaos"},{"floor":14,"key":"BlessingOfTheForge"},{"floor":16,"key":"CultistPotion"},{"floor":18,"key":"ColorlessPotion"},{"floor":20,"key":"Strength Potion"},{"floor":24,"key":"Weak Potion"},{"floor":25,"key":"Fire Potion"},{"floor":28,"key":"Explosive Potion"},{"floor":29,"key":"Fire Potion"},{"floor":30,"key":"Regen Potion"},{"floor":31,"key":"LiquidMemories"},{"floor":33,"key":"BlessingOfTheForge"},{"floor":35,"key":"SpeedPotion"},{"floor":38,"key":"Fire Potion"}],"is_trial":false,"path_per_floor":["M","?","M","M","M","M","R","M","T","R","E","?","$","M","R","B",null,"M","?","M","$","M","R","E","M","T","?","M","E","M","M","R","B",null,"M","?","$","M","M"],"character_chosen":"THE_SILENT","items_purchased":["Lee\u0027s Waffle","Dash","Infinite Blades+1","Mayhem+1","Infinite Blades+1","Strange Spoon"],"campfire_rested":4,"item_purchase_floors":[13,13,21,21,37,37],"current_hp_per_floor":[62,55,54,53,53,30,51,38,38,59,30,30,77,77,77,46,77,68,61,53,53,32,55,26,22,36,36,25,14,11,45,72,60,91,38,38,38,28,0,0],"gold":70,"neow_bonus":"BOSS_RELIC","is_daily":false,"chose_seed":false,"campfire_upgraded":1,"win_rate":0.0,"timestamp":1610862994,"path_taken":["M","?","M","M","M","M","R","M","T","R","E","?","$","M","R","BOSS","M","?","?","$","M","R","E","M","T","?","M","E","M","M","R","BOSS","M","?","$","M","M"],"items_purchased_type":["Relic","Card","Card","Card","Card","Relic"],"build_version":"2020-12-22","purchased_purges":0,"victory":false,"max_hp_per_floor":[70,70,70,70,70,70,70,70,70,70,70,70,77,77,77,77,77,77,77,77,77,77,77,77,77,91,91,91,91,91,91,91,91,91,91,91,91,91,91,91],"card_choices":[{"not_picked":["Backflip","Acrobatics"],"picked":"Slice","floor":1},{"not_picked":["Expertise","Backflip"],"picked":"Choke","floor":3},{"not_picked":["Terror","Escape Plan"],"picked":"Slice","floor":4},{"not_picked":["Prepared","Tactician"],"picked":"Noxious Fumes+1","floor":5},{"not_picked":["Bane","Cloak And Dagger"],"picked":"Blade Dance","floor":6},{"not_picked":["Wraith Form v2+1","Deadly Poison"],"picked":"All Out Attack","floor":8},{"not_picked":["Outmaneuver","Blur"],"picked":"Sucker Punch","floor":11},{"not_picked":["Escape Plan","Skewer"],"picked":"Flying Knee","floor":14},{"not_picked":["Tools of the Trade+1","Glass Knife"],"picked":"After Image+1","floor":16},{"not_picked":["Underhanded Strike","Reflex"],"picked":"Finisher","floor":18},{"not_picked":["Acrobatics","Deflect"],"picked":"Riddle With Holes+1","floor":20},{"not_picked":["Blur","Underhanded Strike"],"picked":"Dodge and Roll+1","floor":22},{"not_picked":["Doppelganger","Deflect+1"],"picked":"Dash+1","floor":24},{"not_picked":["Bane","Tactician+1"],"picked":"PiercingWail+1","floor":25},{"not_picked":["Bane","Flying Knee"],"picked":"Blade Dance+1","floor":28},{"not_picked":["Caltrops+1","Dagger Throw"],"picked":"Footwork+1","floor":29},{"not_picked":["Underhanded Strike","Infinite Blades+1"],"picked":"Backflip+1","floor":30},{"not_picked":["Burst","Dodge and Roll"],"picked":"Footwork+1","floor":31},{"not_picked":["Glass Knife","Die Die Die"],"picked":"Envenom+1","floor":33},{"not_picked":["Reflex+1","Flying Knee+1"],"picked":"Accuracy+1","floor":35},{"not_picked":["Terror+1","Escape Plan"],"picked":"Backflip+1","floor":38}],"player_experience":83577,"relics_obtained":[{"floor":9,"key":"White Beast Statue"},{"floor":11,"key":"Kunai"},{"floor":24,"key":"Blue Candle"},{"floor":26,"key":"Mango"},{"floor":29,"key":"Letter Opener"}],"event_choices":[{"damage_healed":0,"gold_gain":0,"player_choice":"Success","damage_taken":7,"relics_obtained":["Frozen Egg 2"],"max_hp_gain":0,"max_hp_loss":0,"event_name":"Scrap Ooze","floor":2,"gold_loss":0},{"damage_healed":0,"gold_gain":0,"player_choice":"Searched \u00270\u0027 times","damage_taken":0,"max_hp_gain":0,"max_hp_loss":0,"event_name":"Dead Adventurer","floor":12,"gold_loss":0},{"damage_healed":0,"gold_gain":75,"player_choice":"Touch","damage_taken":7,"max_hp_gain":0,"max_hp_loss":0,"event_name":"FaceTrader","floor":19,"gold_loss":0},{"damage_healed":0,"gold_gain":0,"player_choice":"Smashed Altar","damage_taken":0,"max_hp_gain":0,"max_hp_loss":0,"event_name":"Forgotten Altar","floor":27,"gold_loss":0,"cards_obtained":["Decay"]},{"damage_healed":0,"gold_gain":0,"player_choice":"Ignored","damage_taken":0,"max_hp_gain":0,"max_hp_loss":0,"event_name":"Mysterious Sphere","floor":36,"gold_loss":0}],"is_beta":false,"boss_relics":[{"not_picked":["Velvet Choker","Coffee Dripper"],"picked":"SacredBark"},{"not_picked":["Busted Crown","Fusion Hammer"],"picked":"Astrolabe"}],"items_purged_floors":[],"is_endless":false,"potions_floor_spawned":[3,11,14,16,18,20,22,24,25,28,29,30,31,33,35,38],"killed_by":"4 Shapes","ascension_level":1}}