{"host":"gs0b57ogvki1o7r7","time":1610887375,"event":{"mods":["2.2 Compatiblity","BaseMod","Colored Map","DeckTracker","Highlight Path","KOR Keyword Fix","Keyboard Shortcuts","Minty Spire (QoL Compilation)","Permanent Neow","Quick Restart","StSLib","SuperFastMode","The Hierophant","everything is the same but u backflip on backflip"],"gold_per_floor":[113,63,238,249,270,270,276,295,295,295,295,303,303,303,303,395,395,422,430,430,430,444,440,440],"floor_reached":23,"language":"KOR","playtime":1166,"items_purged":[],"score":133,"play_id":"792851e6-ed98-4e21-8305-11edbf70d0ca","local_time":"20210117214255","is_ascension_mode":false,"campfire_choices":[{"data":"hierophant:ChurchCoffers","floor":6,"key":"SMITH"},{"data":"hierophant:PristineSoul","floor":13,"key":"SMITH"},{"data":"hierophant:Punish","floor":15,"key":"SMITH"}],"circlet_count":0,"master_deck":["hierophant:Strike_Hierophant","hierophant:Strike_Hierophant","hierophant:Strike_Hierophant","hierophant:Punish+1","hierophant:Defend_Hierophant","hierophant:Defend_Hierophant","hierophant:Defend_Hierophant","hierophant:ChurchCoffers+1","hierophant:Determination","hierophant:Doubloon","hierophant:ConvertCurrency","Doubt","hierophant:HolyVerse","hierophant:MorningPrayer","hierophant:PassingBell","hierophant:Smite","hierophant:PristineSoul+1","hierophant:LocustPlague","hierophant:FaithHealing","hierophant:MorningPrayer+1","hierophant:DivineIntervention","hierophant:FlamingChariot"],"relics":["hierophant:PropheticMaskRelic","Regal Pillow","Coffee Dripper","Omamori"],"acts_visited":["Exordium","TheCity"],"potions_floor_usage":[16],"damage_taken":[{"damage":3,"enemies":"Small Slimes","floor":1,"turns":3},{"damage":8,"enemies":"Jaw Worm","floor":4,"turns":11},{"damage":0,"enemies":"2 Louse","floor":5,"turns":1},{"damage":7,"enemies":"2 Fungi Beasts","floor":7,"turns":4},{"damage":0,"enemies":"3 Louse","floor":8,"turns":2},{"damage":8,"enemies":"Exordium Thugs","floor":12,"turns":4},{"damage":48,"enemies":"Slime Boss","floor":16,"turns":13},{"damage":0,"enemies":"Spheric Guardian","floor":18,"turns":3},{"damage":26,"enemies":"Chosen","floor":19,"turns":9},{"damage":39,"enemies":"Snake Plant","floor":22,"turns":5},{"damage":23,"enemies":"Gremlin Leader","floor":23,"turns":2}],"seed_played":"8105205294910935458","potions_obtained":[{"floor":4,"key":"PowerPotion"},{"floor":5,"key":"DuplicationPotion"},{"floor":12,"key":"SmokeBomb"},{"floor":16,"key":"FearPotion"}],"is_trial":false,"path_per_floor":["M","?","?","M","M","R","M","M","T","?","?","M","R","?","R","B",null,"M","M","?","?","M","E"],"character_chosen":"HIEROPHANT","items_purchased":[],"campfire_rested":0,"item_purchase_floors":[],"current_hp_per_floor":[72,72,72,64,64,64,57,57,57,57,62,54,54,54,54,39,80,80,54,54,54,15,0,0],"gold":440,"neow_bonus":"ONE_RANDOM_RARE_CARD","is_daily":false,"chose_seed":false,"campfire_upgraded":3,"win_rate":0.0,"timestamp":1610887375,"path_taken":["M","?","?","M","M","R","M","M","T","?","?","M","R","?","R","BOSS","M","M","?","?","M","E"],"items_purchased_type":[],"build_version":"2020-12-22","purchased_purges":0,"victory":false,"max_hp_per_floor":[75,75,75,75,75,75,75,75,75,75,80,80,80,80,80,80,80,80,80,80,80,80,80,80],"card_choices":[{"not_picked":["hierophant:Sermon","hierophant:FlamingChariot"],"picked":"hierophant:ConvertCurrency","floor":1},{"not_picked":["hierophant:AuricBeam","hierophant:Community"],"picked":"hierophant:HolyVerse","floor":4},{"not_picked":["hierophant:Purify","hierophant:PassingBell"],"picked":"hierophant:MorningPrayer","floor":5},{"not_picked":["hierophant:Shelter","hierophant:DisplayOfPower"],"picked":"hierophant:PassingBell","floor":7},{"not_picked":["hierophant:DivineIntervention","hierophant:Zeal"],"picked":"hierophant:Smite","floor":8},{"not_picked":["hierophant:Dazzle","hierophant:CoinFling"],"picked":"hierophant:PristineSoul","floor":12},{"not_picked":["hierophant:WrathOfGod","hierophant:DeathKnell"],"picked":"hierophant:LocustPlague","floor":16},{"not_picked":["hierophant:OrnateBuckler","hierophant:Doubloon+1"],"picked":"hierophant:FaithHealing","floor":18},{"not_picked":["hierophant:ThreeLashes","hierophant:Zeal"],"picked":"hierophant:MorningPrayer+1","floor":19},{"not_picked":["hierophant:Mercenaries","hierophant:Embezzle"],"picked":"hierophant:FlamingChariot","floor":22}],"player_experience":117812,"relics_obtained":[{"floor":9,"key":"Regal Pillow"}],"event_choices":[{"cards_removed":["hierophant:Strike_Hierophant"],"damage_healed":0,"gold_gain":0,"player_choice":"Card Removal","damage_taken":0,"max_hp_gain":0,"max_hp_loss":0,"event_name":"The Cleric","floor":2,"gold_loss":50},{"damage_healed":0,"gold_gain":175,"player_choice":"AGREE","damage_taken":0,"max_hp_gain":0,"max_hp_loss":0,"event_name":"Liars Game","floor":3,"gold_loss":0,"cards_obtained":["Doubt"]},{"cards_removed":["hierophant:Defend_Hierophant"],"damage_healed":0,"gold_gain":0,"player_choice":"Forget","damage_taken":0,"max_hp_gain":0,"max_hp_loss":0,"event_name":"Living Wall","floor":10,"gold_loss":0},{"damage_healed":0,"gold_gain":0,"player_choice":"Donut","damage_taken":0,"max_hp_gain":5,"max_hp_loss":0,"event_name":"Big Fish","floor":11,"gold_loss":0},{"damage_healed":0,"gold_gain":0,"player_choice":"Ignored","damage_taken":0,"max_hp_gain":0,"max_hp_loss":0,"event_name":"NoteForYourself","floor":14,"gold_loss":0},{"damage_healed":0,"gold_gain":0,"player_choice":"Opened","damage_taken":0,"relics_obtained":["Omamori"],"max_hp_gain":0,"max_hp_loss":0,"event_name":"The Mausoleum","floor":20,"gold_loss":0},{"damage_healed":0,"gold_gain":0,"player_choice":"Read","damage_taken":0,"max_hp_gain":0,"max_hp_loss":0,"event_name":"The Library","floor":21,"gold_loss":0,"cards_obtained":["hierophant:DivineIntervention"]}],"is_beta":false,"boss_relics":[{"not_picked":["Fusion Hammer","Astrolabe"],"picked":"Coffee Dripper"}],"items_purged_floors":[],"is_endless":false,"potions_floor_spawned":[4,5,12,16,22],"killed_by":"Gremlin Leader","ascension_level":0}}