{"host":"6r3ioyv75hs1gp74","time":1610909399,"event":{"mods":["AchievementEnabler","Act Like it!","BaseMod","Better Sensory Stone","Block Reminder","Colored Map","Colored Powertips","Curses Come First","Minty Spire (QoL Compilation)","StSLib"],"gold_per_floor":[119,4,19,19,35,69,80,80,154,154,19,19,47,66,66,161,161,181,181,192,192,204,204,214,240,308,321,0,0,35,52,52,150,150,161,161,511,527,527,553,570,570,570],"floor_reached":42,"language":"ENG","playtime":4521,"items_purged":["Strike_B"],"score":575,"play_id":"70fa5f6d-54b0-45bb-b234-63bd94d1ae1b","local_time":"20210117184959","is_ascension_mode":true,"campfire_choices":[{"data":"Ball Lightning","floor":10,"key":"SMITH"},{"data":"Static Discharge","floor":12,"key":"SMITH"},{"data":"Hologram","floor":15,"key":"SMITH"},{"floor":23,"key":"REST"},{"floor":29,"key":"REST"},{"floor":32,"key":"RECALL"}],"circlet_count":0,"master_deck":["Defend_B","Defend_B","Zap+1","Ball Lightning","Genetic Algorithm","Ball Lightning+1","Steam","Genetic Algorithm","Ball Lightning","Static Discharge+1","Coolheaded","Cold Snap","Hologram+1","Biased Cognition","Force Field","Electrodynamics","Sunder","Lockon","Loop","Chill+1","Biased Cognition","Force Field+1","Multi-Cast+1","Reboot+1","Loop+1","Storm+1","Hologram+1"],"relics":["Empty Cage","StoneCalendar","Cables","Lantern","Fusion Hammer","CaptainsWheel","PreservedInsect","The Courier","Matryoshka","Centennial Puzzle","Astrolabe","Old Coin","Turnip"],"acts_visited":["Exordium","TheCity","TheBeyond"],"potions_floor_usage":[7,33,40],"damage_taken":[{"damage":1,"enemies":"Cultist","floor":1,"turns":3},{"damage":6,"enemies":"2 Louse","floor":3,"turns":3},{"damage":6,"enemies":"Jaw Worm","floor":5,"turns":3},{"damage":12,"enemies":"Lagavulin","floor":6,"turns":7},{"damage":0,"enemies":"Gremlin Gang","floor":7,"turns":4},{"damage":13,"enemies":"3 Sentries","floor":13,"turns":4},{"damage":6,"enemies":"Blue Slaver","floor":14,"turns":3},{"damage":1,"enemies":"Hexaghost","floor":16,"turns":7},{"damage":0,"enemies":"Spheric Guardian","floor":18,"turns":3},{"damage":4,"enemies":"Shell Parasite","floor":20,"turns":4},{"damage":13,"enemies":"Snecko","floor":22,"turns":5},{"damage":1,"enemies":"Chosen and Byrds","floor":24,"turns":4},{"damage":20,"enemies":"Slavers","floor":25,"turns":4},{"damage":0,"enemies":"Snake Plant","floor":27,"turns":3},{"damage":10,"enemies":"Book of Stabbing","floor":30,"turns":3},{"damage":0,"enemies":"Snecko","floor":31,"turns":4},{"damage":19,"enemies":"Collector","floor":33,"turns":7},{"damage":1,"enemies":"3 Darklings","floor":35,"turns":4},{"damage":0,"enemies":"Mind Bloom Boss Battle","floor":37,"turns":6},{"damage":0,"enemies":"3 Shapes","floor":38,"turns":5},{"damage":1,"enemies":"Giant Head","floor":40,"turns":5},{"damage":0,"enemies":"3 Darklings","floor":41,"turns":2},{"damage":73,"enemies":"Reptomancer","floor":42,"turns":2}],"seed_played":"-128493991424654453","potions_obtained":[{"floor":1,"key":"Swift Potion"},{"floor":4,"key":"Energy Potion"},{"floor":4,"key":"ColorlessPotion"},{"floor":4,"key":"PotionOfCapacity"},{"floor":13,"key":"Regen Potion"},{"floor":20,"key":"FocusPotion"},{"floor":33,"key":"Swift Potion"},{"floor":41,"key":"EssenceOfSteel"}],"is_trial":false,"path_per_floor":["M","$","M","?","M","E","M","?","T","R","$","R","E","M","R","B",null,"M","T","M","?","M","R","M","E","T","M","$","R","E","M","R","B",null,"M","?","?","M","?","E","M","E"],"character_chosen":"DEFECT","items_purchased":["Ball Lightning","Genetic Algorithm","Static Discharge","Coolheaded","Cold Snap","Matryoshka","Lockon"],"campfire_rested":2,"item_purchase_floors":[2,2,11,11,11,28,28],"current_hp_per_floor":[74,74,68,68,62,50,50,50,50,50,50,50,37,31,31,30,75,75,75,71,71,58,75,74,54,54,54,54,75,65,65,65,46,75,74,74,74,74,74,73,73,0,0],"gold":570,"neow_bonus":"BOSS_RELIC","is_daily":false,"chose_seed":false,"campfire_upgraded":3,"win_rate":0.0,"timestamp":1610909399,"path_taken":["M","?","M","?","M","E","?","?","T","R","$","R","E","M","R","BOSS","M","?","M","?","M","R","M","E","T","?","$","R","E","M","R","BOSS","M","?","?","M","?","E","?","E"],"items_purchased_type":["Card","Card","Card","Card","Card","Relic","Card"],"build_version":"2020-12-22","purchased_purges":1,"victory":false,"max_hp_per_floor":[75,75,75,75,75,75,75,75,75,75,75,75,75,75,75,75,75,75,75,75,75,75,75,75,75,75,75,75,75,75,75,75,75,75,75,75,75,75,75,75,75,75,75],"card_choices":[{"not_picked":["Storm","BootSequence"],"picked":"Conserve Battery","floor":1},{"not_picked":["Recycle","Compile Driver"],"picked":"Ball Lightning","floor":3},{"not_picked":["Beam Cell","Turbo"],"picked":"Steam","floor":5},{"not_picked":["Stack","Aggregate"],"picked":"Genetic Algorithm","floor":6},{"not_picked":["Hello World","Double Energy"],"picked":"Ball Lightning","floor":7},{"not_picked":["Heatsinks","Amplify"],"picked":"Hologram","floor":13},{"not_picked":["Leap","Barrage","Streamline"],"picked":"SKIP","floor":14},{"not_picked":["Rainbow","Hyperbeam"],"picked":"Biased Cognition","floor":16},{"not_picked":["Cold Snap","Barrage","Ball Lightning"],"picked":"SKIP","floor":18},{"not_picked":["Steam","Go for the Eyes","Sweeping Beam"],"picked":"SKIP","floor":20},{"not_picked":["Go for the Eyes","Beam Cell"],"picked":"Electrodynamics","floor":22},{"not_picked":["Turbo","Beam Cell","Scrape+1"],"picked":"SKIP","floor":24},{"not_picked":["Streamline","Aggregate+1"],"picked":"Sunder","floor":25},{"not_picked":["Streamline","Stack","Skim"],"picked":"SKIP","floor":27},{"not_picked":["Coolheaded","Sunder"],"picked":"Loop","floor":30},{"not_picked":["Hologram","Leap"],"picked":"Chill+1","floor":31},{"not_picked":["Rainbow","Electrodynamics"],"picked":"Biased Cognition","floor":33},{"not_picked":["Recycle","Consume"],"picked":"Loop+1","floor":35},{"not_picked":["Leap","Redo","Beam Cell+1"],"picked":"SKIP","floor":38},{"not_picked":["Fusion","Compile Driver+1"],"picked":"Storm+1","floor":40},{"not_picked":["Turbo","Thunder Strike"],"picked":"Hologram+1","floor":41}],"player_experience":87233,"relics_obtained":[{"floor":6,"key":"StoneCalendar"},{"floor":9,"key":"Cables"},{"floor":13,"key":"Lantern"},{"floor":19,"key":"CaptainsWheel"},{"floor":25,"key":"PreservedInsect"},{"floor":26,"key":"The Courier"},{"floor":30,"key":"Centennial Puzzle"},{"floor":37,"key":"Old Coin"},{"floor":40,"key":"Turnip"}],"event_choices":[{"damage_healed":0,"gold_gain":0,"player_choice":"Got Potions","damage_taken":0,"max_hp_gain":0,"max_hp_loss":0,"event_name":"Lab","floor":4,"gold_loss":0},{"damage_healed":0,"gold_gain":0,"player_choice":"Upgraded","damage_taken":0,"max_hp_gain":0,"max_hp_loss":0,"event_name":"Upgrade Shrine","floor":8,"gold_loss":0,"cards_upgraded":["Zap"]},{"damage_healed":0,"gold_gain":0,"cards_transformed":["Strike_B"],"player_choice":"Transformed","damage_taken":0,"max_hp_gain":0,"max_hp_loss":0,"event_name":"Transmorgrifier","floor":21,"gold_loss":0,"cards_obtained":["Force Field"]},{"cards_removed":["Conserve Battery"],"damage_healed":0,"gold_gain":0,"player_choice":"Removed Skill","damage_taken":0,"max_hp_gain":0,"max_hp_loss":0,"event_name":"Falling","floor":36,"gold_loss":0},{"damage_healed":0,"gold_gain":0,"player_choice":"Fight","damage_taken":0,"max_hp_gain":0,"max_hp_loss":0,"event_name":"MindBloom","floor":37,"gold_loss":0},{"damage_healed":0,"gold_gain":0,"player_choice":"Ignored","damage_taken":0,"max_hp_gain":0,"max_hp_loss":0,"event_name":"SecretPortal","floor":39,"gold_loss":0}],"is_beta":false,"boss_relics":[{"not_picked":["Sozu","Tiny House"],"picked":"Fusion Hammer"},{"not_picked":["Philosopher\u0027s Stone","Busted Crown"],"picked":"Astrolabe"}],"items_purged_floors":[28],"is_endless":false,"potions_floor_spawned":[1,13,16,20,22,27,33,35,37,41],"killed_by":"Reptomancer","ascension_level":3}}