{"host":"4cz9gr89nglr7k8k","time":1610842391,"event":{"mods":["BaseMod","Minty Spire (QoL Compilation)","Relic Stats","Slay-I"],"gold_per_floor":[114,114,35,35,35,73,73,88,88,128,128,161,161,175,175,265,265,284,284,284],"floor_reached":19,"language":"DEU","playtime":769,"items_purged":[],"score":416,"play_id":"72f165e2-93da-48d4-86a3-a9dc274b1584","local_time":"20210117011311","is_ascension_mode":true,"campfire_choices":[{"floor":7,"key":"REST"},{"floor":11,"key":"REST"},{"floor":15,"key":"REST"}],"circlet_count":0,"master_deck":["AscendersBane","Strike_R","Strike_R+1","Strike_R","Strike_R","Strike_R","Defend_R+1","Defend_R","Defend_R","Defend_R","Bash","Infernal Blade","Rampage","Shockwave","Feed","Sever Soul","Ghostly Armor","Infernal Blade","Impervious","Headbutt+1"],"relics":["Burning Blood","NeowsBlessing","Golden Idol","Nunchaku","Sundial","Incense Burner","Lantern","Runic Pyramid"],"acts_visited":["Exordium","TheCity"],"potions_floor_usage":[10,16,18,19],"damage_taken":[{"damage":0,"enemies":"Small Slimes","floor":1,"turns":1},{"damage":0,"enemies":"Gremlin Nob","floor":6,"turns":1},{"damage":0,"enemies":"Jaw Worm","floor":8,"turns":1},{"damage":32,"enemies":"3 Sentries","floor":10,"turns":8},{"damage":44,"enemies":"Lagavulin","floor":12,"turns":5},{"damage":1,"enemies":"2 Louse","floor":14,"turns":2},{"damage":35,"enemies":"Hexaghost","floor":16,"turns":7},{"damage":69,"enemies":"3 Byrds","floor":18,"turns":9},{"damage":17,"enemies":"Spheric Guardian","floor":19,"turns":3}],"seed_played":"-1314071601047623777","potions_obtained":[{"floor":1,"key":"LiquidBronze"},{"floor":12,"key":"GamblersBrew"},{"floor":16,"key":"AttackPotion"},{"floor":18,"key":"Dexterity Potion"}],"is_trial":false,"path_per_floor":["M","?","$","?","$","E","R","M","T","E","R","E","?","M","R","B",null,"M","M"],"character_chosen":"IRONCLAD","items_purchased":["Rampage"],"campfire_rested":3,"item_purchase_floors":[3],"current_hp_per_floor":[74,51,51,25,25,31,53,59,59,36,59,21,21,29,53,27,70,10,0,0],"gold":284,"neow_bonus":"THREE_ENEMY_KILL","is_daily":false,"chose_seed":false,"campfire_upgraded":0,"win_rate":0.0,"timestamp":1610842391,"path_taken":["M","?","$","?","?","E","R","M","T","E","R","E","?","M","R","BOSS","M","M"],"items_purchased_type":["Card"],"build_version":"2020-12-22","purchased_purges":0,"victory":false,"max_hp_per_floor":[75,75,75,75,75,75,75,75,75,78,78,78,78,81,81,84,84,87,87,87],"relic_stats":{"Nunchaku":[6],"counters":[9,37],"Golden Idol":51,"Sundial":[4],"obtain_stats":[{"Nunchaku":6,"Lantern":12,"NeowsBlessing":0,"Golden Idol":4,"Sundial":9,"Incense Burner":10,"Burning Blood":0,"Runic Pyramid":17},{"Nunchaku":2,"Lantern":5,"NeowsBlessing":0,"Golden Idol":1,"Sundial":3,"Incense Burner":4,"Burning Blood":0,"Runic Pyramid":7},{"Nunchaku":2,"Lantern":16,"NeowsBlessing":0,"Golden Idol":1,"Sundial":3,"Incense Burner":11,"Burning Blood":0,"Runic Pyramid":25}],"Burning Blood":48},"card_choices":[{"not_picked":["True Grit","Clothesline"],"picked":"Infernal Blade","floor":1},{"not_picked":["Sentinel","Bloodletting"],"picked":"Shockwave","floor":6},{"not_picked":["Armaments","Hemokinesis"],"picked":"Feed","floor":8},{"not_picked":["Havoc","Pommel Strike"],"picked":"Sever Soul","floor":10},{"not_picked":["Burning Pact","Clothesline"],"picked":"Ghostly Armor","floor":12},{"not_picked":["Body Slam","Power Through"],"picked":"Infernal Blade","floor":14},{"not_picked":["Demon Form","Exhume"],"picked":"Impervious","floor":16},{"not_picked":["Dropkick","Heavy Blade"],"picked":"Headbutt+1","floor":18}],"player_experience":1507602,"relics_obtained":[{"floor":6,"key":"Nunchaku"},{"floor":9,"key":"Sundial"},{"floor":10,"key":"Incense Burner"},{"floor":12,"key":"Lantern"}],"event_choices":[{"damage_healed":0,"gold_gain":0,"player_choice":"Entered Light","damage_taken":23,"max_hp_gain":0,"max_hp_loss":0,"event_name":"Shining Light","floor":2,"gold_loss":0,"cards_upgraded":["Strike_R","Defend_R"]},{"damage_healed":0,"gold_gain":0,"player_choice":"Take Damage","damage_taken":26,"relics_obtained":["Golden Idol"],"max_hp_gain":0,"max_hp_loss":0,"event_name":"Golden Idol","floor":4,"gold_loss":0},{"damage_healed":0,"gold_gain":0,"player_choice":"Searched \u00270\u0027 times","damage_taken":0,"max_hp_gain":0,"max_hp_loss":0,"event_name":"Dead Adventurer","floor":13,"gold_loss":0}],"is_beta":false,"boss_relics":[{"not_picked":["Snecko Eye","Ectoplasm"],"picked":"Runic Pyramid"}],"items_purged_floors":[],"is_endless":false,"potions_floor_spawned":[1,12,16,18],"killed_by":"Spheric Guardian","ascension_level":20}}