{"host":"2ica2wc1gg7guzbw","time":1610899839,"event":{"mods":["BaseMod","Colored Map","Minty Spire (QoL Compilation)","Replay The Spire","Shop Mod","StSLib"],"gold_per_floor":[114,125,95,109,128,157,157,174,197,13,27,47,47,75,75,149,149,168,258,277,277,277],"floor_reached":21,"language":"RUS","playtime":656,"items_purged":[],"score":386,"play_id":"b4103316-64f5-40d3-b46c-37a08e1daa43","local_time":"20210117201039","is_ascension_mode":true,"campfire_choices":[{"floor":7.0,"key":"RECALL"},{"data":"Sunder","floor":13,"key":"SMITH"},{"data":"Apotheosis","floor":15,"key":"SMITH"}],"circlet_count":0,"master_deck":["AscendersBane","Strike_B","Strike_B","Strike_B","Strike_B","Defend_B","Defend_B","Defend_B","Defend_B","Zap","Dualcast","Ball Lightning","Streamline","Steam Power","Core Surge","Coolheaded","Apotheosis+1","Cold Snap","Sunder+1","Creative AI","AbeCurse","Turbo"],"relics":["Cracked Core","NeowsBlessing","Meat on the Bone","PreservedInsect","Abe\u0027s Treasure"],"acts_visited":["Exordium","TheCity"],"potions_floor_usage":[14,18,21],"damage_taken":[{"damage":0.0,"enemies":"Cultist","floor":1.0,"turns":1.0},{"damage":0.0,"enemies":"Jaw Worm","floor":2.0,"turns":1.0},{"damage":0.0,"enemies":"Small Slimes","floor":4.0,"turns":1.0},{"damage":9.0,"enemies":"Red Slaver","floor":5.0,"turns":3.0},{"damage":13.0,"enemies":"Gremlin Nob","floor":6.0,"turns":3.0},{"damage":10.0,"enemies":"3 Louse","floor":8.0,"turns":4.0},{"damage":11,"enemies":"Looter","floor":11,"turns":2},{"damage":14,"enemies":"Gremlin Gang","floor":12,"turns":4},{"damage":21,"enemies":"3 Sentries","floor":14,"turns":7},{"damage":11,"enemies":"Slime Boss","floor":16,"turns":8},{"damage":40,"enemies":"3 Byrds","floor":18,"turns":4},{"damage":0,"enemies":"Chosen","floor":20,"turns":4},{"damage":24,"enemies":"Snake Plant","floor":21,"turns":1}],"seed_played":"-5155072354122842169","potions_obtained":[{"floor":3.0,"key":"Elixir"},{"floor":3.0,"key":"EssenceOfSteel"},{"floor":5.0,"key":"Swift Potion"},{"floor":11,"key":"Block Potion"},{"floor":12,"key":"LiquidMemories"},{"floor":20,"key":"DuplicationPotion"}],"is_trial":false,"path_per_floor":["M","M","?","M","M","E","R","M","T","$","M","M","R","E","R","B",null,"M","?","M","M"],"character_chosen":"DEFECT","items_purchased":["Apotheosis"],"campfire_rested":0,"item_purchase_floors":[10],"current_hp_per_floor":[64,64,64,64,55,42,42,44,44,44,45,43,43,34,34,35,62,34,9,21,0,0],"gold":277,"neow_bonus":"THREE_ENEMY_KILL","is_daily":false,"chose_seed":false,"campfire_upgraded":2,"win_rate":0.0,"timestamp":1610899839,"path_taken":["M","?","?","M","?","E","R","M","T","$","M","M","R","E","R","BOSS","M","?","M","?"],"items_purchased_type":["Card"],"build_version":"2020-12-22","purchased_purges":0,"victory":false,"max_hp_per_floor":[71,71,71,71,71,71,71,71,71,71,71,71,71,71,71,71,71,71,71,71,71,71],"card_choices":[{"not_picked":["Conserve Battery","Panic Button"],"picked":"Ball Lightning","floor":1.0},{"not_picked":["Barrage","Crystallizer"],"picked":"Streamline","floor":2.0},{"not_picked":["BasicCrystalCard","Beam Cell","Blizzard"],"picked":"SKIP","floor":4.0},{"not_picked":["Steam Power","Redo","Skim"],"picked":"SKIP","floor":5.0},{"not_picked":["Redo","Skim"],"picked":"Steam Power","floor":5.0},{"not_picked":["Barrage","Rebound"],"picked":"Core Surge","floor":6.0},{"not_picked":["Fusion","Rebound"],"picked":"Coolheaded","floor":8.0},{"not_picked":["Compile Driver","Gash"],"picked":"Cold Snap","floor":11},{"not_picked":["Melter","Double Energy"],"picked":"Sunder","floor":12},{"not_picked":["ReplayGash","Static Discharge","Skim"],"picked":"SKIP","floor":14},{"not_picked":["Biased Cognition","ReplayTheSpireMod:Omega Cannon"],"picked":"Creative AI","floor":16},{"not_picked":["Melter","Cold Snap"],"picked":"Turbo","floor":18},{"not_picked":["Sweeping Beam","Panic Button","Time Bomb"],"picked":"SKIP","floor":20}],"player_experience":912280,"relics_obtained":[{"floor":6.0,"key":"Meat on the Bone"},{"floor":14,"key":"PreservedInsect"}],"event_choices":[{"damage_healed":0.0,"max_hp_gain":0.0,"max_hp_loss":0.0,"gold_gain":0.0,"event_name":"The Woman in Blue","player_choice":"Bought 2 Potions","floor":3.0,"gold_loss":0.0,"damage_taken":0.0},{"damage_healed":0,"gold_gain":90,"player_choice":"GOLD POTION POTION ","damage_taken":25,"max_hp_gain":0,"max_hp_loss":0,"event_name":"Knowing Skull","floor":19,"potions_obtained":["SkillPotion","LifebloodPotion"],"gold_loss":0,"cards_obtained":[]}],"is_beta":false,"boss_relics":[{"not_picked":["Runic Pyramid","Kintsugi"],"picked":"Abe\u0027s Treasure"}],"items_purged_floors":[],"is_endless":false,"potions_floor_spawned":[5,11,12,20],"killed_by":"Snake Plant","ascension_level":20}}