{"host":"nnxvcju6x1qybncj","time":1610911908,"event":{"mods":["BaseMod","Displayed Cursed Tome","Downfall","Evolution","Jorbs\u0027s Wanderer Trilogy","Minty Spire (QoL Compilation)","Quick Restart","StSLib"],"gold_per_floor":[117,117,137,137,161,205,221,221,244,244,264,278,291,55,55,148,148,148,148,148,148,148,148,148,148,148,148,148,148,148,148,148,148,148],"floor_reached":33,"language":"ENG","playtime":1110,"items_purged":["Strike_R"],"score":473,"play_id":"7db85ef3-a74d-4a25-87b5-d98c19e1d8e6","local_time":"20210117203148","is_ascension_mode":true,"campfire_choices":[{"floor":8,"key":"REST"},{"data":"Armaments","floor":10,"key":"SMITH"},{"floor":15,"key":"REST"},{"floor":23,"key":"REST"},{"data":"True Grit","floor":25,"key":"SMITH"},{"data":"Demon Form","floor":29,"key":"SMITH"},{"floor":32,"key":"REST"}],"circlet_count":0,"master_deck":["AscendersBane","Headbutt","Headbutt","Headbutt","Strike_R","Defend_R","Defend_R","Defend_R","Defend_R","Bash+1","Clothesline","Sentinel","Thunderclap","Shrug It Off","Armaments+1","Shrug It Off","True Grit+1","Clothesline","Cleave","Demon Form+1","Seeing Red+1","Twin Strike","Shrug It Off","Offering","Disarm+1","Carnage","Shrug It Off"],"relics":["Burning Blood","EVO:Axolotl","Bag of Marbles","Bloody Idol","Dream Catcher","Centennial Puzzle","Medical Kit","Ectoplasm","MutagenicStrength","PreservedInsect"],"acts_visited":["Exordium","TheCity"],"potions_floor_usage":[6,7,11,18,31,33],"damage_taken":[{"damage":7,"enemies":"Small Slimes","floor":1,"turns":3},{"damage":6,"enemies":"2 Louse","floor":3,"turns":2},{"damage":7,"enemies":"Jaw Worm","floor":5,"turns":2},{"damage":16,"enemies":"Gremlin Nob","floor":6,"turns":3},{"damage":22,"enemies":"Exordium Thugs","floor":7,"turns":3},{"damage":8,"enemies":"Large Slime","floor":11,"turns":6},{"damage":3,"enemies":"3 Louse","floor":12,"turns":4},{"damage":8,"enemies":"Blue Slaver","floor":13,"turns":4},{"damage":67,"enemies":"The Guardian","floor":16,"turns":15},{"damage":13,"enemies":"Spheric Guardian","floor":18,"turns":5},{"damage":11,"enemies":"3 Byrds","floor":22,"turns":4},{"damage":6,"enemies":"Shelled Parasite and Fungi","floor":28,"turns":1},{"damage":6,"enemies":"Snake Plant","floor":30,"turns":2},{"damage":29,"enemies":"Centurion and Healer","floor":31,"turns":3},{"damage":67,"enemies":"Automaton","floor":33,"turns":6}],"seed_played":"8795476176237941024","potions_obtained":[{"floor":1,"key":"BlessingOfTheForge"},{"floor":5,"key":"Explosive Potion"},{"floor":7,"key":"Explosive Potion"},{"floor":16,"key":"Slimebound:ThreeZeroPotion"},{"floor":18,"key":"sneckomod:MuddlingPotion"},{"floor":28,"key":"Fire Potion"}],"is_trial":false,"path_per_floor":["M","?","M","?","M","E","M","R","T","R","M","M","M","$","R","B",null,"M","?","$","?","M","R","?","R","T","?","M","R","M","M","R","B"],"character_chosen":"IRONCLAD","items_purchased":["Medical Kit"],"campfire_rested":4,"item_purchase_floors":[14],"current_hp_per_floor":[67,67,67,67,66,56,40,60,60,60,58,61,59,59,68,7,53,46,46,46,46,41,61,61,61,61,61,61,61,61,38,58,0,0],"gold":148,"neow_bonus":"RANDOM_COMMON_RELIC","is_daily":false,"chose_seed":false,"campfire_upgraded":3,"win_rate":0.0,"timestamp":1610911908,"path_taken":["M","?","M","?","M","E","M","R","T","R","M","M","M","$","R","BOSS","M","?","$","?","M","R","?","R","T","?","M","R","M","M","R","BOSS"],"items_purchased_type":["Relic"],"build_version":"2020-12-22","purchased_purges":1,"victory":false,"max_hp_per_floor":[75,68,68,68,68,68,68,68,68,68,68,68,68,68,68,68,68,68,68,68,68,68,68,68,68,68,68,68,68,68,68,68,68,68],"card_choices":[{"not_picked":["Sentinel","Flex"],"picked":"Clothesline","floor":1},{"not_picked":["Clash","Uppercut"],"picked":"Sentinel","floor":3},{"not_picked":["Heavy Blade","Evolve","Body Slam"],"picked":"SKIP","floor":5},{"not_picked":["Anger","Brutality"],"picked":"Thunderclap","floor":6},{"not_picked":["Havoc","Cleave"],"picked":"Shrug It Off","floor":7},{"not_picked":["Entrench","Rampage"],"picked":"Armaments","floor":8},{"not_picked":["Armaments","Twin Strike"],"picked":"Shrug It Off","floor":11},{"not_picked":["Heavy Blade","Havoc"],"picked":"True Grit","floor":12},{"not_picked":["Flex","Cleave"],"picked":"Clothesline","floor":13},{"not_picked":["Armaments","Wild Strike"],"picked":"Cleave","floor":15},{"not_picked":["Reaper","Immolate"],"picked":"Demon Form","floor":16},{"not_picked":["Rupture","Wild Strike"],"picked":"Seeing Red+1","floor":18},{"not_picked":["Inflame","Clash"],"picked":"Twin Strike","floor":22},{"not_picked":["Clothesline","Second Wind"],"picked":"Shrug It Off","floor":23},{"not_picked":["Havoc+1","Anger"],"picked":"Disarm+1","floor":28},{"not_picked":["Searing Blow","Uppercut"],"picked":"Carnage","floor":30},{"not_picked":["Seeing Red","Body Slam","Flex"],"picked":"SKIP","floor":31},{"not_picked":["Bloodletting","Combust"],"picked":"Shrug It Off","floor":32}],"player_experience":684928,"relics_obtained":[{"floor":6,"key":"Dream Catcher"},{"floor":9,"key":"Centennial Puzzle"},{"floor":26,"key":"PreservedInsect"}],"event_choices":[{"damage_healed":0,"gold_gain":0,"player_choice":"Lose Max HP","damage_taken":0,"relics_obtained":["Golden Idol"],"max_hp_gain":0,"max_hp_loss":7,"event_name":"Golden Idol","floor":2,"gold_loss":0},{"damage_healed":0,"gold_gain":0,"player_choice":"Grow","damage_taken":0,"max_hp_gain":0,"max_hp_loss":0,"event_name":"Living Wall","floor":4,"gold_loss":0,"cards_upgraded":["Bash"]},{"damage_healed":0,"gold_gain":0,"player_choice":"Ignored","damage_taken":0,"max_hp_gain":0,"max_hp_loss":0,"event_name":"Ghosts","floor":19,"gold_loss":0},{"damage_healed":0,"gold_gain":0,"player_choice":"Inject Mutagens","damage_taken":0,"relics_obtained":["MutagenicStrength"],"max_hp_gain":0,"max_hp_loss":0,"event_name":"Drug Dealer","floor":21,"gold_loss":0},{"damage_healed":0,"gold_gain":0,"player_choice":"Gave Idol","damage_taken":0,"relics_obtained":["Bloody Idol"],"max_hp_gain":0,"max_hp_loss":0,"event_name":"Forgotten Altar","floor":24,"relics_lost":["Golden Idol"],"gold_loss":0},{"damage_healed":0,"gold_gain":0,"player_choice":"Read","damage_taken":0,"max_hp_gain":0,"max_hp_loss":0,"event_name":"The Library","floor":27,"gold_loss":0,"cards_obtained":["Offering"]}],"is_beta":false,"boss_relics":[{"not_picked":["Velvet Choker","Calling Bell"],"picked":"Ectoplasm"}],"items_purged_floors":[14],"is_endless":false,"potions_floor_spawned":[1,5,7,16,18,28,30],"killed_by":"Automaton","ascension_level":16}}