{"host":"30p6vp5e6xgjixv6","time":1610859639,"event":{"mods":["AchievementEnabler","BaseMod","Better Match","Better Note","BetterRewards","Colored Map","Colored Powertips","Downfall","Gremlin Skip","Minty Spire (QoL Compilation)","Quick Restart","Rare Cards Sparkle","Relic Filter","StSLib","The IronCluck"],"gold_per_floor":[99,118,118,129,145,155,155,186,186,226,335,362,389,425,449,449,449],"floor_reached":16,"language":"ENG","playtime":709,"items_purged":[],"score":124,"play_id":"38e51ee1-33de-4013-92a3-b6976d458b18","local_time":"20210117000039","is_ascension_mode":false,"campfire_choices":[{"data":"bronze:AlphaBuild","floor":1,"key":"SMITH"}],"circlet_count":0,"master_deck":["bronze:Strike","bronze:Strike","bronze:Strike","bronze:Defend","bronze:Defend","bronze:Defend","bronze:Defend","bronze:Replicate","bronze:Goto","bronze:AlphaBuild+1","bronze:Optimize","bronze:Flail","bronze:ChildClass","bronze:FineTuning","bronze:Boost","bronze:Mutator","bronze:BronzeOrb","bronze:BronzeArmor","bronze:WildBeam","bronze:Iterate","bronze:Invalidate"],"relics":["bronze:BronzeCore","Ancient Tea Set","Orichalcum","CeramicFish","White Beast Statue","Matryoshka"],"acts_visited":["Exordium"],"potions_floor_usage":[8,11,14,14,16],"damage_taken":[{"damage":1,"enemies":"Cultist","floor":2,"turns":3},{"damage":0,"enemies":"Small Slimes","floor":4,"turns":2},{"damage":2,"enemies":"2 Louse","floor":5,"turns":3},{"damage":5,"enemies":"Lots of Slimes","floor":6,"turns":4},{"damage":5,"enemies":"Gremlin Nob","floor":8,"turns":3},{"damage":16,"enemies":"3 Sentries","floor":10,"turns":10},{"damage":32,"enemies":"downfall:LadyInBlue","floor":11,"turns":11},{"damage":0,"enemies":"2 Fungi Beasts","floor":12,"turns":2},{"damage":0,"enemies":"Blue Slaver","floor":13,"turns":1},{"damage":8,"enemies":"Gremlin Nob","floor":14,"turns":4},{"damage":4,"enemies":"Exordium Thugs","floor":15,"turns":3},{"damage":6,"enemies":"SI_SHIV_ARCHETYPE","floor":16,"turns":1}],"seed_played":"-7185028603592900528","potions_obtained":[{"floor":6,"key":"Energy Potion"},{"floor":10,"key":"SneckoOil"},{"floor":11,"key":"bronze:CleanCodePotion"},{"floor":11,"key":"PowerPotion"},{"floor":11,"key":"LiquidMemories"},{"floor":11,"key":"AttackPotion"},{"floor":14,"key":"LiquidMemories"},{"floor":15,"key":"sneckomod:MuddlingPotion"}],"is_trial":false,"path_per_floor":["R","M","?","M","M","M","T","E","?","E","?","M","M","E","M","B"],"character_chosen":"THE_AUTOMATON","items_purchased":[],"campfire_rested":0,"item_purchase_floors":[],"current_hp_per_floor":[63,62,62,62,60,55,55,50,63,47,15,15,15,7,3,0,0],"gold":449,"neow_bonus":"THREE_RARE_CARDS","is_daily":false,"chose_seed":false,"campfire_upgraded":1,"win_rate":0.0,"timestamp":1610859639,"path_taken":["R","M","?","M","M","?","T","E","?","E","?","M","?","E","M","BOSS"],"items_purchased_type":[],"build_version":"2020-12-22","purchased_purges":0,"victory":false,"max_hp_per_floor":[63,63,63,63,63,63,63,63,63,63,63,63,63,63,63,63,63],"card_choices":[{"not_picked":["bronze:Assembly","bronze:FindAndReplace"],"picked":"bronze:AlphaBuild","floor":0},{"not_picked":["bronze:OilSpill","bronze:Deprecate"],"picked":"bronze:Optimize","floor":2},{"not_picked":["bronze:FineTuning","bronze:Overload"],"picked":"bronze:Flail","floor":4},{"not_picked":["bronze:Shell","bronze:DelayedSlice"],"picked":"bronze:ChildClass","floor":5},{"not_picked":["bronze:Frontload","bronze:BugBarrage"],"picked":"bronze:FineTuning","floor":6},{"not_picked":["bronze:BitShift","bronze:ForceShield"],"picked":"bronze:Boost","floor":8},{"not_picked":["bronze:DelayedSlice","bronze:Branch"],"picked":"bronze:Mutator","floor":10},{"not_picked":["bronze:Repair","bronze:DelayedGuard"],"picked":"bronze:BronzeOrb","floor":11},{"not_picked":["bronze:DelayedGuard","bronze:BuggyMess"],"picked":"bronze:BronzeArmor","floor":12},{"not_picked":["bronze:Deprecate","bronze:CutThrough"],"picked":"bronze:WildBeam","floor":13},{"not_picked":["bronze:OilSpill","bronze:BitShift"],"picked":"bronze:Iterate","floor":14},{"not_picked":["bronze:Deprecate","bronze:Branch"],"picked":"bronze:Invalidate","floor":15}],"player_experience":197542,"relics_obtained":[{"floor":7,"key":"Ancient Tea Set"},{"floor":8,"key":"Orichalcum"},{"floor":10,"key":"CeramicFish"},{"floor":11,"key":"White Beast Statue"},{"floor":14,"key":"Matryoshka"}],"event_choices":[{"cards_removed":["bronze:Strike"],"damage_healed":0,"gold_gain":0,"player_choice":"Offered Basic","damage_taken":0,"max_hp_gain":0,"max_hp_loss":0,"event_name":"Bonfire Elementals","floor":3,"gold_loss":0},{"damage_healed":21,"gold_gain":0,"player_choice":"Banana","damage_taken":0,"max_hp_gain":0,"max_hp_loss":0,"event_name":"Big Fish","floor":9,"gold_loss":0}],"is_beta":false,"boss_relics":[],"items_purged_floors":[],"is_endless":false,"potions_floor_spawned":[6,10,11,12,13,14,15],"killed_by":"SI_SHIV_ARCHETYPE","ascension_level":0}}