{"host":"jpzdg3po3tjxdjri","time":1610842669,"event":{"mods":["BaseMod","Better Third Choice","Colored Map","Colored Powertips","Minty Spire (QoL Compilation)","StSLib"],"gold_per_floor":[118,68,68,88,104,104,139,139,139,173,0,15,25,54,54,149,149,168,168,67,81,81,110,35,35,35,64,64,75,75,105,105,200,250,270,320,365,378,30,60,60,93,93,128,139,170,190,206,206,206,206],"floor_reached":50,"language":"ENG","playtime":2219,"items_purged":["Strike_R+1","Enlightenment"],"score":744,"play_id":"797ccb65-8585-429c-b084-68d2f4900a1a","local_time":"20210117001749","is_ascension_mode":true,"campfire_choices":[{"data":"Bash","floor":6,"key":"SMITH"},{"data":"True Grit","floor":8,"key":"SMITH"},{"floor":15,"key":"RECALL"},{"data":"Ghostly","floor":30,"key":"SMITH"},{"data":"Ghostly","floor":32,"key":"SMITH"},{"data":"Rampage","floor":49,"key":"SMITH"}],"circlet_count":0,"master_deck":["Defend_R+1","Defend_R+1","Defend_R+1","Defend_R+1","Bash+1","Headbutt","Twin Strike","Sword Boomerang","True Grit+1","Immolate","Flex","Whirlwind","Feed+1","Heavy Blade","Shrug It Off","Cleave","Ghostly+1","Ghostly+1","Ghostly","Ghostly","Ghostly","Shame","Bite","Bite","Bite","Bite","Bite","Battle Trance+1","Flex+1","Rampage+1","Sword Boomerang","Sword Boomerang+1","Parasite","Headbutt+1"],"relics":["Burning Blood","Art of War","Gremlin Horn","Shuriken","Singing Bowl","Ornamental Fan","Busted Crown","MealTicket","Self Forming Clay","Unceasing Top","Blood Vial","Tiny House","Magic Flower","Charon\u0027s Ashes","HandDrill","Nunchaku","The Courier","Molten Egg 2","StrikeDummy","White Beast Statue"],"acts_visited":["Exordium","TheCity","TheBeyond"],"potions_floor_usage":[3,7,27,31,33,37,40,42,42,42,48,50],"damage_taken":[{"damage":8,"enemies":"Small Slimes","floor":1,"turns":3},{"damage":2,"enemies":"2 Louse","floor":4,"turns":3},{"damage":6,"enemies":"Cultist","floor":5,"turns":3},{"damage":25,"enemies":"Lagavulin","floor":7,"turns":6},{"damage":31,"enemies":"3 Sentries","floor":10,"turns":7},{"damage":0,"enemies":"2 Fungi Beasts","floor":12,"turns":1},{"damage":0,"enemies":"Large Slime","floor":13,"turns":3},{"damage":14,"enemies":"Gremlin Nob","floor":14,"turns":3},{"damage":48,"enemies":"Hexaghost","floor":16,"turns":9},{"damage":0,"enemies":"3 Byrds","floor":18,"turns":3},{"damage":0,"enemies":"Chosen","floor":21,"turns":4},{"damage":0,"enemies":"Gremlin Leader","floor":23,"turns":5},{"damage":3,"enemies":"Slavers","floor":27,"turns":5},{"damage":11,"enemies":"Centurion and Healer","floor":29,"turns":7},{"damage":4,"enemies":"Gremlin Leader","floor":31,"turns":5},{"damage":28,"enemies":"Champ","floor":33,"turns":11},{"damage":0,"enemies":"3 Shapes","floor":35,"turns":3},{"damage":6,"enemies":"Mind Bloom Boss Battle","floor":36,"turns":9},{"damage":31,"enemies":"2 Orb Walkers","floor":37,"turns":5},{"damage":7,"enemies":"3 Darklings","floor":38,"turns":3},{"damage":17,"enemies":"Reptomancer","floor":40,"turns":6},{"damage":44,"enemies":"Giant Head","floor":42,"turns":7},{"damage":36,"enemies":"Reptomancer","floor":44,"turns":6},{"damage":10,"enemies":"Writhing Mass","floor":45,"turns":7},{"damage":34,"enemies":"Nemesis","floor":46,"turns":7},{"damage":1,"enemies":"Transient","floor":47,"turns":5},{"damage":4,"enemies":"Jaw Worm Horde","floor":48,"turns":4},{"damage":98,"enemies":"Awakened One","floor":50,"turns":11}],"seed_played":"-51931022934361948","potions_obtained":[{"floor":3,"key":"Weak Potion"},{"floor":3,"key":"Fruit Juice"},{"floor":3,"key":"EntropicBrew"},{"floor":5,"key":"LiquidMemories"},{"floor":10,"key":"Dexterity Potion"},{"floor":27,"key":"BlessingOfTheForge"},{"floor":31,"key":"Explosive Potion"},{"floor":34,"key":"BlessingOfTheForge"},{"floor":40,"key":"SteroidPotion"},{"floor":45,"key":"FearPotion"},{"floor":48,"key":"Regen Potion"}],"is_trial":false,"path_per_floor":["M","?","?","M","M","R","E","R","T","E","?","M","M","E","R","B",null,"M","?","$","M","?","E","$","?","T","E","?","M","R","E","R","B",null,"M","?","?","M","$","E","?","E","T","E","M","E","M","M","R","B"],"character_chosen":"IRONCLAD","items_purchased":["Heavy Blade","Shrug It Off","Rampage","HandDrill","Sword Boomerang"],"campfire_rested":0,"item_purchase_floors":[20,20,39,39,39],"current_hp_per_floor":[78,78,83,85,85,85,66,66,66,41,47,55,61,53,53,11,93,95,95,95,95,47,49,49,49,49,54,37,39,39,41,41,23,48,50,52,39,54,54,54,56,47,47,37,62,46,64,66,66,0,0],"gold":206,"neow_bonus":"RANDOM_COMMON_RELIC","is_daily":false,"chose_seed":false,"campfire_upgraded":5,"win_rate":0.0,"timestamp":1610842669,"path_taken":["M","?","?","?","M","R","E","R","T","E","?","M","M","E","R","BOSS","M","?","$","M","?","E","$","?","T","E","?","M","R","E","R","BOSS","M","?","?","M","$","E","?","E","T","E","M","E","M","M","R","BOSS"],"items_purchased_type":["Card","Card","Card","Relic","Card"],"build_version":"2020-12-22","purchased_purges":2,"victory":false,"max_hp_per_floor":[80,80,85,85,85,85,85,85,85,85,91,93,93,93,93,93,93,95,95,95,95,47,49,49,49,49,54,37,39,39,41,41,43,48,50,52,52,54,54,54,56,58,58,60,62,62,64,66,66,66,66],"card_choices":[{"not_picked":["Twin Strike","Entrench"],"picked":"Headbutt","floor":1},{"not_picked":["Ghostly Armor","Warcry"],"picked":"Twin Strike","floor":4},{"not_picked":["Clash","Twin Strike"],"picked":"Sword Boomerang","floor":5},{"not_picked":["Body Slam","Headbutt"],"picked":"True Grit","floor":7},{"not_picked":["Fire Breathing","Clothesline"],"picked":"Immolate","floor":10},{"not_picked":["Combust","Sword Boomerang","Evolve"],"picked":"Singing Bowl","floor":12},{"not_picked":["Carnage","Pommel Strike"],"picked":"Flex","floor":13},{"not_picked":["Inflame","Dual Wield"],"picked":"Whirlwind","floor":14},{"not_picked":["Exhume","Offering"],"picked":"Feed","floor":16},{"not_picked":["Rupture"],"picked":"Singing Bowl","floor":18},{"not_picked":[],"picked":"Cleave","floor":21},{"not_picked":["Anger"],"picked":"Singing Bowl","floor":23},{"not_picked":["Clothesline"],"picked":"Singing Bowl","floor":27},{"not_picked":["Evolve"],"picked":"Singing Bowl","floor":29},{"not_picked":["Evolve"],"picked":"Singing Bowl","floor":31},{"not_picked":["Feed"],"picked":"Singing Bowl","floor":33},{"not_picked":[],"picked":"Battle Trance+1","floor":34},{"not_picked":["Headbutt+1"],"picked":"Singing Bowl","floor":35},{"not_picked":["Evolve+1"],"picked":"Singing Bowl","floor":36},{"not_picked":[],"picked":"Flex+1","floor":37},{"not_picked":["Clothesline"],"picked":"Singing Bowl","floor":38},{"not_picked":[],"picked":"Sword Boomerang+1","floor":40},{"not_picked":["Deep Breath"],"picked":"Singing Bowl","floor":41},{"not_picked":["Cleave"],"picked":"Singing Bowl","floor":42},{"not_picked":["Warcry"],"picked":"Singing Bowl","floor":44},{"not_picked":["Armaments"],"picked":"Singing Bowl","floor":45},{"not_picked":[],"picked":"Headbutt+1","floor":46},{"not_picked":["Warcry+1"],"picked":"Singing Bowl","floor":47},{"not_picked":["Headbutt+1"],"picked":"Singing Bowl","floor":48}],"player_experience":836268,"relics_obtained":[{"floor":7,"key":"Gremlin Horn"},{"floor":9,"key":"Shuriken"},{"floor":10,"key":"Singing Bowl"},{"floor":14,"key":"Ornamental Fan"},{"floor":23,"key":"MealTicket"},{"floor":27,"key":"Unceasing Top"},{"floor":31,"key":"Blood Vial"},{"floor":36,"key":"Magic Flower"},{"floor":37,"key":"Charon\u0027s Ashes"},{"floor":40,"key":"Nunchaku"},{"floor":42,"key":"The Courier"},{"floor":43,"key":"Molten Egg 2"},{"floor":44,"key":"StrikeDummy"},{"floor":46,"key":"White Beast Statue"}],"event_choices":[{"cards_removed":["Strike_R"],"damage_healed":0,"gold_gain":0,"player_choice":"Card Removal","damage_taken":0,"max_hp_gain":0,"max_hp_loss":0,"event_name":"The Cleric","floor":2,"gold_loss":50},{"damage_healed":0,"gold_gain":0,"player_choice":"Got Potions","damage_taken":0,"max_hp_gain":0,"max_hp_loss":0,"event_name":"Lab","floor":3,"gold_loss":0},{"damage_healed":0,"gold_gain":0,"player_choice":"RENOUNCE","damage_taken":173,"max_hp_gain":0,"max_hp_loss":0,"event_name":"betterThird:BetterSerpent","floor":11,"gold_loss":173,"cards_obtained":["Enlightenment"]},{"damage_healed":0,"gold_gain":0,"player_choice":"Simplicity","damage_taken":0,"max_hp_gain":0,"max_hp_loss":8,"event_name":"betterThird:BetterWriting","floor":19,"gold_loss":0},{"damage_healed":0,"gold_gain":0,"player_choice":"Became a Ghost","damage_taken":0,"max_hp_gain":0,"max_hp_loss":48,"event_name":"Ghosts","floor":22,"gold_loss":0,"cards_obtained":["Ghostly","Ghostly","Ghostly","Ghostly","Ghostly"]},{"damage_healed":0,"gold_gain":0,"player_choice":"Stole Relic","damage_taken":0,"relics_obtained":["Self Forming Clay"],"max_hp_gain":0,"max_hp_loss":0,"event_name":"Addict","floor":25,"gold_loss":0,"cards_obtained":["Shame"]},{"damage_healed":0,"gold_gain":0,"player_choice":"Became a vampire","damage_taken":0,"max_hp_gain":0,"max_hp_loss":17,"event_name":"Vampires","floor":28,"gold_loss":0,"cards_obtained":["Bite","Bite","Bite","Bite","Bite"]},{"damage_healed":0,"gold_gain":0,"player_choice":"Fight","damage_taken":0,"max_hp_gain":0,"max_hp_loss":0,"event_name":"MindBloom","floor":36,"gold_loss":0},{"damage_healed":0,"gold_gain":0,"player_choice":"Fight","damage_taken":0,"max_hp_gain":0,"max_hp_loss":0,"event_name":"Mysterious Sphere","floor":37,"gold_loss":0},{"damage_healed":0,"gold_gain":0,"player_choice":"Memory 1","damage_taken":0,"max_hp_gain":0,"max_hp_loss":0,"event_name":"SensoryStone","floor":41,"gold_loss":0}],"is_beta":false,"boss_relics":[{"not_picked":["Coffee Dripper","Empty Cage"],"picked":"Busted Crown"},{"not_picked":["Mark of Pain","Cursed Key"],"picked":"Tiny House"}],"items_purged_floors":[24,39],"is_endless":false,"potions_floor_spawned":[5,10,14,16,21,27,31,35,40,45,47,48],"killed_by":"Awakened One","ascension_level":1}}