{"host":"2pmmafybkq7zb6na","time":1610879353,"event":{"mods":["AchievementEnabler","BaseMod","Colored Map","Highlight Path","Keyboard Shortcuts","Minty Spire (QoL Compilation)","Quick Restart","StSLib","SuperFastMode"],"gold_per_floor":[219,235,249,174,174,174,188,188,212,212,232,260,260,21,21,125,125,144,163,113,113,125,125,125],"floor_reached":23,"language":"KOR","playtime":914,"items_purged":["Strike_R","Strike_R","Strike_R"],"score":191,"play_id":"dad0b19a-249f-41ee-9361-7e4a8d5e957d","local_time":"20210117192913","is_ascension_mode":false,"campfire_choices":[{"data":"Pommel Strike","floor":6.0,"key":"SMITH"},{"data":"Bash","floor":8.0,"key":"SMITH"},{"data":"Shrug It Off","floor":10.0,"key":"SMITH"},{"data":"Mayhem","floor":15.0,"key":"SMITH"}],"circlet_count":0,"master_deck":["Strike_R","Strike_R","Defend_R","Defend_R","Defend_R","Defend_R","Bash+1","Shrug It Off+1","Pommel Strike+1","Mayhem+1","Flex+1"],"relics":["Burning Blood","Anchor","Smiling Mask","Runic Pyramid"],"acts_visited":["Exordium","TheCity"],"potions_floor_usage":[],"damage_taken":[{"damage":8.0,"enemies":"2 Louse","floor":1.0,"turns":4.0},{"damage":11.0,"enemies":"Jaw Worm","floor":2.0,"turns":4.0},{"damage":2.0,"enemies":"Cultist","floor":3.0,"turns":4.0},{"damage":19.0,"enemies":"Exordium Wildlife","floor":7.0,"turns":7.0},{"damage":6.0,"enemies":"2 Fungi Beasts","floor":11.0,"turns":4.0},{"damage":28.0,"enemies":"3 Sentries","floor":12.0,"turns":12.0},{"damage":5.0,"enemies":"Slime Boss","floor":16.0,"turns":6.0},{"damage":10.0,"enemies":"Chosen","floor":18.0,"turns":5.0},{"damage":43.0,"enemies":"Spheric Guardian","floor":19.0,"turns":12.0},{"damage":10.0,"enemies":"Snake Plant","floor":22.0,"turns":4.0},{"damage":0,"enemies":"Book of Stabbing","floor":23,"turns":1}],"seed_played":"4463414435990730421","potions_obtained":[{"floor":2.0,"key":"SneckoOil"},{"floor":3.0,"key":"AttackPotion"},{"floor":16.0,"key":"Weak Potion"},{"floor":18.0,"key":"Strength Potion"},{"floor":22.0,"key":"Strength Potion"}],"is_trial":false,"path_per_floor":["M","M","M","$","?","R","M","R","T","R","M","E","?","$","R","B",null,"M","M","$","?","M","E"],"character_chosen":"IRONCLAD","items_purchased":["Mayhem"],"campfire_rested":0,"item_purchase_floors":[14],"current_hp_per_floor":[78,73,77,77,82,82,69,69,69,69,69,47,47,47,47,48,85,81,44,44,28,24,24,24],"gold":125,"neow_bonus":"HUNDRED_GOLD","is_daily":false,"chose_seed":false,"campfire_upgraded":4,"win_rate":0.0,"timestamp":1610879353,"path_taken":["M","M","M","$","?","R","M","R","T","R","M","E","?","$","R","BOSS","M","M","$","?","M","E"],"items_purchased_type":["Card"],"build_version":"2020-12-22","purchased_purges":3,"victory":false,"max_hp_per_floor":[80,80,80,80,85,85,85,85,85,85,85,85,85,85,85,85,85,85,85,85,90,90,90,90],"card_choices":[{"not_picked":["Twin Strike","Body Slam","Clothesline"],"picked":"SKIP","floor":1.0},{"not_picked":["Twin Strike","Body Slam"],"picked":"Shrug It Off","floor":2.0},{"not_picked":["Whirlwind","True Grit"],"picked":"Pommel Strike","floor":3.0},{"not_picked":["True Grit","Perfected Strike","Shrug It Off"],"picked":"SKIP","floor":7.0},{"not_picked":["Dark Embrace","Uppercut","Headbutt"],"picked":"SKIP","floor":11.0},{"not_picked":["Berserk","Flex","True Grit"],"picked":"SKIP","floor":12.0},{"not_picked":["Body Slam","Flame Barrier","Iron Wave"],"picked":"SKIP","floor":18.0},{"not_picked":["Clash","Entrench"],"picked":"Flex+1","floor":19.0},{"not_picked":["Hemokinesis","Combust+1","Shrug It Off"],"picked":"SKIP","floor":22.0}],"player_experience":73686,"relics_obtained":[{"floor":9.0,"key":"Anchor"},{"floor":12.0,"key":"Smiling Mask"}],"event_choices":[{"damage_healed":0.0,"max_hp_gain":5.0,"max_hp_loss":0.0,"gold_gain":0.0,"event_name":"Big Fish","player_choice":"Donut","floor":5.0,"gold_loss":0.0,"damage_taken":0.0},{"damage_healed":0.0,"max_hp_gain":0.0,"max_hp_loss":0.0,"gold_gain":0.0,"event_name":"Liars Game","player_choice":"Ignored","floor":13.0,"gold_loss":0.0,"damage_taken":0.0},{"damage_healed":0.0,"max_hp_gain":5.0,"max_hp_loss":0.0,"gold_gain":0.0,"event_name":"Forgotten Altar","player_choice":"Shed Blood","floor":21.0,"gold_loss":0.0,"damage_taken":21.0}],"is_beta":false,"boss_relics":[{"not_picked":["Busted Crown","SacredBark"],"picked":"Runic Pyramid"}],"items_purged_floors":[4,14,20],"is_endless":false,"potions_floor_spawned":[2,3,16,18,22],"killed_by":"Book of Stabbing","ascension_level":0}}