{"host":"zekcc3vicrep0och","time":1610915862,"event":{"mods":["AchievementEnabler","BaseMod","Colored Map","Colored Powertips","Displayed Cursed Tome","Highlight Path","Minty Spire (QoL Compilation)","Quick Restart","Relic Stats","StSLib","The Cursed"],"gold_per_floor":[109,50,62,62,62,62,91,101,155,155,174,204,9,73,73,148,148,162,173,173,192,192,192,192],"floor_reached":23,"language":"ENG","playtime":1052,"items_purged":[],"score":451,"play_id":"74ed516c-5ae2-48f9-98fb-a303ef874145","local_time":"20210117233742","is_ascension_mode":true,"campfire_choices":[{"data":"Chaos","floor":6.0,"key":"SMITH"},{"data":"Consume","floor":10.0,"key":"SMITH"},{"data":"Defragment","floor":15.0,"key":"SMITH"}],"circlet_count":0,"master_deck":["AscendersBane","Defend_B","Defend_B","Defend_B","Defend_B","Zap","Dualcast+1","Sunder","Ball Lightning","Chaos+1","Consume+1","Steam","Buffer","Defragment+1","Loop","Echo Form","CurseOfTheBell","Force Field+1","Capacitor+1","Bite","Bite","Bite","Bite","Bite","Biased Cognition","Hologram+1"],"relics":["Cracked Core","NeowsBlessing","Toy Ornithopter","Smiling Mask","Dream Catcher","Runic Capacitor","Calling Bell","Toxic Egg 2","Juzu Bracelet","Lizard Tail"],"acts_visited":["Exordium","TheCity"],"potions_floor_usage":[19],"damage_taken":[{"damage":0.0,"enemies":"Small Slimes","floor":1.0,"turns":1.0},{"damage":0.0,"enemies":"Jaw Worm","floor":3.0,"turns":1.0},{"damage":0.0,"enemies":"Gremlin Nob","floor":7.0,"turns":1.0},{"damage":0.0,"enemies":"2 Louse","floor":8.0,"turns":2.0},{"damage":4.0,"enemies":"Looter","floor":11.0,"turns":3.0},{"damage":10.0,"enemies":"3 Sentries","floor":12.0,"turns":4.0},{"damage":4.0,"enemies":"The Guardian","floor":16.0,"turns":10.0},{"damage":18.0,"enemies":"Spheric Guardian","floor":18.0,"turns":6.0},{"damage":18,"enemies":"3 Byrds","floor":19,"turns":6},{"damage":17,"enemies":"Centurion and Healer","floor":21,"turns":9},{"damage":73,"enemies":"Slavers","floor":23,"turns":3}],"seed_played":"-7818620497965365052","potions_obtained":[{"floor":1.0,"key":"EssenceOfDarkness"},{"floor":3.0,"key":"FocusPotion"},{"floor":18.0,"key":"Dexterity Potion"}],"is_trial":false,"path_per_floor":["M","$","M","?","?","R","E","M","T","R","M","E","$","?","R","B",null,"M","M","?","M","?","E"],"character_chosen":"DEFECT","items_purchased":["Ball Lightning","Runic Capacitor","Loop"],"campfire_rested":0,"item_purchase_floors":[2,13,13],"current_hp_per_floor":[64,64,64,64,43,43,43,43,43,43,39,39,39,39,39,35,62,44,31,31,36,36,0,0],"gold":192,"neow_bonus":"THREE_ENEMY_KILL","is_daily":false,"chose_seed":false,"campfire_upgraded":3,"win_rate":0.0,"timestamp":1610915862,"path_taken":["M","$","M","?","?","R","E","M","T","R","M","E","?","?","R","BOSS","M","M","?","M","?","E"],"items_purchased_type":["Card","Relic","Card"],"build_version":"2020-12-22","purchased_purges":0,"victory":false,"max_hp_per_floor":[71,71,71,71,71,71,71,71,71,71,71,71,71,71,71,71,71,71,71,49,49,49,49,49],"relic_stats":{"Dream Catcher":0,"Lizard Tail":24,"counters":[11,45],"Juzu Bracelet":0,"Smiling Mask":0,"obtain_stats":[{"Calling Bell":17,"Dream Catcher":12,"Lizard Tail":17,"NeowsBlessing":0,"Runic Capacitor":13,"Juzu Bracelet":17,"Toxic Egg 2":17,"Cracked Core":0,"Smiling Mask":9,"Toy Ornithopter":7},{"Calling Bell":7,"Dream Catcher":6,"Lizard Tail":7,"NeowsBlessing":0,"Runic Capacitor":6,"Juzu Bracelet":7,"Toxic Egg 2":7,"Cracked Core":0,"Smiling Mask":4,"Toy Ornithopter":3},{"Calling Bell":21,"Dream Catcher":12,"Lizard Tail":21,"NeowsBlessing":0,"Runic Capacitor":12,"Juzu Bracelet":21,"Toxic Egg 2":21,"Cracked Core":0,"Smiling Mask":5,"Toy Ornithopter":3}],"Toy Ornithopter":15},"card_choices":[{"not_picked":["Steam","Barrage"],"picked":"Sunder","floor":1.0},{"not_picked":["Gash","Steam"],"picked":"Chaos","floor":3.0},{"not_picked":["Ball Lightning","Cold Snap"],"picked":"Consume","floor":7.0},{"not_picked":["Barrage","Steam Power"],"picked":"Steam","floor":8.0},{"not_picked":["Ball Lightning","Reprogram"],"picked":"Buffer","floor":11.0},{"not_picked":["Redo","Coolheaded"],"picked":"Defragment","floor":12.0},{"not_picked":["Fission","Thunder Strike"],"picked":"Echo Form","floor":16.0},{"not_picked":["Rebound","Auto Shields+1"],"picked":"Force Field+1","floor":18.0},{"not_picked":["Glacier+1","Steam+1"],"picked":"Capacitor+1","floor":19},{"not_picked":["Aggregate+1","Ball Lightning"],"picked":"Biased Cognition","floor":21}],"player_experience":539199,"relics_obtained":[{"floor":7.0,"key":"Toy Ornithopter"},{"floor":9.0,"key":"Smiling Mask"},{"floor":12.0,"key":"Dream Catcher"},{"floor":17.0,"key":"Toxic Egg 2"},{"floor":17.0,"key":"Juzu Bracelet"},{"floor":17.0,"key":"Lizard Tail"}],"event_choices":[{"damage_healed":0.0,"max_hp_gain":0.0,"max_hp_loss":0.0,"gold_gain":0.0,"event_name":"The Cleric","player_choice":"Leave","floor":4.0,"gold_loss":0.0,"damage_taken":0.0},{"damage_healed":0.0,"max_hp_gain":0.0,"max_hp_loss":0.0,"gold_gain":0.0,"event_name":"Shining Light","player_choice":"Entered Light","floor":5.0,"gold_loss":0.0,"damage_taken":21.0,"cards_upgraded":["Strike_B","Dualcast"]},{"damage_healed":0.0,"max_hp_gain":0.0,"max_hp_loss":0.0,"gold_gain":64.0,"event_name":"Golden Wing","player_choice":"Gained Gold","floor":14.0,"gold_loss":0.0,"damage_taken":0.0},{"damage_healed":0,"gold_gain":0,"player_choice":"Became a vampire","damage_taken":0,"max_hp_gain":0,"max_hp_loss":22,"event_name":"Vampires","floor":20,"gold_loss":0,"cards_obtained":["Bite","Bite","Bite","Bite","Bite"]},{"damage_healed":0,"gold_gain":0,"player_choice":"Read","damage_taken":0,"max_hp_gain":0,"max_hp_loss":0,"event_name":"The Library","floor":22,"gold_loss":0,"cards_obtained":["Hologram"]}],"is_beta":false,"boss_relics":[{"not_picked":["Empty Cage","Tiny House"],"picked":"Calling Bell"}],"items_purged_floors":[],"is_endless":false,"potions_floor_spawned":[1,3,11,18],"killed_by":"Slavers","ascension_level":18}}