{"host":"9b7hrp48q3pna783","time":1610920171,"event":{"mods":["BaseMod","Colored Map","Colored Powertips","Highlight Path","Minty Spire (QoL Compilation)","Relic Stats"],"gold_per_floor":[113,129,146,161,176,176,201,201,226,226,242,242,22,55,55,55,55],"floor_reached":16,"language":"ENG","playtime":587,"items_purged":["Strike_B"],"score":123,"play_id":"0f7fd105-3c0f-49f5-b19c-6fa48eb51fdf","local_time":"20210117164931","is_ascension_mode":true,"campfire_choices":[{"data":"Double Energy","floor":6,"key":"SMITH"},{"data":"White Noise","floor":8,"key":"SMITH"},{"data":"Defragment","floor":10,"key":"SMITH"},{"floor":15,"key":"REST"}],"circlet_count":0,"master_deck":["Strike_B","Strike_B","Strike_B","Defend_B","Defend_B","Defend_B","Defend_B","Zap","Dualcast","Thunder Strike","Defragment+1","Conserve Battery","White Noise+1","Double Energy+1","Loop","Storm"],"relics":["Cracked Core","Lantern","Orichalcum","ClockworkSouvenir","Art of War"],"acts_visited":["Exordium"],"potions_floor_usage":[7,7,7],"damage_taken":[{"damage":6,"enemies":"Cultist","floor":1,"turns":4},{"damage":0,"enemies":"Small Slimes","floor":2,"turns":3},{"damage":7,"enemies":"Jaw Worm","floor":3,"turns":3},{"damage":7,"enemies":"Blue Slaver","floor":4,"turns":5},{"damage":15,"enemies":"Looter","floor":5,"turns":4},{"damage":9,"enemies":"3 Sentries","floor":7,"turns":4},{"damage":0,"enemies":"Gremlin Gang","floor":11,"turns":2},{"damage":29,"enemies":"Gremlin Nob","floor":14,"turns":5},{"damage":28,"enemies":"Hexaghost","floor":16,"turns":7}],"seed_played":"6350866845654000880","potions_obtained":[{"floor":1,"key":"Fire Potion"},{"floor":2,"key":"FocusPotion"},{"floor":4,"key":"FocusPotion"},{"floor":11,"key":"FocusPotion"}],"is_trial":false,"path_per_floor":["M","M","M","M","M","R","E","R","T","R","M","?","$","E","R","B"],"character_chosen":"DEFECT","items_purchased":["ClockworkSouvenir"],"campfire_rested":1,"item_purchase_floors":[13],"current_hp_per_floor":[69,69,62,55,40,40,31,31,31,31,31,31,31,2,24,0,0],"gold":55,"neow_bonus":"ONE_RANDOM_RARE_CARD","is_daily":false,"chose_seed":false,"campfire_upgraded":3,"win_rate":0.0,"timestamp":1610920171,"path_taken":["M","?","M","M","M","R","E","R","T","R","M","?","?","E","R","BOSS"],"items_purchased_type":["Relic"],"build_version":"2020-12-22","purchased_purges":1,"victory":false,"max_hp_per_floor":[75,75,75,75,75,75,75,75,75,75,75,75,75,75,75,75,75],"relic_stats":{"counters":[9,37],"Art of War":[2],"Orichalcum":[18],"obtain_stats":[{"Lantern":7,"Art of War":14,"Orichalcum":12,"Cracked Core":0,"ClockworkSouvenir":13},{"Lantern":6,"Art of War":8,"Orichalcum":7,"Cracked Core":0,"ClockworkSouvenir":7},{"Lantern":23,"Art of War":30,"Orichalcum":25,"Cracked Core":0,"ClockworkSouvenir":25}]},"card_choices":[{"not_picked":["Compile Driver","Reprogram"],"picked":"Defragment","floor":1},{"not_picked":["Leap","Redo"],"picked":"Conserve Battery","floor":2},{"not_picked":["Go for the Eyes","Turbo"],"picked":"White Noise","floor":3},{"not_picked":["Turbo","Rebound","Reprogram"],"picked":"SKIP","floor":4},{"not_picked":["Capacitor","Barrage"],"picked":"Double Energy","floor":5},{"not_picked":["Undo","Conserve Battery","Thunder Strike"],"picked":"SKIP","floor":7},{"not_picked":["Turbo","Cold Snap"],"picked":"Loop","floor":11},{"not_picked":["Hello World","Hologram"],"picked":"Storm","floor":14}],"player_experience":90988,"relics_obtained":[{"floor":7,"key":"Lantern"},{"floor":14,"key":"Art of War"}],"event_choices":[{"damage_healed":0,"gold_gain":0,"player_choice":"Gave Potion","damage_taken":0,"relics_obtained":["Orichalcum"],"max_hp_gain":0,"max_hp_loss":0,"event_name":"WeMeetAgain","floor":12,"gold_loss":0}],"is_beta":false,"boss_relics":[],"items_purged_floors":[13],"is_endless":false,"potions_floor_spawned":[1,2,4,11],"killed_by":"Hexaghost","ascension_level":2}}