{"host":"jyuuog6ydc2s7nd8","time":1610867703,"event":{"mods":["BaseMod","Better Vampires","Minty Spire (QoL Compilation)","Shop Mod","StSLib","The Hierophant","The Servant 0.9.4","TheBandit","[IsaacMod]ÒÔÈö¼âËþ"],"gold_per_floor":[119,119,119,143,167,198,198,198,198],"floor_reached":8,"language":"ZHS","playtime":335,"items_purged":[],"score":112,"play_id":"81c700e7-4433-43b8-b023-3a277787d6fc","local_time":"20210117151503","is_ascension_mode":true,"campfire_choices":[{"data":"Neutralize","floor":7,"key":"SMITH"}],"circlet_count":0,"master_deck":["AscendersBane","Strike_G","Strike_G","Strike_G","Strike_G","Strike_G","Defend_G","Defend_G","Defend_G","Defend_G","Defend_G","Survivor","Neutralize+1","Dagger Throw","Backflip","Blur"],"relics":["Ring of the Snake","HushsDoor","Happy Flower","BloodDonationMachine","Golden Idol","TheBible"],"acts_visited":["Exordium"],"potions_floor_usage":[6],"damage_taken":[{"damage":6.0,"enemies":"Cultist","floor":1.0,"turns":6.0},{"damage":0.0,"enemies":"Jaw Worm","floor":4.0,"turns":6.0},{"damage":1,"enemies":"Small Slimes","floor":5,"turns":3},{"damage":14,"enemies":"3 Sentries","floor":6,"turns":12},{"damage":0,"enemies":"Lagavulin","floor":8,"turns":5}],"seed_played":"1106761868514715786","potions_obtained":[{"floor":1.0,"key":"Poison Potion"}],"is_trial":false,"path_per_floor":["M","?","?","M","M","E","R","E"],"character_chosen":"THE_SILENT","items_purchased":[],"campfire_rested":0,"item_purchase_floors":[],"current_hp_per_floor":[53,30,30,30,29,15,15,15,15],"gold":198,"neow_bonus":"RANDOM_COMMON_RELIC","is_daily":false,"chose_seed":false,"campfire_upgraded":1,"win_rate":0.0,"timestamp":1610867703,"path_taken":["M","?","?","M","?","E","R","E"],"items_purchased_type":[],"build_version":"2020-12-22","purchased_purges":0,"victory":false,"max_hp_per_floor":[66,66,66,66,66,66,66,66,66],"card_choices":[{"not_picked":["Dagger Spray","Terror"],"picked":"Dagger Throw","floor":1.0},{"not_picked":["Prepared","Underhanded Strike"],"picked":"Backflip","floor":4.0},{"not_picked":["Sucker Punch","PiercingWail"],"picked":"Blur","floor":5},{"not_picked":["Blade Dance","Deadly Poison","Flying Knee"],"picked":"SKIP","floor":6}],"player_experience":1821426,"relics_obtained":[{"floor":6,"key":"TheBible"}],"event_choices":[{"damage_healed":0.0,"max_hp_gain":0.0,"max_hp_loss":0.0,"gold_gain":0.0,"event_name":"Golden Idol","player_choice":"Take Damage","floor":2.0,"gold_loss":0.0,"damage_taken":23.0,"relics_obtained":["Golden Idol"]},{"damage_healed":0.0,"max_hp_gain":0.0,"max_hp_loss":0.0,"gold_gain":0.0,"event_name":"Liars Game","player_choice":"Ignored","floor":3.0,"gold_loss":0.0,"damage_taken":0.0}],"is_beta":false,"boss_relics":[],"items_purged_floors":[],"is_endless":false,"potions_floor_spawned":[1],"killed_by":"Lagavulin","ascension_level":20}}