{"host":"t4313i2190y6fz3q","time":1610849679,"event":{"mods":["2.2 Compatiblity","AchievementEnabler","Act Like it!","BaseMod","Colored Powertips","Downfall","Highlight Path","Minty Spire (QoL Compilation)","Permanent Neow","Quick Restart","Rare Cards Sparkle","StSLib"],"gold_per_floor":[114,127,127,127,140,167,167,167,167],"floor_reached":8,"language":"ENG","playtime":201,"items_purged":[],"score":90,"play_id":"3e5544dc-fd37-4467-b844-5224711d125e","local_time":"20210116181439","is_ascension_mode":true,"campfire_choices":[{"data":"Neutralize","floor":7.0,"key":"SMITH"}],"circlet_count":0,"master_deck":["AscendersBane","Strike_G","Strike_G","Strike_G","Strike_G","Defend_G","Defend_G","Defend_G","Defend_G","Defend_G","Survivor","Neutralize+1","Dagger Throw","Blade Dance","Leg Sweep","Dodge and Roll"],"relics":["Ring of the Snake","Oddly Smooth Stone","Dead Branch"],"acts_visited":["Exordium"],"potions_floor_usage":[],"damage_taken":[{"damage":6.0,"enemies":"Jaw Worm","floor":1.0,"turns":7.0},{"damage":0.0,"enemies":"Cultist","floor":2.0,"turns":3.0},{"damage":0.0,"enemies":"Small Slimes","floor":5.0,"turns":3.0},{"damage":13.0,"enemies":"Gremlin Nob","floor":6.0,"turns":4.0},{"damage":0,"enemies":"Lagavulin","floor":8,"turns":1}],"seed_played":"-1633769639933234496","potions_obtained":[{"floor":1.0,"key":"FearPotion"},{"floor":5.0,"key":"SteroidPotion"},{"floor":6.0,"key":"SkillPotion"}],"is_trial":false,"path_per_floor":["M","M","?","$","M","E","R","E"],"character_chosen":"THE_SILENT","items_purchased":[],"campfire_rested":0,"item_purchase_floors":[],"current_hp_per_floor":[57,57,57,57,57,44,44,44,44],"gold":167,"neow_bonus":"RANDOM_COMMON_RELIC","is_daily":false,"chose_seed":false,"campfire_upgraded":1,"win_rate":0.0,"timestamp":1610849679,"path_taken":["M","M","?","?","M","E","R","E"],"items_purchased_type":[],"build_version":"2020-12-22","purchased_purges":0,"victory":false,"max_hp_per_floor":[70,70,70,70,70,70,70,70,70],"card_choices":[{"not_picked":["Calculated Gamble","Bane"],"picked":"Dagger Throw","floor":1.0},{"not_picked":["PiercingWail","Dodge and Roll"],"picked":"Blade Dance","floor":2.0},{"not_picked":["Blade Dance","Escape Plan"],"picked":"Leg Sweep","floor":5.0},{"not_picked":["Malaise","Slice"],"picked":"Dodge and Roll","floor":6.0}],"player_experience":221699,"relics_obtained":[{"floor":6.0,"key":"Dead Branch"}],"event_choices":[{"cards_removed":["Strike_G"],"damage_healed":0.0,"max_hp_gain":0.0,"max_hp_loss":0.0,"gold_gain":0.0,"event_name":"Purifier","player_choice":"Purged","floor":3.0,"gold_loss":0.0,"damage_taken":0.0}],"is_beta":false,"boss_relics":[],"items_purged_floors":[],"is_endless":false,"potions_floor_spawned":[1,5,6],"killed_by":"Lagavulin","ascension_level":12}}