{"host":"mcdusr64esz012l0","time":1610927489,"event":{"mods":["BaseMod","Minty Spire (QoL Compilation)","Relic Stats"],"gold_per_floor":[112,112,37,51,61,61,87,87,137,137,166,166,193,215,215,215,215],"floor_reached":16,"language":"ENG","playtime":535,"items_purged":[],"score":220,"play_id":"6d66799e-dad4-4106-a353-ad161aa7b549","local_time":"20210117185129","is_ascension_mode":true,"campfire_choices":[{"floor":6.0,"key":"REST"},{"floor":8.0,"key":"REST"},{"data":"Eruption","floor":15.0,"key":"SMITH"}],"circlet_count":0,"master_deck":["AscendersBane","Strike_P","Strike_P","Strike_P","Defend_P","Defend_P","Defend_P","Defend_P","Eruption+1","Vigilance","ReachHeaven","FlurryOfBlows","FearNoEvil","Adaptation","Perseverance","Vengeance"],"relics":["VioletLotus","Pen Nib","Juzu Bracelet","CeramicFish","Mercury Hourglass"],"acts_visited":["Exordium"],"potions_floor_usage":[16],"damage_taken":[{"damage":6.0,"enemies":"2 Louse","floor":1.0,"turns":3.0},{"damage":12.0,"enemies":"Small Slimes","floor":4.0,"turns":2.0},{"damage":2.0,"enemies":"Jaw Worm","floor":5.0,"turns":3.0},{"damage":17.0,"enemies":"Lagavulin","floor":7.0,"turns":5.0},{"damage":6.0,"enemies":"Looter","floor":11.0,"turns":3.0},{"damage":17.0,"enemies":"3 Sentries","floor":13.0,"turns":7.0},{"damage":2.0,"enemies":"Lots of Slimes","floor":14.0,"turns":3.0},{"damage":35,"enemies":"The Guardian","floor":16,"turns":5}],"seed_played":"5119500683441312021","potions_obtained":[{"floor":1.0,"key":"AttackPotion"},{"floor":5.0,"key":"Block Potion"}],"is_trial":false,"path_per_floor":["M","?","?","M","M","R","E","R","T","?","M","?","E","M","R","B"],"character_chosen":"WATCHER","items_purchased":[],"campfire_rested":2,"item_purchase_floors":[],"current_hp_per_floor":[55,50,50,38,36,56,39,59,59,59,53,53,36,34,34,0,0],"gold":215,"neow_bonus":"BOSS_RELIC","is_daily":false,"chose_seed":false,"campfire_upgraded":1,"win_rate":0.0,"timestamp":1610927489,"path_taken":["M","?","?","M","M","R","E","R","T","?","M","?","E","M","R","BOSS"],"items_purchased_type":[],"build_version":"2020-12-22","purchased_purges":0,"victory":false,"max_hp_per_floor":[68,68,68,68,68,68,68,68,68,68,68,68,68,68,68,68,68],"relic_stats":{"counters":[8,31],"CeramicFish":18,"VioletLotus":[5],"Pen Nib":[5],"Juzu Bracelet":1,"obtain_stats":[{"CeramicFish":9,"VioletLotus":0,"Pen Nib":2,"Juzu Bracelet":7,"PureWater":0,"Mercury Hourglass":13},{"CeramicFish":4,"VioletLotus":0,"Pen Nib":1,"Juzu Bracelet":4,"PureWater":0,"Mercury Hourglass":6},{"CeramicFish":13,"VioletLotus":0,"Pen Nib":3,"Juzu Bracelet":13,"PureWater":0,"Mercury Hourglass":23}],"Mercury Hourglass":[45]},"card_choices":[{"not_picked":["SashWhip","CutThroughFate"],"picked":"ReachHeaven","floor":1.0},{"not_picked":["Worship","PathToVictory"],"picked":"FlurryOfBlows","floor":4.0},{"not_picked":["CutThroughFate","Perseverance"],"picked":"FearNoEvil","floor":5.0},{"not_picked":["Perseverance","Meditate"],"picked":"Adaptation","floor":7.0},{"not_picked":["Collect","BattleHymn"],"picked":"Perseverance","floor":11.0},{"not_picked":["WreathOfFlame","WaveOfTheHand","Nirvana"],"picked":"SKIP","floor":13.0},{"not_picked":["Worship","Consecrate"],"picked":"Vengeance","floor":14.0}],"player_experience":1048679,"relics_obtained":[{"floor":7.0,"key":"Juzu Bracelet"},{"floor":9.0,"key":"CeramicFish"},{"floor":13.0,"key":"Mercury Hourglass"}],"event_choices":[{"damage_healed":0.0,"max_hp_gain":0.0,"max_hp_loss":0.0,"gold_gain":0.0,"event_name":"Scrap Ooze","player_choice":"Success","floor":2.0,"gold_loss":0.0,"damage_taken":5.0,"relics_obtained":["Pen Nib"]},{"cards_removed":["Strike_P"],"damage_healed":0.0,"max_hp_gain":0.0,"max_hp_loss":0.0,"gold_gain":0.0,"event_name":"The Cleric","player_choice":"Card Removal","floor":3.0,"gold_loss":75.0,"damage_taken":0.0},{"damage_healed":0.0,"max_hp_gain":0.0,"max_hp_loss":0.0,"gold_gain":0.0,"event_name":"Liars Game","player_choice":"Ignored","floor":10.0,"gold_loss":0.0,"damage_taken":0.0},{"damage_healed":0.0,"max_hp_gain":0.0,"max_hp_loss":0.0,"gold_gain":0.0,"event_name":"Lab","player_choice":"Got Potions","floor":12.0,"gold_loss":0.0,"damage_taken":0.0}],"is_beta":false,"boss_relics":[],"items_purged_floors":[],"is_endless":false,"potions_floor_spawned":[1,5,11],"killed_by":"The Guardian","ascension_level":20}}