{"host":"5oxscleocp360blz","time":1610925233,"event":{"mods":["AchievementEnabler","BaseMod","Marisa????????","Minty Spire (QoL Compilation)","Replay The Spire","StSLib","The Necromancer"],"gold_per_floor":[114,148,148,148,161,161,178,178,256,256,256,287,287,287,287,390,390,403,25,45,57,77,96,127,145,168,168,168,168,249,249,249,349,349,369,383,401,418,24,24,51,96,96,36,67,87,87,7,7,7,7],"floor_reached":50,"language":"ENG","playtime":3310,"items_purged":["Strike_P"],"score":682,"play_id":"00e165f8-61ed-43a8-8d48-77f5f4536e4d","local_time":"20210117201353","is_ascension_mode":true,"campfire_choices":[{"data":"Eruption","floor":6.0,"key":"SMITH"},{"floor":8.0,"key":"REST"},{"data":"Vigilance","floor":11.0,"key":"SMITH"},{"data":"Study","floor":15.0,"key":"SMITH"},{"floor":27.0,"key":"REST"},{"floor":29.0,"key":"REST"},{"floor":32.0,"key":"RECALL"},{"floor":40.0,"key":"REST"},{"floor":47,"key":"REST"},{"floor":49,"key":"REST"}],"circlet_count":0,"master_deck":["Strike_P+1","Strike_P+1","Strike_P+1","Defend_P+1","Defend_P+1","Defend_P+1","Defend_P","Eruption+1","Vigilance+1","Ragnarok+1","WindmillStrike+1","Study+1","LikeWater+1","Adrenaline+1","CarveReality+1","Halt+1","Prostrate+1","Prostrate+1","Replay:Battleflow+1","ThirdEye+1","Blasphemy+1","ReachHeaven+1","Phantasmal Killer+1","Swivel+1","CutThroughFate+1","Replay:Vibes+1","MentalFortress","Weave","Wraith Form v2","FlurryOfBlows","Wraith Form v2","Replay:ManipulateFuture+1","SignatureMove"],"relics":["Letter Opener","Darkstone Periapt","Pocketwatch","Replay:M_StaffOfTheSnake","SlaversCollar","Toxic Egg 2","Happy Flower","Replay:Bottled Steam","Omamori","Velvet Choker","Yang","Nunchaku","FossilizedHelix","Anchor","Replay:Baseball"],"acts_visited":["Exordium","TheCity","TheBeyond"],"potions_floor_usage":[42,42],"damage_taken":[{"damage":0.0,"enemies":"Jaw Worm","floor":1.0,"turns":2.0},{"damage":0.0,"enemies":"2 Louse","floor":5.0,"turns":2.0},{"damage":0.0,"enemies":"Cultist","floor":7.0,"turns":2.0},{"damage":30.0,"enemies":"3 Sentries","floor":12.0,"turns":8.0},{"damage":6.0,"enemies":"The Guardian","floor":16.0,"turns":13.0},{"damage":12.0,"enemies":"Shell Parasite","floor":18.0,"turns":10.0},{"damage":16.0,"enemies":"3 Byrds","floor":20.0,"turns":6.0},{"damage":7.0,"enemies":"Centurion and Healer","floor":21.0,"turns":5.0},{"damage":2.0,"enemies":"3 Cultists","floor":22.0,"turns":3.0},{"damage":10.0,"enemies":"Snecko","floor":23.0,"turns":3.0},{"damage":14.0,"enemies":"Slavers","floor":24.0,"turns":6.0},{"damage":0.0,"enemies":"Chosen and Byrds","floor":25.0,"turns":4.0},{"damage":39.0,"enemies":"Collector","floor":33.0,"turns":11.0},{"damage":10.0,"enemies":"Orb Walker","floor":35.0,"turns":5.0},{"damage":4.0,"enemies":"3 Shapes","floor":36.0,"turns":2.0},{"damage":0.0,"enemies":"Maw","floor":37.0,"turns":4.0},{"damage":39.0,"enemies":"3 Darklings","floor":38.0,"turns":3.0},{"damage":9.0,"enemies":"R_Hoarder","floor":41.0,"turns":8.0},{"damage":25,"enemies":"2 Orb Walkers","floor":42,"turns":7},{"damage":0,"enemies":"Reptomancer","floor":45,"turns":5},{"damage":8,"enemies":"Transient","floor":46,"turns":5},{"damage":52,"enemies":"Time Eater","floor":50,"turns":4}],"seed_played":"5364962499432717122","potions_obtained":[{"floor":1.0,"key":"EssenceOfSteel"},{"floor":2.0,"key":"BlessingOfTheForge"},{"floor":2.0,"key":"ColorlessPotion"},{"floor":2.0,"key":"BottledMiracle"},{"floor":4.0,"key":"Ambrosia"},{"floor":7.0,"key":"Strength Potion"},{"floor":16.0,"key":"Doom Potion"},{"floor":18.0,"key":"BottledMiracle"},{"floor":25.0,"key":"SpeedPotion"},{"floor":33.0,"key":"SpeedPotion"},{"floor":38.0,"key":"Energy Potion"},{"floor":41.0,"key":"Weak Potion"},{"floor":42,"key":"SpeedPotion"}],"is_trial":false,"path_per_floor":["M","?","T","?","M","R","M","R","T","$","R","E","?","?","R","B",null,"M","$","M","M","M","M","E","M","T","R","?","R","T","?","R","B",null,"M","M","M","M","$","R","E","?","T","?","E","M","R","$","R","B"],"character_chosen":"WATCHER","items_purchased":["Toxic Egg 2","Halt+1","MentalFortress","Yang","Weave","SignatureMove"],"campfire_rested":6,"item_purchase_floors":[19,19,39,39,39,48],"current_hp_per_floor":[51,23,23,23,23,23,23,44,44,44,44,14,14,14,14,8,72,60,60,44,37,35,25,11,11,11,32,19,42,42,42,42,3,77,67,63,63,24,24,47,38,13,13,13,13,5,28,28,51,0,0],"gold":7,"neow_bonus":"THREE_RARE_CARDS","is_daily":false,"chose_seed":false,"campfire_upgraded":3,"win_rate":0.0,"timestamp":1610925233,"path_taken":["M","?","?","?","M","R","?","R","T","$","R","E","?","?","R","BOSS","M","$","M","M","M","M","E","M","T","R","?","R","?","?","R","BOSS","M","M","?","M","$","R","E","?","T","?","E","?","R","$","R","BOSS"],"items_purchased_type":["Relic","Card","Card","Relic","Card","Card"],"build_version":"2020-12-22","purchased_purges":1,"victory":false,"max_hp_per_floor":[72,72,72,72,72,72,72,72,72,72,72,72,72,72,72,72,72,72,72,72,72,72,72,72,72,72,72,77,77,77,77,77,77,77,77,77,77,77,77,77,77,77,77,77,77,77,77,77,77,77,77],"card_choices":[{"not_picked":["Scrawl","Replay:AllIn"],"picked":"Ragnarok","floor":0.0},{"not_picked":["Crescendo","FollowUp"],"picked":"WindmillStrike","floor":1.0},{"not_picked":["MentalFortress","Replay:AtTheReady"],"picked":"Study","floor":2.0},{"not_picked":["Nirvana","WaveOfTheHand","SashWhip"],"picked":"SKIP","floor":5.0},{"not_picked":["Nirvana","EmptyBody"],"picked":"LikeWater","floor":7.0},{"not_picked":["Replay:Hum","PathToVictory"],"picked":"LessonLearned","floor":12.0},{"not_picked":["Replay:AllIn","Alpha"],"picked":"Adrenaline","floor":16.0},{"not_picked":["Replay:ManipulateFuture","FlyingSleeves+1"],"picked":"CarveReality+1","floor":18.0},{"not_picked":["EmptyMind+1","Adaptation"],"picked":"Prostrate+1","floor":20.0},{"not_picked":["Replay:BluntJabs","CrushJoints"],"picked":"Prostrate+1","floor":21.0},{"not_picked":["Nirvana+1","BowlingBash+1"],"picked":"Replay:Battleflow+1","floor":22.0},{"not_picked":["SashWhip+1","Replay:ManipulateFuture+1"],"picked":"ThirdEye+1","floor":23.0},{"not_picked":["Acrobatics+1","Conclude"],"picked":"Blasphemy+1","floor":24.0},{"not_picked":["FollowUp","Dagger Throw"],"picked":"ReachHeaven+1","floor":25.0},{"not_picked":["LessonLearned","Wraith Form v2"],"picked":"Phantasmal Killer+1","floor":33.0},{"not_picked":["Prostrate+1","WindmillStrike+1"],"picked":"Swivel+1","floor":35.0},{"not_picked":["ReachHeaven","Fasting2"],"picked":"CutThroughFate+1","floor":36.0},{"not_picked":["BowlingBash+1","Halt+1","Dagger Throw"],"picked":"SKIP","floor":37.0},{"not_picked":["Flying Knee","DeceiveReality+1"],"picked":"Replay:Vibes+1","floor":38.0},{"not_picked":["FlyingSleeves","Replay:AtTheReady+1"],"picked":"Wraith Form v2","floor":41.0},{"not_picked":["Replay:Hum+1","CutThroughFate"],"picked":"FlurryOfBlows","floor":42},{"not_picked":["Protect+1","Adaptation+1"],"picked":"Wraith Form v2","floor":45},{"not_picked":["CrushJoints","Replay:Hum+1"],"picked":"Replay:ManipulateFuture+1","floor":46}],"player_experience":185131,"relics_obtained":[{"floor":3.0,"key":"Letter Opener"},{"floor":9.0,"key":"Darkstone Periapt"},{"floor":12.0,"key":"Pocketwatch"},{"floor":24.0,"key":"Happy Flower"},{"floor":30.0,"key":"Replay:Bottled Steam"},{"floor":41.0,"key":"Nunchaku"},{"floor":42,"key":"FossilizedHelix"},{"floor":43,"key":"Anchor"},{"floor":45,"key":"Replay:Baseball"}],"event_choices":[{"damage_healed":0.0,"max_hp_gain":0.0,"max_hp_loss":0.0,"gold_gain":0.0,"event_name":"Lab","player_choice":"Got Potions","floor":4.0,"gold_loss":0.0,"damage_taken":0.0},{"damage_healed":0.0,"max_hp_gain":5.0,"max_hp_loss":0.0,"gold_gain":0.0,"event_name":"Forgotten Altar","player_choice":"Shed Blood","floor":28.0,"gold_loss":0.0,"damage_taken":18.0},{"damage_healed":0.0,"max_hp_gain":0.0,"max_hp_loss":0.0,"gold_gain":0.0,"event_name":"WeMeetAgain","player_choice":"Gave Potion","floor":31.0,"gold_loss":0.0,"damage_taken":0.0,"relics_obtained":["Omamori"]},{"damage_healed":0,"gold_gain":0,"player_choice":"Fight","damage_taken":0,"max_hp_gain":0,"max_hp_loss":0,"event_name":"Mysterious Sphere","floor":42,"gold_loss":0},{"cards_removed":["LessonLearned"],"damage_healed":0,"gold_gain":0,"player_choice":"Single Remove","damage_taken":0,"max_hp_gain":0,"max_hp_loss":0,"event_name":"Designer","floor":44,"gold_loss":60}],"is_beta":false,"boss_relics":[{"not_picked":["Painkiller Herb","Replay:Drink Me"],"picked":"SlaversCollar"},{"not_picked":["Astrolabe","Replay:Bronze Core"],"picked":"Velvet Choker"}],"items_purged_floors":[19],"is_endless":false,"potions_floor_spawned":[1,7,16,18,21,25,33,38,41,42],"killed_by":"Time Eater","ascension_level":4}}