{"host":"y89x8uui45kcjy42","time":1610893320,"event":{"mods":["2.2 Compatiblity","BaseMod","CapriCore","Colored Map","Colored Powertips","Custom Start","Friendly Minions","Keyboard Shortcuts","Minty Spire (QoL Compilation)","Relic Stats","Replay The Spire","Slay the Relics Exporter","StSLib","SuperFastMode","Uncapped"],"gold_per_floor":[111,131,209,209,223,253,253,253,280,114,142,176,176,92,92,170,170,182,235,235,713,157,157,157,188,211,211,211,246,246,281,281,355,355,371,206,206,206,206,206,239,239,265,265,265,300,300,346,346,346,346,346,346,24,56,60],"floor_reached":57,"language":"KOR","playtime":1895,"items_purged":[],"score":3225,"play_id":"9fad4bb1-66a0-4f9e-8a33-a374fda8760a","local_time":"20210117232200","is_ascension_mode":true,"campfire_choices":[{"data":"ReplayGash","floor":7,"key":"SMITH"},{"data":"Hologram","floor":8,"key":"SMITH"},{"data":"Gash","floor":13,"key":"SMITH"},{"floor":15,"key":"DIG"},{"data":"Defragment","floor":23,"key":"SMITH"},{"data":"Pot Of Greed","floor":24,"key":"SMITH"},{"data":"Gash","floor":28,"key":"SMITH"},{"data":"Zap","floor":30,"key":"SMITH"},{"data":"Dualcast","floor":32,"key":"SMITH"},{"data":"Pot Of Greed","floor":40,"key":"SMITH"},{"data":"Mirror Shield","floor":42,"key":"SMITH"},{"floor":44,"key":"RECALL"},{"data":"Core Surge","floor":45,"key":"SMITH"}],"circlet_count":0,"master_deck":["Zap+1","Dualcast+1","Gash+1","Gash+1","ReplayTheSpireMod:Calculation Training+1","ReplayGash+1","Hologram+1","Defragment+1","Pot Of Greed+1","Core Surge+1","Undo+1","Mirror Shield+1","Pot Of Greed+1","Consume+1"],"relics":["Cracked Core","Omamori","ReplayTheSpireMod:TigerMarble","PreservedInsect","Akabeko","Kunai","Grinning Jar","SacredBark","Potion Belt","Replay:Wax Seal","Raider\u0027s Mask","Divine Protection","Incense Burner","Sling","FrozenCore","Tiny Chest","ReplayFunnel","Inserter","Red Mask","Darkstone Periapt","Coffee Dripper","Ring of Chaos","DataDisk","Pocketwatch","CeramicFish","Regal Pillow","WingedGreaves","Runic Capacitor","Vajra","Bird Faced Urn","Calipers","OrangePellets","Oddly Smooth Stone","DataDisk","Inserter","Coffee Dripper","Coffee Dripper","Replay:Bandana"],"acts_visited":["Exordium","TheCity","TheBeyond","TheEnding"],"potions_floor_usage":[56,56,56,56],"damage_taken":[{"damage":0,"enemies":"Cultist","floor":1,"turns":2},{"damage":2,"enemies":"Jaw Worm","floor":2,"turns":2},{"damage":10,"enemies":"2 Louse","floor":5,"turns":2},{"damage":56,"enemies":"Gremlin Nob","floor":6,"turns":5},{"damage":15,"enemies":"Lagavulin","floor":11,"turns":3},{"damage":10,"enemies":"3 Sentries","floor":12,"turns":3},{"damage":8,"enemies":"Fading Forest","floor":16,"turns":10},{"damage":32,"enemies":"Shell Parasite","floor":18,"turns":3},{"damage":4,"enemies":"Gremlin Leader","floor":25,"turns":4},{"damage":0,"enemies":"Masked Bandits","floor":29,"turns":3},{"damage":2,"enemies":"Replay:Snechameleon","floor":31,"turns":3},{"damage":0,"enemies":"Collector","floor":33,"turns":6},{"damage":0,"enemies":"Orb Walker","floor":35,"turns":3},{"damage":0,"enemies":"R_Hoarder","floor":41,"turns":7},{"damage":0,"enemies":"Giant Head","floor":46,"turns":5},{"damage":0,"enemies":"2 Orb Walkers","floor":48,"turns":3},{"damage":0,"enemies":"Donu and Deca","floor":50,"turns":7},{"damage":0,"enemies":"Time Eater","floor":51,"turns":9},{"damage":16,"enemies":"Shield and Spear","floor":55,"turns":5},{"damage":17,"enemies":"The Heart","floor":56,"turns":8}],"seed_played":"422224364349583957","potions_obtained":[{"floor":5,"key":"SpeedPotion"},{"floor":6,"key":"PotionOfCapacity"},{"floor":25,"key":"FocusPotion"}],"is_trial":false,"path_per_floor":["M","M","?","?","M","E","R","R","T","$","E","E","R","$","R_BF","B",null,"M","T","?","$","$","R","R","E","T","?","R","?","R","E","R","B",null,"M","$","?","T","?","R","E","R","T","R","R","E","R","?","R","B","B",null,"R","$","E","B",null],"character_chosen":"DEFECT","items_purchased":["PreservedInsect","Defragment","Replay:Wax Seal","Raider\u0027s Mask","Divine Protection","Reflective Coating","Incense Burner","Sling","FocusPotion","DataDisk","OrangePellets","Oddly Smooth Stone"],"campfire_rested":0,"item_purchase_floors":[10,14,21,21,21,21,22,22,22,36,54,54],"current_hp_per_floor":[64,62,39,39,29,23,23,23,23,23,56,46,46,46,46,46,65,33,33,33,33,33,33,33,29,29,29,29,29,29,27,27,27,60,60,60,60,60,60,60,60,60,60,60,60,60,60,60,60,62,64,69,69,69,55,40],"gold":60,"neow_bonus":"THREE_CARDS","is_daily":false,"chose_seed":false,"campfire_upgraded":11,"win_rate":0.0,"timestamp":1610893320,"path_taken":["M","M","?","?","M","E","R","R","T","$","E","E","R","$","R_BF","BOSS","M","?","?","?","$","R","R","E","T","?","R","?","R","E","R","BOSS","M","$","?","?","?","R","E","R","T","R","R","E","R","?","R","BOSS","BOSS","R","$","E","BOSS"],"items_purchased_type":["Relic","Card","Relic","Relic","Relic","Potion","Relic","Relic","Potion","Relic","Relic","Relic"],"build_version":"2020-12-22","purchased_purges":0,"victory":true,"max_hp_per_floor":[71,71,71,71,71,71,71,71,71,71,71,71,71,71,71,71,71,71,71,71,71,71,71,71,71,71,71,71,71,71,71,71,71,71,71,71,71,71,71,71,71,71,71,71,71,71,71,71,71,71,71,71,71,71,71,71],"relic_stats":{"Darkstone Periapt":0,"Regal Pillow":0,"Inserter":[30],"counters":[20,93],"CeramicFish":9,"PreservedInsect":440,"FrozenCore":[29],"OrangePellets":[0],"Bird Faced Urn":[8],"Tiny Chest":1,"Kunai":[24],"obtain_stats":[{"ReplayFunnel":26,"Darkstone Periapt":31,"Divine Protection":21,"Regal Pillow":43,"Calipers":50,"SacredBark":17,"CeramicFish":41,"Vajra":46,"Incense Burner":22,"Runic Capacitor":46,"Raider\u0027s Mask":21,"Sling":22,"FrozenCore":24,"Replay:Bandana":55,"Tiny Chest":25,"WingedGreaves":7,"Red Mask":29,"Kunai":12,"Replay:Wax Seal":21,"Cracked Core":0,"Potion Belt":17,"Inserter":29,"Oddly Smooth Stone":54,"PreservedInsect":10,"Ring of Chaos":34,"Omamori":6,"Akabeko":11,"OrangePellets":54,"DataDisk":36,"Bird Faced Urn":48,"ReplayTheSpireMod:TigerMarble":9,"Coffee Dripper":32,"Grinning Jar":15,"Pocketwatch":38},{"ReplayFunnel":9,"Darkstone Periapt":11,"Divine Protection":8,"Regal Pillow":14,"Calipers":17,"SacredBark":7,"CeramicFish":14,"Vajra":15,"Incense Burner":8,"Runic Capacitor":15,"Raider\u0027s Mask":8,"Sling":8,"FrozenCore":8,"Replay:Bandana":19,"Tiny Chest":9,"WingedGreaves":4,"Red Mask":10,"Kunai":6,"Replay:Wax Seal":8,"Cracked Core":0,"Potion Belt":7,"Inserter":10,"Oddly Smooth Stone":18,"PreservedInsect":4,"Ring of Chaos":12,"Omamori":4,"Akabeko":5,"OrangePellets":18,"DataDisk":13,"Bird Faced Urn":16,"ReplayTheSpireMod:TigerMarble":4,"Coffee Dripper":11,"Grinning Jar":6,"Pocketwatch":13},{"ReplayFunnel":34,"Darkstone Periapt":40,"Divine Protection":30,"Regal Pillow":56,"Calipers":67,"SacredBark":27,"CeramicFish":56,"Vajra":61,"Incense Burner":30,"Runic Capacitor":57,"Raider\u0027s Mask":30,"Sling":30,"FrozenCore":30,"Replay:Bandana":85,"Tiny Chest":34,"WingedGreaves":11,"Red Mask":37,"Kunai":17,"Replay:Wax Seal":30,"Cracked Core":0,"Potion Belt":27,"Inserter":36,"Oddly Smooth Stone":80,"PreservedInsect":11,"Ring of Chaos":46,"Omamori":11,"Akabeko":14,"OrangePellets":80,"DataDisk":49,"Bird Faced Urn":64,"ReplayTheSpireMod:TigerMarble":11,"Coffee Dripper":40,"Grinning Jar":17,"Pocketwatch":49}],"Pocketwatch":[9]},"card_choices":[{"not_picked":["Conserve Battery","Hologram"],"picked":"Gash","floor":0},{"not_picked":["Sweeping Beam","Darkness"],"picked":"Gash","floor":1},{"not_picked":["Auto Shields","Sunder","Rip and Tear"],"picked":"SKIP","floor":2},{"not_picked":["Gash","Auto Shields"],"picked":"ReplayTheSpireMod:Calculation Training","floor":3},{"not_picked":["Barrage","FIFO Queue"],"picked":"ReplayGash","floor":5},{"not_picked":["BasicCrystalCard","Lockon"],"picked":"Hologram","floor":6},{"not_picked":["Heatsinks","Streamline","Thunder Strike"],"picked":"SKIP","floor":11},{"not_picked":["BasicCrystalCard","Redo","Hologram"],"picked":"SKIP","floor":12},{"not_picked":["Rainbow","Hyperbeam"],"picked":"Machine Learning","floor":16},{"not_picked":["ReplayTheSpireMod:Repulse","Conserve Battery","FIFO Queue"],"picked":"SKIP","floor":18},{"not_picked":["Conserve Battery+1","Barrage"],"picked":"Core Surge","floor":25},{"not_picked":["Coolheaded","Conserve Battery"],"picked":"Undo+1","floor":31},{"not_picked":["Multi-Cast","Hyperbeam"],"picked":"Mirror Shield","floor":33},{"not_picked":["Rebound","Go for the Eyes","Rip and Tear"],"picked":"SKIP","floor":35},{"not_picked":["Hologram","ReplaySolidLightProjector","Steam"],"picked":"SKIP","floor":41},{"not_picked":["Rebound","ReplayTheSpireMod:Omega Cannon","Redo"],"picked":"SKIP","floor":46},{"not_picked":["Fusion","Capacitor","Beam Cell"],"picked":"SKIP","floor":55}],"player_experience":622794,"relics_obtained":[{"floor":6,"key":"Omamori"},{"floor":9,"key":"ReplayTheSpireMod:TigerMarble"},{"floor":11,"key":"Akabeko"},{"floor":12,"key":"Kunai"},{"floor":15,"key":"Grinning Jar"},{"floor":25,"key":"Tiny Chest"},{"floor":26,"key":"ReplayFunnel"},{"floor":29,"key":"Red Mask"},{"floor":31,"key":"Darkstone Periapt"},{"floor":38,"key":"Pocketwatch"},{"floor":41,"key":"CeramicFish"},{"floor":43,"key":"Regal Pillow"},{"floor":46,"key":"Vajra"},{"floor":48,"key":"Bird Faced Urn"},{"floor":55,"key":"Replay:Bandana"}],"event_choices":[{"damage_healed":0,"gold_gain":0,"player_choice":"Upgraded","damage_taken":0,"max_hp_gain":0,"max_hp_loss":0,"event_name":"Upgrade Shrine","floor":4,"gold_loss":0,"cards_upgraded":["ReplayTheSpireMod:Calculation Training"]},{"damage_healed":0,"gold_gain":0,"player_choice":"Simplicity","damage_taken":0,"max_hp_gain":0,"max_hp_loss":0,"event_name":"Back to Basics","floor":27,"gold_loss":0,"cards_upgraded":[]},{"damage_healed":0,"gold_gain":0,"player_choice":"Fought Bandits","damage_taken":0,"max_hp_gain":0,"max_hp_loss":0,"event_name":"Masked Bandits","floor":29,"gold_loss":0},{"damage_healed":0,"gold_gain":0,"player_choice":"Memory 1","damage_taken":0,"max_hp_gain":0,"max_hp_loss":0,"event_name":"SensoryStone","floor":37,"gold_loss":0},{"cards_removed":["Machine Learning"],"damage_healed":0,"gold_gain":0,"player_choice":"Removed Power","damage_taken":0,"max_hp_gain":0,"max_hp_loss":0,"event_name":"Falling","floor":39,"gold_loss":0},{"damage_healed":0,"gold_gain":0,"player_choice":"Fight","damage_taken":0,"max_hp_gain":0,"max_hp_loss":0,"event_name":"Mysterious Sphere","floor":48,"gold_loss":0}],"is_beta":false,"boss_relics":[{"not_picked":["Empty Cage","Runic Pyramid"],"picked":"SacredBark"},{"not_picked":["Pandora\u0027s Box","Tiny House"],"picked":"Ring of Chaos"}],"items_purged_floors":[],"is_endless":false,"potions_floor_spawned":[5,6,11,25,29,33,48],"ascension_level":20}}