{"host":"u9h06qdlnp3wgzsw","time":1610848752,"event":{"mods":["BaseMod","Downfall","Hermit","Minty Spire (QoL Compilation)","Rare Cards Sparkle","Shop Mod","StSLib","The Hierophant"],"gold_per_floor":[110,29,56,68,103,125,125,125,125,125,166,166,186,225,225,221,221],"floor_reached":16,"language":"ENG","playtime":1127,"items_purged":[],"score":104,"play_id":"146d737e-e063-4fd0-9961-15fde641f845","local_time":"20210116205912","is_ascension_mode":false,"campfire_choices":[{"floor":8,"key":"REST"},{"floor":10,"key":"REST"},{"data":"hierophant:OrnateBuckler","floor":12,"key":"SMITH"},{"data":"hierophant:DisplayOfPower","floor":15,"key":"SMITH"}],"circlet_count":0,"master_deck":["hierophant:Strike_Hierophant","hierophant:Strike_Hierophant","hierophant:Strike_Hierophant","hierophant:Strike_Hierophant","hierophant:Punish","hierophant:Defend_Hierophant","hierophant:Defend_Hierophant","hierophant:Defend_Hierophant","hierophant:Defend_Hierophant","hierophant:ChurchCoffers+1","hierophant:Doubloon","hierophant:CoinFling","hierophant:Refuge","hierophant:Doubloon","hierophant:OrnateJavelin","hierophant:Encroach","hierophant:OrnateBuckler+1","hierophant:DisplayOfPower+1"],"relics":["bronze:MakeshiftBattery","Bronze Scales","The Courier"],"acts_visited":["Exordium"],"potions_floor_usage":[5,6,6,6,6,16],"damage_taken":[{"damage":3,"enemies":"Cultist","floor":1,"turns":4},{"damage":1,"enemies":"Jaw Worm","floor":3,"turns":6},{"damage":2,"enemies":"Small Slimes","floor":4,"turns":5},{"damage":6,"enemies":"3 Louse","floor":5,"turns":2},{"damage":43,"enemies":"Lagavulin","floor":6,"turns":7},{"damage":4,"enemies":"2 Fungi Beasts","floor":11,"turns":3},{"damage":3,"enemies":"Looter","floor":13,"turns":2},{"damage":1,"enemies":"Gremlin Gang","floor":14,"turns":4},{"damage":61,"enemies":"Slime Boss","floor":16,"turns":10}],"seed_played":"-1854988008179893334","potions_obtained":[{"floor":1,"key":"DuplicationPotion"},{"floor":3,"key":"PowerPotion"},{"floor":4,"key":"EntropicBrew"},{"floor":6,"key":"SpeedPotion"}],"is_trial":false,"path_per_floor":["M","$","M","M","M","E","?","R","T","R","M","R","M","M","R","B"],"character_chosen":"HIEROPHANT","items_purchased":["hierophant:Refuge"],"campfire_rested":2,"item_purchase_floors":[2],"current_hp_per_floor":[72,72,71,69,63,20,20,42,42,64,60,60,57,56,56,0,0],"gold":221,"neow_bonus":"BOSS_RELIC","is_daily":false,"chose_seed":false,"campfire_upgraded":2,"win_rate":0.0,"timestamp":1610848752,"path_taken":["M","$","M","M","?","E","?","R","T","R","?","R","M","M","R","BOSS"],"items_purchased_type":["Card"],"build_version":"2020-12-22","purchased_purges":0,"victory":false,"max_hp_per_floor":[75,75,75,75,75,75,75,75,75,75,75,75,75,75,75,75,75],"card_choices":[{"not_picked":["hierophant:Community","hierophant:Smite"],"picked":"hierophant:CoinFling","floor":1},{"not_picked":["hierophant:FieryStrike","hierophant:Smite"],"picked":"hierophant:OrnateJavelin","floor":3},{"not_picked":["hierophant:Doomsaying","hierophant:Sermon","hierophant:Smite"],"picked":"SKIP","floor":4},{"not_picked":["hierophant:FieryStrike","hierophant:Upheaval"],"picked":"hierophant:Encroach","floor":5},{"not_picked":["hierophant:AuricForm","hierophant:SealAway"],"picked":"hierophant:OrnateBuckler","floor":6},{"not_picked":["hierophant:Rebuild","hierophant:OrnateJavelin"],"picked":"hierophant:DisplayOfPower","floor":11},{"not_picked":["hierophant:DisplayOfPower","hierophant:Remorse","hierophant:Embezzle"],"picked":"SKIP","floor":13},{"not_picked":["hierophant:Refuge","hierophant:RustyCrate","hierophant:Purify"],"picked":"SKIP","floor":14}],"player_experience":760892,"relics_obtained":[{"floor":6,"key":"Bronze Scales"},{"floor":9,"key":"The Courier"}],"event_choices":[{"damage_healed":0,"gold_gain":0,"player_choice":"Forge","damage_taken":0,"max_hp_gain":0,"max_hp_loss":0,"event_name":"Accursed Blacksmith","floor":7,"gold_loss":0,"cards_upgraded":["hierophant:ChurchCoffers"]}],"is_beta":false,"boss_relics":[],"items_purged_floors":[],"is_endless":false,"potions_floor_spawned":[1,3,4,6],"killed_by":"Slime Boss","ascension_level":0}}