{"host":"ebj6lkgm8suah319","time":1610854357,"event":{"mods":["2.2 Compatiblity","AchievementEnabler","BaseMod","Block Reminder","Colored Map","Colored Powertips","Minty Spire (QoL Compilation)","Quick Restart","Rare Cards Sparkle","Relic Stats","SuperFastMode"],"gold_per_floor":[109,109,122,136,147,147,179,194,217,248,248,264,264,34,48,48,153,153,171,205,304,229,240,271,271,297,297,313,313,67,47,63,63,167,167,186,200,220,320,338,338,367,89,89,124,124,124,124,346,346,346],"floor_reached":52,"language":"ENG","playtime":2174,"items_purged":["Strike_R","Strike_R","Strike_R"],"score":885,"play_id":"0df40b00-07de-425f-b42f-c89f690e3f76","local_time":"20210116223237","is_ascension_mode":false,"campfire_choices":[{"data":"Bash","floor":6,"key":"SMITH"},{"data":"Heavy Blade","floor":16,"key":"SMITH"},{"data":"Juggernaut","floor":25,"key":"SMITH"},{"data":"Heavy Blade","floor":29,"key":"SMITH"},{"data":"Heavy Blade","floor":33,"key":"SMITH"},{"data":"Burning Pact","floor":41,"key":"SMITH"},{"data":"Disarm","floor":47,"key":"SMITH"},{"data":"Clothesline","floor":50,"key":"SMITH"}],"circlet_count":0,"master_deck":["Strike_R","Defend_R","Defend_R","Defend_R","Defend_R","Bash+1","Pommel Strike","Burning Pact+1","Heavy Blade+1","Perfected Strike","Heavy Blade+1","Inflame","Demon Form+1","Spot Weakness","Sever Soul","Barricade","Disarm+1","Pommel Strike+1","Juggernaut+1","Heavy Blade+1","Clothesline+1","Demon Form+1","Dual Wield+1","Barricade","Heavy Blade+1","Uppercut+1"],"relics":["Snecko Eye","Gremlin Horn","Bag of Preparation","Orichalcum","Velvet Choker","Red Mask","Dream Catcher","Bag of Marbles","Paper Frog","DollysMirror","Black Star","Pear","Centennial Puzzle","ClockworkSouvenir","Pantograph","Darkstone Periapt","Kunai"],"acts_visited":["Exordium","TheCity","TheBeyond"],"potions_floor_usage":[5,10,28,51,51],"damage_taken":[{"damage":1,"enemies":"Jaw Worm","floor":1,"turns":2},{"damage":0,"enemies":"Cultist","floor":3,"turns":2},{"damage":0,"enemies":"2 Louse","floor":4,"turns":2},{"damage":21,"enemies":"Exordium Thugs","floor":5,"turns":5},{"damage":13,"enemies":"Lagavulin","floor":7,"turns":4},{"damage":2,"enemies":"3 Louse","floor":8,"turns":2},{"damage":0,"enemies":"Gremlin Nob","floor":10,"turns":2},{"damage":7,"enemies":"Blue Slaver","floor":12,"turns":2},{"damage":4,"enemies":"Looter","floor":15,"turns":2},{"damage":13,"enemies":"Hexaghost","floor":17,"turns":4},{"damage":0,"enemies":"Chosen","floor":19,"turns":2},{"damage":1,"enemies":"Masked Bandits","floor":20,"turns":3},{"damage":3,"enemies":"2 Thieves","floor":23,"turns":3},{"damage":7,"enemies":"Book of Stabbing","floor":24,"turns":3},{"damage":0,"enemies":"Gremlin Leader","floor":26,"turns":3},{"damage":10,"enemies":"Centurion and Healer","floor":28,"turns":7},{"damage":7,"enemies":"Snake Plant","floor":32,"turns":3},{"damage":10,"enemies":"Automaton","floor":34,"turns":4},{"damage":1,"enemies":"Orb Walker","floor":36,"turns":2},{"damage":3,"enemies":"3 Shapes","floor":37,"turns":3},{"damage":0,"enemies":"Maw","floor":38,"turns":5},{"damage":0,"enemies":"Spire Growth","floor":40,"turns":2},{"damage":3,"enemies":"Nemesis","floor":42,"turns":3},{"damage":19,"enemies":"Reptomancer","floor":45,"turns":3},{"damage":34,"enemies":"Donu and Deca","floor":51,"turns":5}],"seed_played":"666597126903166087","potions_obtained":[{"floor":4,"key":"LiquidMemories"},{"floor":7,"key":"ElixirPotion"},{"floor":8,"key":"ElixirPotion"},{"floor":10,"key":"EntropicBrew"},{"floor":15,"key":"SmokeBomb"},{"floor":19,"key":"LiquidBronze"},{"floor":20,"key":"LiquidMemories"},{"floor":31,"key":"AttackPotion"}],"is_trial":false,"path_per_floor":["M","?","M","M","M","R","E","M","T","E","E","M","?","$","M","R","B",null,"M","?","?","?","M","E","R","E","T","M","R","$","?","M","R","B",null,"M","M","M","?","M","R","E","$","T","E","$","R","?","?","R","B",null],"character_chosen":"IRONCLAD","items_purchased":["Regen Potion","Spot Weakness","DollysMirror","ClockworkSouvenir"],"campfire_rested":0,"item_purchase_floors":[14,14,30,43],"current_hp_per_floor":[79,79,79,79,58,58,45,43,43,43,43,36,36,36,32,32,19,80,80,79,79,79,76,69,69,69,69,74,74,74,74,67,67,57,80,79,76,76,76,76,76,83,83,83,64,64,64,64,64,64,51],"gold":346,"neow_bonus":"BOSS_RELIC","is_daily":false,"chose_seed":false,"campfire_upgraded":8,"win_rate":0.0,"timestamp":1610854357,"path_taken":["M","?","?","M","M","R","E","M","T","E","E","M","?","?","M","R","BOSS","M","?","?","?","M","E","R","E","T","M","R","$","?","?","R","BOSS","M","M","?","?","M","R","E","$","T","E","?","R","?","?","R","BOSS"],"items_purchased_type":["Potion","Card","Relic","Relic"],"build_version":"2020-12-22","purchased_purges":3,"victory":true,"max_hp_per_floor":[80,80,80,80,80,80,80,80,80,80,80,80,80,80,80,80,80,80,80,80,80,80,80,80,80,80,80,80,80,80,80,80,80,80,80,80,80,80,80,80,80,90,90,90,90,90,90,85,85,85,85],"relic_stats":{"Darkstone Periapt":0,"Dream Catcher":0,"Centennial Puzzle":[6],"Gremlin Horn":[17,17],"counters":[25,78],"Pantograph":21,"Snecko Eye":[155,149,166,172],"Bag of Preparation":[38],"Black Star":2,"Kunai":[3],"Orichalcum":[120],"obtain_stats":[{"Darkstone Periapt":45,"Pear":42,"Gremlin Horn":7,"Velvet Choker":18,"Bag of Preparation":9,"Orichalcum":10,"Burning Blood":0,"ClockworkSouvenir":43,"Dream Catcher":24,"Centennial Puzzle":42,"DollysMirror":30,"Pantograph":44,"Snecko Eye":0,"Red Mask":20,"Bag of Marbles":26,"Black Star":35,"Kunai":45,"Paper Frog":27},{"Darkstone Periapt":24,"Pear":23,"Gremlin Horn":5,"Velvet Choker":10,"Bag of Preparation":6,"Orichalcum":7,"Burning Blood":0,"ClockworkSouvenir":23,"Dream Catcher":14,"Centennial Puzzle":23,"DollysMirror":16,"Pantograph":23,"Snecko Eye":0,"Red Mask":12,"Bag of Marbles":15,"Black Star":18,"Kunai":24,"Paper Frog":15},{"Darkstone Periapt":73,"Pear":70,"Gremlin Horn":15,"Velvet Choker":27,"Bag of Preparation":17,"Orichalcum":19,"Burning Blood":0,"ClockworkSouvenir":70,"Dream Catcher":38,"Centennial Puzzle":70,"DollysMirror":48,"Pantograph":70,"Snecko Eye":0,"Red Mask":32,"Bag of Marbles":41,"Black Star":55,"Kunai":73,"Paper Frog":41}]},"card_choices":[{"not_picked":["Twin Strike","Sever Soul"],"picked":"Pommel Strike","floor":1},{"not_picked":["Sword Boomerang","Anger","Armaments"],"picked":"SKIP","floor":3},{"not_picked":["Perfected Strike","True Grit"],"picked":"Heavy Blade","floor":4},{"not_picked":["Rage","Shrug It Off"],"picked":"Perfected Strike","floor":5},{"not_picked":["Burning Pact","Iron Wave"],"picked":"Heavy Blade","floor":7},{"not_picked":["Twin Strike","Iron Wave"],"picked":"Inflame","floor":8},{"not_picked":["Headbutt","Whirlwind"],"picked":"Demon Form","floor":10},{"not_picked":["Cleave","Twin Strike","Flex"],"picked":"SKIP","floor":12},{"not_picked":["Cleave","Fire Breathing"],"picked":"Sever Soul","floor":15},{"not_picked":["Feed","Juggernaut"],"picked":"Barricade","floor":17},{"not_picked":["Pommel Strike","Warcry+1"],"picked":"Disarm","floor":19},{"not_picked":["Armaments+1","Carnage"],"picked":"Pommel Strike+1","floor":20},{"not_picked":["Cleave","Pommel Strike","Bloodletting"],"picked":"SKIP","floor":23},{"not_picked":["Dropkick+1","Barricade"],"picked":"Juggernaut","floor":24},{"not_picked":["Flex","Cleave"],"picked":"Heavy Blade","floor":26},{"not_picked":["Perfected Strike","Shrug It Off"],"picked":"Clothesline","floor":28},{"not_picked":["Flex+1","Entrench"],"picked":"Dual Wield+1","floor":32},{"not_picked":["Brutality","Double Tap"],"picked":"Barricade","floor":34},{"not_picked":["Intimidate+1","Perfected Strike"],"picked":"Heavy Blade+1","floor":36},{"not_picked":["Cleave","Thunderclap+1","Blood for Blood"],"picked":"SKIP","floor":37},{"not_picked":["Iron Wave+1","Warcry+1","Fiend Fire"],"picked":"SKIP","floor":38},{"not_picked":["Inflame+1","Intimidate+1"],"picked":"Uppercut+1","floor":40},{"not_picked":["Anger","Warcry+1","Clothesline+1"],"picked":"SKIP","floor":42},{"not_picked":["Perfected Strike+1","Dropkick","Uppercut+1"],"picked":"SKIP","floor":45}],"player_experience":2259,"relics_obtained":[{"floor":7,"key":"Gremlin Horn"},{"floor":9,"key":"Bag of Preparation"},{"floor":10,"key":"Orichalcum"},{"floor":20,"key":"Red Mask"},{"floor":24,"key":"Dream Catcher"},{"floor":26,"key":"Bag of Marbles"},{"floor":27,"key":"Paper Frog"},{"floor":42,"key":"Pear"},{"floor":42,"key":"Centennial Puzzle"},{"floor":44,"key":"Pantograph"},{"floor":45,"key":"Darkstone Periapt"},{"floor":45,"key":"Kunai"}],"event_choices":[{"damage_healed":0,"gold_gain":0,"player_choice":"1 cards matched","damage_taken":0,"max_hp_gain":0,"max_hp_loss":0,"event_name":"Match and Keep!","floor":2,"gold_loss":0,"cards_obtained":["Burning Pact"]},{"damage_healed":0,"gold_gain":0,"player_choice":"Grow","damage_taken":0,"max_hp_gain":0,"max_hp_loss":0,"event_name":"Living Wall","floor":13,"gold_loss":0,"cards_upgraded":["Demon Form"]},{"damage_healed":0,"gold_gain":0,"player_choice":"Fought Bandits","damage_taken":0,"max_hp_gain":0,"max_hp_loss":0,"event_name":"Masked Bandits","floor":20,"gold_loss":0},{"damage_healed":0,"gold_gain":99,"player_choice":"Stole From Cult","damage_taken":0,"max_hp_gain":0,"max_hp_loss":0,"event_name":"Nest","floor":21,"gold_loss":0},{"cards_removed":["Strike_R"],"damage_healed":0,"gold_gain":0,"player_choice":"Gave Gold","damage_taken":0,"max_hp_gain":0,"max_hp_loss":0,"event_name":"Beggar","floor":22,"gold_loss":75},{"damage_healed":0,"gold_gain":0,"player_choice":"Bought 1 Potion","damage_taken":0,"max_hp_gain":0,"max_hp_loss":0,"event_name":"The Woman in Blue","floor":31,"gold_loss":0},{"damage_healed":0,"gold_gain":100,"player_choice":"Pray","damage_taken":0,"max_hp_gain":0,"max_hp_loss":0,"event_name":"Golden Shrine","floor":39,"gold_loss":0},{"damage_healed":0,"gold_gain":0,"player_choice":"Max HP","damage_taken":0,"max_hp_gain":0,"max_hp_loss":5,"event_name":"Winding Halls","floor":48,"gold_loss":0},{"damage_healed":0,"gold_gain":222,"player_choice":"Wore Mask","damage_taken":0,"max_hp_gain":0,"max_hp_loss":0,"event_name":"Tomb of Lord Red Mask","floor":49,"gold_loss":0}],"is_beta":false,"boss_relics":[{"not_picked":["SacredBark","Empty Cage"],"picked":"Velvet Choker"},{"not_picked":["Busted Crown","Mark of Pain"],"picked":"Black Star"}],"items_purged_floors":[14,30,43],"is_endless":false,"potions_floor_spawned":[4,7,8,10,15,19,20,24,26,42,45],"ascension_level":0}}