{"host":"3z9xbwjeimmg738z","time":1610856447,"event":{"mods":["2.2 Compatiblity","Act Like it!","AlwaysNeverKeys","BaseMod","Colored Powertips","Defuse TimeMaze Blight","Downfall","GifTheSpireLib","Minty Spire (QoL Compilation)","Rare Cards Sparkle","StSLib"],"gold_per_floor":[99,117,417,332,332,32,32,58,68,94,111,211,211,236,254,357,357,357,357,371,471,487,37,37,55,55,55],"floor_reached":26,"language":"ENG","playtime":4225,"items_purged":[],"score":260,"play_id":"3b1119ca-8bcf-4be9-872e-ea2ffa6c7b15","local_time":"20210116200727","is_ascension_mode":true,"campfire_choices":[{"data":"sneckomod:Unknown","floor":1,"key":"SMITH"},{"data":"Gash","floor":6,"key":"SMITH"},{"floor":13,"key":"REST"},{"data":"Berserk","floor":18,"key":"SMITH"}],"circlet_count":0,"master_deck":["sneckomod:Strike","sneckomod:Strike","sneckomod:Defend","sneckomod:Defend","sneckomod:TailWhip","sneckomod:SnekBite","sneckomod:Unknown+1","sneckomod:Unknown","downfall:Icky","downfall:Icky","Gash+1","sneckomod:CheapStock","sneckomod:UnknownClassBLUE+1","Genetic Algorithm","Loop","Berserk+1","Slimebound:LevelUp","Whirlwind","champ:GladiatorStyle","Backflip","sneckomod:UnknownClassBLUE","sneckomod:Unknown1Cost"],"relics":["sneckomod:SneckoSoul","downfall:HeartBlessingRed","downfall:HeartBlessingGreen","downfall:HeartBlessingBlue","sneckomod:ConfusingCodex","sneckomod:SneckoCommon","Pen Nib","sneckomod:BlankCard","sneckomod:SneckoTalon","downfall:CloakOfManyFaces","CultistMask","FaceOfCleric","NlothsMask","GremlinMask","SsserpentHead","HornCleat","Tiny Chest"],"acts_visited":["Exordium","TheCity"],"potions_floor_usage":[14,16,16,23,23],"damage_taken":[{"damage":2,"enemies":"Jaw Worm","floor":2,"turns":6},{"damage":0,"enemies":"downfall:FleeingMerchant","floor":4,"turns":4},{"damage":42,"enemies":"3 Sentries","floor":8,"turns":8},{"damage":0,"enemies":"2 Louse","floor":9,"turns":2},{"damage":44,"enemies":"Gremlin Nob","floor":10,"turns":6},{"damage":3,"enemies":"Cultist","floor":11,"turns":5},{"damage":3,"enemies":"3 Sentries","floor":14,"turns":7},{"damage":3,"enemies":"2 Fungi Beasts","floor":15,"turns":4},{"damage":20,"enemies":"WA_ARCHETYPE_RETAIN","floor":16,"turns":7},{"damage":36,"enemies":"Chosen","floor":20,"turns":5},{"damage":23,"enemies":"downfall:FaceTrader","floor":21,"turns":11},{"damage":21,"enemies":"Snake Plant","floor":22,"turns":3},{"damage":4,"enemies":"downfall:FleeingMerchant","floor":23,"turns":4},{"damage":15,"enemies":"Snecko","floor":25,"turns":4},{"damage":0,"enemies":"Slavers","floor":26,"turns":1}],"seed_played":"-1795539466587934790","potions_obtained":[{"floor":10,"key":"AttackPotion"},{"floor":11,"key":"SpeedPotion"},{"floor":14,"key":"EssenceOfSteel"},{"floor":15,"key":"LiquidMemories"},{"floor":16,"key":"SpeedPotion"},{"floor":21,"key":"LiquidMemories"}],"is_trial":false,"path_per_floor":["R","M","?","$","?","R","T","E","M","E","M","?","R","E","M","B",null,"R","?","M","?","M","$","T","M","E"],"character_chosen":"THE_SNECKO","items_purchased":["sneckomod:CheapStock","sneckomod:UnknownClassBLUE","HornCleat","Tiny Chest"],"campfire_rested":1,"item_purchase_floors":[4,23,23,23],"current_hp_per_floor":[99,97,97,97,97,107,107,65,65,21,18,18,50,47,44,24,109,109,109,73,50,30,27,27,13,13,13],"gold":55,"neow_bonus":"TEN_PERCENT_HP_BONUS","is_daily":false,"chose_seed":false,"campfire_upgraded":3,"win_rate":0.0,"timestamp":1610856447,"path_taken":["R","M","?","$","?","R","T","E","M","E","M","?","R","E","M","BOSS","R","?","M","?","M","$","T","M","E"],"items_purchased_type":["Card","Card","Relic","Relic"],"build_version":"2020-12-22","purchased_purges":0,"victory":false,"max_hp_per_floor":[99,99,99,99,99,109,109,109,109,109,109,109,109,109,109,109,109,109,109,109,109,110,111,111,112,112,112],"card_choices":[{"not_picked":["Wild Strike","champ:BerserkersShout","Slimebound:TongueLash"],"picked":"SKIP","floor":2},{"not_picked":["Warcry","Slice"],"picked":"Gash","floor":4},{"not_picked":["Guardian:Gem_Lightblue","Guardian:Repulse","Slimebound:ItLooksTasty"],"picked":"SKIP","floor":8},{"not_picked":["Guardian:ShieldCharger","bronze:Constructor"],"picked":"Genetic Algorithm","floor":9},{"not_picked":["Clothesline","Dodge and Roll","Evolve"],"picked":"SKIP","floor":10},{"not_picked":["champ:FlashCut","Static Discharge","PiercingWail"],"picked":"SKIP","floor":11},{"not_picked":["hexamod:InspiringFlames","Guardian:ChargeCore","hexamod:HeatShield"],"picked":"SKIP","floor":14},{"not_picked":["Slimebound:GoopTackle","Slimebound:HauntingLick"],"picked":"Loop","floor":15},{"not_picked":["Guardian:SphericShield","Wraith Form v2"],"picked":"Berserk","floor":16},{"not_picked":["Guardian:TemporalShield","Backflip"],"picked":"champ:GladiatorStyle","floor":20},{"not_picked":["Steam+1","Slimebound:PressTheAttack","Slimebound:OneTwoCombo"],"picked":"SKIP","floor":22},{"not_picked":["bronze:FindAndReplace","hexamod:SoulSteal"],"picked":"Backflip","floor":23},{"not_picked":["Slimebound:SlimeSpikes","champ:FancyFootwork"],"picked":"sneckomod:Unknown1Cost","floor":25}],"player_experience":164283,"relics_obtained":[{"floor":7,"key":"sneckomod:ConfusingCodex"},{"floor":8,"key":"sneckomod:SneckoCommon"},{"floor":10,"key":"Pen Nib"},{"floor":14,"key":"sneckomod:BlankCard"},{"floor":21,"key":"downfall:CloakOfManyFaces"}],"event_choices":[{"damage_healed":0,"gold_gain":0,"cards_transformed":["sneckomod:Strike","sneckomod:Defend"],"player_choice":"Became Test Subject","damage_taken":0,"max_hp_gain":0,"max_hp_loss":0,"event_name":"Drug Dealer","floor":19,"gold_loss":0,"cards_obtained":["Slimebound:LevelUp","Whirlwind"]}],"is_beta":false,"boss_relics":[{"not_picked":["Runic Dome","Philosopher\u0027s Stone"],"picked":"sneckomod:SneckoTalon"}],"items_purged_floors":[],"is_endless":false,"potions_floor_spawned":[10,11,14,15,16,21],"killed_by":"Slavers","ascension_level":1}}