{"host":"mydft8i2zzydgggw","time":1610845235,"event":{"mods":["AchievementEnabler","BaseMod","BetterRewards","Colored Map","Colored Powertips","DeckTracker","Keyboard Shortcuts","Minty Spire (QoL Compilation)","Rare Cards Sparkle","StSLib","SuperFastMode","everything is the same but u backflip on backflip"],"gold_per_floor":[109,109,109,119,119,119,160,160,160,160,181,197,218,297,297,423,423,447,546,560,500,273,309,328,344,344,384,384,398,398,411,411,532,532,552,499,518,533,552,552,583,583,583],"floor_reached":42,"language":"KOR","playtime":983,"items_purged":["Defend_B"],"score":780,"play_id":"60d0b58f-0883-4d6a-b518-f7f0623d9f31","local_time":"20210117100035","is_ascension_mode":true,"campfire_choices":[{"data":"Zap","floor":6,"key":"SMITH"},{"floor":8,"key":"REST"},{"data":"Defragment","floor":10,"key":"SMITH"},{"floor":15,"key":"REST"},{"data":"Thunder Strike","floor":28,"key":"SMITH"},{"data":"Loop","floor":32,"key":"SMITH"},{"data":"Blizzard","floor":40,"key":"SMITH"}],"circlet_count":0,"master_deck":["AscendersBane","Strike_B+1","Defend_B","Defend_B","Defend_B","Zap+1","Dualcast","Undo+1","Tempest","Defragment+1","Loop+1","Chill+1","Leap","Thunder Strike+1","Coolheaded+1","Auto Shields+1","Coolheaded+1","Core Surge","Blizzard+1","Coolheaded+1","Cold Snap"],"relics":["Cracked Core","Eternal Feather","Golden Idol","Blood Vial","Happy Flower","Bronze Scales","Sozu","Oddly Smooth Stone","Potion Belt","HornCleat","Pantograph","Cursed Key","War Paint","MealTicket"],"acts_visited":["Exordium","TheCity","TheBeyond"],"potions_floor_usage":[14,16,16,33],"damage_taken":[{"damage":0,"enemies":"Jaw Worm","floor":1,"turns":4},{"damage":0,"enemies":"Small Slimes","floor":4,"turns":3},{"damage":25,"enemies":"3 Sentries","floor":7,"turns":6},{"damage":0,"enemies":"2 Louse","floor":11,"turns":2},{"damage":8,"enemies":"Exordium Wildlife","floor":12,"turns":4},{"damage":13,"enemies":"Blue Slaver","floor":13,"turns":4},{"damage":1,"enemies":"3 Sentries","floor":14,"turns":10},{"damage":0,"enemies":"Slime Boss","floor":16,"turns":5},{"damage":0,"enemies":"Chosen","floor":18,"turns":3},{"damage":12,"enemies":"3 Byrds","floor":20,"turns":2},{"damage":31,"enemies":"Slavers","floor":23,"turns":5},{"damage":0,"enemies":"Cultist and Chosen","floor":24,"turns":6},{"damage":2,"enemies":"Centurion and Healer","floor":25,"turns":5},{"damage":2,"enemies":"Book of Stabbing","floor":27,"turns":5},{"damage":0,"enemies":"Snake Plant","floor":29,"turns":4},{"damage":0,"enemies":"Chosen and Byrds","floor":31,"turns":5},{"damage":15,"enemies":"Champ","floor":33,"turns":13},{"damage":0,"enemies":"3 Darklings","floor":35,"turns":5},{"damage":3,"enemies":"Orb Walker","floor":37,"turns":5},{"damage":15,"enemies":"Sphere and 2 Shapes","floor":38,"turns":6},{"damage":0,"enemies":"3 Darklings","floor":39,"turns":5},{"damage":68,"enemies":"Reptomancer","floor":41,"turns":6},{"damage":5,"enemies":"Spire Growth","floor":42,"turns":3}],"seed_played":"7368625887504244366","potions_obtained":[{"floor":7,"key":"BlessingOfTheForge"},{"floor":11,"key":"Swift Potion"},{"floor":13,"key":"SteroidPotion"},{"floor":14,"key":"FocusPotion"}],"is_trial":false,"path_per_floor":["M","?","?","M","?","R","E","R","T","R","M","M","M","?","R","B",null,"M","?","M","?","$","E","M","M","T","E","R","M","?","M","R","B",null,"M","?","M","M","M","R","E","M"],"character_chosen":"DEFECT","items_purchased":["Oddly Smooth Stone"],"campfire_rested":2,"item_purchase_floors":[22],"current_hp_per_floor":[50,35,28,28,28,34,9,35,35,41,43,37,26,27,56,58,66,68,68,57,57,57,28,30,30,30,30,39,41,41,43,52,54,65,67,67,66,53,55,67,1,0,0],"gold":583,"neow_bonus":"TRANSFORM_TWO_CARDS","is_daily":false,"chose_seed":false,"campfire_upgraded":5,"win_rate":0.0,"timestamp":1610845235,"path_taken":["M","?","?","?","?","R","E","R","T","R","M","M","M","?","R","BOSS","M","?","M","?","$","E","M","?","T","E","R","M","?","M","R","BOSS","M","?","?","M","M","R","E","M"],"items_purchased_type":["Relic"],"build_version":"2020-12-22","purchased_purges":1,"victory":false,"max_hp_per_floor":[75,75,75,75,69,69,69,69,69,69,69,69,69,69,69,69,69,69,69,69,69,69,69,69,69,69,69,69,69,69,69,69,69,69,69,69,69,69,69,69,69,69,69],"card_choices":[{"not_picked":["Steam","Sweeping Beam","Go for the Eyes"],"picked":"SKIP","floor":1},{"not_picked":["Ball Lightning","Leap"],"picked":"Defragment","floor":4},{"not_picked":["Gash","All For One"],"picked":"Loop","floor":7},{"not_picked":["Double Energy","Hello World","Conserve Battery"],"picked":"SKIP","floor":11},{"not_picked":["Compile Driver","Self Repair"],"picked":"Chill","floor":12},{"not_picked":["Self Repair","Chaos"],"picked":"Leap","floor":13},{"not_picked":["Biased Cognition","Multi-Cast"],"picked":"Thunder Strike","floor":16},{"not_picked":["Gash+1","Compile Driver+1"],"picked":"Coolheaded+1","floor":18},{"not_picked":["Ball Lightning","Beam Cell","Reprogram+1"],"picked":"SKIP","floor":20},{"not_picked":["Conserve Battery","Gash","Self Repair+1"],"picked":"SKIP","floor":23},{"not_picked":["Hello World","Compile Driver","Conserve Battery"],"picked":"SKIP","floor":24},{"not_picked":["Cold Snap","Turbo","Sweeping Beam+1"],"picked":"SKIP","floor":25},{"not_picked":["Genetic Algorithm","Rebound"],"picked":"Auto Shields","floor":27},{"not_picked":["All For One","Loop+1","Rip and Tear"],"picked":"SKIP","floor":29},{"not_picked":["Conserve Battery","Turbo+1"],"picked":"Coolheaded+1","floor":31},{"not_picked":["Seek","Biased Cognition"],"picked":"Core Surge","floor":33},{"not_picked":["Skim+1","Stack+1","Streamline+1"],"picked":"SKIP","floor":35},{"not_picked":["Redo","Rebound+1"],"picked":"Blizzard","floor":37},{"not_picked":["Scrape+1","Double Energy+1"],"picked":"Coolheaded+1","floor":38},{"not_picked":["Conserve Battery+1","Beam Cell","Turbo+1"],"picked":"SKIP","floor":39},{"not_picked":["Hyperbeam","Sweeping Beam+1"],"picked":"Cold Snap","floor":41}],"player_experience":180368,"relics_obtained":[{"floor":7,"key":"Blood Vial"},{"floor":9,"key":"Happy Flower"},{"floor":14,"key":"Bronze Scales"},{"floor":23,"key":"Potion Belt"},{"floor":26,"key":"HornCleat"},{"floor":27,"key":"Pantograph"},{"floor":41,"key":"MealTicket"}],"event_choices":[{"damage_healed":0,"gold_gain":0,"player_choice":"Entered Light","damage_taken":15,"max_hp_gain":0,"max_hp_loss":0,"event_name":"Shining Light","floor":2,"gold_loss":0,"cards_upgraded":["Strike_B","Undo"]},{"damage_healed":0,"gold_gain":0,"player_choice":"Success","damage_taken":7,"relics_obtained":["Eternal Feather"],"max_hp_gain":0,"max_hp_loss":0,"event_name":"Scrap Ooze","floor":3,"gold_loss":0},{"damage_healed":0,"gold_gain":0,"player_choice":"Lose Max HP","damage_taken":0,"relics_obtained":["Golden Idol"],"max_hp_gain":0,"max_hp_loss":6,"event_name":"Golden Idol","floor":5,"gold_loss":0},{"damage_healed":0,"gold_gain":0,"player_choice":"Searched \u00272\u0027 times","damage_taken":0,"max_hp_gain":0,"max_hp_loss":0,"event_name":"Dead Adventurer","floor":14,"gold_loss":0},{"damage_healed":0,"gold_gain":99,"player_choice":"Stole From Cult","damage_taken":0,"max_hp_gain":0,"max_hp_loss":0,"event_name":"Nest","floor":19,"gold_loss":0},{"cards_removed":["Strike_B"],"damage_healed":0,"gold_gain":0,"player_choice":"Single Remove","damage_taken":0,"max_hp_gain":0,"max_hp_loss":0,"event_name":"Designer","floor":21,"gold_loss":60},{"damage_healed":0,"gold_gain":0,"player_choice":"Ignored","damage_taken":0,"max_hp_gain":0,"max_hp_loss":0,"event_name":"Ghosts","floor":30,"gold_loss":0},{"damage_healed":0,"gold_gain":0,"player_choice":"Paid Gold","damage_taken":0,"relics_obtained":["War Paint"],"max_hp_gain":0,"max_hp_loss":0,"event_name":"WeMeetAgain","floor":36,"gold_loss":53}],"is_beta":false,"boss_relics":[{"not_picked":["Snecko Eye","Coffee Dripper"],"picked":"Sozu"},{"not_picked":["Fusion Hammer","SacredBark"],"picked":"Cursed Key"}],"items_purged_floors":[22],"is_endless":false,"potions_floor_spawned":[7,11,13,14,20,25,27,29,35,38],"killed_by":"Spire Growth","ascension_level":10}}