{"host":"0dsi8ju7ih3zb7n8","time":1610875804,"event":{"mods":["2.2 Compatiblity","Act Like it!","BaseMod","Downfall","Hermit","Minty Spire (QoL Compilation)","Robot Space Explorer","Spicy Shops","StSLib"],"gold_per_floor":[118,118,135,135,135,169,169,169,195,214,214,248,101,128,128,225,225,242,242,341,341,113,143,173,173,173,185,214,240,240,259,259,364,364,382,382,429,94,94,127,153,153,153,167,167,198,20,33,33,33],"floor_reached":51,"language":"ENG","playtime":4351,"items_purged":[],"score":1048,"play_id":"21a6a1ad-6cf5-4390-acca-8fab4c91568d","local_time":"20210117103004","daily_mods":["SealedDeck","Heirloom","Flight"],"is_ascension_mode":false,"campfire_choices":[{"data":"champ:TripleStrike","floor":7,"key":"SMITH"},{"data":"champ:Lariat","floor":8,"key":"SMITH"},{"data":"champ:EnragedBash","floor":11,"key":"SMITH"},{"data":"champ:GutPunch","floor":15,"key":"SMITH"},{"floor":25,"key":"REST"},{"data":"champ:Lariat","floor":30,"key":"SMITH"},{"data":"champ:EnchantShield","floor":32,"key":"SMITH"},{"data":"Madness","floor":42,"key":"SMITH"},{"data":"champ:Improvising","floor":45,"key":"SMITH"},{"data":"champ:EndlessRage","floor":49,"key":"SMITH"}],"circlet_count":0,"master_deck":["champ:BringItOn","champ:AdrenalArmor","champ:DefensiveStyle","champ:SkillfulDodge","champ:Lariat+1","champ:Endure","champ:BerserkerStyle","champ:Encircle+1","champ:SwordSigil","champ:FocusedDefense","champ:FalseCounter","champ:EnragedBash+1","champ:TripleStrike+1","champ:Circumvent","champ:GutPunch+1","champ:MurderStrike","champ:DeathBlow","champ:EnchantShield+1","champ:GladiatorStyle+1","champ:EndlessRage+1","champ:Lariat+1","champ:ShieldThrow","champ:Improvising+1","Writhe","champ:VampiricStrike","Madness+1","Madness","champ:IronFortress","champ:SwordSigil","Writhe","champ:StanceDance+1"],"relics":["champ:ChampionCrown","Incense Burner","Boot","Bag of Preparation","Whetstone","champ:DefensiveTrainingManual","Akabeko","bronze:MakeshiftBattery","champ:GladiatorsBookOfMartialProwess","Medical Kit","Chemical X","champ:DuelingGlove","Regal Pillow","White Beast Statue","Ancient Tea Set","Dream Catcher","Busted Crown","PreservedInsect","bronze:DonusWashers","Calipers","hexamod:CandleOfCauterizing","Eternal Feather","Centennial Puzzle","Pen Nib","Membership Card","Orrery"],"acts_visited":["Exordium","TheCity","TheBeyond"],"potions_floor_usage":[16,27,27,33,41,46,46,50],"damage_taken":[{"damage":56,"enemies":"Small Slimes","floor":1,"turns":3},{"damage":49,"enemies":"Cultist","floor":3,"turns":3},{"damage":30,"enemies":"Lagavulin","floor":6,"turns":7},{"damage":0,"enemies":"2 Louse","floor":10,"turns":1},{"damage":5,"enemies":"Gremlin Nob","floor":12,"turns":2},{"damage":24,"enemies":"Lagavulin","floor":14,"turns":3},{"damage":68,"enemies":"Slime Boss","floor":16,"turns":6},{"damage":50,"enemies":"2 Thieves","floor":18,"turns":2},{"damage":46,"enemies":"Slavers","floor":23,"turns":3},{"damage":93,"enemies":"Book of Stabbing","floor":24,"turns":5},{"damage":77,"enemies":"3 Byrds","floor":27,"turns":4},{"damage":17,"enemies":"Gremlin Leader","floor":28,"turns":4},{"damage":5,"enemies":"Slavers","floor":29,"turns":2},{"damage":45,"enemies":"Centurion and Healer","floor":31,"turns":3},{"damage":124,"enemies":"Collector","floor":33,"turns":6},{"damage":99,"enemies":"3 Darklings","floor":35,"turns":4},{"damage":51,"enemies":"Nemesis","floor":40,"turns":5},{"damage":83,"enemies":"Giant Head","floor":41,"turns":6},{"damage":0,"enemies":"Orb Walker","floor":44,"turns":2},{"damage":109,"enemies":"Reptomancer","floor":46,"turns":4},{"damage":29,"enemies":"Jaw Worm Horde","floor":48,"turns":2},{"damage":96,"enemies":"Time Eater","floor":50,"turns":6}],"seed_played":"-954504997660790322","potions_obtained":[{"floor":1,"key":"SpeedPotion"},{"floor":3,"key":"sneckomod:MuddlingPotion"},{"floor":5,"key":"hexamod:SoulburnPotion"},{"floor":18,"key":"hexamod:SoulburnPotion"},{"floor":27,"key":"Fruit Juice"},{"floor":28,"key":"PowerPotion"},{"floor":29,"key":"LiquidBronze"},{"floor":31,"key":"champ:CounterPotion"},{"floor":33,"key":"PowerPotion"},{"floor":35,"key":"champ:UltimateStancePotion"},{"floor":40,"key":"DuplicationPotion"},{"floor":41,"key":"SkillPotion"},{"floor":46,"key":"champ:UltimateStancePotion"},{"floor":48,"key":"SpeedPotion"}],"is_trial":true,"path_per_floor":["M","?","M","$","?","E","R","R","T","M","R","E","$","E","R","B",null,"M","?","?","?","$","E","E","R","T","M","E","E","R","M","R","B",null,"M","?","T","$","?","E","E","R","T","M","R","E","$","M","R","B",null],"character_chosen":"THE_CHAMP","items_purchased":["champ:DefensiveTrainingManual","Medical Kit","Chemical X","bronze:DonusWashers","Calipers","champ:VampiricStrike","Membership Card","Orrery"],"campfire_rested":1,"item_purchase_floors":[13,22,22,38,38,38,47,47],"current_hp_per_floor":[90,55,55,55,55,44,44,44,44,44,44,44,44,60,60,25,90,85,67,67,67,67,71,50,93,93,91,100,100,100,100,100,72,100,100,100,100,100,87,97,92,100,100,100,100,83,83,79,97,97],"gold":33,"neow_bonus":"","is_daily":false,"chose_seed":false,"campfire_upgraded":9,"win_rate":0.0,"timestamp":1610875804,"path_taken":["M","?","?","?","?","E","R","R","T","?","R","E","$","E","R","BOSS","M","?","?","?","$","E","E","R","T","M","E","E","R","M","R","BOSS","M","?","?","$","?","E","E","R","T","?","R","E","$","M","R","BOSS"],"items_purchased_type":["Relic","Relic","Relic","Relic","Relic","Card","Relic","Relic"],"build_version":"2020-12-22","purchased_purges":0,"victory":true,"max_hp_per_floor":[90,90,90,90,90,90,90,90,90,90,90,90,90,90,90,90,90,90,95,95,95,95,95,95,95,95,100,100,100,100,100,100,100,100,100,100,100,100,100,100,100,100,100,100,100,100,100,100,100,100],"card_choices":[{"not_picked":["champ:TornadoPunch","champ:EnGarde"],"picked":"champ:FalseCounter","floor":1},{"not_picked":["champ:FlashCut","champ:BringItOn"],"picked":"champ:EnragedBash","floor":3},{"not_picked":["champ:Shatter","champ:DefensiveShout"],"picked":"champ:TripleStrike","floor":6},{"not_picked":["champ:AdrenalArmor","champ:Backstep"],"picked":"champ:Circumvent","floor":10},{"not_picked":["champ:Backstep","champ:AdrenalArmor"],"picked":"champ:GutPunch","floor":12},{"not_picked":["champ:PerfectedStrike","champ:Backstep","champ:Endure"],"picked":"SKIP","floor":14},{"not_picked":["champ:SteelEdge","champ:SwordThrow"],"picked":"champ:MurderStrike","floor":16},{"not_picked":["champ:BerserkersShout","champ:Backstep"],"picked":"champ:DeathBlow","floor":18},{"not_picked":["champ:FlashCut+1","champ:BerserkersShout"],"picked":"champ:EnchantShield","floor":23},{"not_picked":["champ:BringItOn","champ:Haymaker+1"],"picked":"champ:GladiatorStyle+1","floor":24},{"not_picked":["champ:Haymaker","champ:Backstep","champ:TornadoPunch+1"],"picked":"SKIP","floor":27},{"not_picked":["champ:BringItOn+1","champ:FlashCut"],"picked":"champ:EndlessRage","floor":28},{"not_picked":["champ:SwordSigil","champ:ShieldWall"],"picked":"champ:Lariat","floor":29},{"not_picked":["champ:HeartStrike","champ:CrookedStrike+1"],"picked":"champ:ShieldThrow","floor":31},{"not_picked":["champ:EnchantSword","champ:SwordThrow"],"picked":"champ:Improvising","floor":33},{"not_picked":["champ:PerfectedStrike"],"picked":"SKIP","floor":35},{"not_picked":[],"picked":"champ:IronFortress","floor":40},{"not_picked":["champ:AdrenalArmor+1"],"picked":"SKIP","floor":41},{"not_picked":["champ:ViciousMockery+1"],"picked":"SKIP","floor":44},{"not_picked":[],"picked":"champ:SwordSigil","floor":46},{"not_picked":[],"picked":"champ:StanceDance+1","floor":47},{"not_picked":["champ:BladeFlurry"],"picked":"SKIP","floor":48}],"player_experience":819143,"relics_obtained":[{"floor":6,"key":"Boot"},{"floor":9,"key":"Bag of Preparation"},{"floor":12,"key":"Whetstone"},{"floor":14,"key":"Akabeko"},{"floor":23,"key":"champ:DuelingGlove"},{"floor":24,"key":"Regal Pillow"},{"floor":26,"key":"White Beast Statue"},{"floor":28,"key":"Ancient Tea Set"},{"floor":29,"key":"Dream Catcher"},{"floor":37,"key":"PreservedInsect"},{"floor":40,"key":"hexamod:CandleOfCauterizing"},{"floor":41,"key":"Eternal Feather"},{"floor":43,"key":"Centennial Puzzle"},{"floor":46,"key":"Pen Nib"}],"event_choices":[{"damage_healed":0,"gold_gain":0,"player_choice":"Got Potions","damage_taken":0,"max_hp_gain":0,"max_hp_loss":0,"event_name":"Lab","floor":5,"gold_loss":0},{"damage_healed":0,"gold_gain":0,"player_choice":"Shed Blood","damage_taken":23,"max_hp_gain":5,"max_hp_loss":0,"event_name":"Forgotten Altar","floor":19,"gold_loss":0},{"damage_healed":0,"gold_gain":99,"player_choice":"Stole From Cult","damage_taken":0,"max_hp_gain":0,"max_hp_loss":0,"event_name":"Nest","floor":20,"gold_loss":0},{"damage_healed":0,"gold_gain":0,"player_choice":"Ignored","damage_taken":0,"max_hp_gain":0,"max_hp_loss":0,"event_name":"Tomb of Lord Red Mask","floor":36,"gold_loss":0},{"damage_healed":0,"gold_gain":0,"player_choice":"Embrace Madness","damage_taken":13,"max_hp_gain":0,"max_hp_loss":0,"event_name":"Winding Halls","floor":39,"gold_loss":0,"cards_obtained":["Madness","Madness"]}],"is_beta":false,"boss_relics":[{"not_picked":["Calling Bell","Astrolabe"],"picked":"bronze:MakeshiftBattery"},{"not_picked":["Snecko Eye","Runic Dome"],"picked":"Busted Crown"}],"items_purged_floors":[],"is_endless":false,"potions_floor_spawned":[1,3,10,18,27,28,29,31,33,35,40,41,44,46,48],"ascension_level":0}}