{"host":"p245q48pmopyklqs","time":1610871415,"event":{"mods":["BaseMod","DeckTracker","Downfall","Minty Spire (QoL Compilation)","StSLib","SuperFastMode"],"gold_per_floor":[99,115,131,145,145,145,200,214,39,39,39,56,41,60,79,176,176,176,176,196,228,228,228,228,240,240,253,273,273,21,33,48,48,48,48],"floor_reached":33,"language":"ENG","playtime":1728,"items_purged":["hexamod:Strike"],"score":253,"play_id":"d5da6184-2648-468d-92e4-e66d5311a391","local_time":"20210117171655","is_ascension_mode":true,"campfire_choices":[{"data":"hexamod:Sear","floor":1.0,"key":"SMITH"},{"data":"hexamod:SpectralAdrenaline","floor":6.0,"key":"SMITH"},{"data":"hexamod:Float","floor":10.0,"key":"SMITH"},{"data":"hexamod:RetreatToShadows","floor":18.0,"key":"SMITH"},{"floor":23.0,"key":"REST"},{"data":"hexamod:GhostOfSpireFuture","floor":26.0,"key":"SMITH"}],"circlet_count":0,"master_deck":["hexamod:Strike","hexamod:Strike","hexamod:Defend","hexamod:Defend","hexamod:Defend","hexamod:Sear+1","hexamod:Float+1","hexamod:DynamicBlow","hexamod:SpectralAdrenaline+1","hexamod:Toasty","hexamod:FlameSwitch","hexamod:RetreatToShadows+1","hexamod:ThermalTransfer","hexamod:FlamesFromBeyond","hexamod:HeatMetal","hexamod:GhostOfSpirePresent","hexamod:HauntingEcho","hexamod:FirstSeal","hexamod:GhostflameBarrier+1","hexamod:GhostOfSpireFuture+1","hexamod:Incineration","hexamod:HeatCrush","hexamod:HeatShield","expansioncontent:DashGenerateEvil","hexamod:SpectralSpark+1","hexamod:BurningTouch+1"],"relics":["hexamod:UnbrokenSoul","Bronze Scales","Red Mask","StoneCalendar"],"acts_visited":["Exordium","TheCity"],"potions_floor_usage":[31,33,33],"damage_taken":[{"damage":1.0,"enemies":"Jaw Worm","floor":2.0,"turns":3.0},{"damage":3.0,"enemies":"Small Slimes","floor":3.0,"turns":3.0},{"damage":0.0,"enemies":"Cultist","floor":4.0,"turns":3.0},{"damage":1.0,"enemies":"Exordium Wildlife","floor":8.0,"turns":3.0},{"damage":5.0,"enemies":"downfall:FleeingMerchant","floor":9.0,"turns":4.0},{"damage":2.0,"enemies":"2 Fungi Beasts","floor":12.0,"turns":3.0},{"damage":0.0,"enemies":"downfall:FleeingMerchant","floor":13.0,"turns":4.0},{"damage":14.0,"enemies":"3 Louse","floor":14.0,"turns":3.0},{"damage":8.0,"enemies":"Gremlin Gang","floor":15.0,"turns":4.0},{"damage":16.0,"enemies":"IC_STATUS_ARCHETYPE","floor":16.0,"turns":6.0},{"damage":0.0,"enemies":"Chosen","floor":19.0,"turns":1.0},{"damage":27.0,"enemies":"Spheric Guardian","floor":20.0,"turns":4.0},{"damage":31.0,"enemies":"Masked Bandits","floor":21.0,"turns":4.0},{"damage":5.0,"enemies":"Snecko","floor":25.0,"turns":5.0},{"damage":9.0,"enemies":"Centurion and Healer","floor":27.0,"turns":6.0},{"damage":1.0,"enemies":"Chosen and Byrds","floor":28.0,"turns":4.0},{"damage":15,"enemies":"downfall:FleeingMerchant","floor":30,"turns":4},{"damage":15,"enemies":"Snake Plant","floor":31,"turns":4},{"damage":23,"enemies":"Centurion and Healer","floor":32,"turns":6},{"damage":38,"enemies":"DF_ARCHETYPE_CLAW","floor":33,"turns":5}],"seed_played":"-2955355077664023141","potions_obtained":[{"floor":4.0,"key":"Ancient Potion"},{"floor":8.0,"key":"FearPotion"},{"floor":12.0,"key":"SmokeBomb"},{"floor":14.0,"key":"Regen Potion"},{"floor":21.0,"key":"DistilledChaos"},{"floor":25.0,"key":"Strength Potion"},{"floor":28.0,"key":"Explosive Potion"},{"floor":32,"key":"Block Potion"}],"is_trial":false,"path_per_floor":["R","M","M","M","?","R","T","M","$","R","?","M","$","M","M","B",null,"R","M","M","?","?","R","T","M","R","M","M","?","$","M","M","B"],"character_chosen":"THE_SPIRIT","items_purchased":["hexamod:FlameSwitch","expansioncontent:DashGenerateEvil"],"campfire_rested":1,"item_purchase_floors":[9,30],"current_hp_per_floor":[63,62,59,59,59,59,59,58,53,53,53,51,51,37,29,28,63,63,63,36,12,12,30,30,25,25,23,29,63,55,47,24,0,0,0],"gold":48,"neow_bonus":"REMOVE_TWO","is_daily":false,"chose_seed":false,"campfire_upgraded":5,"win_rate":0.0,"timestamp":1610871415,"path_taken":["R","M","M","M","?","R","T","M","$","R","?","M","?","?","M","BOSS","R","M","M","?","?","R","T","M","R","M","M","?","$","?","M","BOSS"],"items_purchased_type":["Card","Card"],"build_version":"2020-12-22","purchased_purges":1,"victory":false,"max_hp_per_floor":[63,63,63,63,63,63,63,63,63,63,63,63,63,63,63,63,63,63,63,63,63,63,63,63,63,63,63,63,63,63,63,63,63,63,63],"card_choices":[{"not_picked":["hexamod:ShieldOfDarkness","hexamod:ThermalTransfer"],"picked":"hexamod:DynamicBlow","floor":2.0},{"not_picked":["hexamod:FastForward","hexamod:StepThrough"],"picked":"hexamod:SpectralAdrenaline","floor":3.0},{"not_picked":["hexamod:SuperheatedStrike","hexamod:NightmareStrike"],"picked":"hexamod:Toasty","floor":4.0},{"not_picked":["hexamod:SuperheatedStrike","hexamod:ShieldOfDarkness","hexamod:CatchUp"],"picked":"SKIP","floor":8.0},{"not_picked":["hexamod:ShieldOfDarkness","hexamod:SpectersWail","hexamod:Hexaguard"],"picked":"SKIP","floor":9.0},{"not_picked":["hexamod:FirstSeal","hexamod:InspiringFlames"],"picked":"hexamod:RetreatToShadows","floor":12.0},{"not_picked":["hexamod:GhostShield","hexamod:FlameSwitch"],"picked":"hexamod:ThermalTransfer","floor":13.0},{"not_picked":["hexamod:SpectersWail","hexamod:SwordOfDarkness"],"picked":"hexamod:FlamesFromBeyond","floor":14.0},{"not_picked":["hexamod:NightmareGuise","hexamod:RecurringNightmare"],"picked":"hexamod:HeatMetal","floor":15.0},{"not_picked":["hexamod:UnleashSpirits","hexamod:ParanormalForm"],"picked":"hexamod:GhostOfSpirePresent","floor":16.0},{"not_picked":["hexamod:SpectralAdrenaline","hexamod:NecessarySacrifice"],"picked":"hexamod:HauntingEcho","floor":19.0},{"not_picked":["hexamod:SpectersWail","hexamod:BacktrackSmack"],"picked":"hexamod:FirstSeal","floor":20.0},{"not_picked":["hexamod:HeatMetal+1","hexamod:ThermalTransfer"],"picked":"hexamod:GhostflameBarrier+1","floor":21.0},{"not_picked":["hexamod:GhostLash","hexamod:GhostOfSpireFuture","hexamod:BacktrackSmack"],"picked":"SKIP","floor":25.0},{"not_picked":["hexamod:GhostLash","hexamod:BacktrackSmack"],"picked":"hexamod:GhostOfSpireFuture","floor":25.0},{"not_picked":["hexamod:NightmareStrike","hexamod:HauntingEcho"],"picked":"hexamod:Incineration","floor":27.0},{"not_picked":["hexamod:BacktrackSmack+1","hexamod:SuperheatedStrike+1"],"picked":"hexamod:HeatCrush","floor":28.0},{"not_picked":["hexamod:RainOfEmbers","hexamod:PhantomFireball"],"picked":"hexamod:HeatShield","floor":30},{"not_picked":["hexamod:HeatMetal+1","hexamod:GhostLash+1"],"picked":"hexamod:SpectralSpark+1","floor":31},{"not_picked":["hexamod:SpectralSpark","hexamod:DynamicBlow"],"picked":"hexamod:BurningTouch+1","floor":32}],"player_experience":2374611,"relics_obtained":[{"floor":7.0,"key":"Bronze Scales"},{"floor":21.0,"key":"Red Mask"},{"floor":24.0,"key":"StoneCalendar"}],"event_choices":[{"damage_healed":0.0,"max_hp_gain":0.0,"max_hp_loss":0.0,"gold_gain":0.0,"event_name":"Masked Bandits","player_choice":"Fought Bandits","floor":21.0,"gold_loss":0.0,"damage_taken":0.0},{"damage_healed":0.0,"max_hp_gain":0.0,"max_hp_loss":0.0,"gold_gain":0.0,"event_name":"Vampires","player_choice":"Ignored","floor":22.0,"gold_loss":0.0,"damage_taken":0.0},{"damage_healed":34.0,"max_hp_gain":0.0,"max_hp_loss":0.0,"gold_gain":0.0,"event_name":"Wheel of Change","player_choice":"Full Heal","floor":29.0,"gold_loss":0.0,"damage_taken":0.0}],"is_beta":false,"boss_relics":[{"not_picked":["Sozu","Coffee Dripper"],"picked":"hexamod:UnbrokenSoul"}],"items_purged_floors":[30],"is_endless":false,"potions_floor_spawned":[4,8,12,14,21,25,28,32],"killed_by":"DF_ARCHETYPE_CLAW","ascension_level":1}}