{"host":"i7jfea87xc8lz16p","time":1610907921,"event":{"mods":["AchievementEnabler","BaseMod","Colored Powertips","Minty Spire (QoL Compilation)","Relic Stats"],"gold_per_floor":[109,109,184,202,49,49,96,131,154,154,197,197,222,251,251,339,339,359,379,418,418,97,97,97],"floor_reached":23,"language":"ENG","playtime":929,"items_purged":["Strike_G","Strike_G"],"score":444,"play_id":"ab47c9b8-3336-4d7e-b335-23d5a0e90f38","local_time":"20210117192521","is_ascension_mode":true,"campfire_choices":[{"data":"Footwork","floor":6,"key":"SMITH"},{"data":"Flying Knee","floor":10,"key":"SMITH"},{"floor":12,"key":"REST"},{"data":"Bouncing Flask","floor":15,"key":"SMITH"}],"circlet_count":0,"master_deck":["AscendersBane","Strike_G","Strike_G","Defend_G","Defend_G","Defend_G","Defend_G","Defend_G","Survivor+1","Neutralize+1","Prepared","Flying Knee+1","Footwork+1","Terror","Blur","Bouncing Flask+1","Cloak And Dagger","Burst","Dodge and Roll","Deadly Poison+1","Calculated Gamble","Acrobatics","Noxious Fumes","Blur"],"relics":["Ring of the Snake","NeowsBlessing","CeramicFish","Toy Ornithopter","Lantern","MealTicket","HoveringKite","Red Mask"],"acts_visited":["Exordium","TheCity"],"potions_floor_usage":[11,11,16,20,23],"damage_taken":[{"damage":0,"enemies":"Jaw Worm","floor":1,"turns":1},{"damage":0,"enemies":"Small Slimes","floor":4,"turns":1},{"damage":0,"enemies":"Lagavulin","floor":8,"turns":1},{"damage":24,"enemies":"3 Sentries","floor":11,"turns":13},{"damage":0,"enemies":"Cultist","floor":13,"turns":3},{"damage":0,"enemies":"Blue Slaver","floor":14,"turns":4},{"damage":34,"enemies":"Hexaghost","floor":16,"turns":12},{"damage":11,"enemies":"Spheric Guardian","floor":18,"turns":5},{"damage":5,"enemies":"Shell Parasite","floor":19,"turns":5},{"damage":34,"enemies":"Masked Bandits","floor":20,"turns":8},{"damage":34,"enemies":"Gremlin Leader","floor":23,"turns":4}],"seed_played":"-5296334744500406909","potions_obtained":[{"floor":1,"key":"FearPotion"},{"floor":8,"key":"LiquidMemories"},{"floor":13,"key":"SteroidPotion"},{"floor":14,"key":"DistilledChaos"}],"is_trial":false,"path_per_floor":["M","?","?","M","$","R","T","E","T","R","E","R","M","M","R","B",null,"M","M","?","?","$","E"],"character_chosen":"THE_SILENT","items_purchased":["Footwork","Acrobatics","Noxious Fumes","Blur","Fire Potion"],"campfire_rested":1,"item_purchase_floors":[5,22,22,22,22],"current_hp_per_floor":[59,39,28,28,28,28,28,28,28,28,14,33,33,33,33,4,51,40,35,6,6,21,0,0],"gold":97,"neow_bonus":"THREE_ENEMY_KILL","is_daily":false,"chose_seed":false,"campfire_upgraded":3,"win_rate":0.0,"timestamp":1610907921,"path_taken":["M","?","?","M","?","R","?","E","T","R","E","R","?","M","R","BOSS","M","M","?","?","$","E"],"items_purchased_type":["Card","Card","Card","Card","Potion"],"build_version":"2020-12-22","purchased_purges":2,"victory":false,"max_hp_per_floor":[66,66,66,66,66,66,66,66,66,66,66,66,66,66,66,66,66,66,66,66,66,66,66,66],"relic_stats":{"counters":[11,57],"CeramicFish":99,"HoveringKite":[9],"MealTicket":15,"obtain_stats":[{"Lantern":9,"NeowsBlessing":0,"CeramicFish":7,"HoveringKite":17,"MealTicket":11,"Red Mask":20,"Toy Ornithopter":8,"Ring of the Snake":0},{"Lantern":3,"NeowsBlessing":0,"CeramicFish":2,"HoveringKite":7,"MealTicket":4,"Red Mask":10,"Toy Ornithopter":3,"Ring of the Snake":0},{"Lantern":3,"NeowsBlessing":0,"CeramicFish":2,"HoveringKite":35,"MealTicket":16,"Red Mask":53,"Toy Ornithopter":3,"Ring of the Snake":0}],"Toy Ornithopter":25,"Ring of the Snake":[22]},"card_choices":[{"not_picked":["Distraction","Slice"],"picked":"Prepared","floor":1},{"not_picked":["Heel Hook","Calculated Gamble"],"picked":"Flying Knee","floor":4},{"not_picked":["Finisher","Bane"],"picked":"Terror","floor":8},{"not_picked":["Footwork","Backstab"],"picked":"Blur","floor":11},{"not_picked":["Deadly Poison","Masterful Stab"],"picked":"Bouncing Flask","floor":13},{"not_picked":["Heel Hook","Envenom"],"picked":"Cloak And Dagger","floor":14},{"not_picked":["Wraith Form v2","Phantasmal Killer"],"picked":"Burst","floor":16},{"not_picked":["PiercingWail","Riddle With Holes"],"picked":"Dodge and Roll","floor":18},{"not_picked":["Bane","Backflip"],"picked":"Deadly Poison+1","floor":19},{"not_picked":["Dodge and Roll","Bane"],"picked":"Calculated Gamble","floor":20}],"player_experience":1797311,"relics_obtained":[{"floor":7,"key":"CeramicFish"},{"floor":8,"key":"Toy Ornithopter"},{"floor":9,"key":"Lantern"},{"floor":11,"key":"MealTicket"},{"floor":20,"key":"Red Mask"}],"event_choices":[{"damage_healed":0,"gold_gain":0,"player_choice":"Entered Light","damage_taken":20,"max_hp_gain":0,"max_hp_loss":0,"event_name":"Shining Light","floor":2,"gold_loss":0,"cards_upgraded":["Neutralize","Survivor"]},{"damage_healed":0,"gold_gain":75,"player_choice":"Gather Gold","damage_taken":11,"max_hp_gain":0,"max_hp_loss":0,"event_name":"World of Goop","floor":3,"gold_loss":0},{"damage_healed":0,"gold_gain":0,"player_choice":"Fought Bandits","damage_taken":0,"max_hp_gain":0,"max_hp_loss":0,"event_name":"Masked Bandits","floor":20,"gold_loss":0},{"cards_removed":["Strike_G"],"damage_healed":0,"gold_gain":0,"player_choice":"Offered Basic","damage_taken":0,"max_hp_gain":0,"max_hp_loss":0,"event_name":"Bonfire Elementals","floor":21,"gold_loss":0}],"is_beta":false,"boss_relics":[{"not_picked":["Runic Pyramid","Cursed Key"],"picked":"HoveringKite"}],"items_purged_floors":[5,22],"is_endless":false,"potions_floor_spawned":[1,8,13,14],"killed_by":"Gremlin Leader","ascension_level":20}}