{"host":"n605f8gctjc87d7h","time":1610907276,"event":{"mods":["Aspiration","Bard","BaseMod","Better Match","Better Note","Better Skull","Better Third Choice","Conspire","Halation","Infinite Spire","Minty Spire (QoL Compilation)","Replay The Spire","Retaliation","Shade Mod","Spicy Shops","StSLib","The IronCluck"],"gold_per_floor":[117,135,135,151,151,181,181,14,39,59,59,59,84,107,107,238,238,227,227,242,266,266,266,193,193,193,228,274,288,288,288],"floor_reached":30,"language":"ENG","playtime":1561,"items_purged":["Strike_G"],"score":375,"play_id":"b6c04da7-41ad-4020-9176-b2e32a93906b","local_time":"20210117101436","is_ascension_mode":true,"campfire_choices":[{"floor":7,"key":"REST"},{"floor":11,"key":"REST"},{"floor":15,"key":"REST"},{"floor":23,"key":"REST"}],"circlet_count":0,"master_deck":["AscendersBane","Strike_G","Strike_G","Strike_G","Strike_G","Defend_G","Defend_G","Defend_G","Defend_G+1","Survivor+1","Neutralize","ReplayTheSpireMod:Private Reserves","Backstab","Bouncing Flask","Poisoned Stab","Poisoned Strike","Deflect+1","ReplayTheSpireMod:Necrosis","Poisoned Stab+1","infinitespire:Fortify","Terror","Slice+1"],"relics":["Ring of the Snake","Letter Opener","Gremlin Food","Golden Idol","infinitespire:WardingShard","Vajra","Blood Vial","Anchor"],"acts_visited":["Exordium","TheCity"],"potions_floor_usage":[14,16,18,27,29],"damage_taken":[{"damage":6,"enemies":"Jaw Worm","floor":1,"turns":4},{"damage":0,"enemies":"Small Slimes","floor":2,"turns":3},{"damage":1,"enemies":"Cultist","floor":4,"turns":3},{"damage":14,"enemies":"Gremlin Nob","floor":6,"turns":4},{"damage":4,"enemies":"Blue Slaver","floor":10,"turns":4},{"damage":0,"enemies":"Exordium Wildlife","floor":13,"turns":3},{"damage":21,"enemies":"Exordium Thugs","floor":14,"turns":5},{"damage":46,"enemies":"Hexaghost","floor":16,"turns":11},{"damage":17,"enemies":"2 Thieves","floor":18,"turns":4},{"damage":9,"enemies":"3 Byrds","floor":20,"turns":8},{"damage":17,"enemies":"conspire:HollyBat","floor":21,"turns":7},{"damage":25,"enemies":"Gremlin Leader","floor":27,"turns":6},{"damage":8,"enemies":"Centurion and Healer","floor":29,"turns":9},{"damage":16,"enemies":"Snecko","floor":30,"turns":3}],"seed_played":"6458117685868188775","potions_obtained":[{"floor":1,"key":"Adrenaline Potion"},{"floor":4,"key":"ColorlessPotion"},{"floor":10,"key":"SpeedPotion"},{"floor":21,"key":"Toxic Potion"},{"floor":27,"key":"ColorlessPotion"}],"is_trial":false,"path_per_floor":["M","M","?","M","?","E","R","$","T","M","R","?","M","M","R","B",null,"M","AVR","M","M","?","R","$","PTL","PTL","E","T","M","M"],"character_chosen":"THE_SILENT","items_purchased":["Poisoned Strike","Vajra"],"campfire_rested":4,"item_purchase_floors":[8,24],"current_hp_per_floor":[57,57,57,56,56,42,63,63,63,59,70,70,70,49,70,24,59,42,42,33,16,16,37,37,37,37,12,12,6,0,0],"gold":288,"neow_bonus":"RANDOM_COLORLESS","is_daily":false,"chose_seed":false,"campfire_upgraded":0,"win_rate":0.0,"timestamp":1610907276,"path_taken":["M","M","?","M","?","E","R","$","T","?","R","?","M","M","R","BOSS","M","AVR","M","M","?","R","?","PTL","PTL","E","T","M","M"],"items_purchased_type":["Card","Relic"],"build_version":"2020-12-22","purchased_purges":1,"victory":false,"max_hp_per_floor":[70,70,70,70,70,70,70,70,70,70,70,70,70,70,70,70,70,70,70,70,70,70,70,70,70,70,70,70,70,70,70],"card_choices":[{"not_picked":["Flash of Steel","Forethought"],"picked":"ReplayTheSpireMod:Private Reserves","floor":0},{"not_picked":["Setup","Hidden Blade"],"picked":"Backstab","floor":1},{"not_picked":["Poisoned Stab","Backflip"],"picked":"Bouncing Flask","floor":2},{"not_picked":["Sucker Punch","Dagger Throw"],"picked":"Poisoned Stab","floor":4},{"not_picked":["Quick Slash","Dodge and Roll","Hidden Blade"],"picked":"SKIP","floor":6},{"not_picked":["Masterful Stab","Draining Mist","Deadly Poison"],"picked":"SKIP","floor":10},{"not_picked":["Dagger Throw","Hidden Blade"],"picked":"Deflect","floor":13},{"not_picked":["ReplayTheSpireMod:From All Sides","Dash","Dagger Throw"],"picked":"SKIP","floor":14},{"not_picked":["Grand Finale","Atom Bomb"],"picked":"ReplayTheSpireMod:Necrosis","floor":16},{"not_picked":["Cloak And Dagger+1","Deflect"],"picked":"Poisoned Stab+1","floor":18},{"not_picked":["Slice","Flying Knee"],"picked":"Terror","floor":20},{"not_picked":["Quick Slash","Dodge and Roll","Terror"],"picked":"SKIP","floor":21},{"not_picked":["Cloak And Dagger+1","Dagger Throw+1","Hidden Blade"],"picked":"SKIP","floor":27},{"not_picked":["Sucker Punch","Masterful Stab"],"picked":"Slice+1","floor":29}],"player_experience":582972,"relics_obtained":[{"floor":6,"key":"Letter Opener"},{"floor":9,"key":"Gremlin Food"},{"floor":27,"key":"Blood Vial"},{"floor":28,"key":"Anchor"}],"event_choices":[{"cards_removed":["Defend_G"],"damage_healed":0,"gold_gain":0,"player_choice":"Forget","damage_taken":0,"max_hp_gain":0,"max_hp_loss":0,"event_name":"Living Wall","floor":3,"gold_loss":0},{"damage_healed":0,"gold_gain":0,"player_choice":"Take Wound","damage_taken":0,"relics_obtained":["Golden Idol"],"max_hp_gain":0,"max_hp_loss":0,"event_name":"Golden Idol","floor":12,"gold_loss":0,"cards_obtained":["Injury"]},{"cards_removed":["Injury"],"damage_healed":0,"gold_gain":0,"player_choice":"Removed Curses","damage_taken":0,"max_hp_gain":0,"max_hp_loss":0,"event_name":"Fountain of Cleansing","floor":22,"gold_loss":0}],"is_beta":false,"boss_relics":[{"not_picked":["conspire:SlowCooker","halation:PinkAlligatorPlush","ReplayTheSpireMod:SealedPack"]}],"items_purged_floors":[19],"is_endless":false,"potions_floor_spawned":[1,4,10,21,27],"killed_by":"Snecko","ascension_level":10}}