{"host":"ydg0vn0pu4pubmdt","time":1610843766,"event":{"mods":["AchievementEnabler","BaseMod","Colored Map","Gold Saver","Minty Spire (QoL Compilation)","Quick Restart","SuperFastMode"],"gold_per_floor":[119,119,129,129,129,165,165,90,90,103,52,72,87,110,110,229,229,244,144,168,16,39,39,39,39,39],"floor_reached":25,"language":"KOR","playtime":516,"items_purged":["Strike_G","Catalyst+1"],"score":285,"play_id":"56b66264-4061-4c54-8bcc-a5c6681844cc","local_time":"20210117093606","is_ascension_mode":true,"campfire_choices":[{"data":"Die Die Die","floor":7.0,"key":"SMITH"},{"data":"Blade Dance","floor":15.0,"key":"SMITH"},{"data":"Accuracy","floor":23.0,"key":"SMITH"}],"circlet_count":0,"master_deck":["Strike_G","Strike_G","Defend_G","Defend_G","Defend_G","Survivor","Neutralize","Noxious Fumes","Acrobatics","Die Die Die+1","Accuracy+1","Blade Dance+1","Caltrops","A Thousand Cuts","All Out Attack+1","Tools of the Trade+1","Blade Dance","Prepared+1","Well Laid Plans"],"relics":["Ring of the Snake","NeowsBlessing","Golden Idol","Kunai","Question Card","Astrolabe","Vajra"],"acts_visited":["Exordium","TheCity"],"potions_floor_usage":[],"damage_taken":[{"damage":0.0,"enemies":"Jaw Worm","floor":1.0,"turns":1.0},{"damage":0.0,"enemies":"Small Slimes","floor":3.0,"turns":1.0},{"damage":0.0,"enemies":"3 Sentries","floor":6.0,"turns":1.0},{"damage":0.0,"enemies":"2 Louse","floor":10.0,"turns":2.0},{"damage":1.0,"enemies":"Blue Slaver","floor":12.0,"turns":3.0},{"damage":4.0,"enemies":"Large Slime","floor":13.0,"turns":4.0},{"damage":0.0,"enemies":"Exordium Wildlife","floor":14.0,"turns":1.0},{"damage":24.0,"enemies":"The Guardian","floor":16.0,"turns":12.0},{"damage":15.0,"enemies":"3 Byrds","floor":18.0,"turns":4.0},{"damage":18.0,"enemies":"Spheric Guardian","floor":20.0,"turns":4.0},{"damage":8.0,"enemies":"Shelled Parasite and Fungi","floor":22.0,"turns":2.0},{"damage":31,"enemies":"Book of Stabbing","floor":25,"turns":3}],"seed_played":"-5364445141153840968","potions_obtained":[{"floor":3.0,"key":"BlessingOfTheForge"},{"floor":10.0,"key":"SpeedPotion"},{"floor":14.0,"key":"Explosive Potion"},{"floor":16.0,"key":"Explosive Potion"}],"is_trial":false,"path_per_floor":["M","?","M","?","?","E","R","$","T","M","$","M","M","M","R","B",null,"M","$","M","$","M","R","?","E"],"character_chosen":"THE_SILENT","items_purchased":["Blade Dance","Vajra"],"campfire_rested":0,"item_purchase_floors":[11,21],"current_hp_per_floor":[70,75,75,57,50,50,50,50,50,50,50,49,45,45,45,21,62,47,47,29,29,21,21,21,0,0],"gold":39,"neow_bonus":"THREE_ENEMY_KILL","is_daily":false,"chose_seed":false,"campfire_upgraded":3,"win_rate":0.0,"timestamp":1610843766,"path_taken":["M","?","M","?","?","E","R","$","T","M","?","M","M","?","R","BOSS","M","$","M","$","M","R","?","E"],"items_purchased_type":["Card","Relic"],"build_version":"2020-12-22","purchased_purges":2,"victory":false,"max_hp_per_floor":[70,75,75,75,75,75,75,75,75,75,75,75,75,75,75,75,75,75,75,75,75,75,75,75,75,75],"card_choices":[{"not_picked":["Bane","Outmaneuver"],"picked":"Noxious Fumes","floor":1.0},{"not_picked":["Cloak And Dagger","Outmaneuver"],"picked":"Acrobatics","floor":3.0},{"not_picked":["Quick Slash","Dagger Throw"],"picked":"Die Die Die","floor":6.0},{"not_picked":["Caltrops","Dodge and Roll","Predator"],"picked":"Accuracy","floor":10.0},{"not_picked":["Noxious Fumes","Choke","Outmaneuver"],"picked":"Caltrops","floor":12.0},{"not_picked":["Noxious Fumes","All Out Attack","Outmaneuver","Dash"],"picked":"SKIP","floor":13.0},{"not_picked":["Dodge and Roll","Quick Slash","Dagger Spray","Outmaneuver"],"picked":"SKIP","floor":14.0},{"not_picked":["Envenom","Phantasmal Killer","Night Terror"],"picked":"A Thousand Cuts","floor":16.0},{"not_picked":["PiercingWail","Underhanded Strike+1","Bane"],"picked":"Blade Dance","floor":18.0},{"not_picked":["Acrobatics","Calculated Gamble","Slice+1"],"picked":"Prepared+1","floor":20.0},{"not_picked":["Deadly Poison","Prepared","Backstab+1"],"picked":"Well Laid Plans","floor":22.0}],"player_experience":424141,"relics_obtained":[{"floor":6.0,"key":"Kunai"},{"floor":9.0,"key":"Question Card"}],"event_choices":[{"damage_healed":0.0,"max_hp_gain":5.0,"max_hp_loss":0.0,"gold_gain":0.0,"event_name":"Big Fish","player_choice":"Donut","floor":2.0,"gold_loss":0.0,"damage_taken":0.0},{"damage_healed":0.0,"max_hp_gain":0.0,"max_hp_loss":0.0,"gold_gain":0.0,"event_name":"Golden Idol","player_choice":"Take Damage","floor":4.0,"gold_loss":0.0,"damage_taken":18.0,"relics_obtained":["Golden Idol"]},{"cards_removed":["Defend_G"],"damage_healed":0.0,"max_hp_gain":0.0,"max_hp_loss":0.0,"gold_gain":0.0,"event_name":"Golden Wing","player_choice":"Card Removal","floor":5.0,"gold_loss":0.0,"damage_taken":7.0},{"damage_healed":0,"gold_gain":0,"player_choice":"Ignored","damage_taken":0,"max_hp_gain":0,"max_hp_loss":0,"event_name":"Cursed Tome","floor":24,"gold_loss":0}],"is_beta":false,"boss_relics":[{"not_picked":["Velvet Choker","Coffee Dripper"],"picked":"Astrolabe"}],"items_purged_floors":[8,19],"is_endless":false,"potions_floor_spawned":[3,10,14,16,18],"killed_by":"Book of Stabbing","ascension_level":5}}