{"host":"e4wnmsyty9uvvtwf","time":1610861921,"event":{"mods":["Act Like it!","Aspiration","BaseMod","Colored Map","Colored Powertips","Gensokyo","Minty Spire (QoL Compilation)","Rare Cards Sparkle","Reimu£®≤©¿ˆ¡È√Œ£©","Replay The Spire","StSLib"],"gold_per_floor":[118,118,135,135,152,152,169,169,221,232,232,51,51,51,51,51,51],"floor_reached":16,"language":"ZHS","playtime":450,"items_purged":[],"score":90,"play_id":"a895aad5-5926-456d-a72e-fe2b14874708","local_time":"20210117133841","is_ascension_mode":false,"campfire_choices":[{"data":"FoulBorder2:ReiMu","floor":6,"key":"SMITH"},{"data":"LovePray:ReiMu","floor":8,"key":"SMITH"},{"data":"ReplayTheSpireMod:Trickstab","floor":13,"key":"SMITH"},{"data":"NB:ReiMu","floor":15,"key":"SMITH"}],"circlet_count":0,"master_deck":["Strike_Lin:ReiMu","Strike_Lin:ReiMu","Strike_Lin:ReiMu","Strike_Lin:ReiMu","Defend_Lin:ReiMu","Defend_Lin:ReiMu","Defend_Lin:ReiMu","Defend_Lin:ReiMu","NB:ReiMu+1","Stagnation:ReiMu","ReplayTheSpireMod:Trickstab+1","Enchanting:ReiMu","Injury","LovePray:ReiMu+1","FoulBorder2:ReiMu+1","Enchanting:ReiMu","Gensokyo:BlemishedSteel","Gensokyo:DepletedGenerator","Gensokyo:Shovel"],"relics":["FlyPower:ReiMu","InkBottle","Pear","Blue Doll","Gensokyo:Justice"],"acts_visited":["Exordium"],"potions_floor_usage":[],"damage_taken":[{"damage":5,"enemies":"Gensokyo:2_Kodama","floor":1,"turns":5},{"damage":10,"enemies":"Gensokyo:Gryphon","floor":3,"turns":5},{"damage":2,"enemies":"Gensokyo:3_Fairies","floor":5,"turns":6},{"damage":6,"enemies":"Gensokyo:2_Rabbits","floor":7,"turns":8},{"damage":16,"enemies":"Gensokyo:3_Kodama","floor":10,"turns":8},{"damage":36,"enemies":"Gensokyo:Kokoro","floor":16,"turns":13}],"seed_played":"5572534124293838028","potions_obtained":[{"floor":5,"key":"Energy Potion"},{"floor":7,"key":"GamblersBrew"}],"is_trial":false,"path_per_floor":["M","?","M","?","M","R","M","R","T","M","?","COS","R","?","R","B"],"character_chosen":"REIMU","items_purchased":[],"campfire_rested":0,"item_purchase_floors":[],"current_hp_per_floor":[60,60,50,45,43,43,37,37,37,21,21,21,21,21,21,0,0],"gold":51,"neow_bonus":"RANDOM_COLORLESS","is_daily":false,"chose_seed":false,"campfire_upgraded":4,"win_rate":0.0,"timestamp":1610861921,"path_taken":["M","?","M","?","M","R","M","R","T","?","?","COS","R","?","R","BOSS"],"items_purchased_type":[],"build_version":"2020-12-22","purchased_purges":0,"victory":false,"max_hp_per_floor":[65,65,65,75,75,75,75,75,75,75,75,75,75,75,75,75,75],"card_choices":[{"not_picked":["ReplayTheSpireMod:Private Reserves","Survey Options"],"picked":"ReplayTheSpireMod:Trickstab","floor":0},{"not_picked":["Meditation:ReiMu","SpringWay:ReiMu"],"picked":"Enchanting:ReiMu","floor":1},{"not_picked":["SpreadBorder2:ReiMu","TightArray:ReiMu"],"picked":"LovePray:ReiMu","floor":3},{"not_picked":["WonderfulDomain:ReiMu","SpreadBorder2:ReiMu"],"picked":"FoulBorder2:ReiMu","floor":5},{"not_picked":["RainPray2:ReiMu","Intuition:ReiMu"],"picked":"Enchanting:ReiMu","floor":7},{"not_picked":["SubcavityInstant:ReiMu","AlertArray:ReiMu"],"picked":"SpringWay:ReiMu","floor":10}],"player_experience":563511,"relics_obtained":[{"floor":9,"key":"Blue Doll"}],"event_choices":[],"is_beta":false,"boss_relics":[],"items_purged_floors":[],"is_endless":false,"potions_floor_spawned":[5,7],"killed_by":"Gensokyo:Kokoro","ascension_level":0}}