{"host":"jyuuog6ydc2s7nd8","time":1610889896,"event":{"mods":["BaseMod","Better Vampires","Minty Spire (QoL Compilation)","Shop Mod","StSLib","The Hierophant","The Servant 0.9.4","TheBandit","[IsaacMod]ÒÔÈö¼âËþ"],"gold_per_floor":[19,34,34,34,34,34,49,49,49,80,80,92,122,133,133,140,140],"floor_reached":16,"language":"ZHS","playtime":348,"items_purged":[],"score":270,"play_id":"46765b4d-deea-46b4-af98-fd8ca57b9429","local_time":"20210117212456","is_ascension_mode":true,"campfire_choices":[{"data":"Body Slam","floor":6,"key":"SMITH"},{"data":"Bash","floor":8,"key":"SMITH"},{"floor":15,"key":"DIG"}],"circlet_count":0,"master_deck":["AscendersBane","Strike_R","Strike_R","Strike_R","Defend_R","Defend_R","Defend_R","Defend_R","Bash+1","Body Slam+1","Ghostly Armor","Bomb","Bloodletting"],"relics":["Burning Blood","HushsDoor","Shovel","GuppysTail","Matryoshka","PunchingBag","Eternal Feather","SalivaCoin"],"acts_visited":["Exordium"],"potions_floor_usage":[7,13],"damage_taken":[{"damage":2,"enemies":"2 Louse","floor":1,"turns":4},{"damage":23,"enemies":"Small Slimes","floor":2,"turns":4},{"damage":11,"enemies":"Jaw Worm","floor":7,"turns":4},{"damage":0,"enemies":"3 Sentries","floor":10,"turns":2},{"damage":5,"enemies":"Red Slaver","floor":12,"turns":4},{"damage":3,"enemies":"Gremlin Nob","floor":13,"turns":5},{"damage":6,"enemies":"Looter","floor":14,"turns":3},{"damage":1,"enemies":"Slime Boss","floor":16,"turns":7}],"seed_played":"7325227940563495262","potions_obtained":[{"floor":2,"key":"DistilledChaos"},{"floor":7,"key":"Fruit Juice"},{"floor":13,"key":"SpeedPotion"},{"floor":14,"key":"BloodPotion"}],"is_trial":false,"path_per_floor":["M","M","$","?","$","R","M","R","T","E","?","M","E","M","R","B"],"character_chosen":"IRONCLAD","items_purchased":[],"campfire_rested":0,"item_purchase_floors":[],"current_hp_per_floor":[72,55,55,55,55,55,55,55,55,61,54,55,58,58,64,63,63],"gold":140,"neow_bonus":"ONE_RARE_RELIC","is_daily":false,"chose_seed":false,"campfire_upgraded":2,"win_rate":0.0,"timestamp":1610889896,"path_taken":["M","M","$","?","$","R","M","R","T","E","?","M","E","?","R","BOSS"],"items_purchased_type":[],"build_version":"2020-12-22","purchased_purges":0,"victory":false,"max_hp_per_floor":[75,75,75,75,75,75,80,80,80,80,80,80,80,80,80,80,80],"card_choices":[{"not_picked":[],"picked":"Bomb","floor":0},{"not_picked":["Twin Strike","Headbutt"],"picked":"Body Slam","floor":1},{"not_picked":["Juggernaut","Heavy Blade","Shockwave"],"picked":"SKIP","floor":2},{"not_picked":["Searing Blow","Rampage","Twin Strike"],"picked":"SKIP","floor":7},{"not_picked":["Bludgeon","Clothesline"],"picked":"Ghostly Armor","floor":10},{"not_picked":["Pommel Strike","Seeing Red"],"picked":"Bomb","floor":12},{"not_picked":["Clothesline","Combust","Sword Boomerang"],"picked":"SKIP","floor":13},{"not_picked":["Uppercut","Flex"],"picked":"Bloodletting","floor":14}],"player_experience":1832281,"relics_obtained":[{"floor":9,"key":"Matryoshka"},{"floor":10,"key":"PunchingBag"},{"floor":13,"key":"Eternal Feather"},{"floor":15,"key":"SalivaCoin"}],"event_choices":[{"cards_removed":["Strike_R"],"damage_healed":0,"gold_gain":0,"player_choice":"Forget","damage_taken":0,"max_hp_gain":0,"max_hp_loss":0,"event_name":"Living Wall","floor":4,"gold_loss":0},{"cards_removed":["Strike_R"],"damage_healed":0,"gold_gain":0,"player_choice":"Card Removal","damage_taken":7,"max_hp_gain":0,"max_hp_loss":0,"event_name":"Golden Wing","floor":11,"gold_loss":0}],"is_beta":false,"boss_relics":[],"items_purged_floors":[],"is_endless":false,"potions_floor_spawned":[2,7,13,14],"killed_by":"Slime Boss","ascension_level":20}}