{"host":"3a1ypf1irl30q4k8","time":1610899490,"event":{"mods":["AchievementEnabler","BaseMod","Bestiary","Colored Map","Minty Spire (QoL Compilation)","Relic Stats"],"gold_per_floor":[115,132,307,257,32,66,66,66,139,12,12,12,50,66,66,66,66],"floor_reached":16,"language":"ENG","playtime":560,"items_purged":["Strike_G"],"score":122,"play_id":"8ef65c8e-8e2c-40fb-96fe-54fad8a92491","local_time":"20210117160450","is_ascension_mode":true,"campfire_choices":[{"data":"Dash","floor":8,"key":"SMITH"},{"data":"Quick Slash","floor":11,"key":"SMITH"},{"floor":15,"key":"REST"}],"circlet_count":0,"master_deck":["Strike_G","Strike_G","Strike_G","Strike_G","Defend_G","Defend_G","Defend_G","Defend_G","Defend_G","Survivor","Neutralize","Bullet Time","Poisoned Stab","Escape Plan","Master of Strategy","Dash+1","Escape Plan","Quick Slash+1","Dagger Spray","Slice"],"relics":["Ring of the Snake","Omamori","Golden Idol","Toxic Egg 2","Akabeko"],"acts_visited":["Exordium"],"potions_floor_usage":[],"damage_taken":[{"damage":0,"enemies":"2 Louse","floor":1,"turns":3},{"damage":0,"enemies":"Jaw Worm","floor":2,"turns":4},{"damage":25,"enemies":"Gremlin Nob","floor":6,"turns":5},{"damage":34,"enemies":"Lagavulin","floor":13,"turns":9},{"damage":0,"enemies":"Small Slimes","floor":14,"turns":2},{"damage":29,"enemies":"The Guardian","floor":16,"turns":7}],"seed_played":"6064381831658914747","potions_obtained":[{"floor":6,"key":"Dexterity Potion"},{"floor":13,"key":"Strength Potion"}],"is_trial":false,"path_per_floor":["M","M","?","?","$","E","?","R","T","$","R","?","E","M","R","B"],"character_chosen":"THE_SILENT","items_purchased":["Master of Strategy","Dash","Quick Slash"],"campfire_rested":1,"item_purchase_floors":[5,5,10],"current_hp_per_floor":[63,63,63,63,63,38,38,38,38,38,38,43,9,9,27,0,0],"gold":66,"neow_bonus":"THREE_RARE_CARDS","is_daily":false,"chose_seed":false,"campfire_upgraded":2,"win_rate":0.0,"timestamp":1610899490,"path_taken":["M","M","?","?","?","E","?","R","T","$","R","?","E","?","R","BOSS"],"items_purchased_type":["Card","Card","Card"],"build_version":"2020-12-22","purchased_purges":1,"victory":false,"max_hp_per_floor":[63,63,63,63,63,63,58,58,58,58,58,63,63,63,63,63,63],"relic_stats":{"counters":[6,30],"Golden Idol":11,"obtain_stats":[{"Golden Idol":7,"Omamori":6,"Toxic Egg 2":9,"Akabeko":13,"Ring of the Snake":0},{"Golden Idol":3,"Omamori":3,"Toxic Egg 2":3,"Akabeko":4,"Ring of the Snake":0},{"Golden Idol":12,"Omamori":12,"Toxic Egg 2":12,"Akabeko":21,"Ring of the Snake":0}],"Ring of the Snake":[12]},"card_choices":[{"not_picked":["Corpse Explosion","After Image"],"picked":"Bullet Time","floor":0},{"not_picked":["Underhanded Strike","Caltrops"],"picked":"Poisoned Stab","floor":1},{"not_picked":["Blade Dance","All Out Attack"],"picked":"Escape Plan","floor":2},{"not_picked":["Slice","Phantasmal Killer"],"picked":"Escape Plan","floor":6},{"not_picked":["Grand Finale","Bane"],"picked":"Dagger Spray","floor":13},{"not_picked":["Blade Dance+1","Quick Slash"],"picked":"Slice","floor":14}],"player_experience":1096758,"relics_obtained":[{"floor":6,"key":"Omamori"},{"floor":9,"key":"Toxic Egg 2"},{"floor":13,"key":"Akabeko"}],"event_choices":[{"damage_healed":0,"gold_gain":175,"player_choice":"AGREE","damage_taken":0,"max_hp_gain":0,"max_hp_loss":0,"event_name":"Liars Game","floor":3,"gold_loss":0,"cards_obtained":["Doubt"]},{"cards_removed":["Doubt"],"damage_healed":0,"gold_gain":0,"player_choice":"Card Removal","damage_taken":0,"max_hp_gain":0,"max_hp_loss":0,"event_name":"The Cleric","floor":4,"gold_loss":50},{"damage_healed":0,"gold_gain":0,"player_choice":"Lose Max HP","damage_taken":0,"relics_obtained":["Golden Idol"],"max_hp_gain":0,"max_hp_loss":5,"event_name":"Golden Idol","floor":7,"gold_loss":0},{"damage_healed":0,"gold_gain":0,"player_choice":"Donut","damage_taken":0,"max_hp_gain":5,"max_hp_loss":0,"event_name":"Big Fish","floor":12,"gold_loss":0}],"is_beta":false,"boss_relics":[],"items_purged_floors":[10],"is_endless":false,"potions_floor_spawned":[6,13],"killed_by":"The Guardian","ascension_level":3}}