{"host":"1dny1q6uquk6isnr","time":1610858744,"event":{"mods":["BaseMod","Curses Come First","Minty Spire (QoL Compilation)","Relic Stats","StSLib"],"gold_per_floor":[114,3,23,23,40,73,73,92,92,92,118,137,58,86,86,86,86],"floor_reached":16,"language":"ENG","playtime":657,"items_purged":["Defend_R"],"score":210,"play_id":"e35a6388-8224-4382-b1bf-8803d17bb073","local_time":"20210116204544","is_ascension_mode":true,"campfire_choices":[{"data":"Bash","floor":7.0,"key":"SMITH"},{"floor":10.0,"key":"REST"},{"data":"Evolve","floor":15,"key":"SMITH"}],"circlet_count":0,"master_deck":["Strike_R","Strike_R","Strike_R","Strike_R","Defend_R","Defend_R","Defend_R","Bash+1","Warcry","Power Through","Warcry","Dropkick","Sever Soul","Double Tap","Fire Breathing","Evolve+1","Impervious"],"relics":["Mark of Pain","Boot","Ancient Tea Set","Question Card","Gambling Chip"],"acts_visited":["Exordium"],"potions_floor_usage":[14],"damage_taken":[{"damage":2.0,"enemies":"Small Slimes","floor":1.0,"turns":4.0},{"damage":5.0,"enemies":"Cultist","floor":3.0,"turns":4.0},{"damage":7.0,"enemies":"Jaw Worm","floor":5.0,"turns":4.0},{"damage":21.0,"enemies":"3 Sentries","floor":6.0,"turns":14.0},{"damage":9.0,"enemies":"Exordium Wildlife","floor":8.0,"turns":5.0},{"damage":16.0,"enemies":"Gremlin Nob","floor":11.0,"turns":3.0},{"damage":10.0,"enemies":"Lots of Slimes","floor":12.0,"turns":4.0},{"damage":0,"enemies":"Lagavulin","floor":14,"turns":5},{"damage":36,"enemies":"The Guardian","floor":16,"turns":2}],"seed_played":"-4978702229383722679","potions_obtained":[{"floor":3.0,"key":"SneckoOil"},{"floor":5.0,"key":"SkillPotion"},{"floor":8.0,"key":"AttackPotion"},{"floor":11.0,"key":"CultistPotion"}],"is_trial":false,"path_per_floor":["M","$","M","?","M","E","R","M","T","R","E","M","$","E","R","B"],"character_chosen":"IRONCLAD","items_purchased":["Power Through","Evolve"],"campfire_rested":1,"item_purchase_floors":[2,13],"current_hp_per_floor":[70,70,65,65,58,37,37,28,28,52,36,26,26,26,26,0,0],"gold":86,"neow_bonus":"BOSS_RELIC","is_daily":false,"chose_seed":false,"campfire_upgraded":2,"win_rate":0.0,"timestamp":1610858744,"path_taken":["M","$","M","?","M","E","R","M","T","R","E","?","$","E","R","BOSS"],"items_purchased_type":["Card","Card"],"build_version":"2020-12-22","purchased_purges":1,"victory":false,"max_hp_per_floor":[80,80,80,80,80,80,80,80,80,80,80,80,80,80,80,80,80],"relic_stats":{"counters":[9,45],"Gambling Chip":[4],"Boot":[11],"Question Card":3,"obtain_stats":[{"Gambling Chip":14,"Mark of Pain":0,"Boot":6,"Ancient Tea Set":9,"Question Card":11,"Burning Blood":0},{"Gambling Chip":8,"Mark of Pain":0,"Boot":4,"Ancient Tea Set":5,"Question Card":6,"Burning Blood":0},{"Gambling Chip":43,"Mark of Pain":0,"Boot":26,"Ancient Tea Set":31,"Question Card":34,"Burning Blood":0}]},"card_choices":[{"not_picked":["Dual Wield","Sword Boomerang"],"picked":"Warcry","floor":1.0},{"not_picked":["Dark Embrace","Wild Strike"],"picked":"Warcry","floor":3.0},{"not_picked":["Perfected Strike","Wild Strike"],"picked":"Dropkick","floor":5.0},{"not_picked":["Heavy Blade","Thunderclap","Wild Strike"],"picked":"SKIP","floor":6.0},{"not_picked":["Thunderclap","Clash"],"picked":"Sever Soul","floor":8.0},{"not_picked":["Infernal Blade","Flex"],"picked":"Double Tap","floor":11.0},{"not_picked":["Metallicize","Rampage","Armaments"],"picked":"Fire Breathing","floor":12},{"not_picked":["Body Slam","True Grit","Armaments"],"picked":"Impervious","floor":14}],"player_experience":332910,"relics_obtained":[{"floor":6.0,"key":"Boot"},{"floor":9.0,"key":"Ancient Tea Set"},{"floor":11.0,"key":"Question Card"},{"floor":14,"key":"Gambling Chip"}],"event_choices":[{"cards_removed":["Strike_R"],"damage_healed":0.0,"max_hp_gain":0.0,"max_hp_loss":0.0,"gold_gain":0.0,"event_name":"Bonfire Elementals","player_choice":"Offered Basic","floor":4.0,"gold_loss":0.0,"damage_taken":0.0}],"is_beta":false,"boss_relics":[],"items_purged_floors":[2],"is_endless":false,"potions_floor_spawned":[3,5,8,11],"killed_by":"The Guardian","ascension_level":9}}