{"host":"at8674jmuidj9jgx","time":1610896598,"event":{"mods":["AchievementEnabler","BaseMod","Colored Map","Colored Powertips","Minty Spire (QoL Compilation)","SuperFastMode"],"gold_per_floor":[110,62,137,153,153,187,187,197,222,222,236,253,253,286,286,386,386,396,177,276,276,288,288,313,331,331,360,360,380,380,392,392,495,495,507,536,598,610,635,647,647],"floor_reached":40,"language":"ENG","playtime":2050,"items_purged":["Reflex"],"score":461,"play_id":"de879bb9-f322-46c9-a872-8c7ce55de250","local_time":"20210117181638","is_ascension_mode":false,"campfire_choices":[{"floor":10,"key":"REST"},{"floor":13,"key":"REST"},{"floor":15,"key":"REST"},{"data":"Catalyst","floor":23,"key":"SMITH"},{"floor":28,"key":"REST"},{"floor":30,"key":"REST"},{"floor":32,"key":"REST"}],"circlet_count":0,"master_deck":["Strike_G","Strike_G","Strike_G","Strike_G","Strike_G","Defend_G","Defend_G","Defend_G","Defend_G+1","Defend_G","Survivor+1","Neutralize","Bouncing Flask","Deadly Poison","Poisoned Stab","Catalyst+1","Deadly Poison","Outmaneuver","Bane+1","Burst","Burst","Bullet Time","Catalyst","Bouncing Flask","Outmaneuver+1","Envenom","Catalyst+1"],"relics":["Ring of the Snake","Omamori","Molten Egg 2","Dream Catcher","Snake Skull","Black Star","War Paint","MutagenicStrength","Kunai","Toy Ornithopter","Bottled Lightning","Blood Vial","Sundial","Calling Bell","MawBank","Eternal Feather","Prayer Wheel","TungstenRod"],"acts_visited":["Exordium","TheCity","TheBeyond"],"potions_floor_usage":[6,6,25,27,27,29,33,35,39],"damage_taken":[{"damage":0,"enemies":"Cultist","floor":1,"turns":4},{"damage":6,"enemies":"2 Louse","floor":4,"turns":3},{"damage":27,"enemies":"3 Sentries","floor":6,"turns":11},{"damage":2,"enemies":"Jaw Worm","floor":8,"turns":3},{"damage":31,"enemies":"Large Slime","floor":11,"turns":7},{"damage":9,"enemies":"Blue Slaver","floor":12,"turns":3},{"damage":10,"enemies":"Gremlin Nob","floor":14,"turns":3},{"damage":22,"enemies":"The Guardian","floor":16,"turns":6},{"damage":18,"enemies":"Shell Parasite","floor":18,"turns":4},{"damage":0,"enemies":"Chosen","floor":22,"turns":3},{"damage":40,"enemies":"Slavers","floor":24,"turns":7},{"damage":9,"enemies":"Centurion and Healer","floor":25,"turns":4},{"damage":6,"enemies":"Book of Stabbing","floor":27,"turns":3},{"damage":3,"enemies":"Snake Plant","floor":29,"turns":3},{"damage":35,"enemies":"Cultist and Chosen","floor":31,"turns":7},{"damage":24,"enemies":"Champ","floor":33,"turns":9},{"damage":3,"enemies":"3 Darklings","floor":35,"turns":2},{"damage":13,"enemies":"Orb Walker","floor":36,"turns":3},{"damage":0,"enemies":"Mind Bloom Boss Battle","floor":37,"turns":2},{"damage":43,"enemies":"4 Shapes","floor":39,"turns":8},{"damage":43,"enemies":"Reptomancer","floor":40,"turns":2}],"seed_played":"739777460939326575","potions_obtained":[{"floor":1,"key":"Poison Potion"},{"floor":6,"key":"Fruit Juice"},{"floor":11,"key":"SpeedPotion"},{"floor":12,"key":"Strength Potion"},{"floor":18,"key":"Fire Potion"},{"floor":25,"key":"Block Potion"},{"floor":27,"key":"PowerPotion"},{"floor":31,"key":"SmokeBomb"},{"floor":36,"key":"GamblersBrew"}],"is_trial":false,"path_per_floor":["M","$","?","M","$","E","?","M","T","R","M","M","R","E","R","B",null,"M","$","?","?","M","R","E","M","T","E","R","M","R","M","R","B",null,"M","M","?","?","M","E"],"character_chosen":"THE_SILENT","items_purchased":["Deadly Poison","War Paint"],"campfire_rested":6,"item_purchase_floors":[2,19],"current_hp_per_floor":[77,77,66,60,60,38,38,36,36,60,29,20,44,34,58,36,82,64,64,64,64,64,64,24,20,20,24,48,52,76,43,67,50,82,82,69,71,71,35,0,0],"gold":647,"neow_bonus":"TEN_PERCENT_HP_BONUS","is_daily":false,"chose_seed":false,"campfire_upgraded":1,"win_rate":0.0,"timestamp":1610896598,"path_taken":["M","?","?","M","?","E","?","M","T","R","M","M","R","E","R","BOSS","M","$","?","?","M","R","E","M","T","E","R","M","R","M","R","BOSS","M","M","?","?","M","E"],"items_purchased_type":["Card","Relic"],"build_version":"2020-12-22","purchased_purges":1,"victory":false,"max_hp_per_floor":[77,77,77,77,77,82,82,82,82,82,82,82,82,82,82,82,82,82,82,82,82,82,82,82,82,82,82,82,82,82,82,82,82,82,82,82,82,82,82,82,82],"card_choices":[{"not_picked":["Masterful Stab","Flying Knee"],"picked":"Bouncing Flask","floor":1},{"not_picked":["Slice","Dash"],"picked":"Poisoned Stab","floor":4},{"not_picked":["Eviscerate","Endless Agony"],"picked":"Reflex","floor":6},{"not_picked":["Slice+1","Deadly Poison"],"picked":"Catalyst","floor":8},{"not_picked":["Dodge and Roll","Blade Dance","Backflip"],"picked":"SKIP","floor":11},{"not_picked":["Cloak And Dagger","Flying Knee+1"],"picked":"Deadly Poison","floor":12},{"not_picked":["Dodge and Roll","PiercingWail"],"picked":"Outmaneuver","floor":13},{"not_picked":["Venomology","Blade Dance","Skewer+1"],"picked":"SKIP","floor":14},{"not_picked":["Infinite Blades","Distraction"],"picked":"Bane+1","floor":15},{"not_picked":["Storm of Steel","Envenom"],"picked":"Burst","floor":16},{"not_picked":["Noxious Fumes","Riddle With Holes+1","Heel Hook+1"],"picked":"SKIP","floor":18},{"not_picked":["Quick Slash+1","Backstab+1","Accuracy"],"picked":"SKIP","floor":22},{"not_picked":["Reflex","Backflip","Footwork"],"picked":"SKIP","floor":24},{"not_picked":["Dagger Spray+1","Masterful Stab+1"],"picked":"Burst","floor":25},{"not_picked":["A Thousand Cuts","Terror"],"picked":"Bullet Time","floor":27},{"not_picked":["Dodge and Roll","Backstab+1"],"picked":"Catalyst","floor":29},{"not_picked":["Sucker Punch+1","Blur+1"],"picked":"Bouncing Flask","floor":30},{"not_picked":["Choke+1","Flying Knee+1","Dagger Throw+1"],"picked":"SKIP","floor":31},{"not_picked":["Heel Hook+1","Bouncing Flask"],"picked":"Outmaneuver+1","floor":32},{"not_picked":["Tools of the Trade","Doppelganger"],"picked":"Envenom","floor":33},{"not_picked":["Endless Agony+1","PiercingWail"],"picked":"Catalyst+1","floor":36},{"not_picked":["Underhanded Strike+1","Dodge and Roll","Deflect"],"picked":"SKIP","floor":36},{"not_picked":["Heel Hook+1","Predator+1","Flechettes+1"],"picked":"SKIP","floor":39},{"not_picked":["After Image","Dagger Throw+1","Noxious Fumes+1"],"picked":"SKIP","floor":39}],"player_experience":96129,"relics_obtained":[{"floor":6,"key":"Omamori"},{"floor":9,"key":"Dream Catcher"},{"floor":14,"key":"Snake Skull"},{"floor":24,"key":"Kunai"},{"floor":24,"key":"Toy Ornithopter"},{"floor":26,"key":"Bottled Lightning"},{"floor":27,"key":"Blood Vial"},{"floor":27,"key":"Sundial"},{"floor":34,"key":"MawBank"},{"floor":34,"key":"Eternal Feather"},{"floor":34,"key":"Prayer Wheel"},{"floor":37,"key":"TungstenRod"}],"event_choices":[{"damage_healed":0,"gold_gain":75,"player_choice":"Gather Gold","damage_taken":11,"max_hp_gain":0,"max_hp_loss":0,"event_name":"World of Goop","floor":3,"gold_loss":0},{"damage_healed":0,"gold_gain":0,"player_choice":"Box","damage_taken":0,"relics_obtained":["Molten Egg 2"],"max_hp_gain":0,"max_hp_loss":0,"event_name":"Big Fish","floor":7,"gold_loss":0,"cards_obtained":["Regret"]},{"damage_healed":0,"gold_gain":99,"player_choice":"Stole From Cult","damage_taken":0,"max_hp_gain":0,"max_hp_loss":0,"event_name":"Nest","floor":20,"gold_loss":0},{"damage_healed":0,"gold_gain":0,"player_choice":"Inject Mutagens","damage_taken":0,"relics_obtained":["MutagenicStrength"],"max_hp_gain":0,"max_hp_loss":0,"event_name":"Drug Dealer","floor":21,"gold_loss":0},{"damage_healed":0,"gold_gain":0,"player_choice":"Fight","damage_taken":0,"max_hp_gain":0,"max_hp_loss":0,"event_name":"MindBloom","floor":37,"gold_loss":0},{"damage_healed":0,"gold_gain":0,"player_choice":"Ignored","damage_taken":0,"max_hp_gain":0,"max_hp_loss":0,"event_name":"NoteForYourself","floor":38,"gold_loss":0}],"is_beta":false,"boss_relics":[{"not_picked":["SlaversCollar","Philosopher\u0027s Stone"],"picked":"Black Star"},{"not_picked":["SacredBark","Astrolabe"],"picked":"Calling Bell"}],"items_purged_floors":[19],"is_endless":false,"potions_floor_spawned":[1,6,11,12,18,25,27,31,36],"killed_by":"Reptomancer","ascension_level":0}}