{"host":"m9b9nkcj1hzhp9h6","time":1610924827,"event":{"mods":["100% Spire Juice","AchievementEnabler","Act Like it!","AlwaysNeverKeys","Aspiration","BaseMod","Better Altar","Better Match","Better Note","Better Sensory Stone","Better Silent Start","Better Skull","Better Third Choice","Better Vampires","BetterRewards","Booster Modes","Colored Map","Colored Powertips","Colorless Booster Pack","Conspire","Custom Start","Dark Map","Defective Defect","Dio Mod","Displayed Cursed Tome","Dota2Spire","Elementarium","Emptier Cage","Energized Spire","Fox Events","Friendly Minions","Gensokyo","GifTheSpireLib","Halation","HexUI Lib","Hubris","Infinite Spire","Ironclad Rager","Jedi Mod","Mari Mod (Legacy)","Mari\u0027s V1 Patch","Marked Mod","Menagerie","Mimic Mod","Minty Spire (QoL Compilation)","Pale of the Ancients","Permanent Neow","Poor People Problems","Prisma Mod","RRrroohrrRGHHhhh!!","Random Character Button","Random Character Mod","Relic Sorter","Relic Stats","Remilia??????","Replay The Spire","Reworked Bosses","Robot Space Explorer","RumiaBox-????????","SCP261 Mod","SacredBarkPlus","Small Relic Pack","Spikes Relics","StSLib","Stuff the Spire","The Animator","The Blue Laboratory","The Factory","The IronCluck","The Jungle","Trackpad","Transform Curses","Useless Jewels Mod","Virulent Crown","Waifu the Spire","Wandering Minibosses","Yohane!","Yuri Mod","egg","slay the spire mod where everything is the same but ironclad has a cowboy hat","thorton","vexMod"],"gold_per_floor":[112,212,137,137,137,137,157,184,211,229,229,254,272,287,287,383,383,393,194,208,208,166,166,166],"floor_reached":23,"language":"ENG","playtime":901,"items_purged":["Strike_B"],"score":255,"play_id":"34601115-be09-4f28-b1a5-de543fac46da","local_time":"20210118010707","is_ascension_mode":true,"campfire_choices":[{"floor":6,"key":"REST"},{"data":"White Noise","floor":15,"key":"SMITH"}],"circlet_count":0,"master_deck":["Strike_B","Defend_B","Defend_B","Defend_B","Zap","Dualcast","Clumsy","Electrodynamics","White Noise+1","Hologram","Blizzard","Coolheaded","StuffTheSpire:Synthwave+1"],"relics":["Cracked Core","Gensokyo:NagashiBinaDoll","vexMod:ScavengeHelm","Gensokyo:Justice","halation:KoshaPiece","energizedSpire:RedRose"],"acts_visited":["Gensokyo:Gensokyo","TheCity"],"potions_floor_usage":[12,16,22,23,23],"damage_taken":[{"damage":1,"enemies":"Gensokyo:2_Kodama","floor":1,"turns":4},{"damage":0,"enemies":"Gensokyo:3_Fairies","floor":7,"turns":3},{"damage":13,"enemies":"Gensokyo:Mamizou","floor":8,"turns":9},{"damage":0,"enemies":"Gensokyo:Python","floor":10,"turns":3},{"damage":29,"enemies":"Gensokyo:Cirno","floor":12,"turns":5},{"damage":0,"enemies":"Gensokyo:LivingMonolith","floor":13,"turns":3},{"damage":2,"enemies":"Gensokyo:Python_and_Kodama","floor":14,"turns":2},{"damage":19,"enemies":"Gensokyo:Reimu","floor":16,"turns":8},{"damage":24,"enemies":"2 Thieves","floor":18,"turns":3},{"damage":25,"enemies":"3 Byrds","floor":20,"turns":7},{"damage":1,"enemies":"Sentry and Sphere","floor":22,"turns":7},{"damage":3,"enemies":"Book of Stabbing","floor":23,"turns":2}],"seed_played":"-513999526133001220","potions_obtained":[{"floor":8,"key":"PowerPotion"},{"floor":13,"key":"conspire:TimeTravelPotion"},{"floor":14,"key":"SCP261:BlastolaColaPotion"},{"floor":20,"key":"Adrenaline Potion"},{"floor":22,"key":"Block Potion"}],"is_trial":false,"path_per_floor":["M","?","?","?","?","R","M","E","T","M","?","E","M","M","R","B",null,"M","$","M","?","M","E"],"character_chosen":"DEFECT","items_purchased":["Blizzard","Coolheaded"],"campfire_rested":1,"item_purchase_floors":[19,19],"current_hp_per_floor":[37,37,37,37,37,59,59,46,46,46,46,17,17,15,15,3,57,33,33,8,8,7,4,4],"gold":166,"neow_bonus":"RANDOM_EVENT","is_daily":false,"chose_seed":false,"campfire_upgraded":1,"win_rate":0.0,"timestamp":1610924827,"path_taken":["M","?","?","?","?","R","?","E","T","M","?","E","M","M","R","BOSS","M","$","M","?","M","E"],"items_purchased_type":["Card","Card"],"build_version":"2020-12-22","purchased_purges":1,"victory":false,"max_hp_per_floor":[75,75,75,75,75,75,75,75,75,75,75,75,75,75,75,75,75,75,75,75,75,75,75,75],"relic_stats":{"counters":[12,56],"obtain_stats":[{"energizedSpire:RedRose":17,"vexMod:ScavengeHelm":8,"Gensokyo:NagashiBinaDoll":4,"halation:KoshaPiece":12,"Gensokyo:Justice":11,"Cracked Core":0},{"energizedSpire:RedRose":8,"vexMod:ScavengeHelm":3,"Gensokyo:NagashiBinaDoll":1,"halation:KoshaPiece":5,"Gensokyo:Justice":4,"Cracked Core":0},{"energizedSpire:RedRose":37,"vexMod:ScavengeHelm":16,"Gensokyo:NagashiBinaDoll":4,"halation:KoshaPiece":24,"Gensokyo:Justice":19,"Cracked Core":0}]},"card_choices":[{"not_picked":["Redo","Coolheaded"],"picked":"Conserve Battery","floor":1},{"not_picked":["Panic Button","jedi:spotbugs","Coolheaded"],"picked":"SKIP","floor":7},{"not_picked":["jedi:locknload","rorgmod:Chaos","ReplayTheSpireMod:Repulse"],"picked":"SKIP","floor":8},{"not_picked":["rorgmod:Centralize","Crystallizer","Double Energy"],"picked":"SKIP","floor":10},{"not_picked":["rorgmod:SQL Injection","Compile Driver"],"picked":"Electrodynamics","floor":12},{"not_picked":["StuffTheSpire:CleanHardDrive","StuffTheSpire:Plugnplay","hubris:PowerSurge"],"picked":"SKIP","floor":13},{"not_picked":["jedi:BurstFrost","Turbo"],"picked":"White Noise","floor":14},{"not_picked":["Static Discharge+1","rorgmod:Fragmentation"],"picked":"Hologram","floor":18},{"not_picked":["rorgmod:Overcurrent","Conserve Battery","Heatsinks"],"picked":"SKIP","floor":20},{"not_picked":["jedi:spotbugs","rorgmod:Steady Aim"],"picked":"StuffTheSpire:Synthwave+1","floor":22}],"player_experience":1408908,"relics_obtained":[{"floor":8,"key":"vexMod:ScavengeHelm"},{"floor":12,"key":"halation:KoshaPiece"}],"event_choices":[{"damage_healed":0,"gold_gain":0,"player_choice":"2","damage_taken":0,"max_hp_gain":0,"max_hp_loss":0,"event_name":"betterMatch:BetterMatch","floor":3,"gold_loss":0,"cards_obtained":["betterMatch:CommonCard"]}],"is_beta":false,"boss_relics":[{"not_picked":["Busted Crown","aspiration:RunicSpoon"],"picked":"energizedSpire:RedRose"}],"items_purged_floors":[19],"is_endless":false,"potions_floor_spawned":[8,13,14,20,22],"killed_by":"Book of Stabbing","ascension_level":6}}