{"host":"42xf941fomyavgzy","time":1610882466,"event":{"mods":["BaseMod","Colored Map","KinomotoSakuraMod(–Ø”V–{?)","Minty Spire (QoL Compilation)","Shop Mod","StSLib","SuperFastMode","The Cursed"],"gold_per_floor":[111,122,20,32,32,64,64,64,64,75,29,29,66,85,85,195,254,277,202,302,323,348,348,235,235,258,286,33,77,104,113,113,226,226,255,167,147,168,29,73,73,95,119,119,145,145,145],"floor_reached":46,"language":"JPN","playtime":2622,"items_purged":["Strike_B","Strike_B","Defend_B"],"score":645,"play_id":"707143eb-f6e1-4aab-b985-649bbe2ba8e5","local_time":"20210117202106","is_ascension_mode":true,"campfire_choices":[{"data":"Defragment","floor":7,"key":"SMITH"},{"data":"Conserve Battery","floor":12,"key":"SMITH"},{"floor":15,"key":"REST"},{"data":"Streamline","floor":23,"key":"SMITH"},{"data":"Hologram","floor":25,"key":"SMITH"},{"data":"Capacitor","floor":32,"key":"SMITH"},{"floor":41,"key":"RECALL"},{"data":"Seek","floor":44,"key":"SMITH"}],"circlet_count":0,"master_deck":["Strike_B+1","Defend_B","Defend_B","Defend_B","Zap+1","Dualcast","Gash","Doom and Gloom","Defragment+1","FTL","Undo+1","Steam","Ball Lightning","Conserve Battery+1","Self Repair","Turbo+1","Electrodynamics","Rebound","Coolheaded","Cold Snap+1","Streamline+1","Hologram+1","Beam Cell+1","Capacitor+1","Turbo+1","Defragment+1","Seek+1","Aggregate+1","Consume","Sunder","Go for the Eyes+1","Self Repair+1","White Noise","Chaos+1"],"relics":["Cracked Core","NeowsBlessing","Oddly Smooth Stone","Shuriken","CeramicFish","Tiny House","Potion Belt","Membership Card","MealTicket","Mummified Hand","Black Star","Cauldron","Akabeko","Dream Catcher"],"acts_visited":["Exordium","TheCity","TheBeyond"],"potions_floor_usage":[6,13,14,21,27,30,35,35,40,46],"damage_taken":[{"damage":0,"enemies":"Cultist","floor":1,"turns":1},{"damage":0,"enemies":"2 Louse","floor":2,"turns":1},{"damage":0,"enemies":"Jaw Worm","floor":4,"turns":1},{"damage":12,"enemies":"Gremlin Nob","floor":6,"turns":4},{"damage":1,"enemies":"Exordium Wildlife","floor":10,"turns":4},{"damage":14,"enemies":"3 Sentries","floor":13,"turns":5},{"damage":12,"enemies":"Exordium Thugs","floor":14,"turns":3},{"damage":3,"enemies":"Slime Boss","floor":16,"turns":8},{"damage":0,"enemies":"Chosen","floor":18,"turns":4},{"damage":22,"enemies":"2 Thieves","floor":21,"turns":3},{"damage":1,"enemies":"3 Cultists","floor":22,"turns":4},{"damage":5,"enemies":"Centurion and Healer","floor":27,"turns":5},{"damage":3,"enemies":"Gremlin Leader","floor":29,"turns":7},{"damage":13,"enemies":"Snake Plant","floor":30,"turns":4},{"damage":47,"enemies":"Automaton","floor":33,"turns":10},{"damage":4,"enemies":"3 Shapes","floor":35,"turns":5},{"damage":21,"enemies":"3 Darklings","floor":38,"turns":5},{"damage":54,"enemies":"Nemesis","floor":40,"turns":7},{"damage":35,"enemies":"4 Shapes","floor":42,"turns":4},{"damage":5,"enemies":"Sphere and 2 Shapes","floor":45,"turns":3},{"damage":38,"enemies":"Writhing Mass","floor":46,"turns":1}],"seed_played":"-8895014124892910624","potions_obtained":[{"floor":2,"key":"BlessingOfTheForge"},{"floor":4,"key":"FocusPotion"},{"floor":6,"key":"Strength Potion"},{"floor":10,"key":"Weak Potion"},{"floor":16,"key":"Fire Potion"},{"floor":17,"key":"SneckoOil"},{"floor":27,"key":"FairyPotion"},{"floor":33,"key":"Swift Potion"},{"floor":37,"key":"Dexterity Potion"},{"floor":39,"key":"PotionOfCapacity"},{"floor":39,"key":"Energy Potion"},{"floor":39,"key":"FocusPotion"},{"floor":40,"key":"Weak Potion"},{"floor":42,"key":"LiquidMemories"}],"is_trial":false,"path_per_floor":["M","M","$","M","?","E","R","?","T","M","$","R","E","M","R","B",null,"M","?","?","M","M","R","$","R","T","M","$","E","M","?","R","B",null,"M","$","?","M","$","E","R","M","T","R","M","M"],"character_chosen":"DEFECT","items_purchased":["Defragment","FTL","Conserve Battery","Hologram","Membership Card","MealTicket","Block Potion","Consume","Sunder","Cauldron"],"campfire_rested":1,"item_purchase_floors":[3,3,11,24,28,28,28,36,36,39],"current_hp_per_floor":[68,68,68,68,53,41,41,41,41,40,40,40,26,14,36,40,71,78,78,78,63,62,62,62,62,62,64,64,68,55,55,55,15,64,67,80,80,66,80,33,33,41,41,41,36,0,0],"gold":145,"neow_bonus":"THREE_ENEMY_KILL","is_daily":false,"chose_seed":false,"campfire_upgraded":6,"win_rate":0.0,"timestamp":1610882466,"path_taken":["M","M","$","?","?","E","R","?","T","M","?","R","E","?","R","BOSS","M","?","?","M","M","R","$","R","T","M","$","E","?","?","R","BOSS","M","$","?","M","$","E","R","M","T","R","?","M"],"items_purchased_type":["Card","Card","Card","Card","Relic","Relic","Potion","Card","Card","Relic"],"build_version":"2020-12-22","purchased_purges":3,"victory":false,"max_hp_per_floor":[75,75,75,75,75,75,75,75,75,75,75,75,75,75,75,75,80,80,80,80,80,80,80,80,80,80,80,80,80,80,80,80,80,80,80,80,80,80,80,80,80,80,80,80,80,80,80],"card_choices":[{"not_picked":["Aggregate","Redo"],"picked":"Gash","floor":1},{"not_picked":["Lockon","Tempest"],"picked":"Doom and Gloom","floor":2},{"not_picked":["Beam Cell","Storm"],"picked":"Undo","floor":4},{"not_picked":["Meteor Strike","Redo"],"picked":"Steam","floor":6},{"not_picked":["Hologram","Redo"],"picked":"Ball Lightning","floor":10},{"not_picked":["Sweeping Beam","Ball Lightning"],"picked":"Self Repair","floor":13},{"not_picked":["Ball Lightning","Rebound"],"picked":"Turbo","floor":14},{"not_picked":["Hyperbeam","Thunder Strike"],"picked":"Electrodynamics","floor":16},{"not_picked":["Barrage","Steam"],"picked":"Rebound","floor":17},{"not_picked":["Beam Cell","Steam Power"],"picked":"Coolheaded","floor":18},{"not_picked":["Streamline","Tempest"],"picked":"Cold Snap+1","floor":21},{"not_picked":["Reprogram","Reinforced Body"],"picked":"Streamline","floor":22},{"not_picked":["Stack","Redo"],"picked":"Beam Cell+1","floor":27},{"not_picked":["Creative AI","Redo"],"picked":"Capacitor","floor":29},{"not_picked":["Streamline","Cold Snap"],"picked":"Turbo+1","floor":30},{"not_picked":["All For One","Biased Cognition"],"picked":"Seek","floor":33},{"not_picked":["Rip and Tear","Turbo+1"],"picked":"Aggregate+1","floor":35},{"not_picked":["Redo+1","Force Field+1"],"picked":"Go for the Eyes+1","floor":38},{"not_picked":["Conserve Battery","Scrape+1"],"picked":"Self Repair+1","floor":40},{"not_picked":["Beam Cell","Rebound+1"],"picked":"White Noise","floor":42},{"not_picked":["Streamline","Scrape"],"picked":"Chaos+1","floor":45}],"player_experience":407450,"relics_obtained":[{"floor":6,"key":"Oddly Smooth Stone"},{"floor":9,"key":"Shuriken"},{"floor":13,"key":"CeramicFish"},{"floor":26,"key":"Potion Belt"},{"floor":29,"key":"Mummified Hand"},{"floor":40,"key":"Akabeko"},{"floor":40,"key":"Dream Catcher"}],"event_choices":[{"damage_healed":0,"gold_gain":0,"player_choice":"Entered Light","damage_taken":15,"max_hp_gain":0,"max_hp_loss":0,"event_name":"Shining Light","floor":5,"gold_loss":0,"cards_upgraded":["Strike_B","Undo"]},{"damage_healed":0,"gold_gain":0,"player_choice":"Grow","damage_taken":0,"max_hp_gain":0,"max_hp_loss":0,"event_name":"Living Wall","floor":8,"gold_loss":0,"cards_upgraded":["Zap"]},{"cards_removed":["Strike_B"],"damage_healed":0,"gold_gain":0,"player_choice":"Gave Gold","damage_taken":0,"max_hp_gain":0,"max_hp_loss":0,"event_name":"Beggar","floor":19,"gold_loss":75},{"damage_healed":0,"gold_gain":100,"player_choice":"Pray","damage_taken":0,"max_hp_gain":0,"max_hp_loss":0,"event_name":"Golden Shrine","floor":20,"gold_loss":0},{"damage_healed":0,"gold_gain":0,"player_choice":"Copied","damage_taken":0,"max_hp_gain":0,"max_hp_loss":0,"event_name":"Duplicator","floor":31,"gold_loss":0,"cards_obtained":["Defragment"]},{"damage_healed":0,"gold_gain":0,"player_choice":"Bought 1 Potion","damage_taken":0,"max_hp_gain":0,"max_hp_loss":0,"event_name":"The Woman in Blue","floor":37,"gold_loss":0}],"is_beta":false,"boss_relics":[{"not_picked":["SacredBark","Snecko Eye"],"picked":"Tiny House"},{"not_picked":["Runic Dome","FrozenCore"],"picked":"Black Star"}],"items_purged_floors":[24,36,39],"is_endless":false,"potions_floor_spawned":[2,4,6,10,16,18,27,33,40,42,45],"killed_by":"Writhing Mass","ascension_level":7}}