{"host":"q0ozth74idsfmf0a","time":1610865158,"event":{"mods":["BaseMod","Colored Powertips","Downfall","Minty Spire (QoL Compilation)","Relic Stats","StSLib"],"gold_per_floor":[99,111,111,111,43,143,219,19,45,65,88,88,102,113,132,233,233,233,244,264,464,479,132,132,159,259,259,159,171,33,58,73,178,178,178,197,197,34,51,67,67,93,93,103,137,147,165,9,22,22,22,57,6,6,6,6],"floor_reached":57,"language":"ENG","playtime":7943,"items_purged":["downfall:Haunted","Pride","champ:Defend"],"score":1384,"play_id":"011abba0-ea13-4077-83b8-fbcdc6948895","local_time":"20210117013238","is_ascension_mode":false,"campfire_choices":[{"floor":1,"key":"RECALL"},{"data":"champ:Taunt","floor":8,"key":"SMITH"},{"data":"champ:BerserkersShout","floor":12,"key":"SMITH"},{"data":"champ:GladiatorForm","floor":18,"key":"SMITH"},{"floor":28,"key":"REST"},{"data":"champ:StanceDance","floor":35,"key":"SMITH"},{"data":"champ:ShieldSlam","floor":43,"key":"SMITH"},{"data":"expansioncontent:PolyBeam","floor":54,"key":"SMITH"}],"circlet_count":0,"master_deck":["champ:Strike","champ:Strike","champ:Strike","champ:Strike","champ:Defend","champ:Defend","champ:Defend","champ:Execute","champ:Taunt+1","champ:EnGarde","champ:BringItOn+1","champ:BringItOn","champ:FocusedBerserking+1","champ:BerserkersShout+1","champ:DefensiveShout","champ:EnGarde","champ:StanceDance+1","champ:GladiatorForm+1","champ:AdrenalArmor+1","champ:GladiatorStyle","champ:HeartStrike+1","champ:FlashCut+1","champ:AdrenalArmor+1","champ:Encircle","champ:ShieldSlam+1","champ:ShieldThrow","champ:IronFortress+1","champ:DefensiveShout+1","champ:RisingSlash","champ:FocusedDefense+1","champ:BerserkersShout+1","champ:FancyFootwork+1","expansioncontent:PolyBeam+1"],"relics":["champ:ChampionCrown","Strawberry","Mango","downfall:HeartBlessingRed","downfall:HeartBlessingBlue","Question Card","War Paint","SlaversCollar","Frozen Egg 2","Meat on the Bone","InkBottle","Calipers","Matryoshka","MutagenicStrength","downfall:HeartBlessingGreen","Ornamental Fan","Boot","Philosopher\u0027s Stone","Blood Vial","Potion Belt","Regal Pillow","Nunchaku","Incense Burner","Thread and Needle"],"acts_visited":["Exordium","TheCity","TheBeyond","TheEnding"],"potions_floor_usage":[16,16,16,25,25,29,33,33,42,49,52,55,55,55,56,56],"damage_taken":[{"damage":20,"enemies":"Cultist","floor":2,"turns":4},{"damage":20,"enemies":"downfall:FleeingMerchant","floor":5,"turns":4},{"damage":34,"enemies":"3 Sentries","floor":9,"turns":11},{"damage":10,"enemies":"Jaw Worm","floor":10,"turns":3},{"damage":0,"enemies":"2 Louse","floor":13,"turns":2},{"damage":38,"enemies":"Exordium Wildlife","floor":14,"turns":6},{"damage":35,"enemies":"Large Slime","floor":15,"turns":5},{"damage":86,"enemies":"SI_SHIV_ARCHETYPE","floor":16,"turns":9},{"damage":66,"enemies":"Shell Parasite","floor":19,"turns":5},{"damage":80,"enemies":"3 Byrds","floor":20,"turns":5},{"damage":79,"enemies":"Snake Plant","floor":22,"turns":6},{"damage":45,"enemies":"downfall:FleeingMerchant","floor":23,"turns":4},{"damage":100,"enemies":"Slavers","floor":25,"turns":8},{"damage":62,"enemies":"IC_STATUS_ARCHETYPE","floor":26,"turns":6},{"damage":87,"enemies":"Sentry and Sphere","floor":29,"turns":6},{"damage":35,"enemies":"downfall:FleeingMerchant","floor":30,"turns":4},{"damage":10,"enemies":"Snecko","floor":32,"turns":6},{"damage":75,"enemies":"WA_ARCHETYPE_CALM","floor":33,"turns":7},{"damage":31,"enemies":"3 Darklings","floor":36,"turns":4},{"damage":66,"enemies":"downfall:FleeingMerchant","floor":38,"turns":4},{"damage":20,"enemies":"3 Shapes","floor":39,"turns":7},{"damage":44,"enemies":"3 Darklings","floor":40,"turns":4},{"damage":35,"enemies":"Giant Head","floor":42,"turns":6},{"damage":60,"enemies":"Maw","floor":44,"turns":6},{"damage":88,"enemies":"Reptomancer","floor":45,"turns":8},{"damage":84,"enemies":"Sphere and 2 Shapes","floor":46,"turns":8},{"damage":90,"enemies":"Transient","floor":47,"turns":5},{"damage":0,"enemies":"downfall:FleeingMerchant","floor":48,"turns":1},{"damage":46,"enemies":"3 Darklings","floor":49,"turns":4},{"damage":81,"enemies":"DF_ARCHETYPE_ORBS","floor":50,"turns":7},{"damage":100,"enemies":"downfall:CharBossMerchant","floor":52,"turns":8},{"damage":193,"enemies":"downfall:NeowBoss","floor":55,"turns":12},{"damage":205,"enemies":"downfall:NeowBossFinal","floor":56,"turns":9}],"seed_played":"-1005336807414407437","potions_obtained":[{"floor":9,"key":"PowerPotion"},{"floor":14,"key":"AttackPotion"},{"floor":15,"key":"Block Potion"},{"floor":16,"key":"DuplicationPotion"},{"floor":22,"key":"champ:CounterPotion"},{"floor":26,"key":"SpeedPotion"},{"floor":29,"key":"CultistPotion"},{"floor":32,"key":"sneckomod:MuddlingPotion"},{"floor":36,"key":"hexamod:SoulburnPotion"},{"floor":42,"key":"Dexterity Potion"},{"floor":45,"key":"BlessingOfTheForge"},{"floor":46,"key":"EssenceOfSteel"},{"floor":47,"key":"AttackPotion"},{"floor":52,"key":"AttackPotion"}],"is_trial":false,"path_per_floor":["R","M","T","?","$","?","T","R","E","M","T","R","M","M","M","B",null,"R","M","M","?","M","$","T","E","?","?","R","M","$","T","M","B",null,"R","M","?","$","M","M","T","E","R","M","E","M","M","$","M","B",null,"E","$","R","B","B",null],"character_chosen":"THE_CHAMP","items_purchased":["champ:BringItOn","Frozen Egg 2","champ:ShieldSlam","PowerPotion","PowerPotion","Incense Burner","expansioncontent:PolyBeam","champ:OpenerPotion"],"campfire_rested":1,"item_purchase_floors":[5,23,30,30,38,48,48,53],"current_hp_per_floor":[97,97,111,116,116,116,116,126,112,112,112,112,112,104,104,98,126,126,105,95,95,76,71,71,38,48,48,85,90,102,102,102,102,126,126,120,85,84,84,80,80,82,82,84,70,70,84,86,82,88,126,101,101,101,126,81],"gold":6,"neow_bonus":"RANDOM_COMMON_RELIC","is_daily":false,"chose_seed":false,"campfire_upgraded":6,"win_rate":0.0,"timestamp":1610865158,"path_taken":["R","M","?","?","$","?","T","R","E","M","?","R","?","M","M","BOSS","R","M","M","?","M","$","T","E","?","?","R","M","$","?","M","BOSS","R","M","?","$","M","?","T","E","R","M","E","M","M","$","M","BOSS","E","$","R","BOSS","BOSS"],"items_purchased_type":["Card","Relic","Card","Potion","Potion","Relic","Card","Potion"],"build_version":"2020-12-22","purchased_purges":3,"victory":true,"max_hp_per_floor":[97,97,111,116,116,116,116,126,126,126,126,126,126,126,126,126,126,126,126,126,126,126,126,126,126,126,126,126,126,126,126,126,126,126,126,126,126,126,126,126,126,126,126,126,126,126,126,126,126,126,126,126,126,126,126,126],"relic_stats":{"Blood Vial":18,"Regal Pillow":0,"Nunchaku":[13],"counters":[33,194],"Ornamental Fan":[172],"War Paint":["champ:FocusedBerserking","champ:BringItOn"],"Question Card":27,"Boot":[30],"obtain_stats":[{"Potion Belt":41,"Regal Pillow":42,"Calipers":26,"downfall:HeartBlessingRed":8,"champ:ChampionCrown":0,"Mango":3,"downfall:HeartBlessingGreen":28,"Thread and Needle":52,"Incense Burner":48,"War Paint":11,"Frozen Egg 2":23,"Question Card":9,"Boot":31,"Blood Vial":41,"SlaversCollar":17,"Nunchaku":45,"Matryoshka":26,"downfall:HeartBlessingBlue":8,"Ornamental Fan":31,"Strawberry":0,"MutagenicStrength":27,"Philosopher\u0027s Stone":34,"InkBottle":25,"Meat on the Bone":24},{"Potion Belt":22,"Regal Pillow":23,"Calipers":14,"downfall:HeartBlessingRed":2,"champ:ChampionCrown":0,"Mango":1,"downfall:HeartBlessingGreen":14,"Thread and Needle":31,"Incense Burner":28,"War Paint":4,"Frozen Egg 2":12,"Question Card":3,"Boot":16,"Blood Vial":22,"SlaversCollar":8,"Nunchaku":25,"Matryoshka":14,"downfall:HeartBlessingBlue":2,"Ornamental Fan":16,"Strawberry":0,"MutagenicStrength":14,"Philosopher\u0027s Stone":18,"InkBottle":13,"Meat on the Bone":12},{"Potion Belt":120,"Regal Pillow":126,"Calipers":78,"downfall:HeartBlessingRed":8,"champ:ChampionCrown":0,"Mango":4,"downfall:HeartBlessingGreen":78,"Thread and Needle":173,"Incense Burner":154,"War Paint":22,"Frozen Egg 2":64,"Question Card":19,"Boot":88,"Blood Vial":120,"SlaversCollar":44,"Nunchaku":140,"Matryoshka":78,"downfall:HeartBlessingBlue":8,"Ornamental Fan":88,"Strawberry":0,"MutagenicStrength":78,"Philosopher\u0027s Stone":101,"InkBottle":72,"Meat on the Bone":64}],"InkBottle":[79],"Meat on the Bone":84},"card_choices":[{"not_picked":["champ:FanOfKnives","champ:PreciseThrust"],"picked":"champ:EnGarde","floor":2},{"not_picked":["champ:CrookedStrike","champ:HeartStrike"],"picked":"champ:BringItOn","floor":5},{"not_picked":["champ:Shatter","champ:ShieldThrow"],"picked":"champ:FocusedBerserking","floor":9},{"not_picked":["champ:ArenaPreparation","champ:PerfectedStrike","champ:Parry"],"picked":"champ:BerserkersShout","floor":10},{"not_picked":["champ:CrookedStrike","champ:TornadoPunch","champ:BringItOn"],"picked":"champ:DefensiveShout","floor":13},{"not_picked":["champ:IronFortress","champ:Haymaker","champ:RapidStrikes"],"picked":"champ:EnGarde","floor":14},{"not_picked":["champ:MurderStrike","champ:BringItOn","champ:Circumvent"],"picked":"champ:StanceDance","floor":15},{"not_picked":["champ:ShieldThrow","champ:IgnorePain","champ:HoldFirm"],"picked":"champ:GladiatorForm","floor":16},{"not_picked":["champ:PreemptiveStrike","champ:ShieldWall","champ:GutPunch"],"picked":"champ:AdrenalArmor+1","floor":19},{"not_picked":["champ:Lariat","champ:DefensiveShout","champ:StanceDance","champ:Parry"],"picked":"SKIP","floor":20},{"not_picked":["champ:PreemptiveStrike","champ:PreciseThrust+1","champ:FocusedBerserking"],"picked":"champ:GladiatorStyle","floor":22},{"not_picked":["champ:Endure+1","champ:PerfectedStrike+1","champ:AdrenalArmor"],"picked":"champ:HeartStrike+1","floor":23},{"not_picked":["champ:BladeFlurry","champ:StanceDance","champ:CalledShot"],"picked":"champ:FlashCut+1","floor":25},{"not_picked":["champ:FlashCut","champ:Circumvent+1","champ:IgnorePain"],"picked":"champ:AdrenalArmor+1","floor":26},{"not_picked":["champ:EnGarde+1","champ:AdrenalArmor","champ:BringItOn+1"],"picked":"champ:Encircle","floor":29},{"not_picked":["champ:BladeFlurry","champ:Endure+1","champ:FaceSlap","champ:StanceDance"],"picked":"SKIP","floor":30},{"not_picked":["champ:AdrenalArmor","champ:FlashCut+1","champ:DefensiveShout","champ:Shatter"],"picked":"SKIP","floor":32},{"not_picked":["champ:DancingMaster+1","champ:SteelEdge","champ:HoldFirm"],"picked":"champ:ShieldThrow","floor":33},{"not_picked":["champ:ShieldWall+1","champ:Lariat+1","champ:Haymaker+1"],"picked":"champ:IronFortress+1","floor":36},{"not_picked":["champ:GutPunch+1","champ:PreemptiveStrike","champ:AdrenalArmor+1"],"picked":"champ:DefensiveShout+1","floor":38},{"not_picked":["champ:StanceDance","champ:EndlessRage+1","champ:BladeFlurry+1","champ:AdrenalArmor"],"picked":"SKIP","floor":39},{"not_picked":["champ:DeathBlow+1","champ:Circumvent","champ:FanOfKnives"],"picked":"champ:RisingSlash","floor":40},{"not_picked":["champ:CrownThrow+1","champ:Lariat+1","champ:Haymaker+1","champ:EndlessRage+1"],"picked":"SKIP","floor":42},{"not_picked":["champ:FanOfKnives","champ:GutPunch","champ:TripleStrike"],"picked":"champ:FocusedDefense+1","floor":44},{"not_picked":["champ:Backstep+1","champ:TornadoPunch+1","champ:CrookedStrike"],"picked":"champ:BerserkersShout+1","floor":45},{"not_picked":["champ:AdrenalArmor+1","champ:Backstep","champ:DefensiveShout+1"],"picked":"champ:FancyFootwork+1","floor":46},{"not_picked":["champ:Lariat","champ:BladeFlurry","champ:Shatter+1","champ:AdrenalArmor+1"],"picked":"SKIP","floor":47},{"not_picked":["champ:SkillfulDodge+1","champ:Circumvent+1","champ:GladiatorStyle+1","champ:Devastate"],"picked":"SKIP","floor":48},{"not_picked":["champ:FalseCounter+1","champ:Circumvent","champ:AdrenalArmor+1","champ:CrownThrow+1"],"picked":"SKIP","floor":49},{"not_picked":["champ:EnGarde","champ:BladeFlurry","champ:FanOfKnives+1","champ:EnragedBash"],"picked":"SKIP","floor":52}],"player_experience":37981,"relics_obtained":[{"floor":3,"key":"Mango"},{"floor":9,"key":"Question Card"},{"floor":11,"key":"War Paint"},{"floor":24,"key":"Meat on the Bone"},{"floor":25,"key":"InkBottle"},{"floor":26,"key":"Calipers"},{"floor":26,"key":"Matryoshka"},{"floor":31,"key":"Ornamental Fan"},{"floor":31,"key":"Boot"},{"floor":41,"key":"Blood Vial"},{"floor":41,"key":"Potion Belt"},{"floor":42,"key":"Regal Pillow"},{"floor":45,"key":"Nunchaku"},{"floor":52,"key":"Thread and Needle"}],"event_choices":[{"damage_healed":0,"gold_gain":0,"player_choice":"Donut","damage_taken":0,"max_hp_gain":5,"max_hp_loss":0,"event_name":"Big Fish","floor":4,"gold_loss":0},{"damage_healed":0,"gold_gain":0,"player_choice":"Inject Mutagens","damage_taken":0,"relics_obtained":["MutagenicStrength"],"max_hp_gain":0,"max_hp_loss":0,"event_name":"Drug Dealer","floor":27,"gold_loss":0}],"is_beta":false,"boss_relics":[{"not_picked":["SacredBark","Velvet Choker"],"picked":"SlaversCollar"},{"not_picked":["Snecko Eye","Runic Dome"],"picked":"Philosopher\u0027s Stone"}],"items_purged_floors":[23,38,48],"is_endless":false,"potions_floor_spawned":[9,14,15,16,22,26,29,32,36,42,45,46,47,52],"ascension_level":0}}