{"host":"wogey4gsknv4ot2d","time":1610867434,"event":{"mods":["2.2 Compatiblity","AchievementEnabler","BaseMod","Bestiary","Better Third Choice","Colored Map","Colored Powertips","Googly Eyes","Key Reminder","Minty Spire (QoL Compilation)","Permanent Neow","Rare Cards Sparkle","Relic Stats","StSLib"],"gold_per_floor":[113,73,73,91,56,31,59,59,113,113,130,130,130,142,142,240,540,555,555,266,266,94,120,120,130,154,172,172,184,202,229,229,325,325,344,361,361,411,9,9,9,24,24,24,36,50,66,79,79,79],"floor_reached":51,"language":"ENG","playtime":2398,"items_purged":[],"score":787,"play_id":"93ce2a60-a93f-4a01-850d-d8c366623a46","local_time":"20210117011034","is_ascension_mode":false,"campfire_choices":[{"data":"Deadly Poison","floor":10,"key":"SMITH"},{"data":"Backstab","floor":15,"key":"SMITH"},{"floor":24,"key":"REST"},{"floor":28,"key":"REST"},{"floor":32,"key":"REST"},{"floor":41,"key":"REST"},{"floor":49,"key":"REST"}],"circlet_count":0,"master_deck":["Strike_G","Strike_G","Strike_G","Strike_G","Strike_G","Defend_G","Defend_G","Defend_G","Defend_G","Defend_G","Survivor","Neutralize","Deadly Poison+1","Backstab+1","Underhanded Strike","Bouncing Flask+1","Vault","Leg Sweep","Flechettes","CurseOfTheBell","Dash","Quick Slash","Poisoned Stab+1","Leg Sweep","Escape Plan+1","Catalyst+1","Deadly Poison+1","Dagger Spray","Bane","Catalyst","After Image","Blur+1","Flying Knee+1","Bouncing Flask+1","Deadly Poison","Crippling Poison+1","Bane","Bouncing Flask","Tools of the Trade","Blade Dance+1","Blade Dance+1","Slice+1","PiercingWail+1","Dagger Spray+1"],"relics":["Ring of the Snake","betterThird:SlimedRelic","Pear","PreservedInsect","Centennial Puzzle","Shuriken","Calling Bell","Omamori","Paper Crane","Old Coin","Enchiridion","Regal Pillow","Bronze Scales","Snake Skull","Ancient Tea Set","Dream Catcher","Incense Burner","Black Star","StoneCalendar","Bag of Marbles","MealTicket","Ornamental Fan"],"acts_visited":["Exordium","TheCity","TheBeyond"],"potions_floor_usage":[27,27,31,33,47,50,50],"damage_taken":[{"damage":2,"enemies":"2 Louse","floor":1,"turns":4},{"damage":10,"enemies":"Small Slimes","floor":4,"turns":4},{"damage":20,"enemies":"Gremlin Nob","floor":7,"turns":5},{"damage":0,"enemies":"Cultist","floor":11,"turns":4},{"damage":7,"enemies":"Blue Slaver","floor":14,"turns":2},{"damage":18,"enemies":"The Guardian","floor":16,"turns":8},{"damage":13,"enemies":"Shell Parasite","floor":18,"turns":5},{"damage":28,"enemies":"Gremlin Leader","floor":23,"turns":5},{"damage":16,"enemies":"3 Byrds","floor":25,"turns":3},{"damage":9,"enemies":"Centurion and Healer","floor":27,"turns":6},{"damage":0,"enemies":"Sentry and Sphere","floor":29,"turns":5},{"damage":0,"enemies":"Snecko","floor":30,"turns":3},{"damage":30,"enemies":"Slavers","floor":31,"turns":4},{"damage":27,"enemies":"Collector","floor":33,"turns":5},{"damage":0,"enemies":"Orb Walker","floor":35,"turns":3},{"damage":25,"enemies":"3 Shapes","floor":36,"turns":3},{"damage":16,"enemies":"Mind Bloom Boss Battle","floor":38,"turns":9},{"damage":8,"enemies":"3 Darklings","floor":42,"turns":3},{"damage":0,"enemies":"Maw","floor":45,"turns":4},{"damage":0,"enemies":"Transient","floor":46,"turns":5},{"damage":17,"enemies":"Jaw Worm Horde","floor":47,"turns":3},{"damage":15,"enemies":"3 Darklings","floor":48,"turns":4},{"damage":25,"enemies":"Time Eater","floor":50,"turns":12}],"seed_played":"844970127857421359","potions_obtained":[{"floor":7,"key":"Strength Potion"},{"floor":18,"key":"Swift Potion"},{"floor":25,"key":"Weak Potion"},{"floor":30,"key":"Block Potion"},{"floor":31,"key":"Dexterity Potion"},{"floor":47,"key":"Weak Potion"}],"is_trial":false,"path_per_floor":["M","?","?","M","?","$","E","?","T","R","M","?","T","M","R","B",null,"M","?","$","?","$","E","R","M","T","M","R","M","M","E","R","B",null,"M","M","?","?","$","?","R","M","T","?","M","M","M","M","R","B",null],"character_chosen":"THE_SILENT","items_purchased":["Underhanded Strike","Regal Pillow","Bronze Scales","Snake Skull","Quick Slash","Bag of Marbles","MealTicket","Regen Potion","Deadly Poison"],"campfire_rested":5,"item_purchase_floors":[6,20,20,22,22,39,39,39,39],"current_hp_per_floor":[75,64,64,54,73,73,63,58,58,58,58,58,58,51,51,33,87,74,58,58,58,58,30,71,55,55,46,87,87,87,57,87,60,87,87,62,62,46,46,46,87,79,79,79,79,79,71,56,87,62],"gold":79,"neow_bonus":"TEN_PERCENT_HP_BONUS","is_daily":false,"chose_seed":false,"campfire_upgraded":2,"win_rate":0.0,"timestamp":1610867434,"path_taken":["M","?","?","M","?","?","E","?","T","R","M","?","?","M","R","BOSS","M","?","$","?","$","E","R","?","T","M","R","M","M","E","R","BOSS","M","M","?","?","$","?","R","M","T","?","M","?","M","M","R","BOSS"],"items_purchased_type":["Card","Relic","Relic","Relic","Card","Relic","Relic","Potion","Card"],"build_version":"2020-12-22","purchased_purges":0,"victory":true,"max_hp_per_floor":[77,77,77,77,77,77,87,87,87,87,87,87,87,87,87,87,87,87,87,87,87,87,87,87,87,87,87,87,87,87,87,87,87,87,87,87,87,87,87,87,87,87,87,87,87,87,87,87,87,87],"relic_stats":{"Regal Pillow":54,"counters":[23,109],"StoneCalendar":[52],"PreservedInsect":86,"Snake Skull":[161],"Centennial Puzzle":[42],"Dream Catcher":4,"Shuriken":[15],"Ornamental Fan":[16],"Bronze Scales":[251],"MealTicket":0,"Black Star":0,"obtain_stats":[{"Regal Pillow":20,"Pear":7,"Enchiridion":19,"StoneCalendar":38,"PreservedInsect":8,"Snake Skull":22,"Omamori":17,"Incense Burner":31,"Paper Crane":17,"Ancient Tea Set":23,"Old Coin":17,"Calling Bell":17,"Centennial Puzzle":9,"Dream Catcher":26,"Shuriken":13,"Ornamental Fan":43,"betterThird:SlimedRelic":2,"Bronze Scales":20,"MealTicket":39,"Black Star":34,"Bag of Marbles":39,"Ring of the Snake":0},{"Regal Pillow":7,"Pear":3,"Enchiridion":7,"StoneCalendar":17,"PreservedInsect":3,"Snake Skull":7,"Omamori":6,"Incense Burner":13,"Paper Crane":6,"Ancient Tea Set":8,"Old Coin":6,"Calling Bell":6,"Centennial Puzzle":3,"Dream Catcher":9,"Shuriken":4,"Ornamental Fan":18,"betterThird:SlimedRelic":1,"Bronze Scales":7,"MealTicket":17,"Black Star":14,"Bag of Marbles":17,"Ring of the Snake":0},{"Regal Pillow":32,"Pear":13,"Enchiridion":32,"StoneCalendar":78,"PreservedInsect":13,"Snake Skull":32,"Omamori":27,"Incense Burner":58,"Paper Crane":27,"Ancient Tea Set":37,"Old Coin":27,"Calling Bell":27,"Centennial Puzzle":13,"Dream Catcher":40,"Shuriken":17,"Ornamental Fan":81,"betterThird:SlimedRelic":4,"Bronze Scales":32,"MealTicket":78,"Black Star":63,"Bag of Marbles":78,"Ring of the Snake":0}],"Ring of the Snake":[46]},"card_choices":[{"not_picked":["Prepared","Noxious Fumes"],"picked":"Deadly Poison","floor":1},{"not_picked":["Dodge and Roll","Footwork"],"picked":"Backstab","floor":4},{"not_picked":["Slice","Eviscerate"],"picked":"Bouncing Flask","floor":7},{"not_picked":["Distraction","PiercingWail"],"picked":"Leg Sweep","floor":11},{"not_picked":["Tactician","Expertise"],"picked":"Flechettes","floor":14},{"not_picked":["Phantasmal Killer","Tools of the Trade"],"picked":"Night Terror","floor":16},{"not_picked":["Escape Plan","PiercingWail+1"],"picked":"Dash","floor":18},{"not_picked":["Deflect","Bane+1"],"picked":"Poisoned Stab+1","floor":23},{"not_picked":["Escape Plan","Outmaneuver"],"picked":"Leg Sweep","floor":25},{"not_picked":["Skewer","Underhanded Strike+1"],"picked":"Escape Plan+1","floor":27},{"not_picked":["Acrobatics","Unload"],"picked":"Catalyst+1","floor":28},{"not_picked":["Quick Slash","Dodge and Roll"],"picked":"Deadly Poison+1","floor":29},{"not_picked":["Flying Knee","Slice+1"],"picked":"Dagger Spray","floor":30},{"not_picked":["Outmaneuver","Riddle With Holes"],"picked":"Bane","floor":31},{"not_picked":["Bane","Poisoned Stab"],"picked":"Catalyst","floor":32},{"not_picked":["Malaise","Unload"],"picked":"After Image","floor":33},{"not_picked":["Reflex","Quick Slash"],"picked":"Blur+1","floor":35},{"not_picked":["Outmaneuver","Slice+1"],"picked":"Flying Knee+1","floor":36},{"not_picked":["Well Laid Plans","Underhanded Strike+1"],"picked":"Bouncing Flask+1","floor":38},{"not_picked":["Deadly Poison","Sucker Punch"],"picked":"Crippling Poison+1","floor":41},{"not_picked":["PiercingWail+1","Riddle With Holes"],"picked":"Bane","floor":42},{"not_picked":["Tactician","A Thousand Cuts"],"picked":"Blade Dance+1","floor":45},{"not_picked":["Backflip","Underhanded Strike"],"picked":"Blade Dance+1","floor":46},{"not_picked":["Calculated Gamble","Skewer"],"picked":"Slice+1","floor":47},{"not_picked":["All Out Attack","Dagger Throw"],"picked":"PiercingWail+1","floor":48},{"not_picked":["Infinite Blades","Calculated Gamble+1"],"picked":"Dagger Spray+1","floor":49}],"player_experience":37829,"relics_obtained":[{"floor":7,"key":"Pear"},{"floor":9,"key":"Centennial Puzzle"},{"floor":13,"key":"Shuriken"},{"floor":17,"key":"Omamori"},{"floor":17,"key":"Paper Crane"},{"floor":17,"key":"Old Coin"},{"floor":19,"key":"Enchiridion"},{"floor":23,"key":"Ancient Tea Set"},{"floor":26,"key":"Dream Catcher"},{"floor":31,"key":"Incense Burner"},{"floor":38,"key":"StoneCalendar"},{"floor":43,"key":"Ornamental Fan"}],"event_choices":[{"damage_healed":0,"gold_gain":0,"player_choice":"Slimed","damage_taken":11,"max_hp_gain":0,"max_hp_loss":0,"event_name":"betterThird:BetterGoop","floor":2,"gold_loss":40},{"damage_healed":0,"gold_gain":0,"player_choice":"Ignored","damage_taken":0,"max_hp_gain":0,"max_hp_loss":0,"event_name":"Golden Wing","floor":3,"gold_loss":0},{"damage_healed":19,"gold_gain":0,"player_choice":"Healed","damage_taken":0,"max_hp_gain":0,"max_hp_loss":0,"event_name":"The Cleric","floor":5,"gold_loss":35},{"damage_healed":0,"gold_gain":0,"player_choice":"Grow","damage_taken":0,"max_hp_gain":0,"max_hp_loss":0,"event_name":"Living Wall","floor":12,"gold_loss":0,"cards_upgraded":["Bouncing Flask"]},{"damage_healed":0,"gold_gain":0,"player_choice":"Obtained Book","damage_taken":16,"max_hp_gain":0,"max_hp_loss":0,"event_name":"Cursed Tome","floor":19,"gold_loss":0},{"damage_healed":0,"gold_gain":0,"player_choice":"Ignored","damage_taken":0,"max_hp_gain":0,"max_hp_loss":0,"event_name":"Purifier","floor":21,"gold_loss":0},{"damage_healed":0,"gold_gain":0,"player_choice":"Ignored","damage_taken":0,"max_hp_gain":0,"max_hp_loss":0,"event_name":"Tomb of Lord Red Mask","floor":37,"gold_loss":0},{"damage_healed":0,"gold_gain":0,"player_choice":"Fight","damage_taken":0,"max_hp_gain":0,"max_hp_loss":0,"event_name":"MindBloom","floor":38,"gold_loss":0},{"cards_removed":["Night Terror"],"damage_healed":0,"gold_gain":0,"player_choice":"Removed Skill","damage_taken":0,"max_hp_gain":0,"max_hp_loss":0,"event_name":"Falling","floor":40,"gold_loss":0},{"damage_healed":0,"gold_gain":0,"player_choice":"2 cards matched","damage_taken":0,"max_hp_gain":0,"max_hp_loss":0,"event_name":"Match and Keep!","floor":44,"gold_loss":0,"cards_obtained":["Bouncing Flask","Tools of the Trade"]}],"is_beta":false,"boss_relics":[{"not_picked":["Busted Crown","WristBlade"],"picked":"Calling Bell"},{"not_picked":["Empty Cage","Velvet Choker"],"picked":"Black Star"}],"items_purged_floors":[],"is_endless":false,"potions_floor_spawned":[7,16,18,25,29,30,31,42,46,47],"ascension_level":0}}