{"host":"oehe2dxjvdgux73m","time":1610856095,"event":{"mods":["AchievementEnabler","BaseMod","Colored Map","Colored Powertips","DeckTracker","Keyboard Shortcuts","Minty Spire (QoL Compilation)","Permanent Neow","Quick Restart","StSLib","SuperFastMode"],"gold_per_floor":[117,134,147,157,157,157,175,175,199,224,243,243,261,280,280,376,376,393,164,198,215,234,234,268,148,148,148,182,193,193,47,47,145,145,161,383,399,447,462,462,462,462],"floor_reached":41,"language":"KOR","playtime":1188,"items_purged":["Defend_R"],"score":674,"play_id":"f17378fa-2a7a-408c-801a-c1a0cbe20fbb","local_time":"20210117130135","is_ascension_mode":true,"campfire_choices":[{"data":"Perfected Strike","floor":6.0,"key":"SMITH"},{"data":"Body Slam","floor":8.0,"key":"SMITH"},{"data":"Perfected Strike","floor":12.0,"key":"SMITH"},{"data":"Bash","floor":15.0,"key":"SMITH"},{"floor":23.0,"key":"REST"},{"data":"Shockwave","floor":27.0,"key":"SMITH"},{"floor":30.0,"key":"REST"},{"data":"Pommel Strike","floor":32.0,"key":"SMITH"},{"floor":40.0,"key":"REST"}],"circlet_count":0,"master_deck":["AscendersBane","Strike_R","Strike_R","Strike_R","Strike_R+1","Strike_R+1","Defend_R","Defend_R","Bash+1","Intimidate","Shrug It Off","Perfected Strike+1","Wild Strike","Inflame","Disarm","Body Slam+1","Perfected Strike+1","Shrug It Off","Power Through","Exhume","True Grit+1","Headbutt+1","Flame Barrier","Shockwave+1","Wild Strike+1","Pommel Strike","Pommel Strike+1","Twin Strike","Shrug It Off+1","Immolate","Second Wind+1","Clothesline+1","Evolve+1","Armaments+1"],"relics":["Burning Blood","Whetstone","Red Skull","Runic Dome","Regal Pillow","Red Mask","Tiny Chest","Lantern","Omamori","Orrery","Black Star","Thread and Needle"],"acts_visited":["TheCity","TheBeyond"],"potions_floor_usage":[],"damage_taken":[{"damage":20.0,"enemies":"Small Slimes","floor":1.0,"turns":5.0},{"damage":14.0,"enemies":"Jaw Worm","floor":2.0,"turns":4.0},{"damage":2.0,"enemies":"2 Louse","floor":3.0,"turns":3.0},{"damage":4.0,"enemies":"Exordium Wildlife","floor":4.0,"turns":3.0},{"damage":0.0,"enemies":"3 Louse","floor":7.0,"turns":2.0},{"damage":22.0,"enemies":"Gremlin Nob","floor":10.0,"turns":4.0},{"damage":4.0,"enemies":"Exordium Thugs","floor":11.0,"turns":4.0},{"damage":4.0,"enemies":"Exordium Wildlife","floor":13.0,"turns":3.0},{"damage":0.0,"enemies":"Large Slime","floor":14.0,"turns":3.0},{"damage":33.0,"enemies":"Hexaghost","floor":16.0,"turns":9.0},{"damage":28.0,"enemies":"Spheric Guardian","floor":18.0,"turns":4.0},{"damage":32.0,"enemies":"Masked Bandits","floor":20.0,"turns":5.0},{"damage":0.0,"enemies":"Chosen","floor":21.0,"turns":3.0},{"damage":18.0,"enemies":"Snecko","floor":22.0,"turns":4.0},{"damage":21.0,"enemies":"Slavers","floor":24.0,"turns":6.0},{"damage":26.0,"enemies":"Book of Stabbing","floor":28.0,"turns":5.0},{"damage":15.0,"enemies":"Centurion and Healer","floor":29.0,"turns":4.0},{"damage":51.0,"enemies":"Automaton","floor":33.0,"turns":8.0},{"damage":14.0,"enemies":"3 Darklings","floor":35.0,"turns":3.0},{"damage":4.0,"enemies":"3 Shapes","floor":37.0,"turns":5.0},{"damage":50.0,"enemies":"2 Orb Walkers","floor":38.0,"turns":6.0},{"damage":2.0,"enemies":"Maw","floor":39.0,"turns":7.0},{"damage":80,"enemies":"Giant Head","floor":41,"turns":8}],"seed_played":"-6316926029592577637","potions_obtained":[{"floor":1.0,"key":"GamblersBrew"},{"floor":2.0,"key":"Explosive Potion"},{"floor":3.0,"key":"Strength Potion"},{"floor":11.0,"key":"SteroidPotion"},{"floor":14.0,"key":"SpeedPotion"},{"floor":22.0,"key":"Fire Potion"},{"floor":24.0,"key":"Dexterity Potion"},{"floor":29.0,"key":"ColorlessPotion"},{"floor":33.0,"key":"EntropicBrew"},{"floor":35.0,"key":"SteroidPotion"}],"is_trial":false,"path_per_floor":["M","M","M","M","?","R","M","R","T","E","M","R","M","M","R","B",null,"M","$","?","M","M","R","E","$","T","R","E","M","R","$","R","B",null,"M","?","M","?","M","R","E"],"character_chosen":"IRONCLAD","items_purchased":["Regal Pillow","Pommel Strike","FairyPotion","Orrery"],"campfire_rested":3,"item_purchase_floors":[19,25,25,31],"current_hp_per_floor":[58,50,54,56,56,56,62,62,62,46,48,48,50,56,56,29,67,45,45,19,25,13,52,37,37,37,37,17,8,47,47,47,30,68,60,60,62,18,22,61,0,0],"gold":462,"neow_bonus":"THREE_CARDS","is_daily":false,"chose_seed":false,"campfire_upgraded":6,"win_rate":0.0,"timestamp":1610856095,"path_taken":["M","M","M","M","?","R","M","R","T","E","M","R","M","M","R","BOSS","M","$","?","M","M","R","E","$","T","R","E","M","R","$","R","BOSS","M","?","M","?","M","R","E"],"items_purchased_type":["Relic","Card","Potion","Relic"],"build_version":"2020-12-22","purchased_purges":1,"victory":false,"max_hp_per_floor":[80,80,80,80,80,80,80,80,80,80,80,80,80,80,80,80,80,80,80,80,80,80,80,80,80,80,80,80,80,80,80,80,80,80,80,80,80,80,80,80,80,80],"card_choices":[{"not_picked":["True Grit","Flex"],"picked":"Intimidate","floor":0.0},{"not_picked":["Sword Boomerang","Hemokinesis"],"picked":"Shrug It Off","floor":1.0},{"not_picked":["Burning Pact","Heavy Blade"],"picked":"Perfected Strike","floor":2.0},{"not_picked":["Dropkick","Anger"],"picked":"Wild Strike","floor":3.0},{"not_picked":["Cleave","Feel No Pain"],"picked":"Inflame","floor":4.0},{"not_picked":["Clothesline","Dropkick"],"picked":"Body Slam","floor":7.0},{"not_picked":["Clothesline","Flex"],"picked":"Perfected Strike","floor":10.0},{"not_picked":["Infernal Blade","Dark Embrace","Rupture"],"picked":"SKIP","floor":11.0},{"not_picked":["Heavy Blade","Cleave"],"picked":"Shrug It Off","floor":13.0},{"not_picked":["Warcry","Burning Pact"],"picked":"Power Through","floor":14.0},{"not_picked":["Berserk","Fiend Fire"],"picked":"Exhume","floor":16.0},{"not_picked":["Thunderclap","Anger"],"picked":"True Grit+1","floor":18.0},{"not_picked":["Rage","Shrug It Off"],"picked":"Headbutt+1","floor":20.0},{"not_picked":["Sword Boomerang","Cleave"],"picked":"Flame Barrier","floor":21.0},{"not_picked":["Disarm","Headbutt"],"picked":"Shockwave","floor":22.0},{"not_picked":["Uppercut","Cleave"],"picked":"Wild Strike+1","floor":24.0},{"not_picked":["Sever Soul","Rampage","Headbutt"],"picked":"SKIP","floor":28.0},{"not_picked":["Evolve","Sever Soul","Demon Form"],"picked":"SKIP","floor":29.0},{"not_picked":["Sever Soul","Sword Boomerang"],"picked":"Pommel Strike","floor":31.0},{"not_picked":["Disarm","Shrug It Off"],"picked":"Twin Strike","floor":31.0},{"not_picked":["Heavy Blade","Pommel Strike"],"picked":"Shrug It Off+1","floor":31.0},{"not_picked":["Juggernaut","Limit Break"],"picked":"Immolate","floor":33.0},{"not_picked":["Sword Boomerang+1","Thunderclap"],"picked":"Second Wind+1","floor":35.0},{"not_picked":["Cleave+1","Headbutt+1"],"picked":"Clothesline+1","floor":37.0},{"not_picked":["Heavy Blade","Cleave"],"picked":"Evolve+1","floor":38.0},{"not_picked":["Flex","Spot Weakness"],"picked":"Armaments+1","floor":39.0}],"player_experience":249788,"relics_obtained":[{"floor":9.0,"key":"Whetstone"},{"floor":10.0,"key":"Red Skull"},{"floor":20.0,"key":"Red Mask"},{"floor":24.0,"key":"Tiny Chest"},{"floor":26.0,"key":"Lantern"},{"floor":28.0,"key":"Omamori"},{"floor":38.0,"key":"Thread and Needle"}],"event_choices":[{"damage_healed":0.0,"max_hp_gain":0.0,"max_hp_loss":0.0,"gold_gain":0.0,"cards_transformed":["Defend_R"],"event_name":"Living Wall","player_choice":"Change","floor":5.0,"gold_loss":0.0,"damage_taken":0.0,"cards_obtained":["Disarm"]},{"damage_healed":0.0,"max_hp_gain":0.0,"max_hp_loss":0.0,"gold_gain":0.0,"event_name":"Masked Bandits","player_choice":"Fought Bandits","floor":20.0,"gold_loss":0.0,"damage_taken":0.0},{"damage_healed":0.0,"max_hp_gain":0.0,"max_hp_loss":0.0,"gold_gain":222.0,"event_name":"Tomb of Lord Red Mask","player_choice":"Wore Mask","floor":36.0,"gold_loss":0.0,"damage_taken":0.0},{"damage_healed":0.0,"max_hp_gain":0.0,"max_hp_loss":0.0,"gold_gain":0.0,"event_name":"Mysterious Sphere","player_choice":"Fight","floor":38.0,"gold_loss":0.0,"damage_taken":0.0}],"is_beta":false,"boss_relics":[{"not_picked":["Sozu","Busted Crown"],"picked":"Runic Dome"},{"not_picked":["Empty Cage","Tiny House"],"picked":"Black Star"}],"items_purged_floors":[19],"is_endless":false,"potions_floor_spawned":[1,2,3,11,14,22,24,29,33,35,37],"killed_by":"Giant Head","ascension_level":11}}