{"host":"j6mgjir4ee1lqn1j","time":1610901772,"event":{"mods":["BaseMod","Colored Map","Colored Powertips","DeckTracker","Highlight Path","Keyboard Shortcuts","Minty Spire (QoL Compilation)","Permanent Neow","Quick Restart","Rare Cards Sparkle","Shop Mod","StSLib","SuperFastMode"],"gold_per_floor":[114,129,147,162,237,268,268,268,268,288,308,327,345,68,68,172,172,191,205,205,205,16,45,45,74,74,74,74],"floor_reached":27,"language":"ENG","playtime":2117,"items_purged":["Strike_G"],"score":281,"play_id":"cf811c14-ff2a-4eb4-8f0d-7ffed9540e28","local_time":"20210117114252","is_ascension_mode":true,"campfire_choices":[{"data":"Neutralize","floor":7,"key":"SMITH"},{"data":"Accuracy","floor":15,"key":"SMITH"},{"data":"Terror","floor":24,"key":"SMITH"}],"circlet_count":0,"master_deck":["Defend_G","Defend_G","Defend_G","Defend_G","Defend_G","Survivor","Neutralize+1","CurseOfTheBell","Infinite Blades","Outmaneuver","Escape Plan","Blade Dance","Footwork","Cloak And Dagger","Terror+1","Prepared","Accuracy+1","Calculated Gamble","Sucker Punch","Storm of Steel","Blur","Unload","Distraction","Expertise","Escape Plan","Adrenaline","Backflip"],"relics":["Ice Cream","Vajra","Paper Crane","Pantograph","Question Card","MerchantsRug","Orrery","Empty Cage","PreservedInsect","The Courier","MealTicket","Ornamental Fan"],"acts_visited":["Exordium","TheCity"],"potions_floor_usage":[4,19,19,19],"damage_taken":[{"damage":6,"enemies":"Jaw Worm","floor":1,"turns":5},{"damage":5,"enemies":"Small Slimes","floor":2,"turns":3},{"damage":5,"enemies":"Cultist","floor":3,"turns":4},{"damage":4,"enemies":"3 Louse","floor":4,"turns":4},{"damage":24,"enemies":"Lagavulin","floor":6,"turns":8},{"damage":0,"enemies":"Blue Slaver","floor":10,"turns":5},{"damage":6,"enemies":"Large Slime","floor":11,"turns":5},{"damage":10,"enemies":"Red Slaver","floor":12,"turns":4},{"damage":0,"enemies":"Looter","floor":13,"turns":4},{"damage":4,"enemies":"Hexaghost","floor":16,"turns":7},{"damage":2,"enemies":"Shell Parasite","floor":18,"turns":4},{"damage":23,"enemies":"2 Thieves","floor":19,"turns":4},{"damage":13,"enemies":"Book of Stabbing","floor":23,"turns":4},{"damage":28,"enemies":"Gremlin Leader","floor":25,"turns":5},{"damage":12,"enemies":"Shelled Parasite and Fungi","floor":27,"turns":4}],"seed_played":"-3039503313303024612","potions_obtained":[{"floor":2,"key":"Energy Potion"},{"floor":3,"key":"Regen Potion"},{"floor":6,"key":"Swift Potion"},{"floor":11,"key":"Strength Potion"}],"is_trial":false,"path_per_floor":["M","M","M","M","?","E","R","?","T","M","M","M","M","$","R","B",null,"M","M","?","?","$","E","R","E","T","M"],"character_chosen":"THE_SILENT","items_purchased":["MerchantsRug","Orrery","Escape Plan","PreservedInsect"],"campfire_rested":0,"item_purchase_floors":[14,14,22,22],"current_hp_per_floor":[64,59,54,62,51,27,27,27,27,27,21,11,11,11,11,32,70,68,45,45,45,45,32,32,4,4,0,0],"gold":74,"neow_bonus":"BOSS_RELIC","is_daily":false,"chose_seed":false,"campfire_upgraded":3,"win_rate":0.0,"timestamp":1610901772,"path_taken":["M","M","M","M","?","E","R","?","T","M","?","M","M","$","R","BOSS","M","M","?","?","$","E","R","E","T","M"],"items_purchased_type":["Relic","Relic","Card","Relic"],"build_version":"2020-12-13","purchased_purges":1,"victory":false,"max_hp_per_floor":[70,70,70,70,70,70,70,70,70,70,70,70,70,70,70,70,70,70,70,70,70,70,70,70,70,70,70,70],"card_choices":[{"not_picked":["Sucker Punch","Leg Sweep"],"picked":"Infinite Blades","floor":1},{"not_picked":["Poisoned Stab","PiercingWail"],"picked":"Outmaneuver","floor":2},{"not_picked":["Crippling Poison","Backstab","Predator"],"picked":"SKIP","floor":3},{"not_picked":["Flying Knee","Distraction"],"picked":"Escape Plan","floor":4},{"not_picked":["Poisoned Stab","Skewer","Dagger Throw"],"picked":"SKIP","floor":6},{"not_picked":["Cloak And Dagger","Backflip","Dodge and Roll"],"picked":"Blade Dance","floor":10},{"not_picked":["Quick Slash","Calculated Gamble","Dash"],"picked":"Footwork","floor":11},{"not_picked":["Deadly Poison","Deflect","Bane"],"picked":"Cloak And Dagger","floor":12},{"not_picked":["Dagger Throw","Deflect","Acrobatics"],"picked":"Terror","floor":13},{"not_picked":["Choke","Bane","PiercingWail"],"picked":"Prepared","floor":14},{"not_picked":["Die Die Die","Prepared","Quick Slash"],"picked":"Accuracy","floor":14},{"not_picked":["Eviscerate","PiercingWail","Quick Slash"],"picked":"Calculated Gamble","floor":14},{"not_picked":["Flechettes","Quick Slash","Deflect"],"picked":"Sucker Punch","floor":14},{"not_picked":["Envenom","After Image","Wraith Form v2"],"picked":"Storm of Steel","floor":16},{"not_picked":["Prepared","Predator+1","Accuracy"],"picked":"Blur","floor":18},{"not_picked":["Backstab+1","Dagger Spray","PiercingWail+1","Outmaneuver"],"picked":"SKIP","floor":19},{"not_picked":["Acrobatics","Footwork","Cloak And Dagger"],"picked":"Adrenaline","floor":23},{"not_picked":["Endless Agony","Escape Plan","Slice"],"picked":"Backflip","floor":25}],"player_experience":28211,"relics_obtained":[{"floor":0,"key":"Ice Cream"},{"floor":0,"key":"Vajra"},{"floor":0,"key":"Paper Crane"},{"floor":6,"key":"Pantograph"},{"floor":8,"key":"Question Card"},{"floor":9,"key":"Darkstone Periapt"},{"floor":23,"key":"The Courier"},{"floor":25,"key":"MealTicket"},{"floor":26,"key":"Ornamental Fan"}],"event_choices":[{"damage_healed":0,"gold_gain":75,"player_choice":"Gather Gold","damage_taken":11,"max_hp_gain":0,"max_hp_loss":0,"event_name":"World of Goop","floor":5,"gold_loss":0},{"damage_healed":0,"gold_gain":0,"player_choice":"Relic","damage_taken":0,"max_hp_gain":0,"max_hp_loss":0,"event_name":"Wheel of Change","floor":8,"gold_loss":0},{"damage_healed":0,"gold_gain":0,"cards_transformed":["Strike_G","Strike_G"],"player_choice":"Became Test Subject","damage_taken":0,"max_hp_gain":0,"max_hp_loss":0,"event_name":"Drug Dealer","floor":20,"gold_loss":0,"cards_obtained":["Unload","Distraction"]},{"damage_healed":0,"gold_gain":0,"player_choice":"Read","damage_taken":0,"max_hp_gain":0,"max_hp_loss":0,"event_name":"The Library","floor":21,"gold_loss":0,"cards_obtained":["Expertise"]}],"is_beta":false,"boss_relics":[{"not_picked":["Runic Pyramid","Fusion Hammer"],"picked":"Empty Cage"}],"items_purged_floors":[14],"is_endless":false,"potions_floor_spawned":[2,3,6,11,16,18],"killed_by":"Shelled Parasite and Fungi","ascension_level":2}}