{"host":"u7y6mp3waw4jt65j","time":1610875084,"event":{"mods":["ATMod(°¢èªMod)","Aspiration","BaseMod","Conspire","Dota2Spire","Minty Spire (QoL Compilation)","Replay The Spire","StSLib","¡¾ÒÅÎï¿¨ÅÆ¡¿REMEMod"],"gold_per_floor":[119,131,81,81,155,187,187,229,254,273,273,273,273,176,176,302,302,346,346,408,304,321,365,365,365,391,439,159,159,177,238,238,367,367,378,378,117,117,117,117,181,191,191,241,241,287,173,183,183,213],"floor_reached":51,"language":"ZHS","playtime":2078,"items_purged":["Regret"],"score":976,"play_id":"84fdc13b-fff4-442f-a003-16305afeab37","local_time":"20210117171804","is_ascension_mode":true,"campfire_choices":[{"data":"Feed","floor":7,"key":"SMITH"},{"data":"AT_EssenceShift","floor":15,"key":"SMITH"},{"floor":24,"key":"REST"},{"data":"Seeing Red","floor":29,"key":"SMITH"},{"floor":32,"key":"REST"},{"data":"Whirlwind","floor":40,"key":"SMITH"},{"data":"AT_Dispersion","floor":45,"key":"SMITH"},{"data":"Offering","floor":49,"key":"SMITH"}],"circlet_count":0,"master_deck":["AscendersBane","Strike_R+1","Strike_R+1","Strike_R+1","Strike_R+1","Strike_R+1","Defend_R","Defend_R","Defend_R","Bash","Feed+1","AT_EssenceShift+1","Sword Boomerang","Cleave","Rupture","AT_Dispersion+1","Flex+1","Sword Boomerang+1","Perfected Strike","Perfected Strike+1","Seeing Red+1","Whirlwind+1","Perfected Strike","Finisher+1","Backstab","Consecrate+1","Offering","Offering+1","PiercingWail"],"relics":["Burning Blood","AT_ATBox","REME_ComplimentaryCards","NeowsBlessing","Pet Ghost","Dota2Spire:HandOfMidas","Dota2Spire:ArcaneBoots","ReplayTheSpireMod:Ring of Exchange","Ring of Panic","Smiling Mask","Lee\u0027s Waffle","aspiration:RitualStick","Bag of Preparation","PrismaticShard","AT_BladeRuinedKing","Centennial Puzzle","Replay:Bottled Eggs","Busted Crown","Dota2Spire:AghanimScepter","Replay:Bottled Snecko","Question Card","Dota2Spire:DivineRapier"],"acts_visited":["Exordium","TheCity","TheBeyond"],"potions_floor_usage":[6,18,30,41,50,50],"damage_taken":[{"damage":1,"enemies":"2 Louse","floor":1,"turns":3},{"damage":0,"enemies":"Small Slimes","floor":2,"turns":3},{"damage":40,"enemies":"Gremlin Nob","floor":6,"turns":5},{"damage":12,"enemies":"Jaw Worm","floor":8,"turns":2},{"damage":5,"enemies":"Looter","floor":10,"turns":2},{"damage":49,"enemies":"The Guardian","floor":16,"turns":10},{"damage":39,"enemies":"conspire:FuzzyDice","floor":18,"turns":5},{"damage":1,"enemies":"Spheric Guardian","floor":22,"turns":3},{"damage":41,"enemies":"Shelled Parasite and Fungi","floor":23,"turns":6},{"damage":10,"enemies":"Centurion and Healer","floor":27,"turns":4},{"damage":15,"enemies":"Snake Plant","floor":30,"turns":2},{"damage":26,"enemies":"conspire:Head Lice","floor":31,"turns":6},{"damage":30,"enemies":"Champ","floor":33,"turns":5},{"damage":11,"enemies":"3 Darklings","floor":35,"turns":2},{"damage":0,"enemies":"Reptomancer","floor":41,"turns":3},{"damage":6,"enemies":"Orb Walker","floor":42,"turns":2},{"damage":2,"enemies":"Jaw Worm Horde","floor":44,"turns":4},{"damage":9,"enemies":"2 Orb Walkers","floor":46,"turns":2},{"damage":6,"enemies":"3 Darklings","floor":48,"turns":1},{"damage":86,"enemies":"Replay:Hell Engine","floor":50,"turns":4}],"seed_played":"4691396166125169346","potions_obtained":[{"floor":2,"key":"Explosive Potion"},{"floor":8,"key":"Reflective Coating"},{"floor":20,"key":"SpeedPotion"},{"floor":30,"key":"REME_GoldPotion"},{"floor":33,"key":"Adrenaline Potion"},{"floor":35,"key":"AttackPotion"},{"floor":48,"key":"Fire Potion"}],"is_trial":false,"path_per_floor":["M","M","$","?","?","E","R","M","T","M","?","?","?","$","R","B",null,"M","?","?","$","M","M","R","?","T","M","$","R","M","E","R","B",null,"M","?","$","?","?","R","E","M","T","M","R","?","$","M","R","B",null],"character_chosen":"IRONCLAD","items_purchased":["Energy Potion","FairyPotion","Perfected Strike","Whirlwind","Centennial Puzzle","Perfected Strike","Dota2Spire:AghanimScepter","Offering"],"campfire_rested":2,"item_purchase_floors":[3,14,21,28,28,28,37,47],"current_hp_per_floor":[80,86,86,86,86,55,55,53,53,58,58,51,61,61,61,22,108,79,57,13,13,22,32,68,60,60,60,60,60,51,35,73,49,108,103,103,103,103,103,103,109,113,113,121,121,118,118,118,118,38],"gold":213,"neow_bonus":"THREE_ENEMY_KILL","is_daily":false,"chose_seed":false,"campfire_upgraded":6,"win_rate":0.0,"timestamp":1610875084,"path_taken":["M","M","$","?","?","E","R","M","T","M","?","?","?","$","R","BOSS","M","?","?","?","M","?","R","?","T","M","?","R","M","E","R","BOSS","M","?","$","?","?","R","E","?","T","M","R","?","?","M","R","BOSS"],"items_purchased_type":["Potion","Potion","Card","Card","Relic","Card","Relic","Card"],"build_version":"2020-12-22","purchased_purges":1,"victory":true,"max_hp_per_floor":[83,86,86,86,86,89,89,93,93,97,97,97,97,97,97,101,108,112,112,112,112,116,120,120,120,120,124,124,124,124,128,128,128,128,128,128,128,122,122,122,122,126,126,130,130,130,130,130,130,130],"card_choices":[{"not_picked":["Dark Embrace","AT_BodySlamDance","Headbutt"],"picked":"SKIP","floor":1},{"not_picked":["Fire Breathing","Havoc"],"picked":"Sword Boomerang","floor":2},{"not_picked":["Headbutt","Ghostly Armor","Second Wind"],"picked":"SKIP","floor":6},{"not_picked":["Shrug It Off","Inflame"],"picked":"Cleave","floor":8},{"not_picked":["Life Link","Sword Boomerang"],"picked":"Rupture","floor":10},{"not_picked":["Impervious","REME_Fury"],"picked":"AT_Dispersion","floor":16},{"not_picked":["Iron Wave","True Grit"],"picked":"Flex+1","floor":18},{"not_picked":["REME_FearOfPain","Anger"],"picked":"Sword Boomerang+1","floor":20},{"not_picked":["Warcry","Searing Blow"],"picked":"ReplayTheSpireMod:Muscle Training","floor":22},{"not_picked":["AT_BodySlamDance","Evolve"],"picked":"Perfected Strike+1","floor":23},{"not_picked":["Shrug It Off","Twin Strike"],"picked":"Seeing Red","floor":25},{"not_picked":["Stack","AT_ArcaneSupremacy","ThirdEye"],"picked":"SKIP","floor":27},{"not_picked":["Blade Dance","FollowUp"],"picked":"Finisher+1","floor":30},{"not_picked":["AT_RightCognition","ClearTheMind","Backstab"],"picked":"SKIP","floor":31},{"not_picked":["AT_RightCognition","ClearTheMind"],"picked":"Backstab","floor":31},{"not_picked":["Stack"],"picked":"SKIP","floor":35},{"not_picked":["Sanctity"],"picked":"SKIP","floor":41},{"not_picked":[],"picked":"Consecrate+1","floor":42},{"not_picked":["TalkToTheHand","Auto Shields"],"picked":"SKIP","floor":44},{"not_picked":["Underhanded Strike"],"picked":"PiercingWail","floor":48}],"player_experience":132040,"relics_obtained":[{"floor":6,"key":"Dota2Spire:HandOfMidas"},{"floor":9,"key":"Dota2Spire:ArcaneBoots"},{"floor":11,"key":"ReplayTheSpireMod:Ring of Exchange"},{"floor":11,"key":"Ring of Panic"},{"floor":20,"key":"Bag of Preparation"},{"floor":25,"key":"PrismaticShard"},{"floor":26,"key":"AT_BladeRuinedKing"},{"floor":31,"key":"Replay:Bottled Eggs"},{"floor":41,"key":"Replay:Bottled Snecko"},{"floor":43,"key":"Question Card"},{"floor":46,"key":"Dota2Spire:DivineRapier"}],"event_choices":[{"damage_healed":0,"gold_gain":0,"player_choice":"Box","damage_taken":0,"relics_obtained":["Pet Ghost"],"max_hp_gain":0,"max_hp_loss":0,"event_name":"Big Fish","floor":4,"gold_loss":0,"cards_obtained":["Regret"]},{"damage_healed":0,"gold_gain":74,"player_choice":"Gained Gold","damage_taken":0,"max_hp_gain":0,"max_hp_loss":0,"event_name":"Golden Wing","floor":5,"gold_loss":0},{"damage_healed":0,"gold_gain":0,"player_choice":"Success","damage_taken":7,"relics_obtained":["Smiling Mask"],"max_hp_gain":0,"max_hp_loss":0,"event_name":"Scrap Ooze","floor":12,"gold_loss":0},{"cards_removed":["Defend_R"],"damage_healed":0,"gold_gain":0,"player_choice":"Removed Skill","damage_taken":0,"max_hp_gain":0,"max_hp_loss":0,"event_name":"Falling","floor":36,"gold_loss":0},{"damage_healed":0,"gold_gain":0,"player_choice":"Max HP","damage_taken":0,"max_hp_gain":0,"max_hp_loss":6,"event_name":"Winding Halls","floor":38,"gold_loss":0},{"cards_removed":["ReplayTheSpireMod:Muscle Training"],"damage_healed":0,"gold_gain":0,"player_choice":"Purged","damage_taken":0,"max_hp_gain":0,"max_hp_loss":0,"event_name":"Purifier","floor":39,"gold_loss":0},{"damage_healed":0,"gold_gain":0,"player_choice":"Fight","damage_taken":0,"max_hp_gain":0,"max_hp_loss":0,"event_name":"Mysterious Sphere","floor":46,"gold_loss":0}],"is_beta":false,"boss_relics":[{"not_picked":["aspiration:RitualDagger","Dota2Spire:Bloodstone"],"picked":"Lee\u0027s Waffle"},{"not_picked":["Cauldron","ReplayTheSpireMod:DimensionalGlitch"],"picked":"Busted Crown"}],"items_purged_floors":[21],"is_endless":false,"potions_floor_spawned":[2,8,22,30,33,35,48],"ascension_level":12}}