{"host":"nn0yetzbeklxe8e9","time":1610913674,"event":{"mods":["AchievementEnabler","Act Like it!","Aspiration","BaseMod","Better Match","BetterRewards","Colored Powertips","Curses Come First","Friendly Minions","Infinite Spire","Minty Spire (QoL Compilation)","Permanent Neow","Quick Restart","READ ME - Snecko Mod","Rare Cards Sparkle","Replay The Spire","StSLib","The Jungle","Waifu the Spire"],"gold_per_floor":[117,117,117,131,55,88,88,117,117,149,149,114,143,154,154,251,251,269,269,280,387,402,402,422,268,268,283,296,296,310,310,310,411,411,425,354,576,243,256,256,306,317,372,372,392,406,406,422,422,422],"floor_reached":51,"language":"ENG","playtime":5909,"items_purged":["Injury"],"score":577,"play_id":"1804b1fc-c674-4ed9-b1ad-2cd86d59472f","local_time":"20210117150114","is_ascension_mode":false,"campfire_choices":[{"data":"Inflame","floor":7.0,"key":"SMITH"},{"floor":11,"key":"REST"},{"data":"infinitespire:UltimateForm","floor":23,"key":"SMITH"},{"data":"Infernal Blade","floor":23,"key":"SMITH"},{"data":"Spot Weakness","floor":29,"key":"SMITH"},{"data":"Spot Weakness","floor":29,"key":"SMITH"},{"floor":32,"key":"DIG"},{"data":"Brutality","floor":40,"key":"SMITH"},{"data":"Inflame","floor":40,"key":"SMITH"},{"data":"Rupture","floor":44,"key":"SMITH"},{"data":"Flex","floor":44,"key":"SMITH"},{"data":"Brutality","floor":49,"key":"SMITH"},{"data":"Flex","floor":49,"key":"SMITH"}],"circlet_count":0,"master_deck":["Strike_R","Strike_R","Strike_R","Strike_R","Strike_R","Defend_R","Defend_R","Defend_R","Bash","Battle Trance","Flex","Inflame+1","Spot Weakness+1","Flex","Infernal Blade+1","Rupture+1","Flex+1","Feed+1","Armaments+1","infinitespire:UltimateForm+1","Spot Weakness+1","Reaper+1","Combust+1","Flex+1","Carnage+1","Reaper+1","infinitespire:Gouge+1","Brutality+1","Inflame+1","Inflame+1","Combust","Infernal Blade","ReplayTheSpireMod:LeadingStrike+1","Blood for Blood+1","Blood for Blood+1","Infernal Blade+1","Brutality+1"],"relics":["Burning Blood","aspiration:Nostalgia","infinitespire:DarkRift","Unceasing Top","infinitespire:Lucky Rock","infinitespire:Beetle Shell","aspiration:FrozenJewel","Molten Egg 2","Painkiller Herb","Replay:Bronze Core","Replay:Arrowhead","Lizard Tail","Red Mask","FossilizedHelix","aspiration:PoetsPen_weak","Vajra","infinitespire:Magic Flask","Coffee Dripper"],"acts_visited":["Exordium","TheCity","TheBeyond"],"potions_floor_usage":[14,16,16,24,33,42,50],"damage_taken":[{"damage":2.0,"enemies":"Small Slimes","floor":1.0,"turns":3.0},{"damage":7.0,"enemies":"2 Louse","floor":4.0,"turns":4.0},{"damage":27.0,"enemies":"Gremlin Nob","floor":6.0,"turns":4.0},{"damage":36.0,"enemies":"3 Sentries","floor":8.0,"turns":8.0},{"damage":21,"enemies":"Lagavulin","floor":10,"turns":6},{"damage":22,"enemies":"3 Sentries","floor":13,"turns":5},{"damage":0,"enemies":"infinitespire:Voidling","floor":14,"turns":2},{"damage":1,"enemies":"Slime Boss","floor":16,"turns":7},{"damage":17,"enemies":"Spheric Guardian","floor":18,"turns":5},{"damage":18,"enemies":"Shell Parasite","floor":20,"turns":4},{"damage":56,"enemies":"Snake Plant","floor":22,"turns":6},{"damage":24,"enemies":"3 Cultists","floor":24,"turns":5},{"damage":1,"enemies":"Centurion and Healer","floor":27,"turns":4},{"damage":15,"enemies":"Chosen and Byrds","floor":28,"turns":6},{"damage":18,"enemies":"Snake Plant","floor":30,"turns":4},{"damage":123,"enemies":"Champ","floor":33,"turns":30},{"damage":15,"enemies":"3 Shapes","floor":35,"turns":4},{"damage":8,"enemies":"Orb Walker","floor":39,"turns":3},{"damage":35,"enemies":"Mind Bloom Boss Battle","floor":41,"turns":4},{"damage":57,"enemies":"Transient","floor":42,"turns":5},{"damage":62,"enemies":"Jaw Worm Horde","floor":45,"turns":4},{"damage":40,"enemies":"4 Shapes","floor":46,"turns":3},{"damage":5,"enemies":"Transient","floor":48,"turns":5},{"damage":44,"enemies":"Replay:Hell Engine","floor":50,"turns":5}],"seed_played":"2229026594694319540","potions_obtained":[{"floor":6.0,"key":"Languid Potion"},{"floor":10,"key":"LifebloodPotion"},{"floor":13,"key":"Swift Potion"},{"floor":14,"key":"Languid Potion"},{"floor":22,"key":"Reflective Coating"},{"floor":27,"key":"Elixir"},{"floor":30,"key":"EssenceOfSteel"},{"floor":41,"key":"SkillPotion"},{"floor":48,"key":"Adrenaline Potion"}],"is_trial":false,"path_per_floor":["M","?","?","M","$","E","R","E","T","E","R","?","E","M","R","B",null,"?","AVR","?","?","?","T","?","T","T","?","?","T","?","?","T","B",null,"?","T","?","T","?","T","?","?","T","T","?","?","AVR","?","T","B",null],"character_chosen":"IRONCLAD","items_purchased":["Inflame","Carnage+1","Inflame","Vajra","Combust","Infernal Blade","ReplayTheSpireMod:LeadingStrike+1"],"campfire_rested":1,"item_purchase_floors":[5,25,36,38,38,38,38],"current_hp_per_floor":[80,80,80,79,79,58,58,28,28,13,37,57,41,47,47,52,80,73,73,61,61,31,31,46,46,46,88,88,88,80,80,80,23,92,96,96,96,96,94,94,96,49,49,49,57,73,73,100,100,100],"gold":422,"neow_bonus":"NOSTALGIA","is_daily":false,"chose_seed":false,"campfire_upgraded":11,"win_rate":0.0,"timestamp":1610913674,"path_taken":["M","?","?","?","$","E","R","E","T","E","R","?","E","M","R","BOSS","?","AVR","?","?","?","T","?","T","T","?","?","T","?","?","T","BOSS","?","T","?","T","?","T","?","?","T","T","?","?","AVR","?","T","BOSS"],"items_purchased_type":["Card","Card","Card","Relic","Card","Card","Card"],"build_version":"2020-12-22","purchased_purges":1,"victory":true,"max_hp_per_floor":[80,80,80,80,80,80,80,80,80,80,80,80,80,80,80,80,80,84,84,84,84,84,84,84,84,84,88,88,88,92,92,92,92,92,96,96,96,96,96,96,96,96,96,96,96,100,100,100,100,100],"card_choices":[{"not_picked":["Shrug It Off","Sword Boomerang"],"picked":"Battle Trance","floor":1.0},{"not_picked":["ReplayTheSpireMod:Limb From Limb","Fire Breathing"],"picked":"Flex","floor":4.0},{"not_picked":["Headbutt","Ghostly Armor"],"picked":"Spot Weakness","floor":6.0},{"not_picked":["True Grit","Infernal Blade"],"picked":"Flex","floor":8.0},{"not_picked":["Defy Death","Perfected Strike"],"picked":"Infernal Blade","floor":10},{"not_picked":["Seeing Red","Pommel Strike"],"picked":"Rupture","floor":13},{"not_picked":["Sword Boomerang","Entrench"],"picked":"Flex","floor":14},{"not_picked":["Impervious","Barricade"],"picked":"Feed+1","floor":16},{"not_picked":["Body Slam+1","Fire Breathing"],"picked":"Armaments+1","floor":18},{"not_picked":["Havoc","Perfected Strike+1","Clothesline+1"],"picked":"SKIP","floor":20},{"not_picked":["Defy Death","Armaments+1"],"picked":"Spot Weakness","floor":21},{"not_picked":["Perfected Strike+1","Infernal Blade"],"picked":"Reaper+1","floor":21},{"not_picked":["Iron Wave+1","Flex"],"picked":"Combust+1","floor":22},{"not_picked":["Body Slam+1","Ghostly Armor"],"picked":"Flex","floor":24},{"not_picked":["Headbutt+1","Armaments","Warcry"],"picked":"SKIP","floor":27},{"not_picked":["Metallicize+1","Sword Boomerang+1","Headbutt+1"],"picked":"SKIP","floor":28},{"not_picked":["Infernal Blade","Dropkick+1"],"picked":"Reaper+1","floor":30},{"not_picked":["infinitespire:Starlight","ReplayTheSpireMod:Black Plague"],"picked":"infinitespire:Gouge","floor":33},{"not_picked":["Offering","Bludgeon+1"],"picked":"Brutality","floor":33},{"not_picked":["Havoc+1","Body Slam+1"],"picked":"Inflame+1","floor":35},{"not_picked":["ReplayTheSpireMod:Strike From Hell+1","Iron Wave+1"],"picked":"Blood for Blood+1","floor":39},{"not_picked":["Run Through+1","Body Slam+1"],"picked":"Blood for Blood+1","floor":41},{"not_picked":["Iron Wave+1","ReplayReversal+1","Pommel Strike+1"],"picked":"SKIP","floor":42},{"not_picked":["ReplayTheSpireMod:Strike From Hell+1","Anger+1","Second Wind"],"picked":"SKIP","floor":45},{"not_picked":["Shrug It Off","Abandon"],"picked":"Infernal Blade+1","floor":46},{"not_picked":["Run Through+1","Pommel Strike+1"],"picked":"Brutality","floor":48}],"player_experience":139754,"relics_obtained":[{"floor":6.0,"key":"Unceasing Top"},{"floor":8.0,"key":"infinitespire:Lucky Rock"},{"floor":9.0,"key":"Gambling Chip"},{"floor":10,"key":"infinitespire:Beetle Shell"},{"floor":13,"key":"aspiration:FrozenJewel"},{"floor":26,"key":"Lizard Tail"},{"floor":31,"key":"Red Mask"},{"floor":32,"key":"FossilizedHelix"},{"floor":41,"key":"infinitespire:Magic Flask"}],"event_choices":[{"damage_healed":0.0,"max_hp_gain":0.0,"max_hp_loss":0.0,"gold_gain":0.0,"event_name":"The Woman in Blue","player_choice":"Bought 0 Potions","floor":3.0,"gold_loss":0.0,"damage_taken":0.0},{"damage_healed":20,"gold_gain":0,"player_choice":"Healed","damage_taken":0,"max_hp_gain":0,"max_hp_loss":0,"event_name":"The Cleric","floor":12,"gold_loss":35},{"damage_healed":0,"gold_gain":222,"player_choice":"Wore Mask","damage_taken":0,"max_hp_gain":0,"max_hp_loss":0,"event_name":"Tomb of Lord Red Mask","floor":37,"gold_loss":0},{"damage_healed":0,"gold_gain":0,"player_choice":"Fight","damage_taken":0,"max_hp_gain":0,"max_hp_loss":0,"event_name":"MindBloom","floor":41,"gold_loss":0}],"is_beta":false,"boss_relics":[{"not_picked":["aspiration:RunicSpoon","aspiration:DefectSkillbook"],"picked":"Painkiller Herb"},{"not_picked":["aspiration:SecretTechniqueScroll","SacredBark"],"picked":"aspiration:PoetsPen_weak"}],"items_purged_floors":[25],"is_endless":false,"potions_floor_spawned":[6,10,13,14,22,27,30,41,48],"ascension_level":0}}