{"host":"2se5dq1do2gp0x9k","time":1610925796,"event":{"mods":["AchievementEnabler","BaseMod","Block Reminder","Colored Map","Colored Powertips","Minty Spire (QoL Compilation)","Relic Stats","StSLib","SuperFastMode"],"gold_per_floor":[118,130,147,147,147,147,172,247,247,247,267,26,26,61,61,192,192,216,22,22,35,60,60,60],"floor_reached":23,"language":"ENG","playtime":743,"items_purged":["Strike_B"],"score":362,"play_id":"9ab4c3ca-d147-468f-a575-319028f902f3","local_time":"20210117152316","is_ascension_mode":true,"campfire_choices":[{"data":"Streamline","floor":6,"key":"SMITH"},{"data":"Skim","floor":10,"key":"SMITH"},{"floor":13,"key":"REST"},{"data":"Double Energy","floor":15,"key":"SMITH"}],"circlet_count":0,"master_deck":["AscendersBane","Strike_B","Strike_B","Strike_B","Defend_B","Defend_B","Defend_B","Defend_B","Zap","Dualcast","Streamline+1","Reinforced Body","Skim+1","Double Energy+1","Coolheaded","Cold Snap","Electrodynamics","Ball Lightning","Buffer","CurseOfTheBell","FTL+1","Compile Driver","Turbo","Glacier"],"relics":["Cracked Core","CaptainsWheel","Golden Idol","Dream Catcher","Bottled Lightning","Toolbox","Shuriken","Calling Bell","Lantern","Pear","Incense Burner","Chemical X"],"acts_visited":["Exordium","TheCity"],"potions_floor_usage":[11,23,23],"damage_taken":[{"damage":1,"enemies":"Cultist","floor":1,"turns":3},{"damage":7,"enemies":"2 Louse","floor":2,"turns":2},{"damage":5,"enemies":"Small Slimes","floor":3,"turns":4},{"damage":10,"enemies":"Looter","floor":7,"turns":3},{"damage":9,"enemies":"Lots of Slimes","floor":11,"turns":4},{"damage":18,"enemies":"3 Sentries","floor":14,"turns":4},{"damage":0,"enemies":"Slime Boss","floor":16,"turns":6},{"damage":5,"enemies":"2 Thieves","floor":18,"turns":4},{"damage":0,"enemies":"3 Byrds","floor":21,"turns":2},{"damage":22,"enemies":"Shelled Parasite and Fungi","floor":22,"turns":9},{"damage":30,"enemies":"Gremlin Leader","floor":23,"turns":4}],"seed_played":"5628817162788643336","potions_obtained":[{"floor":7,"key":"DistilledChaos"},{"floor":11,"key":"LiquidBronze"},{"floor":14,"key":"SteroidPotion"},{"floor":18,"key":"Explosive Potion"},{"floor":22,"key":"DistilledChaos"}],"is_trial":false,"path_per_floor":["M","M","M","?","?","R","M","?","T","R","M","$","R","E","R","B",null,"M","$","?","M","M","E"],"character_chosen":"DEFECT","items_purchased":["Cold Snap","Toolbox","Chemical X","Compile Driver"],"campfire_rested":1,"item_purchase_floors":[12,12,19,19],"current_hp_per_floor":[67,60,55,55,48,48,38,27,27,27,18,18,36,18,18,18,62,57,57,51,51,29,0,0],"gold":60,"neow_bonus":"ONE_RARE_RELIC","is_daily":false,"chose_seed":false,"campfire_upgraded":3,"win_rate":0.0,"timestamp":1610925796,"path_taken":["M","M","?","?","?","R","M","?","T","R","M","$","R","E","R","BOSS","M","$","?","?","M","E"],"items_purchased_type":["Card","Relic","Relic","Card"],"build_version":"2020-12-22","purchased_purges":1,"victory":false,"max_hp_per_floor":[68,68,68,63,63,63,63,63,63,63,63,63,63,63,63,63,73,73,73,73,73,73,73,73],"relic_stats":{"Dream Catcher":1,"counters":[11,45],"Golden Idol":55,"Shuriken":[4],"Chemical X":[5],"obtain_stats":[{"Calling Bell":17,"CaptainsWheel":0,"Dream Catcher":5,"Lantern":17,"Pear":17,"Golden Idol":4,"Shuriken":14,"Toolbox":12,"Incense Burner":17,"Bottled Lightning":9,"Chemical X":19,"Cracked Core":0},{"Calling Bell":7,"CaptainsWheel":0,"Dream Catcher":3,"Lantern":7,"Pear":7,"Golden Idol":3,"Shuriken":6,"Toolbox":5,"Incense Burner":7,"Bottled Lightning":4,"Chemical X":8,"Cracked Core":0},{"Calling Bell":26,"CaptainsWheel":0,"Dream Catcher":9,"Lantern":26,"Pear":26,"Golden Idol":9,"Shuriken":20,"Toolbox":16,"Incense Burner":26,"Bottled Lightning":12,"Chemical X":30,"Cracked Core":0}]},"card_choices":[{"not_picked":["Beam Cell","Hologram"],"picked":"Streamline","floor":1},{"not_picked":["Conserve Battery","White Noise"],"picked":"Reinforced Body","floor":2},{"not_picked":["Go for the Eyes","Loop"],"picked":"Skim","floor":3},{"not_picked":["Melter","Heatsinks"],"picked":"Double Energy","floor":7},{"not_picked":["Streamline","Loop"],"picked":"Coolheaded","floor":11},{"not_picked":["Coolheaded","Darkness"],"picked":"Electrodynamics","floor":13},{"not_picked":["Fusion","Compile Driver"],"picked":"Ball Lightning","floor":14},{"not_picked":["Seek","Rainbow"],"picked":"Buffer","floor":16},{"not_picked":["Sunder","Conserve Battery"],"picked":"FTL+1","floor":18},{"not_picked":["Melter+1","FTL"],"picked":"Turbo","floor":21},{"not_picked":["Barrage","Amplify"],"picked":"Glacier","floor":22}],"player_experience":3898720,"relics_obtained":[{"floor":9,"key":"Bottled Lightning"},{"floor":14,"key":"Shuriken"},{"floor":17,"key":"Lantern"},{"floor":17,"key":"Pear"},{"floor":17,"key":"Incense Burner"}],"event_choices":[{"damage_healed":0,"gold_gain":0,"player_choice":"Lose Max HP","damage_taken":0,"relics_obtained":["Golden Idol"],"max_hp_gain":0,"max_hp_loss":5,"event_name":"Golden Idol","floor":4,"gold_loss":0},{"damage_healed":0,"gold_gain":0,"player_choice":"Success","damage_taken":7,"relics_obtained":["Dream Catcher"],"max_hp_gain":0,"max_hp_loss":0,"event_name":"Scrap Ooze","floor":5,"gold_loss":0},{"damage_healed":0,"gold_gain":75,"player_choice":"Gather Gold","damage_taken":11,"max_hp_gain":0,"max_hp_loss":0,"event_name":"World of Goop","floor":8,"gold_loss":0},{"damage_healed":0,"gold_gain":0,"player_choice":"","damage_taken":6,"max_hp_gain":0,"max_hp_loss":0,"event_name":"Knowing Skull","floor":20,"potions_obtained":[],"gold_loss":0,"cards_obtained":[]}],"is_beta":false,"boss_relics":[{"not_picked":["SacredBark","Fusion Hammer"],"picked":"Calling Bell"}],"items_purged_floors":[12],"is_endless":false,"potions_floor_spawned":[7,11,14,18,22],"killed_by":"Gremlin Leader","ascension_level":10}}