{"host":"1a3cjta80tad0aqj","time":1610877066,"event":{"mods":["2.2 Compatiblity","AchievementEnabler","BaseMod","Colored Map","DeckTracker","KOR Keyword Fix","Keyboard Shortcuts","Minty Spire (QoL Compilation)","Permanent Neow","Quick Restart","Random Character Button","StSLib","SuperFastMode","everything is the same but u backflip on backflip"],"gold_per_floor":[114,128,148,128,148,148,173,187,187,187,6,6,16,49,49,148,148,163,175,175,125,125,125,125],"floor_reached":23,"language":"KOR","playtime":821,"items_purged":["Defend_B"],"score":264,"play_id":"beb2f483-27be-4dcb-a3fd-c7782941d6e5","local_time":"20210117185106","is_ascension_mode":true,"campfire_choices":[{"data":"Dualcast","floor":6.0,"key":"SMITH"},{"floor":10.0,"key":"REST"},{"data":"Apotheosis","floor":12.0,"key":"SMITH"},{"data":"Streamline","floor":15.0,"key":"SMITH"}],"circlet_count":0,"master_deck":["Strike_B","Strike_B","Defend_B","Defend_B","Zap","Dualcast+1","Genetic Algorithm+1","Streamline+1","Ball Lightning","Aggregate","Melter","Machine Learning","Chaos","Apotheosis+1","Hologram","Cold Snap","Echo Form","Echo Form+1","Turbo+1","Sunder+1","FTL","Auto Shields"],"relics":["Cracked Core","Smiling Mask","Pantograph","Astrolabe"],"acts_visited":["Exordium","TheCity"],"potions_floor_usage":[23,23],"damage_taken":[{"damage":1.0,"enemies":"Cultist","floor":1.0,"turns":3.0},{"damage":5.0,"enemies":"Small Slimes","floor":2.0,"turns":3.0},{"damage":1.0,"enemies":"2 Louse","floor":3.0,"turns":2.0},{"damage":15.0,"enemies":"Exordium Thugs","floor":5.0,"turns":4.0},{"damage":15.0,"enemies":"3 Sentries","floor":7.0,"turns":6.0},{"damage":0.0,"enemies":"Large Slime","floor":8.0,"turns":4.0},{"damage":5.0,"enemies":"Looter","floor":13.0,"turns":3.0},{"damage":16.0,"enemies":"Lagavulin","floor":14.0,"turns":6.0},{"damage":0.0,"enemies":"Slime Boss","floor":16.0,"turns":6.0},{"damage":28.0,"enemies":"2 Thieves","floor":18.0,"turns":4.0},{"damage":0.0,"enemies":"Spheric Guardian","floor":19.0,"turns":3.0},{"damage":55,"enemies":"Gremlin Leader","floor":23,"turns":6}],"seed_played":"-6821173084458415303","potions_obtained":[{"floor":2.0,"key":"Weak Potion"},{"floor":4.0,"key":"LiquidMemories"},{"floor":7.0,"key":"Strength Potion"},{"floor":13.0,"key":"Explosive Potion"},{"floor":14.0,"key":"FearPotion"}],"is_trial":false,"path_per_floor":["M","M","M","?","M","R","E","M","T","R","$","R","M","E","R","B",null,"M","M","?","$","?","E"],"character_chosen":"DEFECT","items_purchased":["Apotheosis"],"campfire_rested":1,"item_purchase_floors":[11],"current_hp_per_floor":[74,69,68,68,53,53,38,38,38,60,60,60,55,39,39,64,75,47,47,47,47,47,0,0],"gold":125,"neow_bonus":"THREE_CARDS","is_daily":false,"chose_seed":false,"campfire_upgraded":3,"win_rate":0.0,"timestamp":1610877066,"path_taken":["M","?","M","?","M","R","E","M","T","R","$","R","?","E","R","BOSS","M","M","?","?","?","E"],"items_purchased_type":["Card"],"build_version":"2020-12-22","purchased_purges":1,"victory":false,"max_hp_per_floor":[75,75,75,75,75,75,75,75,75,75,75,75,75,75,75,75,75,75,75,75,75,75,75,75],"card_choices":[{"not_picked":["Compile Driver","Heatsinks"],"picked":"Genetic Algorithm","floor":0.0},{"not_picked":["Gash","Turbo"],"picked":"Streamline","floor":1.0},{"not_picked":["Streamline","Rebound"],"picked":"Ball Lightning","floor":2.0},{"not_picked":["Compile Driver","Streamline"],"picked":"Aggregate","floor":3.0},{"not_picked":["Fusion","Double Energy"],"picked":"Melter","floor":5.0},{"not_picked":["Fusion","Heatsinks"],"picked":"Machine Learning","floor":7.0},{"not_picked":["Barrage","Steam"],"picked":"Chaos","floor":8.0},{"not_picked":["Compile Driver","Beam Cell"],"picked":"Hologram","floor":13.0},{"not_picked":["Force Field","Coolheaded"],"picked":"Cold Snap","floor":14.0},{"not_picked":["Hyperbeam","Thunder Strike"],"picked":"Echo Form","floor":16.0},{"not_picked":["Gash","Sweeping Beam"],"picked":"FTL","floor":18.0},{"not_picked":["Beam Cell","Redo"],"picked":"Auto Shields","floor":19.0}],"player_experience":700421,"relics_obtained":[{"floor":7.0,"key":"Smiling Mask"},{"floor":14.0,"key":"Pantograph"}],"event_choices":[{"damage_healed":0.0,"max_hp_gain":0.0,"max_hp_loss":0.0,"gold_gain":0.0,"event_name":"The Woman in Blue","player_choice":"Bought 1 Potion","floor":4.0,"gold_loss":0.0,"damage_taken":0.0},{"damage_healed":0.0,"max_hp_gain":0.0,"max_hp_loss":0.0,"gold_gain":0.0,"event_name":"Upgrade Shrine","player_choice":"Upgraded","floor":20.0,"gold_loss":0.0,"damage_taken":0.0,"cards_upgraded":["Genetic Algorithm"]},{"damage_healed":0.0,"max_hp_gain":0.0,"max_hp_loss":0.0,"gold_gain":0.0,"event_name":"Vampires","player_choice":"Ignored","floor":22.0,"gold_loss":0.0,"damage_taken":0.0}],"is_beta":false,"boss_relics":[{"not_picked":["SlaversCollar","Busted Crown"],"picked":"Astrolabe"}],"items_purged_floors":[21],"is_endless":false,"potions_floor_spawned":[2,7,13,14,16,18,19],"killed_by":"Gremlin Leader","ascension_level":1}}