{"host":"25ulnz1s7ujxz1i5","time":1610861364,"event":{"mods":["AchievementEnabler","BaseMod","Custom Start","Data Control","Minty Spire (QoL Compilation)","StSLib"],"gold_per_floor":[111,124,141,151,163,192,192,225,225,225,225,254,1464,1477,1477,1578,1578,1589,1618,1631,1556,1575,1603,1603,1603,1648,1747,1763,1776,1809,1827,1827,1922,1922,1933,1983,1325,1547,1547,1577,1577,1597,1597,1597,1624,1644,958,958,958,958,958,958,113,144,144],"floor_reached":56,"language":"ENG","playtime":13545,"items_purged":["Thunderclap","Flex"],"score":1546,"play_id":"50f0d001-8d85-44c2-918d-6c6e6189d889","local_time":"20210117002924","is_ascension_mode":true,"campfire_choices":[{"data":"Perfected Strike","floor":7,"key":"SMITH"},{"floor":10,"key":"REST"},{"data":"Iron Wave","floor":15,"key":"SMITH"},{"floor":32,"key":"REST"},{"floor":41,"key":"DIG"},{"floor":44,"key":"DIG"},{"floor":49,"key":"RECALL"},{"floor":52,"key":"DIG"}],"circlet_count":0,"master_deck":["Strike_R","Strike_R+1","Strike_R+1","Strike_R","Defend_R","Defend_R","Defend_R","Bash+1","Shrug It Off","Cleave","Perfected Strike+1","Fire Breathing","Iron Wave","Battle Trance","Whirlwind","Inflame+1","Iron Wave+1","Anger+1","Cleave+1","Heavy Blade","Ghostly","Ghostly","Ghostly","Ghostly","Ghostly","Bloodletting","Perfected Strike","Juggernaut+1","Rage","Dark Embrace+1","Offering","Shockwave+1","PanicButton","Spot Weakness+1","Battle Trance+1","Flex+1","Inflame+1","Apotheosis","Bludgeon"],"relics":["Black Blood","NeowsBlessing","MealTicket","Anchor","Torii","Frozen Egg 2","FossilizedHelix","TheAbacus","Runic Cube","Red Mask","Paper Frog","Thread and Needle","Dream Catcher","Du-Vu Doll","Shovel","Sling","Whetstone","Pocketwatch","Kunai","Potion Belt","Pantograph","Boot","Happy Flower","Self Forming Clay","ClockworkSouvenir","Blood Vial","Bottled Tornado","OrangePellets","Red Skull","Lizard Tail","Vajra"],"acts_visited":["Exordium","TheCity","TheBeyond","TheEnding"],"potions_floor_usage":[6,6,8,8,8,19,28,30,50,55,55,55],"damage_taken":[{"damage":0,"enemies":"Jaw Worm","floor":1,"turns":1},{"damage":0,"enemies":"2 Louse","floor":2,"turns":1},{"damage":0,"enemies":"Small Slimes","floor":3,"turns":1},{"damage":13,"enemies":"2 Fungi Beasts","floor":4,"turns":3},{"damage":7,"enemies":"Exordium Wildlife","floor":5,"turns":3},{"damage":22,"enemies":"Gremlin Nob","floor":6,"turns":4},{"damage":27,"enemies":"Lagavulin","floor":8,"turns":5},{"damage":22,"enemies":"Gremlin Nob","floor":12,"turns":4},{"damage":0,"enemies":"Looter","floor":14,"turns":2},{"damage":40,"enemies":"The Guardian","floor":16,"turns":10},{"damage":10,"enemies":"2 Thieves","floor":18,"turns":4},{"damage":0,"enemies":"Masked Bandits","floor":19,"turns":4},{"damage":7,"enemies":"Shell Parasite","floor":20,"turns":4},{"damage":15,"enemies":"Snecko","floor":22,"turns":5},{"damage":53,"enemies":"Gremlin Leader","floor":23,"turns":7},{"damage":0,"enemies":"Centurion and Healer","floor":28,"turns":7},{"damage":0,"enemies":"Snake Plant","floor":29,"turns":4},{"damage":0,"enemies":"Slavers","floor":30,"turns":7},{"damage":28,"enemies":"3 Cultists","floor":31,"turns":4},{"damage":0,"enemies":"Champ","floor":33,"turns":9},{"damage":0,"enemies":"3 Darklings","floor":35,"turns":3},{"damage":1,"enemies":"Mind Bloom Boss Battle","floor":36,"turns":6},{"damage":0,"enemies":"Nemesis","floor":40,"turns":5},{"damage":0,"enemies":"3 Shapes","floor":42,"turns":3},{"damage":0,"enemies":"Reptomancer","floor":45,"turns":4},{"damage":0,"enemies":"Transient","floor":46,"turns":2},{"damage":13,"enemies":"Donu and Deca","floor":50,"turns":7},{"damage":0,"enemies":"Shield and Spear","floor":54,"turns":4},{"damage":8,"enemies":"The Heart","floor":55,"turns":7}],"seed_played":"-3161456493200191366","potions_obtained":[{"floor":3,"key":"LiquidMemories"},{"floor":4,"key":"EntropicBrew"},{"floor":6,"key":"BlessingOfTheForge"},{"floor":16,"key":"Block Potion"},{"floor":18,"key":"ElixirPotion"},{"floor":22,"key":"GamblersBrew"},{"floor":23,"key":"Regen Potion"},{"floor":29,"key":"Energy Potion"},{"floor":35,"key":"SmokeBomb"},{"floor":36,"key":"Dexterity Potion"},{"floor":42,"key":"SpeedPotion"},{"floor":45,"key":"SteroidPotion"},{"floor":54,"key":"BlessingOfTheForge"}],"is_trial":false,"path_per_floor":["M","M","M","M","M","E","R","E","T","R","?","E","$","M","R","B",null,"M","?","M","?","M","E","?","?","T","?","M","M","E","M","R","B",null,"M","?","$","?","?","E","R","M","T","R","E","M","$","?","R","B",null,"R","$","E","B",null],"character_chosen":"IRONCLAD","items_purchased":["Frozen Egg 2","FossilizedHelix","TheAbacus","Inflame+1","Sling","Whetstone","Pocketwatch","Self Forming Clay","ClockworkSouvenir","Blood Vial","Inflame+1","OrangePellets","Red Skull","Lizard Tail","Strength Potion","Apotheosis"],"campfire_rested":2,"item_purchase_floors":[13,13,13,13,37,37,37,47,47,47,47,53,53,53,53,53],"current_hp_per_floor":[80,80,80,73,72,56,56,35,35,59,59,43,58,64,64,30,80,76,80,79,79,70,23,23,23,23,23,40,40,40,18,30,36,40,40,40,40,40,40,40,40,40,40,40,40,40,40,40,40,39,40,40,40,40,40],"gold":144,"neow_bonus":"THREE_ENEMY_KILL","is_daily":false,"chose_seed":false,"campfire_upgraded":2,"win_rate":0.0,"timestamp":1610861364,"path_taken":["M","M","M","M","M","E","R","E","T","R","?","E","$","M","R","BOSS","M","?","M","?","M","E","?","?","T","?","M","M","E","?","R","BOSS","M","?","$","?","?","E","R","M","T","R","E","M","?","?","R","BOSS","R","$","E","BOSS"],"items_purchased_type":["Relic","Relic","Relic","Card","Relic","Relic","Relic","Relic","Relic","Relic","Card","Relic","Relic","Relic","Potion","Card"],"build_version":"2020-12-22","purchased_purges":2,"victory":true,"max_hp_per_floor":[80,80,80,80,80,80,80,80,80,80,80,80,80,80,80,80,80,80,80,80,80,80,80,80,40,40,40,40,40,40,40,40,40,40,40,40,40,40,40,40,40,40,40,40,40,40,40,40,40,40,40,40,40,40,40],"card_choices":[{"not_picked":["Intimidate","Headbutt"],"picked":"Shrug It Off","floor":1},{"not_picked":["True Grit","Sever Soul"],"picked":"Cleave","floor":2},{"not_picked":["Thunderclap","Warcry"],"picked":"Perfected Strike","floor":3},{"not_picked":["Bloodletting","Dark Embrace"],"picked":"Fire Breathing","floor":4},{"not_picked":["Inflame","Combust"],"picked":"Iron Wave","floor":5},{"not_picked":["Corruption","Intimidate"],"picked":"Thunderclap","floor":6},{"not_picked":["Dropkick","Double Tap"],"picked":"Battle Trance","floor":8},{"not_picked":["True Grit","Armaments"],"picked":"Whirlwind","floor":12},{"not_picked":["Combust+1","Clash"],"picked":"Iron Wave","floor":14},{"not_picked":["Fire Breathing+1","Iron Wave"],"picked":"Anger+1","floor":18},{"not_picked":["Clash+1","Fire Breathing+1"],"picked":"Cleave+1","floor":19},{"not_picked":["Sword Boomerang+1","Power Through"],"picked":"Heavy Blade","floor":20},{"not_picked":["Cleave","Hemokinesis","Sever Soul+1"],"picked":"SKIP","floor":22},{"not_picked":["Clash+1","Shrug It Off","True Grit"],"picked":"SKIP","floor":23},{"not_picked":["Armaments","Corruption+1"],"picked":"Bloodletting","floor":28},{"not_picked":["Pommel Strike","Warcry"],"picked":"Perfected Strike","floor":29},{"not_picked":["Armaments","Perfected Strike"],"picked":"Juggernaut+1","floor":30},{"not_picked":["Iron Wave","Pommel Strike"],"picked":"Rage","floor":31},{"not_picked":["Cleave+1","Shrug It Off"],"picked":"Dark Embrace+1","floor":32},{"not_picked":["Double Tap","Juggernaut+1"],"picked":"Offering","floor":33},{"not_picked":["Rampage","Heavy Blade"],"picked":"Shockwave+1","floor":35},{"not_picked":["Whirlwind+1","Shrug It Off"],"picked":"Flex","floor":36},{"not_picked":["HandOfGreed","Mind Blast"],"picked":"PanicButton","floor":39},{"not_picked":["Clothesline","Berserk+1","Iron Wave"],"picked":"SKIP","floor":40},{"not_picked":["Warcry","Cleave"],"picked":"Spot Weakness+1","floor":42},{"not_picked":["Clothesline","Sever Soul"],"picked":"Battle Trance+1","floor":45},{"not_picked":["Heavy Blade","Rampage"],"picked":"Flex+1","floor":46},{"not_picked":["Reaper","Flex+1"],"picked":"Bludgeon","floor":54}],"player_experience":92486,"relics_obtained":[{"floor":6,"key":"MealTicket"},{"floor":8,"key":"Anchor"},{"floor":12,"key":"Torii"},{"floor":19,"key":"Red Mask"},{"floor":23,"key":"Paper Frog"},{"floor":26,"key":"Dream Catcher"},{"floor":30,"key":"Du-Vu Doll"},{"floor":36,"key":"Shovel"},{"floor":40,"key":"Kunai"},{"floor":41,"key":"Potion Belt"},{"floor":43,"key":"Pantograph"},{"floor":44,"key":"Boot"},{"floor":45,"key":"Happy Flower"},{"floor":52,"key":"Bottled Tornado"},{"floor":54,"key":"Vajra"}],"event_choices":[{"damage_healed":0,"gold_gain":0,"player_choice":"Grow","damage_taken":0,"max_hp_gain":0,"max_hp_loss":0,"event_name":"Living Wall","floor":11,"gold_loss":0,"cards_upgraded":["Bash"]},{"damage_healed":0,"gold_gain":0,"player_choice":"Fought Bandits","damage_taken":0,"max_hp_gain":0,"max_hp_loss":0,"event_name":"Masked Bandits","floor":19,"gold_loss":0},{"cards_removed":["Defend_R"],"damage_healed":0,"gold_gain":0,"player_choice":"Gave Gold","damage_taken":0,"max_hp_gain":0,"max_hp_loss":0,"event_name":"Beggar","floor":21,"gold_loss":75},{"damage_healed":0,"gold_gain":0,"player_choice":"Opened","damage_taken":0,"relics_obtained":["Thread and Needle"],"max_hp_gain":0,"max_hp_loss":0,"event_name":"The Mausoleum","floor":24,"gold_loss":0},{"damage_healed":0,"gold_gain":0,"player_choice":"Became a Ghost","damage_taken":0,"max_hp_gain":0,"max_hp_loss":40,"event_name":"Ghosts","floor":25,"gold_loss":0,"cards_obtained":["Ghostly","Ghostly","Ghostly","Ghostly","Ghostly"]},{"damage_healed":0,"gold_gain":99,"player_choice":"Stole From Cult","damage_taken":0,"max_hp_gain":0,"max_hp_loss":0,"event_name":"Nest","floor":27,"gold_loss":0},{"damage_healed":0,"gold_gain":0,"player_choice":"Fight","damage_taken":0,"max_hp_gain":0,"max_hp_loss":0,"event_name":"MindBloom","floor":36,"gold_loss":0},{"damage_healed":0,"gold_gain":222,"player_choice":"Wore Mask","damage_taken":0,"max_hp_gain":0,"max_hp_loss":0,"event_name":"Tomb of Lord Red Mask","floor":38,"gold_loss":0},{"damage_healed":0,"gold_gain":0,"player_choice":"Memory 1","damage_taken":0,"max_hp_gain":0,"max_hp_loss":0,"event_name":"SensoryStone","floor":39,"gold_loss":0},{"cards_removed":["Strike_R"],"damage_healed":0,"gold_gain":0,"player_choice":"Removed Attack","damage_taken":0,"max_hp_gain":0,"max_hp_loss":0,"event_name":"Falling","floor":48,"gold_loss":0}],"is_beta":false,"boss_relics":[{"not_picked":["Runic Dome","Fusion Hammer"],"picked":"Runic Cube"},{"not_picked":["Cursed Key","Philosopher\u0027s Stone"],"picked":"Black Blood"}],"items_purged_floors":[37,47],"is_endless":false,"potions_floor_spawned":[3,4,6,16,18,22,23,29,35,36,42,45,54],"ascension_level":1}}