{"host":"pfy6u49v5s5r680p","time":1610856497,"event":{"mods":["BaseMod","Colored Map","DeckTracker","Highlight Path","Keyboard Shortcuts","Minty Spire (QoL Compilation)","Permanent Neow","Quick Restart","StSLib","SuperFastMode","everything is the same but u backflip on backflip"],"gold_per_floor":[110,121,134,149,161,161,6,6,6,6,21,51,51,67,67,169,219,237,14,33,50,66,66,81,108,189,224,224,224,244,272,272,272,272],"floor_reached":33,"language":"KOR","playtime":1308,"items_purged":[],"score":336,"play_id":"4cd054d5-ac65-40ef-849e-e2b5100aea3e","local_time":"20210117130817","is_ascension_mode":false,"campfire_choices":[{"data":"Phantasmal Killer","floor":6.0,"key":"SMITH"},{"data":"Deadly Poison","floor":8.0,"key":"SMITH"},{"floor":13.0,"key":"REST"},{"data":"Poisoned Stab","floor":15.0,"key":"SMITH"},{"data":"Die Die Die","floor":23.0,"key":"SMITH"},{"data":"Reflex","floor":28.0,"key":"SMITH"},{"data":"Burst","floor":32.0,"key":"SMITH"}],"circlet_count":0,"master_deck":["Strike_G","Strike_G","Strike_G","Strike_G","Strike_G","Defend_G","Defend_G","Defend_G","Defend_G","Defend_G","Survivor","Neutralize","Phantasmal Killer+1","Flying Knee+1","Deadly Poison+1","Dagger Throw","Crippling Poison","Poisoned Stab+1","Die Die Die+1","Venomology","PiercingWail","Blur","Acrobatics","Reflex+1","Blur+1","Burst+1"],"relics":["Ring of the Snake","Membership Card","White Beast Statue","Mummified Hand","CaptainsWheel","Lantern","Sundial","Meat on the Bone","Shuriken","Nloth\u0027s Gift","Orichalcum"],"acts_visited":["Exordium","TheCity"],"potions_floor_usage":[33,33,33],"damage_taken":[{"damage":3.0,"enemies":"Small Slimes","floor":1.0,"turns":4.0},{"damage":1.0,"enemies":"Cultist","floor":2.0,"turns":3.0},{"damage":4.0,"enemies":"2 Louse","floor":3.0,"turns":2.0},{"damage":4.0,"enemies":"Blue Slaver","floor":4.0,"turns":5.0},{"damage":11.0,"enemies":"Exordium Wildlife","floor":5.0,"turns":3.0},{"damage":22.0,"enemies":"Gremlin Gang","floor":11.0,"turns":4.0},{"damage":9.0,"enemies":"Lagavulin","floor":12.0,"turns":4.0},{"damage":4.0,"enemies":"Large Slime","floor":14.0,"turns":5.0},{"damage":4.0,"enemies":"Hexaghost","floor":16.0,"turns":8.0},{"damage":6.0,"enemies":"2 Thieves","floor":18.0,"turns":2.0},{"damage":13.0,"enemies":"Spheric Guardian","floor":20.0,"turns":5.0},{"damage":8.0,"enemies":"Snake Plant","floor":21.0,"turns":5.0},{"damage":17.0,"enemies":"Shelled Parasite and Fungi","floor":22.0,"turns":5.0},{"damage":16.0,"enemies":"Cultist and Chosen","floor":24.0,"turns":7.0},{"damage":27.0,"enemies":"Gremlin Leader","floor":25.0,"turns":7.0},{"damage":28.0,"enemies":"Book of Stabbing","floor":27.0,"turns":6.0},{"damage":1.0,"enemies":"Centurion and Healer","floor":30.0,"turns":7.0},{"damage":0.0,"enemies":"Gremlin Leader","floor":31.0,"turns":2.0},{"damage":55,"enemies":"Automaton","floor":33,"turns":12}],"seed_played":"6448045048253710321","potions_obtained":[{"floor":1.0,"key":"SteroidPotion"},{"floor":11.0,"key":"EntropicBrew"},{"floor":12.0,"key":"SpeedPotion"},{"floor":14.0,"key":"LiquidMemories"},{"floor":16.0,"key":"Fruit Juice"},{"floor":17.0,"key":"SmokeBomb"},{"floor":18.0,"key":"SteroidPotion"},{"floor":20.0,"key":"Regen Potion"},{"floor":21.0,"key":"Regen Potion"},{"floor":22.0,"key":"Energy Potion"},{"floor":24.0,"key":"Regen Potion"},{"floor":25.0,"key":"EntropicBrew"},{"floor":27.0,"key":"Energy Potion"},{"floor":30.0,"key":"CunningPotion"},{"floor":31.0,"key":"Poison Potion"}],"is_trial":false,"path_per_floor":["M","M","M","M","M","R","$","R","T","$","M","E","R","M","R","B",null,"M","$","M","M","M","R","M","E","T","E","R","?","M","E","R","B"],"character_chosen":"THE_SILENT","items_purchased":["Membership Card","CaptainsWheel","Lantern"],"campfire_rested":1,"item_purchase_floors":[7,19,19],"current_hp_per_floor":[67,66,62,58,47,47,47,47,47,47,25,16,37,33,33,29,75,74,74,61,67,77,77,61,49,49,48,48,48,47,47,47,7,7],"gold":272,"neow_bonus":"ONE_RANDOM_RARE_CARD","is_daily":false,"chose_seed":false,"campfire_upgraded":6,"win_rate":0.0,"timestamp":1610856497,"path_taken":["M","M","M","M","M","R","$","R","T","$","M","E","R","M","R","BOSS","M","$","M","M","M","R","M","E","T","E","R","?","M","E","R","BOSS"],"items_purchased_type":["Relic","Relic","Relic"],"build_version":"2020-12-22","purchased_purges":0,"victory":false,"max_hp_per_floor":[70,70,70,70,70,70,70,70,70,70,70,70,70,70,70,70,75,80,80,80,80,80,80,80,80,80,80,80,80,80,80,80,80,80],"card_choices":[{"not_picked":["Riddle With Holes","Dash"],"picked":"Flying Knee","floor":1.0},{"not_picked":["Endless Agony","Dodge and Roll"],"picked":"Deadly Poison","floor":2.0},{"not_picked":["Heel Hook","Dagger Spray","Slice"],"picked":"SKIP","floor":3.0},{"not_picked":["Flying Knee","Calculated Gamble"],"picked":"Dagger Throw","floor":4.0},{"not_picked":["Skewer","Quick Slash"],"picked":"Crippling Poison","floor":5.0},{"not_picked":["Dagger Spray","Heel Hook"],"picked":"Poisoned Stab","floor":11.0},{"not_picked":["Dodge and Roll","Leg Sweep","Dagger Throw"],"picked":"SKIP","floor":12.0},{"not_picked":["Acrobatics","Flying Knee"],"picked":"Die Die Die","floor":14.0},{"not_picked":["Burst","Phantasmal Killer"],"picked":"Venomology","floor":16.0},{"not_picked":["Sucker Punch","Slice"],"picked":"PiercingWail","floor":17.0},{"not_picked":["Deflect","PiercingWail","Poisoned Stab"],"picked":"SKIP","floor":18.0},{"not_picked":["Poisoned Stab","Sucker Punch+1"],"picked":"Blur","floor":20.0},{"not_picked":["Dagger Spray","Infinite Blades","Prepared"],"picked":"SKIP","floor":21.0},{"not_picked":["Flying Knee","Choke","Underhanded Strike"],"picked":"SKIP","floor":22.0},{"not_picked":["Malaise","Riddle With Holes"],"picked":"Acrobatics","floor":24.0},{"not_picked":["Blade Dance","Blur"],"picked":"Reflex","floor":25.0},{"not_picked":["Backflip","Reflex"],"picked":"Blur+1","floor":27.0},{"not_picked":["Quick Slash+1","Footwork+1","Blur"],"picked":"SKIP","floor":30.0},{"not_picked":["Skewer","Riddle With Holes+1"],"picked":"Burst","floor":31.0}],"player_experience":145072,"relics_obtained":[{"floor":9.0,"key":"White Beast Statue"},{"floor":12.0,"key":"Mummified Hand"},{"floor":25.0,"key":"Sundial"},{"floor":26.0,"key":"Meat on the Bone"},{"floor":27.0,"key":"Shuriken"},{"floor":31.0,"key":"Orichalcum"}],"event_choices":[{"damage_healed":0.0,"max_hp_gain":0.0,"max_hp_loss":0.0,"gold_gain":0.0,"event_name":"N\u0027loth","player_choice":"Traded Relic","floor":29.0,"relics_lost":["Tiny House"],"gold_loss":0.0,"damage_taken":0.0,"relics_obtained":["Nloth\u0027s Gift"]}],"is_beta":false,"boss_relics":[{"not_picked":["Cursed Key","Velvet Choker"],"picked":"Tiny House"}],"items_purged_floors":[],"is_endless":false,"potions_floor_spawned":[1,11,12,14,16,18,20,21,22,24,25,27,30,31],"killed_by":"Automaton","ascension_level":0}}