{"host":"vlqejv0notyktumz","time":1610854643,"event":{"mods":["AchievementEnabler","BaseMod","Colored Map","Colored Powertips","Downfall","Googly Eyes","Minty Spire (QoL Compilation)","StSLib"],"gold_per_floor":[118,118,144,69,69,69,87,87,387,414,431,431,431,449,449,449,449],"floor_reached":16,"language":"ENG","playtime":210,"items_purged":["Strike_B"],"score":137,"play_id":"906acabc-425c-42ae-a6c3-94ee1e2d90cc","local_time":"20210116213723","is_ascension_mode":true,"campfire_choices":[{"data":"Zap","floor":6,"key":"SMITH"},{"floor":15,"key":"REST"}],"circlet_count":0,"master_deck":["Strike_B","Strike_B","Defend_B","Defend_B","Defend_B","Defend_B","Zap+1","Dualcast","Gash+1","Cold Snap","BootSequence","Self Repair","Glacier"],"relics":["Cracked Core","Blood Vial","Omamori","Blue Candle","Old Coin","Bird Faced Urn"],"acts_visited":["Exordium"],"potions_floor_usage":[16],"damage_taken":[{"damage":2,"enemies":"Jaw Worm","floor":1,"turns":4},{"damage":8,"enemies":"Small Slimes","floor":7,"turns":3},{"damage":51,"enemies":"Gremlin Nob","floor":10,"turns":5},{"damage":6,"enemies":"Cultist","floor":11,"turns":3},{"damage":9,"enemies":"Looter","floor":14,"turns":3},{"damage":21,"enemies":"Slime Boss","floor":16,"turns":4}],"seed_played":"-398018915970277874","potions_obtained":[{"floor":7,"key":"ColorlessPotion"},{"floor":11,"key":"FearPotion"}],"is_trial":false,"path_per_floor":["M","?","T","$","?","R","M","?","T","E","M","?","?","M","R","B"],"character_chosen":"DEFECT","items_purchased":[],"campfire_rested":1,"item_purchase_floors":[],"current_hp_per_floor":[68,68,68,68,61,61,55,55,55,6,2,20,20,22,44,27,27],"gold":449,"neow_bonus":"RANDOM_COMMON_RELIC","is_daily":false,"chose_seed":false,"campfire_upgraded":1,"win_rate":0.0,"timestamp":1610854643,"path_taken":["M","?","?","$","?","R","M","?","T","E","?","?","?","M","R","BOSS"],"items_purchased_type":[],"build_version":"2020-12-22","purchased_purges":1,"victory":false,"max_hp_per_floor":[75,75,75,75,75,75,75,75,75,75,75,75,75,75,75,75,75],"card_choices":[{"not_picked":["Double Energy","Go for the Eyes"],"picked":"Gash","floor":1},{"not_picked":["Barrage","Beam Cell"],"picked":"Cold Snap","floor":7},{"not_picked":["Cold Snap","Chaos"],"picked":"BootSequence","floor":10},{"not_picked":["Streamline","Consume"],"picked":"Self Repair","floor":11},{"not_picked":["Go for the Eyes","Static Discharge"],"picked":"Glacier","floor":14}],"player_experience":353179,"relics_obtained":[{"floor":3,"key":"Omamori"},{"floor":9,"key":"Old Coin"},{"floor":10,"key":"Bird Faced Urn"}],"event_choices":[{"damage_healed":0,"gold_gain":0,"player_choice":"Ignored","damage_taken":0,"max_hp_gain":0,"max_hp_loss":0,"event_name":"Liars Game","floor":2,"gold_loss":0},{"cards_removed":["Strike_B"],"damage_healed":0,"gold_gain":0,"player_choice":"Card Removal","damage_taken":7,"max_hp_gain":0,"max_hp_loss":0,"event_name":"Golden Wing","floor":5,"gold_loss":0},{"damage_healed":0,"gold_gain":0,"player_choice":"Gave Potion","damage_taken":0,"relics_obtained":["Blue Candle"],"max_hp_gain":0,"max_hp_loss":0,"event_name":"WeMeetAgain","floor":8,"gold_loss":0},{"damage_healed":18,"gold_gain":0,"player_choice":"Healed and dodged fight","damage_taken":0,"max_hp_gain":0,"max_hp_loss":0,"event_name":"Mushrooms","floor":12,"gold_loss":0,"cards_obtained":["Parasite"]},{"damage_healed":0,"gold_gain":0,"player_choice":"Grow","damage_taken":0,"max_hp_gain":0,"max_hp_loss":0,"event_name":"Living Wall","floor":13,"gold_loss":0,"cards_upgraded":["Gash"]}],"is_beta":false,"boss_relics":[],"items_purged_floors":[4],"is_endless":false,"potions_floor_spawned":[7,11],"killed_by":"Slime Boss","ascension_level":8}}