{"host":"gkg6a0io4zd37ymq","time":1610923658,"event":{"mods":["A Magickal Journey","AchievementEnabler","Aspiration","Astrologer","Bard","BaseMod","Beaked The Cultist","Better Third Choice","Colored Powertips","DeckTracker","Energized Spire","Friendly Minions","Halation","Hermit","Hubris","Infinite Spire","Koishi","Luminous","Mad Scientist","Marisa????????","Minty Spire (QoL Compilation)","Potionbrewer","Replay The Spire","Shade Mod","Shop Mod","Somnambulant","StSLib","The Administrix","The Blackbeard","The Bug Knight","The Clintock","The Construct","The Cursed","The Disciple","The Elementalist","The Forsaken","The Gatherer","The Hierophant","The Judge","The Juggle","The Jungle","The Marked","The Mystic","The Necromancer","The Poker Player","The Runesmith","The Servant 0.9.4","The Spell Scribe","The Valiant","The Wild Card","The Witch","TheBandit","TheFirefly","TheSwordswoman","Trackpad"],"gold_per_floor":[110,110,110,35,35,63,80,90,166,166,166,166,166,166,166,261,261,274,274,293,310,329,329,329,329,356,368,328,343,48,62,62,164,164,175,175,175,97,97,113,13,32,55,55,87,87,104,123,123,123],"floor_reached":51,"language":"ENG","playtime":5408,"items_purged":["Koishi:BasicStrike","Koishi:BasicStrike","elementalist:Air_Emblem"],"score":777,"play_id":"180d5fe4-59fe-4f89-8615-0bb80ac76dea","local_time":"20210117234738","is_ascension_mode":false,"campfire_choices":[{"data":"Koishi:GhostParty","floor":11,"key":"SMITH"},{"data":"Koishi:HauntingSlash","floor":13,"key":"SMITH"},{"data":"Koishi:Prune","floor":15,"key":"SMITH"},{"data":"Koishi:Prune","floor":25,"key":"SMITH"},{"data":"Koishi:TerrifyingSpectre","floor":32,"key":"SMITH"},{"data":"Koishi:Ego","floor":44,"key":"SMITH"},{"data":"Koishi:HeartStoppingHorror","floor":46,"key":"SMITH"},{"data":"Koishi:ReflexRadar","floor":49,"key":"SMITH"}],"circlet_count":0,"master_deck":["Koishi:BasicStrike+1","Koishi:BasicDefend+1","Koishi:Provoke","Koishi:HauntingSlash+1","Koishi:Prune+1","Koishi:GhostParty+1","Koishi:UnseenTerror","Koishi:DreadfulBlow","Koishi:RoseHell+1","Koishi:HeartfeltFancy","Koishi:BloodcurdlingScream+1","Koishi:JumpScare","Koishi:Jaunt+1","Koishi:Prune+1","Koishi:YoukaiPolygraph","Koishi:EmbersOfLove+1","Koishi:Untouchable+1","Koishi:TerrifyingSpectre+1","Koishi:ReflexRadar+1","Koishi:MindNumbingTerror+1","Koishi:HeartStoppingHorror+1","Koishi:EmbryosDream+1","Koishi:FidgetySnatcher","Replay:Bootleg Shield Generator","Koishi:YoukaiPolygraph","Koishi:Ego+1","Koishi:UnconsciousUprising"],"relics":["Koishi:ImaginaryFriend","NeowsBlessing","elementalistmod:YellowCirclet","theForsaken:Gavel","Replay:WaspNest","hubris:Icosahedron","beaked:SacredNecklace","aspiration:Legacy_Headhunter","Replay:Drink Me","potionbrewer:ToyAutogyro","hubris:CuriousFeather","aspiration:RitualDagger","halation:PapillonHeart","halation:PinkSoulGem","PreservedInsect","trackpad:PetRock"],"acts_visited":["Exordium","TheCity","TheBeyond"],"potions_floor_usage":[16,50,50],"damage_taken":[{"damage":0,"enemies":"Small Slimes","floor":1,"turns":1},{"damage":0,"enemies":"Lagavulin","floor":6,"turns":1},{"damage":0,"enemies":"2 Louse","floor":7,"turns":1},{"damage":5,"enemies":"Jaw Worm","floor":8,"turns":6},{"damage":57,"enemies":"Slime Boss","floor":16,"turns":19},{"damage":5,"enemies":"3 Byrds","floor":18,"turns":4},{"damage":4,"enemies":"Spheric Guardian","floor":20,"turns":7},{"damage":1,"enemies":"Cultist and Chosen","floor":21,"turns":6},{"damage":4,"enemies":"Chosen and Byrds","floor":22,"turns":6},{"damage":1,"enemies":"Centurion and Healer","floor":27,"turns":6},{"damage":3,"enemies":"Cultist and Chosen","floor":28,"turns":4},{"damage":3,"enemies":"Snake Plant","floor":29,"turns":3},{"damage":0,"enemies":"Shelled Parasite and Fungi","floor":31,"turns":5},{"damage":0,"enemies":"Champ","floor":33,"turns":7},{"damage":3,"enemies":"3 Shapes","floor":35,"turns":4},{"damage":9,"enemies":"Orb Walker","floor":40,"turns":3},{"damage":3,"enemies":"Spire Growth","floor":42,"turns":4},{"damage":3,"enemies":"Reptomancer","floor":45,"turns":3},{"damage":3,"enemies":"Sphere and 2 Shapes","floor":47,"turns":3},{"damage":3,"enemies":"Writhing Mass","floor":48,"turns":3},{"damage":3,"enemies":"infinitespire:MassOfShapes","floor":50,"turns":10}],"seed_played":"5861607400530205926","potions_obtained":[{"floor":6,"key":"potionbrewer:BoundlessPotion"},{"floor":7,"key":"Languid Potion"},{"floor":18,"key":"Adrenaline Potion"},{"floor":21,"key":"LifebloodPotion"},{"floor":27,"key":"Fire Potion"},{"floor":35,"key":"potionbrewer:ToxicPotion"},{"floor":40,"key":"Elixir"}],"is_trial":false,"path_per_floor":["M","?","?","$","?","E","M","M","T","?","R","?","R","?","R","B",null,"M","AVR","M","M","M","R","?","R","T","M","M","M","$","M","R","B",null,"M","?","?","$","?","M","$","M","T","R","E","R","M","M","R","B",null],"character_chosen":"KOISHI","items_purchased":["hubris:CuriousFeather","Koishi:FidgetySnatcher"],"campfire_rested":0,"item_purchase_floors":[30,38],"current_hp_per_floor":[60,60,48,48,60,60,60,60,60,60,60,60,60,65,65,12,65,64,49,49,49,49,49,49,49,49,49,49,49,49,49,49,49,49,49,47,47,47,47,45,45,46,46,46,47,47,47,47,47,47],"gold":123,"neow_bonus":"THREE_ENEMY_KILL","is_daily":false,"chose_seed":false,"campfire_upgraded":8,"win_rate":0.0,"timestamp":1610923658,"path_taken":["M","?","?","?","?","E","M","?","T","?","R","?","R","?","R","BOSS","M","AVR","M","M","M","R","?","R","T","M","M","M","$","M","R","BOSS","M","?","?","$","?","M","$","M","T","R","E","R","M","M","R","BOSS"],"items_purchased_type":["Relic","Card"],"build_version":"2020-12-22","purchased_purges":3,"victory":true,"max_hp_per_floor":[60,60,60,60,60,60,60,60,60,60,60,60,60,65,65,65,65,65,49,49,49,49,49,49,49,49,49,49,49,49,49,49,49,49,49,47,47,47,47,47,47,47,47,47,47,47,47,47,47,47],"card_choices":[{"not_picked":["Koishi:SpiritedAway","Koishi:UnconsciousUprising"],"picked":"Koishi:Prune","floor":1},{"not_picked":["Koishi:SprinkleStarAndHeart","Koishi:MassHysteria"],"picked":"Koishi:GhostParty","floor":6},{"not_picked":["Koishi:Bloodlust","Koishi:SubconsciousSweep"],"picked":"Koishi:UnseenTerror","floor":7},{"not_picked":["Koishi:EmbryosDream","Koishi:UnconsciousUrges"],"picked":"Koishi:DreadfulBlow","floor":8},{"not_picked":["Koishi:TerrifyingSpectre","Koishi:RollingInRichesHeart"],"picked":"Koishi:RoseHell","floor":16},{"not_picked":["Koishi:PhantomBarrier","Koishi:RacingHeart"],"picked":"Koishi:HeartfeltFancy","floor":18},{"not_picked":["Koishi:FadingMemory","Koishi:SubconsciousSweep"],"picked":"Koishi:BloodcurdlingScream+1","floor":20},{"not_picked":["Koishi:ParalyzingFear","Koishi:RorschachInDanmaku"],"picked":"Koishi:JumpScare","floor":21},{"not_picked":["Koishi:ParalyzingFear+1","Koishi:ApparitionsStalkTheNight"],"picked":"Koishi:Jaunt+1","floor":22},{"not_picked":["Koishi:ApparitionsStalkTheNight+1","Koishi:TremblingHands"],"picked":"Koishi:EmbersOfLove+1","floor":27},{"not_picked":["Koishi:TremblingHands","Koishi:UnansweredLove"],"picked":"Koishi:Untouchable+1","floor":28},{"not_picked":["Koishi:FreudianInstinct","Koishi:TremblingHands"],"picked":"Koishi:TerrifyingSpectre","floor":29},{"not_picked":["Koishi:DNAsFlaw+1","Koishi:PhantomBarrier"],"picked":"Koishi:ReflexRadar","floor":31},{"not_picked":["Koishi:ImGoingToCallYouNow","Koishi:FormlessExistence"],"picked":"Koishi:HeartStoppingHorror","floor":33},{"not_picked":["Koishi:MindNumbingTerror","Koishi:UnseenTerror+1"],"picked":"Koishi:EmbryosDream+1","floor":35},{"not_picked":["Swift Strike","ReplayTheSpireMod:Trickstab"],"picked":"Replay:Bootleg Shield Generator","floor":39},{"not_picked":["Koishi:PhantomBarrier+1","Koishi:JumpScare"],"picked":"Koishi:YoukaiPolygraph","floor":40},{"not_picked":["Koishi:UnansweredLove","Koishi:DreadfulBlow","Koishi:EmbryosDream+1"],"picked":"SKIP","floor":42},{"not_picked":["Koishi:FidgetySnatcher+1","Koishi:HeartfeltFancy+1","Koishi:SubterraneanRose"],"picked":"SKIP","floor":45},{"not_picked":["Koishi:GhostParty","Koishi:PhilosophyOfTheDespised+1"],"picked":"Koishi:UnconsciousUprising","floor":47},{"not_picked":["Koishi:Prune","Koishi:FourthEye+1","Koishi:EmbryosDream"],"picked":"SKIP","floor":48}],"player_experience":445503,"relics_obtained":[{"floor":6,"key":"theForsaken:Gavel"},{"floor":9,"key":"Replay:WaspNest"},{"floor":26,"key":"potionbrewer:ToyAutogyro"},{"floor":43,"key":"PreservedInsect"},{"floor":45,"key":"trackpad:PetRock"}],"event_choices":[{"damage_healed":60,"gold_gain":0,"player_choice":"Upgrade","damage_taken":12,"max_hp_gain":0,"max_hp_loss":60,"event_name":"betterThird:BetterShining","floor":3,"gold_loss":0,"cards_upgraded":["Koishi:BasicDefend","Koishi:BasicStrike"]},{"damage_healed":12,"gold_gain":0,"player_choice":"Full Heal","damage_taken":0,"max_hp_gain":0,"max_hp_loss":0,"event_name":"Wheel of Change","floor":5,"gold_loss":0},{"damage_healed":0,"gold_gain":0,"player_choice":"Donut","damage_taken":0,"max_hp_gain":5,"max_hp_loss":0,"event_name":"Big Fish","floor":14,"gold_loss":0},{"damage_healed":0,"gold_gain":0,"player_choice":"Memory 1","damage_taken":0,"max_hp_gain":0,"max_hp_loss":0,"event_name":"SensoryStone","floor":39,"gold_loss":0}],"is_beta":false,"boss_relics":[{"not_picked":["theForsaken:PaleLantern","aspiration:SecretTechniqueScroll"],"picked":"beaked:SacredNecklace"},{"not_picked":["Runic Pyramid","energizedSpire:NeverEndingSparkler"],"picked":"aspiration:RitualDagger"}],"items_purged_floors":[4,19,41],"is_endless":false,"potions_floor_spawned":[6,7,18,21,27,31,35,40,48],"ascension_level":0}}