{"host":"wogey4gsknv4ot2d","time":1610877301,"event":{"mods":["2.2 Compatiblity","AchievementEnabler","BaseMod","Bestiary","Better Third Choice","Colored Map","Colored Powertips","Googly Eyes","Key Reminder","Minty Spire (QoL Compilation)","Permanent Neow","Rare Cards Sparkle","Relic Stats","StSLib"],"gold_per_floor":[119,119,119,132,152,178,178,203,203,220,241,241,296,314,314,412,412,393,393,492,507,524,524,542,542,542,554,586,586,618,34,34,131,131,150,165,165,178,178,178],"floor_reached":39,"language":"ENG","playtime":1607,"items_purged":[],"score":431,"play_id":"6c4d559f-5b58-444a-a4b1-d29072f7aa85","local_time":"20210117035501","is_ascension_mode":false,"campfire_choices":[{"floor":7,"key":"REST"},{"floor":12,"key":"REST"},{"floor":15,"key":"REST"},{"floor":23,"key":"REST"},{"floor":25,"key":"REST"},{"floor":29,"key":"REST"},{"floor":32,"key":"REST"}],"circlet_count":0,"master_deck":["Strike_B","Strike_B","Strike_B","Strike_B","Defend_B","Defend_B","Defend_B","Defend_B","Zap","Dualcast","Darkness+1","Recycle","Auto Shields","Sweeping Beam","Beam Cell","Undo","Conserve Battery","Doom and Gloom","Glacier","Machine Learning","Conserve Battery","Beam Cell","Aggregate+1","Ball Lightning","Stack","Sunder","Conserve Battery","Stack","Hyperbeam","Leap","Ball Lightning","Rainbow"],"relics":["Cracked Core","Regal Pillow","Pear","Happy Flower","Odd Mushroom","Question Card","Black Star","Kunai","Bottled Flame","Potion Belt","HornCleat","Toy Ornithopter","Pantograph","Frozen Egg 2","Inserter"],"acts_visited":["Exordium","TheCity","TheBeyond"],"potions_floor_usage":[6,16,16,16,28,28,33,33,33,39],"damage_taken":[{"damage":2,"enemies":"Small Slimes","floor":1,"turns":3},{"damage":1,"enemies":"Cultist","floor":4,"turns":3},{"damage":8,"enemies":"Jaw Worm","floor":5,"turns":3},{"damage":21,"enemies":"Lagavulin","floor":6,"turns":6},{"damage":21,"enemies":"Gremlin Nob","floor":8,"turns":4},{"damage":15,"enemies":"Blue Slaver","floor":10,"turns":4},{"damage":15,"enemies":"The Mushroom Lair","floor":11,"turns":5},{"damage":27,"enemies":"Gremlin Nob","floor":13,"turns":5},{"damage":7,"enemies":"Exordium Wildlife","floor":14,"turns":3},{"damage":14,"enemies":"Slime Boss","floor":16,"turns":10},{"damage":12,"enemies":"2 Thieves","floor":18,"turns":4},{"damage":27,"enemies":"3 Byrds","floor":21,"turns":5},{"damage":29,"enemies":"Cultist and Chosen","floor":22,"turns":9},{"damage":13,"enemies":"Snecko","floor":24,"turns":6},{"damage":16,"enemies":"3 Cultists","floor":27,"turns":6},{"damage":32,"enemies":"Book of Stabbing","floor":28,"turns":6},{"damage":46,"enemies":"Gremlin Leader","floor":30,"turns":7},{"damage":29,"enemies":"Automaton","floor":33,"turns":12},{"damage":46,"enemies":"3 Shapes","floor":35,"turns":6},{"damage":15,"enemies":"3 Darklings","floor":36,"turns":6},{"damage":64,"enemies":"Transient","floor":38,"turns":5},{"damage":25,"enemies":"4 Shapes","floor":39,"turns":3}],"seed_played":"-2896177026698945116","potions_obtained":[{"floor":0,"key":"EntropicBrew"},{"floor":0,"key":"DistilledChaos"},{"floor":0,"key":"LiquidBronze"},{"floor":1,"key":"Fire Potion"},{"floor":14,"key":"PotionOfCapacity"},{"floor":16,"key":"FearPotion"},{"floor":21,"key":"CultistPotion"},{"floor":24,"key":"FearPotion"},{"floor":30,"key":"Explosive Potion"},{"floor":36,"key":"Energy Potion"},{"floor":38,"key":"Fire Potion"}],"is_trial":false,"path_per_floor":["M","?","?","M","M","E","R","E","T","M","?","R","?","M","R","B",null,"M","?","?","M","M","R","M","R","T","M","E","R","E","$","R","B",null,"M","M","?","M","M"],"character_chosen":"DEFECT","items_purchased":["Pantograph","Frozen Egg 2","Stack","Fire Potion"],"campfire_rested":7,"item_purchase_floors":[31,31,31,31],"current_hp_per_floor":[73,78,78,77,69,48,80,69,69,54,39,81,54,47,89,75,90,78,78,78,51,22,64,51,90,90,74,42,84,38,38,80,61,90,44,29,79,15,0,0],"gold":178,"neow_bonus":"THREE_SMALL_POTIONS","is_daily":false,"chose_seed":false,"campfire_upgraded":0,"win_rate":0.0,"timestamp":1610877301,"path_taken":["M","?","?","?","M","E","R","E","T","M","?","R","?","M","R","BOSS","M","?","?","?","M","R","M","R","T","M","E","R","E","$","R","BOSS","M","M","?","M","M"],"items_purchased_type":["Relic","Relic","Card","Potion"],"build_version":"2020-12-22","purchased_purges":0,"victory":false,"max_hp_per_floor":[75,80,80,80,80,80,80,90,90,90,90,90,90,90,90,90,90,90,90,90,90,90,90,90,90,90,90,90,90,90,90,90,90,90,90,90,79,79,79,79],"relic_stats":{"Regal Pillow":95,"Inserter":[10],"Happy Flower":[34],"counters":[22,121],"Pantograph":10,"Black Star":2,"Kunai":[11],"Question Card":14,"obtain_stats":[{"Potion Belt":28,"Regal Pillow":6,"Pear":8,"Inserter":34,"Happy Flower":9,"Odd Mushroom":11,"Frozen Egg 2":31,"Question Card":13,"Bottled Flame":28,"HornCleat":30,"Pantograph":31,"Black Star":17,"Kunai":26,"Cracked Core":0,"Toy Ornithopter":30},{"Potion Belt":16,"Regal Pillow":4,"Pear":5,"Inserter":18,"Happy Flower":5,"Odd Mushroom":7,"Frozen Egg 2":17,"Question Card":7,"Bottled Flame":16,"HornCleat":17,"Pantograph":17,"Black Star":10,"Kunai":14,"Cracked Core":0,"Toy Ornithopter":17},{"Potion Belt":82,"Regal Pillow":15,"Pear":19,"Inserter":101,"Happy Flower":19,"Odd Mushroom":28,"Frozen Egg 2":89,"Question Card":28,"Bottled Flame":82,"HornCleat":89,"Pantograph":89,"Black Star":46,"Kunai":70,"Cracked Core":0,"Toy Ornithopter":89}],"Toy Ornithopter":5},"card_choices":[{"not_picked":["Rip and Tear","Turbo"],"picked":"Darkness","floor":1},{"not_picked":["Steam Power","Compile Driver"],"picked":"Recycle","floor":4},{"not_picked":["Rip and Tear","Beam Cell"],"picked":"Auto Shields","floor":5},{"not_picked":["Coolheaded","White Noise"],"picked":"Sweeping Beam","floor":6},{"not_picked":["Undo","Ball Lightning"],"picked":"Beam Cell","floor":8},{"not_picked":["Hello World","Double Energy"],"picked":"Undo","floor":10},{"not_picked":["Cold Snap","Redo"],"picked":"Conserve Battery","floor":11},{"not_picked":["Go for the Eyes","Stack","Barrage"],"picked":"Doom and Gloom","floor":13},{"not_picked":["Machine Learning","Rebound","Genetic Algorithm"],"picked":"Glacier","floor":14},{"not_picked":["Amplify","Buffer","Seek"],"picked":"Machine Learning","floor":16},{"not_picked":["Rebound","Gash","Steam"],"picked":"Conserve Battery","floor":18},{"not_picked":["Defragment","Loop+1","Conserve Battery"],"picked":"Beam Cell","floor":21},{"not_picked":["Undo","Rebound+1","Defragment"],"picked":"Aggregate+1","floor":22},{"not_picked":["Sweeping Beam+1","Barrage","Double Energy"],"picked":"Ball Lightning","floor":24},{"not_picked":["Leap","Storm","Rebound+1"],"picked":"Stack","floor":27},{"not_picked":["FTL","Cold Snap","Hologram"],"picked":"Sunder","floor":28},{"not_picked":["Static Discharge","Rip and Tear","Cold Snap"],"picked":"Conserve Battery","floor":30},{"not_picked":["Amplify","Rainbow","All For One"],"picked":"Hyperbeam","floor":33},{"not_picked":["Cold Snap+1","Heatsinks+1","Recycle"],"picked":"Leap","floor":35},{"not_picked":["Sunder","FTL","Cold Snap"],"picked":"Ball Lightning","floor":36},{"not_picked":["Darkness+1","Compile Driver","Barrage"],"picked":"Rainbow","floor":38}],"player_experience":40227,"relics_obtained":[{"floor":6,"key":"Regal Pillow"},{"floor":8,"key":"Pear"},{"floor":9,"key":"Happy Flower"},{"floor":11,"key":"Odd Mushroom"},{"floor":26,"key":"Kunai"},{"floor":28,"key":"Bottled Flame"},{"floor":28,"key":"Potion Belt"},{"floor":30,"key":"HornCleat"},{"floor":30,"key":"Toy Ornithopter"}],"event_choices":[{"damage_healed":0,"gold_gain":0,"player_choice":"Donut","damage_taken":0,"max_hp_gain":5,"max_hp_loss":0,"event_name":"Big Fish","floor":2,"gold_loss":0},{"damage_healed":0,"gold_gain":0,"player_choice":"Upgraded","damage_taken":0,"max_hp_gain":0,"max_hp_loss":0,"event_name":"Upgrade Shrine","floor":3,"gold_loss":0,"cards_upgraded":["Darkness"]},{"damage_healed":0,"gold_gain":0,"player_choice":"Fought Mushrooms","damage_taken":0,"max_hp_gain":0,"max_hp_loss":0,"event_name":"Mushrooms","floor":11,"gold_loss":0},{"damage_healed":0,"gold_gain":0,"player_choice":"Searched \u00272\u0027 times","damage_taken":0,"relics_obtained":["Question Card"],"max_hp_gain":0,"max_hp_loss":0,"event_name":"Dead Adventurer","floor":13,"gold_loss":0},{"damage_healed":0,"gold_gain":0,"player_choice":"Ignored","damage_taken":0,"max_hp_gain":0,"max_hp_loss":0,"event_name":"The Mausoleum","floor":19,"gold_loss":0},{"damage_healed":0,"gold_gain":99,"player_choice":"Steal","damage_taken":0,"max_hp_gain":0,"max_hp_loss":0,"event_name":"betterThird:BetterNest","floor":20,"gold_loss":0},{"damage_healed":79,"gold_gain":0,"player_choice":"Heal","damage_taken":0,"max_hp_gain":0,"max_hp_loss":11,"event_name":"The Moai Head","floor":37,"gold_loss":0}],"is_beta":false,"boss_relics":[{"not_picked":["Ectoplasm","Tiny House"],"picked":"Black Star"},{"not_picked":["Runic Dome","Sozu"],"picked":"Inserter"}],"items_purged_floors":[],"is_endless":false,"potions_floor_spawned":[1,5,14,16,21,24,27,30,36,38],"killed_by":"4 Shapes","ascension_level":0}}