{"host":"rq107ve574byxhfs","time":1610876939,"event":{"mods":["AchievementEnabler","BaseMod","Colored Map","Minty Spire (QoL Compilation)","StSLib","SuperFastMode","everything is the same but u backflip on backflip"],"gold_per_floor":[111,111,111,36,53,53,63,77,122,122,82,93,93,107,107,107,107],"floor_reached":16,"language":"KOR","playtime":288,"items_purged":["Strike_G"],"score":184,"play_id":"64f564d9-27e3-474a-9994-f24bc0c57782","local_time":"20210117184859","is_ascension_mode":true,"campfire_choices":[{"data":"Noxious Fumes","floor":6.0,"key":"SMITH"},{"floor":10.0,"key":"REST"},{"data":"Eviscerate","floor":13.0,"key":"SMITH"},{"data":"Masterful Stab","floor":15,"key":"SMITH"}],"circlet_count":0,"master_deck":["AscendersBane","Strike_G","Strike_G","Strike_G","Defend_G","Defend_G","Defend_G","Defend_G","Defend_G","Survivor","Neutralize","CurseOfTheBell","Noxious Fumes+1","Footwork+1","Grand Finale","Eviscerate+1","Masterful Stab+1","Quick Slash"],"relics":["Calling Bell","Orichalcum","Sundial","StoneCalendar","Frozen Egg 2","Regal Pillow"],"acts_visited":["Exordium"],"potions_floor_usage":[14,16,16],"damage_taken":[{"damage":22.0,"enemies":"Cultist","floor":1.0,"turns":7.0},{"damage":6.0,"enemies":"Small Slimes","floor":5.0,"turns":5.0},{"damage":0.0,"enemies":"2 Louse","floor":7.0,"turns":3.0},{"damage":19.0,"enemies":"Large Slime","floor":8.0,"turns":7.0},{"damage":0.0,"enemies":"Looter","floor":11.0,"turns":4.0},{"damage":0.0,"enemies":"2 Fungi Beasts","floor":12.0,"turns":5.0},{"damage":41,"enemies":"Gremlin Gang","floor":14,"turns":4},{"damage":6,"enemies":"Hexaghost","floor":16,"turns":4}],"seed_played":"-2745270697306209225","potions_obtained":[{"floor":5.0,"key":"Dexterity Potion"},{"floor":7.0,"key":"EntropicBrew"},{"floor":12.0,"key":"SkillPotion"}],"is_trial":false,"path_per_floor":["M","T","?","$","M","R","M","M","T","R","M","M","R","M","R","B"],"character_chosen":"THE_SILENT","items_purchased":[],"campfire_rested":1,"item_purchase_floors":[],"current_hp_per_floor":[37,37,37,37,31,31,31,12,12,46,46,46,46,5,5,0,0],"gold":107,"neow_bonus":"BOSS_RELIC","is_daily":false,"chose_seed":false,"campfire_upgraded":3,"win_rate":0.0,"timestamp":1610876939,"path_taken":["M","?","?","$","M","R","M","?","T","R","M","M","R","M","R","BOSS"],"items_purchased_type":[],"build_version":"2020-12-22","purchased_purges":1,"victory":false,"max_hp_per_floor":[66,66,66,66,66,66,66,66,66,66,66,66,66,66,66,66,66],"card_choices":[{"not_picked":["Prepared","Bane"],"picked":"Noxious Fumes","floor":1.0},{"not_picked":["Slice","Predator"],"picked":"Footwork+1","floor":5.0},{"not_picked":["Outmaneuver","Setup"],"picked":"Grand Finale","floor":7.0},{"not_picked":["Riddle With Holes","Flying Knee"],"picked":"Eviscerate","floor":8.0},{"not_picked":["Outmaneuver","Dash"],"picked":"Masterful Stab","floor":11.0},{"not_picked":["Slice","Glass Knife"],"picked":"Quick Slash","floor":12.0},{"not_picked":["Dodge and Roll","Underhanded Strike","Deflect"],"picked":"SKIP","floor":14}],"player_experience":1331921,"relics_obtained":[{"floor":0.0,"key":"Orichalcum"},{"floor":0.0,"key":"Sundial"},{"floor":0.0,"key":"StoneCalendar"},{"floor":2.0,"key":"Frozen Egg 2"},{"floor":9.0,"key":"Regal Pillow"}],"event_choices":[{"cards_removed":["Strike_G"],"damage_healed":0.0,"max_hp_gain":0.0,"max_hp_loss":0.0,"gold_gain":0.0,"event_name":"Purifier","player_choice":"Purged","floor":3.0,"gold_loss":0.0,"damage_taken":0.0}],"is_beta":false,"boss_relics":[],"items_purged_floors":[4],"is_endless":false,"potions_floor_spawned":[5,7,8,12],"killed_by":"Hexaghost","ascension_level":20}}