{"host":"dftyqn972q7tuon4","time":1610920308,"event":{"mods":["AchievementEnabler","BaseMod","Better Altar","Better Match","Better Note","Better Sensory Stone","Better Skull","Better Third Choice","Colored Powertips","Highlight Path","Minty Spire (QoL Compilation)","Permanent Neow","Quick Restart","StSLib"],"gold_per_floor":[112,112,132,132,152,152,164,164,164,176,217,229,257,269,281,393,405,432,471,501,513,440,452,498,510,547,585,612,624,624],"floor_reached":29,"language":"ENG","playtime":1278,"items_purged":[],"score":429,"play_id":"7dcdbd8c-3581-4955-8ef2-916dc87194de","local_time":"20210117225148","is_ascension_mode":true,"campfire_choices":[{"data":"Dramatic Entrance","floor":6.0,"key":"SMITH"},{"data":"Shockwave","floor":8.0,"key":"SMITH"},{"data":"True Grit","floor":15.0,"key":"SMITH"},{"data":"Sentinel","floor":23.0,"key":"SMITH"}],"circlet_count":0,"master_deck":["AscendersBane","Strike_R","Strike_R","Strike_R","Strike_R","Defend_R","Defend_R","Defend_R","Defend_R","Bash","Dramatic Entrance+1","True Grit+1","Carnage","Shrug It Off","Shockwave+1","Pommel Strike","Dropkick","Brutality","Sentinel+1","Power Through+1","Writhe","Berserk","Shrug It Off+1"],"relics":["Burning Blood","FaceOfCleric","Tiny Chest","Art of War","MawBank","Eternal Feather","Ginger","Runic Cube","Lantern","Nilry\u0027s Codex","Vajra","Sundial","Lizard Tail","Nunchaku","Matryoshka"],"acts_visited":["Exordium","TheCity"],"potions_floor_usage":[],"damage_taken":[{"damage":0.0,"enemies":"2 Louse","floor":1.0,"turns":2.0},{"damage":4.0,"enemies":"Cultist","floor":3.0,"turns":4.0},{"damage":7.0,"enemies":"Small Slimes","floor":5.0,"turns":4.0},{"damage":8.0,"enemies":"Gremlin Gang","floor":7.0,"turns":5.0},{"damage":0.0,"enemies":"Lagavulin","floor":11.0,"turns":2.0},{"damage":0.0,"enemies":"Exordium Wildlife","floor":13.0,"turns":2.0},{"damage":33.0,"enemies":"Slime Boss","floor":16.0,"turns":11.0},{"damage":18.0,"enemies":"3 Byrds","floor":18.0,"turns":5.0},{"damage":10.0,"enemies":"Chosen","floor":20.0,"turns":4.0},{"damage":18.0,"enemies":"Slavers","floor":24.0,"turns":6.0},{"damage":28.0,"enemies":"Book of Stabbing","floor":27.0,"turns":5.0},{"damage":6.0,"enemies":"Shelled Parasite and Fungi","floor":28.0,"turns":8.0},{"damage":13,"enemies":"Cultist and Chosen","floor":29,"turns":4}],"seed_played":"2497733619813263679","potions_obtained":[{"floor":3.0,"key":"AttackPotion"},{"floor":5.0,"key":"GamblersBrew"},{"floor":7.0,"key":"FearPotion"},{"floor":18.0,"key":"AttackPotion"},{"floor":20.0,"key":"SteroidPotion"},{"floor":24.0,"key":"Dexterity Potion"},{"floor":28.0,"key":"FearPotion"}],"is_trial":false,"path_per_floor":["M","?","M","?","M","R","M","R","T","$","E","T","M","?","R","B",null,"M","T","M","?","?","R","E","?","T","E","M","M"],"character_chosen":"IRONCLAD","items_purchased":[],"campfire_rested":0,"item_purchase_floors":[],"current_hp_per_floor":[78,78,81,46,46,46,45,45,45,45,52,52,59,59,68,42,75,64,64,61,45,45,54,43,43,43,22,23,10,10],"gold":624,"neow_bonus":"RANDOM_COLORLESS","is_daily":false,"chose_seed":false,"campfire_upgraded":4,"win_rate":0.0,"timestamp":1610920308,"path_taken":["M","?","?","?","?","R","M","R","T","$","E","?","M","?","R","BOSS","M","?","M","?","?","R","E","?","T","E","M","M"],"items_purchased_type":[],"build_version":"2020-12-22","purchased_purges":0,"victory":false,"max_hp_per_floor":[80,80,81,81,82,82,83,83,83,83,84,84,85,85,85,86,86,87,87,88,88,88,88,89,89,89,90,91,91,91],"card_choices":[{"not_picked":["Madness","Finesse"],"picked":"Dramatic Entrance","floor":0.0},{"not_picked":["Havoc","Anger"],"picked":"True Grit","floor":1.0},{"not_picked":["Thunderclap","Warcry"],"picked":"Carnage","floor":3.0},{"not_picked":["Fire Breathing","Dark Embrace"],"picked":"Shrug It Off","floor":5.0},{"not_picked":["Clash","Iron Wave"],"picked":"Shockwave","floor":7.0},{"not_picked":["Sword Boomerang","Infernal Blade"],"picked":"Pommel Strike","floor":11.0},{"not_picked":["Armaments","Uppercut"],"picked":"Dropkick","floor":13.0},{"not_picked":["Reaper","Juggernaut"],"picked":"Brutality","floor":16.0},{"not_picked":["Twin Strike","Warcry","Armaments"],"picked":"SKIP","floor":18.0},{"not_picked":["Sword Boomerang","Cleave"],"picked":"Sentinel","floor":20.0},{"not_picked":["Havoc+1","Twin Strike"],"picked":"Power Through+1","floor":24.0},{"not_picked":["Sword Boomerang","Clothesline"],"picked":"Berserk","floor":27.0},{"not_picked":["Clash","True Grit+1"],"picked":"Shrug It Off+1","floor":28.0}],"player_experience":688672,"relics_obtained":[{"floor":9.0,"key":"MawBank"},{"floor":11.0,"key":"Eternal Feather"},{"floor":12.0,"key":"Ginger"},{"floor":19.0,"key":"Lantern"},{"floor":21.0,"key":"Nilry\u0027s Codex"},{"floor":24.0,"key":"Sundial"},{"floor":26.0,"key":"Nunchaku"},{"floor":27.0,"key":"Matryoshka"}],"event_choices":[{"damage_healed":0.0,"max_hp_gain":0.0,"max_hp_loss":0.0,"gold_gain":0.0,"event_name":"FaceTrader","player_choice":"Trade","floor":2.0,"gold_loss":0.0,"damage_taken":0.0,"relics_obtained":["FaceOfCleric"]},{"damage_healed":0.0,"max_hp_gain":0.0,"max_hp_loss":0.0,"gold_gain":0.0,"event_name":"betterSkull:BetterSkull","player_choice":"RE RE ","floor":4.0,"gold_loss":0.0,"damage_taken":39.0,"cards_upgraded":[],"relics_obtained":["Tiny Chest","Art of War"]},{"cards_removed":["Strike_R"],"damage_healed":0.0,"max_hp_gain":0.0,"max_hp_loss":0.0,"gold_gain":0.0,"event_name":"Purifier","player_choice":"Purged","floor":14.0,"gold_loss":0.0,"damage_taken":0.0},{"damage_healed":0.0,"max_hp_gain":0.0,"max_hp_loss":0.0,"gold_gain":0.0,"event_name":"Cursed Tome","player_choice":"Obtained Book","floor":21.0,"gold_loss":0.0,"damage_taken":16.0},{"damage_healed":0.0,"max_hp_gain":0.0,"max_hp_loss":0.0,"gold_gain":0.0,"event_name":"Addict","player_choice":"Obtained Relic","floor":22.0,"gold_loss":85.0,"damage_taken":0.0,"relics_obtained":["Vajra"]},{"damage_healed":0.0,"max_hp_gain":0.0,"max_hp_loss":0.0,"gold_gain":0.0,"event_name":"The Mausoleum","player_choice":"Opened","floor":25.0,"gold_loss":0.0,"damage_taken":0.0,"relics_obtained":["Lizard Tail"],"cards_obtained":["Writhe"]}],"is_beta":false,"boss_relics":[{"not_picked":["SlaversCollar","Empty Cage"],"picked":"Runic Cube"}],"items_purged_floors":[],"is_endless":false,"potions_floor_spawned":[3,5,7,18,20,24,28],"killed_by":"Cultist and Chosen","ascension_level":10}}