{"host":"rl5ku05escnl5kxo","time":1610915262,"event":{"mods":["Act Like it!","BaseMod","Hallownest","Minty Spire (QoL Compilation)","StSLib","The Bug Knight"],"gold_per_floor":[111,123,143,158,169,198,198,54,133,133,146,157,157,168,168,168,168],"floor_reached":16,"language":"ENG","playtime":910,"items_purged":[],"score":106,"play_id":"ca806f23-e982-468c-bf35-35111d1dad26","local_time":"20210117122742","is_ascension_mode":false,"campfire_choices":[{"data":"HollowMod:AbyssShriek","floor":7,"key":"SMITH"},{"floor":13,"key":"REST"},{"floor":15,"key":"REST"}],"circlet_count":0,"master_deck":["HollowMod:NailStrikeStart","HollowMod:NailStrikeStart","HollowMod:NailStrikeStart","HollowMod:NailStrikeStart","HollowMod:QuickDashStart","HollowMod:QuickDashStart","HollowMod:QuickDashStart","HollowMod:QuickDashStart","HollowMod:FocusHealStart","HollowMod:PogoStrike","HollowMod:QuirrelsAssistance","HollowMod:AbyssShriek+1","HollowMod:DescendingDark","HollowMod:WraithStrike","HollowMod:TaintedHusks","HollowMod:GreatSlash","HollowMod:BrokenVessel","HollowMod:AbyssShriek","HollowMod:InfectedCysts","HollowMod:TaintedHusks","HollowMod:PureNailStrike"],"relics":["HollowMod:VesselMask","NeowsBlessing","Akabeko","Ornamental Fan"],"acts_visited":["Exordium"],"potions_floor_usage":[],"damage_taken":[{"damage":0,"enemies":"Cultist","floor":1,"turns":1},{"damage":0,"enemies":"Small Slimes","floor":2,"turns":1},{"damage":0,"enemies":"2 Louse","floor":3,"turns":1},{"damage":6,"enemies":"Blue Slaver","floor":4,"turns":4},{"damage":12,"enemies":"3 Louse","floor":5,"turns":2},{"damage":31,"enemies":"3 Sentries","floor":6,"turns":4},{"damage":9,"enemies":"Looter","floor":11,"turns":2},{"damage":23,"enemies":"Exordium Thugs","floor":12,"turns":3},{"damage":7,"enemies":"Red Slaver","floor":14,"turns":3},{"damage":62,"enemies":"HollowMod:FalseKnight","floor":16,"turns":6}],"seed_played":"-7392867385686712568","potions_obtained":[{"floor":2,"key":"Swift Potion"},{"floor":4,"key":"Fruit Juice"},{"floor":6,"key":"SpeedPotion"},{"floor":10,"key":"SmokeBomb"},{"floor":11,"key":"FairyPotion"},{"floor":14,"key":"Explosive Potion"}],"is_trial":false,"path_per_floor":["M","M","M","M","M","E","R","$","T","?","M","M","R","M","R","B"],"character_chosen":"THE_BUGKNIGHT","items_purchased":["HollowMod:BrokenVessel","HollowMod:AbyssShriek"],"campfire_rested":2,"item_purchase_floors":[8,8],"current_hp_per_floor":[75,75,75,69,57,26,26,26,26,26,17,16,38,31,53,0,0],"gold":168,"neow_bonus":"THREE_ENEMY_KILL","is_daily":false,"chose_seed":false,"campfire_upgraded":1,"win_rate":0.0,"timestamp":1610915262,"path_taken":["M","M","M","M","M","E","R","$","T","?","M","M","R","M","R","BOSS"],"items_purchased_type":["Card","Card"],"build_version":"2020-12-22","purchased_purges":0,"victory":false,"max_hp_per_floor":[75,75,75,75,75,75,75,75,75,75,75,75,75,75,75,75,75],"card_choices":[{"not_picked":["HollowMod:SoulStrike","HollowMod:DoubleDash"],"picked":"HollowMod:QuirrelsAssistance","floor":1},{"not_picked":["HollowMod:SoulVessel","HollowMod:CycloneSlash"],"picked":"HollowMod:AbyssShriek","floor":2},{"not_picked":["HollowMod:CloakDash","HollowMod:SoulSplash"],"picked":"HollowMod:DescendingDark","floor":3},{"not_picked":["HollowMod:AbyssShriek","HollowMod:HeavyBlow"],"picked":"HollowMod:WraithStrike","floor":4},{"not_picked":["HollowMod:NewGlowingWomb","HollowMod:ShadowDash"],"picked":"HollowMod:TaintedHusks","floor":5},{"not_picked":["HollowMod:MantisMark","HollowMod:PaleKingsBlessing"],"picked":"HollowMod:GreatSlash","floor":6},{"not_picked":["HollowMod:HuntersJournal","HollowMod:InfectedAttack"],"picked":"HollowMod:InfectedCysts","floor":11},{"not_picked":["HollowMod:LifebloodCocoon","HollowMod:DoubleDash"],"picked":"HollowMod:TaintedHusks","floor":12},{"not_picked":["HollowMod:InfectedAttack","HollowMod:SoulStrike"],"picked":"HollowMod:PureNailStrike","floor":14}],"player_experience":437023,"relics_obtained":[{"floor":6,"key":"Akabeko"},{"floor":9,"key":"Ornamental Fan"}],"event_choices":[{"damage_healed":0,"gold_gain":0,"player_choice":"Got Potions","damage_taken":0,"max_hp_gain":0,"max_hp_loss":0,"event_name":"Lab","floor":10,"gold_loss":0}],"is_beta":false,"boss_relics":[],"items_purged_floors":[],"is_endless":false,"potions_floor_spawned":[2,4,6,11,14],"killed_by":"HollowMod:FalseKnight","ascension_level":0}}