{"host":"oytjgf0lma69qpzi","time":1610909053,"event":{"mods":["BaseMod","Colored Powertips","DeckTracker","Minty Spire (QoL Compilation)","Quick Restart"],"gold_per_floor":[18,18,35,46,46,46,74,74,74,24,24,37,37,55,55,151,151,165,36,36,47,9,36,36,36,36],"floor_reached":25,"language":"ENG","playtime":886,"items_purged":["Strike_B"],"score":252,"play_id":"74869a44-af2e-44e2-bcc7-5ac7b394bb7b","local_time":"20210117194413","is_ascension_mode":true,"campfire_choices":[{"data":"Zap","floor":6,"key":"SMITH"},{"floor":15,"key":"REST"},{"floor":24,"key":"REST"}],"circlet_count":0,"master_deck":["Strike_B","Defend_B","Defend_B","Defend_B","Zap+1","Dualcast","Redo","Genetic Algorithm","Fusion","Chaos","Skim","Barrage","Conserve Battery","Chill"],"relics":["Cracked Core","Emotion Chip","Ice Cream","Inserter","MutagenicStrength","Ancient Tea Set"],"acts_visited":["Exordium","TheCity"],"potions_floor_usage":[7,16,21,23],"damage_taken":[{"damage":3,"enemies":"2 Louse","floor":1,"turns":2},{"damage":11,"enemies":"Small Slimes","floor":3,"turns":3},{"damage":8,"enemies":"Jaw Worm","floor":4,"turns":3},{"damage":40,"enemies":"3 Sentries","floor":7,"turns":8},{"damage":2,"enemies":"3 Louse","floor":12,"turns":3},{"damage":8,"enemies":"2 Fungi Beasts","floor":14,"turns":3},{"damage":19,"enemies":"Hexaghost","floor":16,"turns":6},{"damage":24,"enemies":"Chosen","floor":18,"turns":5},{"damage":11,"enemies":"Shell Parasite","floor":21,"turns":4},{"damage":30,"enemies":"Slavers","floor":23,"turns":7},{"damage":32,"enemies":"Cultist and Chosen","floor":25,"turns":6}],"seed_played":"1405077541641233038","potions_obtained":[{"floor":4,"key":"Block Potion"},{"floor":12,"key":"Fire Potion"},{"floor":16,"key":"Energy Potion"},{"floor":21,"key":"SteroidPotion"}],"is_trial":false,"path_per_floor":["M","?","M","M","$","R","E","?","T","?","?","M","$","M","R","B",null,"M","$","?","M","$","E","R","M"],"character_chosen":"DEFECT","items_purchased":["Barrage","Chill"],"campfire_rested":2,"item_purchase_floors":[19,22],"current_hp_per_floor":[72,72,61,53,53,53,13,31,31,31,31,29,29,21,42,23,72,48,48,48,37,37,7,28,0,0],"gold":36,"neow_bonus":"REMOVE_TWO","is_daily":false,"chose_seed":false,"campfire_upgraded":1,"win_rate":0.0,"timestamp":1610909053,"path_taken":["M","?","M","M","$","R","E","?","T","?","?","M","$","M","R","BOSS","M","$","?","M","$","E","R","M"],"items_purchased_type":["Card","Card"],"build_version":"2020-12-22","purchased_purges":1,"victory":false,"max_hp_per_floor":[75,75,75,75,75,75,75,75,75,72,72,72,72,72,72,72,72,72,72,72,72,72,72,72,72,72],"card_choices":[{"not_picked":["Beam Cell","Ball Lightning"],"picked":"Redo","floor":1},{"not_picked":["Chill","Turbo"],"picked":"Genetic Algorithm","floor":3},{"not_picked":["Turbo","White Noise","Lockon"],"picked":"SKIP","floor":4},{"not_picked":["Coolheaded","Streamline"],"picked":"Fusion","floor":7},{"not_picked":["Loop","Sweeping Beam"],"picked":"Chaos","floor":12},{"not_picked":["Sunder","Go for the Eyes"],"picked":"Skim","floor":14},{"not_picked":["Sweeping Beam","Scrape+1","Steam"],"picked":"SKIP","floor":18},{"not_picked":["Rebound","Gash"],"picked":"Conserve Battery","floor":21},{"not_picked":["Amplify","Force Field","Ball Lightning"],"picked":"SKIP","floor":23}],"player_experience":202961,"relics_obtained":[{"floor":7,"key":"Emotion Chip"},{"floor":9,"key":"Ice Cream"},{"floor":23,"key":"Ancient Tea Set"}],"event_choices":[{"cards_removed":["Defend_B"],"damage_healed":0,"gold_gain":0,"player_choice":"Forget","damage_taken":0,"max_hp_gain":0,"max_hp_loss":0,"event_name":"Living Wall","floor":2,"gold_loss":0},{"damage_healed":18,"gold_gain":0,"player_choice":"Healed and dodged fight","damage_taken":0,"max_hp_gain":0,"max_hp_loss":0,"event_name":"Mushrooms","floor":8,"gold_loss":0,"cards_obtained":["Parasite"]},{"cards_removed":["Parasite"],"damage_healed":0,"gold_gain":0,"player_choice":"Card Removal","damage_taken":0,"max_hp_gain":0,"max_hp_loss":0,"event_name":"The Cleric","floor":10,"gold_loss":50},{"damage_healed":0,"gold_gain":0,"player_choice":"Ignored","damage_taken":0,"max_hp_gain":0,"max_hp_loss":0,"event_name":"Golden Idol","floor":11,"gold_loss":0},{"damage_healed":0,"gold_gain":0,"player_choice":"Inject Mutagens","damage_taken":0,"relics_obtained":["MutagenicStrength"],"max_hp_gain":0,"max_hp_loss":0,"event_name":"Drug Dealer","floor":20,"gold_loss":0}],"is_beta":false,"boss_relics":[{"not_picked":["Sozu","SacredBark"],"picked":"Inserter"}],"items_purged_floors":[19],"is_endless":false,"potions_floor_spawned":[4,12,16,21],"killed_by":"Cultist and Chosen","ascension_level":3}}