{"host":"o5or1zybx7au40zl","time":1610919480,"event":{"mods":["Act Like it!","Aspiration","BaseMod","Better Third Choice","Conspire","Dota2Spire","GungeonMod","Halation","Hubris","Infinite Spire","Minty Spire (QoL Compilation)","Replay The Spire","StSLib","The Jungle","Yuri Mod","vexMod"],"gold_per_floor":[117,117,117,132,156,199,199,238,238,16,40,40,55,78,78,201,201,217,217,217,217,242,286,286,301,301,301,301,315,32,51,51,179,179,204,218,218,238,82,122,135,135,211,250,266,266,266,120,120,142],"floor_reached":51,"language":"ENG","playtime":1741,"items_purged":["Burn"],"score":836,"play_id":"e38c8309-d98d-420e-a77f-50a5854c1099","local_time":"20210117223800","is_ascension_mode":false,"campfire_choices":[{"floor":7,"key":"RECALL"},{"floor":12,"key":"REST"},{"floor":15,"key":"REST"},{"data":"infinitespire:Oblivion","floor":24,"key":"SMITH"},{"data":"Malaise","floor":28,"key":"SMITH"},{"data":"Bouncing Flask","floor":32,"key":"SMITH"},{"floor":47,"key":"REST"}],"circlet_count":0,"master_deck":["Strike_G","Defend_G","Defend_G","Defend_G","Defend_G","Defend_G","Survivor","Neutralize","Crippling Poison","Backstab","Replay:Poison Smokescreen","Flechettes","hubris:Counter","Bouncing Flask+1","Replay:Poison Smokescreen","Die Die Die","infinitespire:Oblivion+1","Malaise+1","Masterful Stab","Corpse Explosion","Bane+1","ReplayTheSpireMod:Stacked","Catalyst+1","Malaise+1"],"relics":["Ring of the Snake","NeowsBlessing","Golden Idol","Replay:WaspNest","Boot","aspiration:HummingbirdHeart","PreservedInsect","vexMod:BigBerry","hubris:Icosahedron","Replay:Wax Seal","theJungle:SpiritDisease","MealTicket","Spirit Poop","Meat on the Bone","hubris:GrandSneckoEye","DollysMirror","aspiration:ArtOfWarUpgrade","Ninja Scroll","Quantum Egg","halation:IllGainedPizza"],"acts_visited":["Exordium","Exordium","TheBeyond"],"potions_floor_usage":[6,16,16,33,50,50],"damage_taken":[{"damage":0,"enemies":"2 Louse","floor":1,"turns":1},{"damage":0,"enemies":"Small Slimes","floor":4,"turns":1},{"damage":0,"enemies":"Jaw Worm","floor":5,"turns":1},{"damage":18,"enemies":"Gremlin Nob","floor":6,"turns":5},{"damage":15,"enemies":"Lagavulin","floor":8,"turns":8},{"damage":0,"enemies":"Looter","floor":11,"turns":2},{"damage":2,"enemies":"Exordium Thugs","floor":13,"turns":4},{"damage":0,"enemies":"Blue Slaver","floor":14,"turns":3},{"damage":70,"enemies":"Slime Boss","floor":16,"turns":11},{"damage":0,"enemies":"theJungle:MUSHROOMGANG","floor":18,"turns":4},{"damage":9,"enemies":"theJungle:5_Spyders","floor":22,"turns":7},{"damage":10,"enemies":"theJungle:2_Phrogs","floor":23,"turns":6},{"damage":1,"enemies":"theJungle:Snecko_Cultist_And_Trap","floor":25,"turns":6},{"damage":0,"enemies":"theJungle:Lyon","floor":29,"turns":5},{"damage":4,"enemies":"theJungle:2_Snecko_Cultists","floor":31,"turns":4},{"damage":0,"enemies":"theJungle:FunGuy","floor":33,"turns":10},{"damage":0,"enemies":"Orb Walker","floor":35,"turns":4},{"damage":8,"enemies":"3 Darklings","floor":36,"turns":3},{"damage":5,"enemies":"4 Shapes","floor":38,"turns":3},{"damage":39,"enemies":"Nightmare","floor":40,"turns":6},{"damage":2,"enemies":"Transient","floor":41,"turns":5},{"damage":12,"enemies":"Reptomancer","floor":44,"turns":6},{"damage":0,"enemies":"Jaw Worm Horde","floor":45,"turns":4},{"damage":42,"enemies":"Awakened One","floor":50,"turns":12}],"seed_played":"886901001791188416","potions_obtained":[{"floor":1,"key":"Explosive Potion"},{"floor":5,"key":"Venom Potion"},{"floor":11,"key":"FairyPotion"},{"floor":13,"key":"Swift Potion"},{"floor":22,"key":"EssenceOfSteel"},{"floor":29,"key":"Weak Potion"},{"floor":33,"key":"AttackPotion"},{"floor":36,"key":"Poison Potion"}],"is_trial":false,"path_per_floor":["M","?","?","M","M","E","R","E","T","$","M","R","M","M","R","B",null,"M","?","AVR","?","M","E","R","M","T","?","R","M","$","M","R","B",null,"M","M","?","M","$","NM","M","R","T","E","M","?","R","$","R","B",null],"character_chosen":"THE_SILENT","items_purchased":["PreservedInsect","Meat on the Bone","Masterful Stab","DollysMirror","halation:IllGainedPizza"],"campfire_rested":3,"item_purchase_floors":[10,30,30,39,48],"current_hp_per_floor":[70,70,53,53,53,35,35,20,20,20,20,41,39,39,60,16,100,100,100,100,100,91,81,81,80,80,70,70,70,85,81,81,81,100,100,92,92,87,100,61,59,59,59,59,59,59,89,100,100,58],"gold":142,"neow_bonus":"THREE_ENEMY_KILL","is_daily":false,"chose_seed":false,"campfire_upgraded":3,"win_rate":0.0,"timestamp":1610919480,"path_taken":["M","?","?","M","M","E","R","E","T","?","M","R","M","?","R","BOSS","M","?","AVR","?","M","E","R","M","T","?","R","M","$","M","R","BOSS","M","M","?","M","$","NM","?","R","T","E","M","?","R","?","R","BOSS"],"items_purchased_type":["Relic","Relic","Card","Relic","Relic"],"build_version":"2020-12-22","purchased_purges":1,"victory":true,"max_hp_per_floor":[70,70,70,70,70,70,70,70,70,70,70,70,70,70,70,70,100,100,100,100,100,100,100,100,100,100,100,100,100,100,100,100,100,100,100,100,100,100,100,100,100,100,100,100,100,100,100,100,100,100],"card_choices":[{"not_picked":["Catalyst","Quick Slash"],"picked":"Crippling Poison","floor":1},{"not_picked":["Noxious Fumes","Poisoned Stab"],"picked":"Backstab","floor":4},{"not_picked":["hubris:Counter","Concentrate"],"picked":"Replay:Poison Smokescreen","floor":5},{"not_picked":["Hidden Blade","Expertise","Venomology"],"picked":"SKIP","floor":6},{"not_picked":["Hidden Blade","Prepared"],"picked":"Flechettes","floor":8},{"not_picked":["Heel Hook","Sucker Punch"],"picked":"hubris:Counter","floor":11},{"not_picked":["Eviscerate","Blur"],"picked":"Bouncing Flask","floor":13},{"not_picked":["ReplayTheSpireMod:Shiv Toss","Hidden Blade"],"picked":"Replay:Poison Smokescreen","floor":14},{"not_picked":["Poison Darts","Tools of the Trade"],"picked":"Die Die Die","floor":16},{"not_picked":["Backflip","Blur","conspire:DoublingDagger"],"picked":"SKIP","floor":18},{"not_picked":["Hidden Blade","Choke","hubris:SlightOfHand"],"picked":"SKIP","floor":22},{"not_picked":["Underhanded Strike","Infinite Blades+1"],"picked":"Malaise","floor":23},{"not_picked":["Sucker Punch","Flying Knee"],"picked":"Terror","floor":25},{"not_picked":["All Out Attack","Quick Slash","Sucker Punch"],"picked":"SKIP","floor":29},{"not_picked":["Hidden Blade","hubris:TrickCloak","conspire:DoublingDagger"],"picked":"SKIP","floor":31},{"not_picked":["Glass Knife","Unload"],"picked":"Corpse Explosion","floor":33},{"not_picked":["Outmaneuver","Eviscerate+1"],"picked":"Bane+1","floor":35},{"not_picked":["Skewer+1","Deflect+1","Prepared"],"picked":"SKIP","floor":36},{"not_picked":["Backflip+1","Underhanded Strike+1"],"picked":"Catalyst","floor":38},{"not_picked":["Bane","Dagger Spray","Deflect"],"picked":"SKIP","floor":40},{"not_picked":["Escape Plan+1","ReplayTheSpireMod:The Works+1","Skewer"],"picked":"SKIP","floor":41},{"not_picked":["Accuracy+1","Expertise","Distraction+1"],"picked":"SKIP","floor":44},{"not_picked":["ReplayTheSpireMod:Tripwire+1","Dagger Spray","Storm of Steel"],"picked":"SKIP","floor":45}],"player_experience":976881,"relics_obtained":[{"floor":6,"key":"Replay:WaspNest"},{"floor":8,"key":"Boot"},{"floor":9,"key":"aspiration:HummingbirdHeart"},{"floor":23,"key":"MealTicket"},{"floor":26,"key":"Spirit Poop"},{"floor":40,"key":"Art of War"},{"floor":43,"key":"Ninja Scroll"},{"floor":44,"key":"Quantum Egg"}],"event_choices":[{"damage_healed":70,"gold_gain":0,"player_choice":"Embrace Burn","damage_taken":0,"max_hp_gain":0,"max_hp_loss":70,"event_name":"betterThird:BetterShining","floor":2,"gold_loss":0},{"damage_healed":0,"gold_gain":0,"player_choice":"Take Damage","damage_taken":17,"relics_obtained":["Golden Idol"],"max_hp_gain":0,"max_hp_loss":0,"event_name":"Golden Idol","floor":3,"gold_loss":0},{"cards_removed":["Terror"],"damage_healed":0,"gold_gain":0,"player_choice":"Took Card","damage_taken":0,"max_hp_gain":0,"max_hp_loss":0,"event_name":"NoteForYourself","floor":37,"gold_loss":0,"cards_obtained":["ReplayTheSpireMod:Stacked"]}],"is_beta":false,"boss_relics":[{"not_picked":["conspire:RoyalGoblet","SlaversCollar"],"picked":"vexMod:BigBerry"},{"not_picked":["aspiration:IroncladSkillbook","aspiration:RitualDagger"],"picked":"hubris:GrandSneckoEye"}],"items_purged_floors":[10],"is_endless":false,"potions_floor_spawned":[1,5,11,13,14,22,29,33,36,40,41,44],"ascension_level":0}}