{"host":"5jzx1090woovszu4","time":1610921425,"event":{"mods":["BaseMod","Minty Spire (QoL Compilation)","Robot Space Explorer","Spicy Shops","StSLib","The Marked"],"gold_per_floor":[116,291,302,1,70,97,97,97,124,165,165,182,147,184,184,289,289,301,320,338,437,455,489,489,74,100,100,132,11,23,52,52,160,187,199,217,267,228,228,258,258,35,35,135,161,178,191,224,224,224],"floor_reached":51,"language":"ENG","playtime":3622,"items_purged":["Doubt","RobotSpaceExplorer:Strike","RobotSpaceExplorer:DualCore"],"score":805,"play_id":"c7f25514-3074-4214-bbb4-67105c651f76","local_time":"20210117231025","is_ascension_mode":true,"campfire_choices":[{"floor":8,"key":"REST"},{"floor":11,"key":"REST"},{"data":"RobotSpaceExplorer:Arsenal","floor":15,"key":"SMITH"},{"data":"RobotSpaceExplorer:StarLightning","floor":24,"key":"SMITH"},{"data":"Trip","floor":27,"key":"SMITH"},{"data":"RobotSpaceExplorer:Accelerator","floor":32,"key":"SMITH"},{"floor":41,"key":"REST"},{"floor":49,"key":"REST"}],"circlet_count":0,"master_deck":["RobotSpaceExplorer:Strike+1","RobotSpaceExplorer:Defend+1","RobotSpaceExplorer:Scan","RobotSpaceExplorer:MiniLasers","RobotSpaceExplorer:Arsenal+1","RobotSpaceExplorer:MiniDrones+1","RobotSpaceExplorer:PlasmaMissile+1","RobotSpaceExplorer:ShovelStrike","RobotSpaceExplorer:Pulsar","RobotSpaceExplorer:FranticSearch","RobotSpaceExplorer:Accelerator+1","RobotSpaceExplorer:TurboDodge","RobotSpaceExplorer:StarLightning+1","Trip+1","RobotSpaceExplorer:RigExplosive","Flash of Steel","RobotSpaceExplorer:PlasmaMissile+1","RobotSpaceExplorer:ChargingLaser","RobotSpaceExplorer:BigMissile+1","RobotSpaceExplorer:PlasmaMissile+1","RobotSpaceExplorer:Smokescreen+1","Madness","Madness","RobotSpaceExplorer:Arsenal+1","RobotSpaceExplorer:IronShell+1"],"relics":["RobotSpaceExplorer:RoboCore","RobotSpaceExplorer:FoglandsKnife","Toy Ornithopter","Whetstone","CeramicFish","Anchor","RobotSpaceExplorer:SearchSpecs","Pen Nib","Membership Card","Bottled Flame","Boot","Gremlin Horn","Astrolabe","Turnip","HandDrill","Ancient Tea Set","DollysMirror","Strawberry","Oddly Smooth Stone","RobotSpaceExplorer:PlasmaHourglass","CaptainsWheel"],"acts_visited":["Exordium","TheCity","TheBeyond"],"potions_floor_usage":[16,18,22,23,23,23,23,28,31,33,33,35,37,45,46,46,48,48,50,50,50],"damage_taken":[{"damage":0,"enemies":"Small Slimes","floor":1,"turns":4},{"damage":12,"enemies":"Jaw Worm","floor":3,"turns":10},{"damage":21,"enemies":"3 Sentries","floor":6,"turns":4},{"damage":14,"enemies":"Gremlin Nob","floor":10,"turns":3},{"damage":0,"enemies":"2 Louse","floor":12,"turns":3},{"damage":13,"enemies":"3 Sentries","floor":14,"turns":5},{"damage":49,"enemies":"The Guardian","floor":16,"turns":4},{"damage":9,"enemies":"3 Byrds","floor":18,"turns":3},{"damage":0,"enemies":"Spheric Guardian","floor":19,"turns":3},{"damage":9,"enemies":"Snake Plant","floor":22,"turns":3},{"damage":4,"enemies":"Book of Stabbing","floor":23,"turns":6},{"damage":20,"enemies":"Gremlin Leader","floor":28,"turns":7},{"damage":4,"enemies":"Centurion and Healer","floor":30,"turns":3},{"damage":1,"enemies":"Snecko","floor":31,"turns":3},{"damage":15,"enemies":"Automaton","floor":33,"turns":5},{"damage":0,"enemies":"3 Shapes","floor":35,"turns":4},{"damage":17,"enemies":"Mind Bloom Boss Battle","floor":37,"turns":3},{"damage":11,"enemies":"Reptomancer","floor":40,"turns":3},{"damage":0,"enemies":"3 Darklings","floor":45,"turns":2},{"damage":0,"enemies":"Jaw Worm Horde","floor":46,"turns":2},{"damage":0,"enemies":"4 Shapes","floor":47,"turns":2},{"damage":53,"enemies":"Nemesis","floor":48,"turns":5},{"damage":28,"enemies":"Awakened One","floor":50,"turns":6}],"seed_played":"-1540382276086279441","potions_obtained":[{"floor":3,"key":"DuplicationPotion"},{"floor":10,"key":"Energy Potion"},{"floor":12,"key":"EntropicBrew"},{"floor":18,"key":"ColorlessPotion"},{"floor":19,"key":"Weak Potion"},{"floor":28,"key":"Energy Potion"},{"floor":35,"key":"Explosive Potion"},{"floor":37,"key":"EssenceOfSteel"},{"floor":46,"key":"FearPotion"},{"floor":48,"key":"AttackPotion"}],"is_trial":false,"path_per_floor":["M","?","M","$","?","E","?","R","T","E","R","M","?","E","R","B",null,"M","M","?","?","M","E","R","$","T","R","E","$","M","M","R","B",null,"M","?","?","$","?","E","R","$","T","?","M","M","M","E","R","B",null],"character_chosen":"RobotSpaceExplorer","items_purchased":["RobotSpaceExplorer:ShovelStrike","RobotSpaceExplorer:FoglandsKnife","Membership Card","Bottled Flame","Trip","RobotSpaceExplorer:RigExplosive","Flash of Steel","HandDrill","DollysMirror","Strawberry","Oddly Smooth Stone"],"campfire_rested":4,"item_purchase_floors":[4,4,25,25,25,25,29,38,42,42,42],"current_hp_per_floor":[68,68,56,56,56,35,21,41,41,27,47,47,64,51,51,7,68,64,64,64,64,59,68,68,68,68,68,53,53,49,53,53,48,68,68,59,47,47,47,36,56,63,63,63,68,75,75,27,49,36],"gold":224,"neow_bonus":"THREE_RARE_CARDS","is_daily":false,"chose_seed":false,"campfire_upgraded":4,"win_rate":0.0,"timestamp":1610921425,"path_taken":["M","?","M","$","?","E","?","R","T","E","R","M","?","E","R","BOSS","M","M","?","?","M","E","R","$","T","R","E","?","?","M","R","BOSS","M","?","?","$","?","E","R","$","T","?","M","M","?","E","R","BOSS"],"items_purchased_type":["Card","Relic","Relic","Relic","Card","Card","Card","Relic","Relic","Relic","Relic"],"build_version":"2020-12-22","purchased_purges":3,"victory":true,"max_hp_per_floor":[68,68,68,68,68,68,68,68,68,68,68,68,68,68,68,68,68,68,68,68,68,68,68,68,68,68,68,68,68,68,68,68,68,68,68,68,68,68,68,68,68,75,75,75,75,75,75,75,75,75],"card_choices":[{"not_picked":["RobotSpaceExplorer:BlastShield","RobotSpaceExplorer:Wormhole"],"picked":"RobotSpaceExplorer:Arsenal","floor":0},{"not_picked":["RobotSpaceExplorer:FranticSearch","RobotSpaceExplorer:StarLightning"],"picked":"RobotSpaceExplorer:MiniDrones","floor":1},{"not_picked":["RobotSpaceExplorer:GlueShot","RobotSpaceExplorer:MiniDrones"],"picked":"RobotSpaceExplorer:PlasmaMissile","floor":3},{"not_picked":["RobotSpaceExplorer:ShockKick","RobotSpaceExplorer:SlimeMissile"],"picked":"RobotSpaceExplorer:Pulsar","floor":6},{"not_picked":["RobotSpaceExplorer:MiniDrones","RobotSpaceExplorer:PlasmaMissile"],"picked":"RobotSpaceExplorer:PowerGlove","floor":10},{"not_picked":["RobotSpaceExplorer:DroneSwarm","RobotSpaceExplorer:StunGrenade","RobotSpaceExplorer:SurgingStrike"],"picked":"SKIP","floor":12},{"not_picked":["RobotSpaceExplorer:SwiftStep","RobotSpaceExplorer:MakeshiftVolley"],"picked":"RobotSpaceExplorer:FranticSearch","floor":14},{"not_picked":["RobotSpaceExplorer:HighVoltage","RobotSpaceExplorer:ShockMissile"],"picked":"RobotSpaceExplorer:Accelerator","floor":16},{"not_picked":["RobotSpaceExplorer:SwiftStep+1","RobotSpaceExplorer:SelfCleaning","RobotSpaceExplorer:StunGrenade"],"picked":"SKIP","floor":18},{"not_picked":["RobotSpaceExplorer:SwiftStep+1","RobotSpaceExplorer:SelfCleaning","RobotSpaceExplorer:StunGrenade"],"picked":"SKIP","floor":18},{"not_picked":["RobotSpaceExplorer:SurgingShield","RobotSpaceExplorer:SurgingStrike","RobotSpaceExplorer:FranticSearch"],"picked":"SKIP","floor":19},{"not_picked":["RobotSpaceExplorer:Electroshield+1","RobotSpaceExplorer:ScrapToss","RobotSpaceExplorer:MiniDrones"],"picked":"SKIP","floor":22},{"not_picked":["RobotSpaceExplorer:HighVoltage","RobotSpaceExplorer:Discharger"],"picked":"RobotSpaceExplorer:StarLightning","floor":23},{"not_picked":["RobotSpaceExplorer:GlueSpray","RobotSpaceExplorer:BigMissile","RobotSpaceExplorer:Probe"],"picked":"SKIP","floor":28},{"not_picked":["RobotSpaceExplorer:Pulsar","RobotSpaceExplorer:ScrapMissile","RobotSpaceExplorer:GearShield"],"picked":"SKIP","floor":30},{"not_picked":["RobotSpaceExplorer:ScrapMissile","RobotSpaceExplorer:ShockKick+1"],"picked":"RobotSpaceExplorer:PlasmaMissile+1","floor":31},{"not_picked":["RobotSpaceExplorer:Explosion","RobotSpaceExplorer:ShockMissile"],"picked":"RobotSpaceExplorer:ChargingLaser","floor":33},{"not_picked":["RobotSpaceExplorer:ScrapMissile+1","RobotSpaceExplorer:SlimeMissile","RobotSpaceExplorer:ToxicBomb"],"picked":"SKIP","floor":35},{"not_picked":["RobotSpaceExplorer:Electroshield","RobotSpaceExplorer:ImprovisedAttack+1","RobotSpaceExplorer:MiniDrones+1"],"picked":"SKIP","floor":40},{"not_picked":["RobotSpaceExplorer:TrailblazerForm","RobotSpaceExplorer:ExhaustFan+1"],"picked":"RobotSpaceExplorer:IronShell+1","floor":45},{"not_picked":["RobotSpaceExplorer:SlimeMissile","RobotSpaceExplorer:ScrapToss","RobotSpaceExplorer:FrostMissile"],"picked":"SKIP","floor":46},{"not_picked":["RobotSpaceExplorer:Probe+1","RobotSpaceExplorer:ShockKick+1","RobotSpaceExplorer:ImprovisedAttack"],"picked":"SKIP","floor":47},{"not_picked":["RobotSpaceExplorer:ShovelStrike","RobotSpaceExplorer:Blaster","RobotSpaceExplorer:Probe+1"],"picked":"SKIP","floor":48}],"player_experience":602711,"relics_obtained":[{"floor":6,"key":"Toy Ornithopter"},{"floor":9,"key":"Whetstone"},{"floor":10,"key":"CeramicFish"},{"floor":14,"key":"Anchor"},{"floor":23,"key":"Pen Nib"},{"floor":26,"key":"Boot"},{"floor":28,"key":"Gremlin Horn"},{"floor":37,"key":"Turnip"},{"floor":40,"key":"Ancient Tea Set"},{"floor":43,"key":"RobotSpaceExplorer:PlasmaHourglass"},{"floor":48,"key":"CaptainsWheel"}],"event_choices":[{"damage_healed":0,"gold_gain":175,"player_choice":"AGREE","damage_taken":0,"max_hp_gain":0,"max_hp_loss":0,"event_name":"Liars Game","floor":2,"gold_loss":0,"cards_obtained":["Doubt"]},{"damage_healed":0,"gold_gain":69,"player_choice":"Gained Gold","damage_taken":0,"max_hp_gain":0,"max_hp_loss":0,"event_name":"Golden Wing","floor":5,"gold_loss":0},{"damage_healed":0,"gold_gain":0,"player_choice":"Entered Light","damage_taken":14,"max_hp_gain":0,"max_hp_loss":0,"event_name":"Shining Light","floor":7,"gold_loss":0,"cards_upgraded":["RobotSpaceExplorer:PlasmaMissile","RobotSpaceExplorer:Defend"]},{"damage_healed":17,"gold_gain":0,"player_choice":"Healed","damage_taken":0,"max_hp_gain":0,"max_hp_loss":0,"event_name":"The Cleric","floor":13,"gold_loss":35},{"damage_healed":0,"gold_gain":0,"cards_transformed":["RobotSpaceExplorer:Strike","RobotSpaceExplorer:Defend"],"player_choice":"Became Test Subject","damage_taken":0,"max_hp_gain":0,"max_hp_loss":0,"event_name":"Drug Dealer","floor":20,"gold_loss":0,"cards_obtained":["RobotSpaceExplorer:TurboDodge","RobotSpaceExplorer:DualCore"]},{"damage_healed":0,"gold_gain":99,"player_choice":"Stole From Cult","damage_taken":0,"max_hp_gain":0,"max_hp_loss":0,"event_name":"Nest","floor":21,"gold_loss":0},{"damage_healed":0,"gold_gain":0,"player_choice":"Embrace Madness","damage_taken":9,"max_hp_gain":0,"max_hp_loss":0,"event_name":"Winding Halls","floor":36,"gold_loss":0,"cards_obtained":["Madness","Madness"]},{"damage_healed":0,"gold_gain":0,"player_choice":"Fight","damage_taken":0,"max_hp_gain":0,"max_hp_loss":0,"event_name":"MindBloom","floor":37,"gold_loss":0},{"cards_removed":["RobotSpaceExplorer:PowerGlove"],"damage_healed":0,"gold_gain":0,"player_choice":"Removed Power","damage_taken":0,"max_hp_gain":0,"max_hp_loss":0,"event_name":"Falling","floor":39,"gold_loss":0},{"damage_healed":0,"gold_gain":100,"player_choice":"Pray","damage_taken":0,"max_hp_gain":0,"max_hp_loss":0,"event_name":"Golden Shrine","floor":44,"gold_loss":0}],"is_beta":false,"boss_relics":[{"not_picked":["Busted Crown","Velvet Choker"],"picked":"RobotSpaceExplorer:SearchSpecs"},{"not_picked":["Runic Pyramid","Black Star"],"picked":"Astrolabe"}],"items_purged_floors":[4,25,29],"is_endless":false,"potions_floor_spawned":[3,10,12,18,19,28,35,37,46,48],"ascension_level":2}}