{"host":"cvgulky4xr711dtb","time":1610899278,"event":{"mods":["AchievementEnabler","BaseMod","Highlight Path","Minty Spire (QoL Compilation)"],"gold_per_floor":[114,114,137,62,137,137,178,194,244,244,267,285,285,346,346,466,466,487,195,215,215,228,228,266,7,7,21,21,35,35,56,56,182,245,268,82,97,97,97,97,128,128,176,176,190,208,231,12,12,12,12],"floor_reached":50,"language":"ENG","playtime":4371,"items_purged":["Defend_P","Strike_P"],"score":542,"play_id":"f33bc1c3-bd70-47ed-ba02-125d3eaef934","local_time":"20210117160118","is_ascension_mode":false,"campfire_choices":[{"floor":6,"key":"REST"},{"floor":10,"key":"REST"},{"floor":15,"key":"REST"},{"data":"Adaptation","floor":23,"key":"SMITH"},{"data":"ClearTheMind","floor":30,"key":"SMITH"},{"floor":32,"key":"REST"},{"data":"Wallop","floor":40,"key":"SMITH"},{"data":"Crescendo","floor":42,"key":"SMITH"},{"data":"EmptyFist","floor":44,"key":"SMITH"},{"floor":49,"key":"REST"}],"circlet_count":0,"master_deck":["Strike_P","Strike_P","Strike_P","Defend_P","Defend_P","Defend_P","Eruption","Vigilance+1","BowlingBash","CutThroughFate","WindmillStrike+1","JustLucky","CutThroughFate","FlurryOfBlows","Conclude","Wallop+1","Crescendo+1","SandsOfTime","Adaptation+1","EmptyFist+1","FlurryOfBlows+1","ClearTheMind+1","Consecrate+1","LessonLearned","Indignation","Halt+1","Panache","Study","Tantrum+1","Wireheading+1"],"relics":["PureWater","Dream Catcher","Golden Idol","MealTicket","Orichalcum","FossilizedHelix","VioletLotus","Melange","Ancient Tea Set","Question Card","Ornamental Fan","Tiny House","Gremlin Horn","Blood Vial","Damaru"],"acts_visited":["Exordium","TheCity","TheBeyond"],"potions_floor_usage":[22,24,33,33,33,37,41,41,47,47,50,50],"damage_taken":[{"damage":0,"enemies":"Jaw Worm","floor":1,"turns":2},{"damage":2,"enemies":"2 Louse","floor":3,"turns":2},{"damage":18,"enemies":"Lagavulin","floor":7,"turns":7},{"damage":2,"enemies":"Cultist","floor":8,"turns":4},{"damage":7,"enemies":"Blue Slaver","floor":11,"turns":3},{"damage":0,"enemies":"2 Fungi Beasts","floor":12,"turns":2},{"damage":1,"enemies":"Slime Boss","floor":16,"turns":7},{"damage":19,"enemies":"2 Thieves","floor":18,"turns":5},{"damage":0,"enemies":"Spheric Guardian","floor":20,"turns":3},{"damage":0,"enemies":"Snecko","floor":22,"turns":3},{"damage":40,"enemies":"Book of Stabbing","floor":24,"turns":4},{"damage":8,"enemies":"Centurion and Healer","floor":27,"turns":3},{"damage":7,"enemies":"Cultist and Chosen","floor":29,"turns":4},{"damage":0,"enemies":"Sentry and Sphere","floor":31,"turns":3},{"damage":87,"enemies":"Champ","floor":33,"turns":10},{"damage":40,"enemies":"3 Shapes","floor":35,"turns":4},{"damage":21,"enemies":"3 Darklings","floor":37,"turns":5},{"damage":14,"enemies":"Nemesis","floor":41,"turns":5},{"damage":0,"enemies":"Maw","floor":45,"turns":5},{"damage":33,"enemies":"Writhing Mass","floor":46,"turns":7},{"damage":44,"enemies":"4 Shapes","floor":47,"turns":5},{"damage":46,"enemies":"Awakened One","floor":50,"turns":3}],"seed_played":"-5767592293870351623","potions_obtained":[{"floor":3,"key":"FairyPotion"},{"floor":7,"key":"AttackPotion"},{"floor":11,"key":"FearPotion"},{"floor":16,"key":"Regen Potion"},{"floor":27,"key":"BlessingOfTheForge"},{"floor":31,"key":"Regen Potion"},{"floor":33,"key":"SpeedPotion"},{"floor":34,"key":"LiquidBronze"},{"floor":37,"key":"Block Potion"},{"floor":41,"key":"Ancient Potion"},{"floor":46,"key":"GamblersBrew"},{"floor":47,"key":"Explosive Potion"}],"is_trial":false,"path_per_floor":["M","?","M","$","?","R","E","M","T","R","M","M","T","?","R","B",null,"M","$","M","?","M","R","E","$","T","M","?","M","R","M","R","B",null,"M","$","M","?","?","R","E","R","T","R","M","M","M","$","R","B"],"character_chosen":"WATCHER","items_purchased":["SandsOfTime","Melange","Question Card","Panache","DistilledChaos","Damaru"],"campfire_rested":5,"item_purchase_floors":[19,19,25,36,48,48],"current_hp_per_floor":[72,54,52,52,41,62,44,42,42,63,56,56,56,56,72,71,72,53,68,68,68,68,68,28,43,43,35,72,65,65,65,72,10,77,37,52,31,31,87,87,73,73,73,73,75,44,2,17,43,0,0],"gold":12,"neow_bonus":"RANDOM_COMMON_RELIC","is_daily":false,"chose_seed":false,"campfire_upgraded":5,"win_rate":0.0,"timestamp":1610899278,"path_taken":["M","?","M","?","?","R","E","M","T","R","M","M","?","?","R","BOSS","M","$","M","?","M","R","E","$","T","M","?","?","R","M","R","BOSS","M","$","M","?","?","R","E","R","T","R","?","M","M","$","R","BOSS"],"items_purchased_type":["Card","Relic","Relic","Card","Potion","Relic"],"build_version":"2020-12-22","purchased_purges":2,"victory":false,"max_hp_per_floor":[72,72,72,72,72,72,72,72,72,72,72,72,72,72,72,72,72,72,72,72,72,72,72,72,72,72,72,72,72,72,72,72,72,77,77,77,77,77,87,87,87,87,87,87,87,87,87,87,87,87,87],"card_choices":[{"not_picked":["Evaluate","EmptyFist"],"picked":"BowlingBash","floor":1},{"not_picked":["FlyingSleeves","FearNoEvil"],"picked":"CutThroughFate","floor":3},{"not_picked":["PathToVictory","Prostrate"],"picked":"WindmillStrike","floor":6},{"not_picked":["Judgement","ForeignInfluence"],"picked":"JustLucky","floor":7},{"not_picked":["Protect","Prostrate"],"picked":"CutThroughFate","floor":8},{"not_picked":["BowlingBash","ThirdEye"],"picked":"FlurryOfBlows","floor":10},{"not_picked":["ReachHeaven","LikeWater"],"picked":"Conclude","floor":11},{"not_picked":["Worship","Adaptation","WindmillStrike"],"picked":"SKIP","floor":12},{"not_picked":["Prostrate","DeusExMachina"],"picked":"Wallop","floor":15},{"not_picked":["Devotion","SpiritShield"],"picked":"Omniscience","floor":16},{"not_picked":["BowlingBash","Pray"],"picked":"Crescendo","floor":18},{"not_picked":["DeceiveReality","EmptyBody","EmptyFist"],"picked":"SKIP","floor":20},{"not_picked":["Protect+1","ThirdEye"],"picked":"Adaptation","floor":22},{"not_picked":["EmptyMind","BattleHymn+1"],"picked":"EmptyFist","floor":24},{"not_picked":["BowlingBash","WheelKick","ThirdEye"],"picked":"FlurryOfBlows","floor":27},{"not_picked":["Omniscience","ForeignInfluence","Consecrate"],"picked":"ClearTheMind","floor":29},{"not_picked":["SashWhip","JustLucky","Vengeance"],"picked":"Consecrate+1","floor":31},{"not_picked":["DeusExMachina","Scrawl","MasterReality"],"picked":"LessonLearned","floor":33},{"not_picked":["FlyingSleeves","CrushJoints","Protect"],"picked":"Indignation","floor":34},{"not_picked":["WheelKick+1","LikeWater+1","EmptyFist"],"picked":"Halt+1","floor":35},{"not_picked":["FlyingSleeves+1","Crescendo+1","ReachHeaven","BowlingBash+1"],"picked":"SKIP","floor":37},{"not_picked":["FlurryOfBlows","WaveOfTheHand+1","Adaptation+1"],"picked":"Study","floor":41},{"not_picked":["FlyingSleeves+1","Pray","Halt+1","Crescendo+1"],"picked":"SKIP","floor":45},{"not_picked":["Ragnarok","CarveReality","FlyingSleeves"],"picked":"Tantrum+1","floor":46},{"not_picked":["Study+1","Protect+1","PathToVictory+1","Evaluate"],"picked":"SKIP","floor":47},{"not_picked":["Tantrum","FollowUp","SignatureMove+1"],"picked":"Wireheading+1","floor":49}],"player_experience":192641,"relics_obtained":[{"floor":7,"key":"MealTicket"},{"floor":9,"key":"Orichalcum"},{"floor":13,"key":"FossilizedHelix"},{"floor":24,"key":"Ancient Tea Set"},{"floor":26,"key":"Ornamental Fan"},{"floor":41,"key":"Gremlin Horn"},{"floor":43,"key":"Blood Vial"}],"event_choices":[{"damage_healed":0,"gold_gain":0,"player_choice":"Take Damage","damage_taken":18,"relics_obtained":["Golden Idol"],"max_hp_gain":0,"max_hp_loss":0,"event_name":"Golden Idol","floor":2,"gold_loss":0},{"damage_healed":0,"gold_gain":75,"player_choice":"Gather Gold","damage_taken":11,"max_hp_gain":0,"max_hp_loss":0,"event_name":"World of Goop","floor":5,"gold_loss":0},{"damage_healed":0,"gold_gain":61,"player_choice":"Gained Gold","damage_taken":0,"max_hp_gain":0,"max_hp_loss":0,"event_name":"Golden Wing","floor":14,"gold_loss":0},{"damage_healed":0,"gold_gain":0,"player_choice":"Ignored","damage_taken":0,"max_hp_gain":0,"max_hp_loss":0,"event_name":"Ghosts","floor":21,"gold_loss":0},{"damage_healed":37,"gold_gain":0,"player_choice":"Full Heal","damage_taken":0,"max_hp_gain":0,"max_hp_loss":0,"event_name":"Wheel of Change","floor":28,"gold_loss":0},{"damage_healed":0,"gold_gain":0,"player_choice":"Ignored","damage_taken":0,"max_hp_gain":0,"max_hp_loss":0,"event_name":"Mysterious Sphere","floor":38,"gold_loss":0},{"cards_removed":["Omniscience"],"damage_healed":46,"gold_gain":0,"player_choice":"Offered Rare","damage_taken":0,"max_hp_gain":10,"max_hp_loss":0,"event_name":"Bonfire Elementals","floor":39,"gold_loss":0}],"is_beta":false,"boss_relics":[{"not_picked":["Velvet Choker","HolyWater"],"picked":"VioletLotus"},{"not_picked":["Sozu","SlaversCollar"],"picked":"Tiny House"}],"items_purged_floors":[4,19],"is_endless":false,"potions_floor_spawned":[3,7,11,16,27,31,33,37,41,46,47],"killed_by":"Awakened One","ascension_level":0}}