{"host":"e52c7hvho6xny3hd","time":1610891713,"event":{"mods":["AchievementEnabler","BaseMod","Colored Map","DeckTracker","Minty Spire (QoL Compilation)","Permanent Neow","StSLib"],"gold_per_floor":[117,135,146,159,234,234,260,260,339,339,370,370,370,388,388,487,487,487],"floor_reached":17,"language":"KOR","playtime":821,"items_purged":[],"score":295,"play_id":"6bbaa3ff-4811-4993-a67f-d2c3eb475dcf","local_time":"20210117225513","is_ascension_mode":true,"campfire_choices":[{"floor":6.0,"key":"REST"},{"data":"ForeignInfluence","floor":10.0,"key":"SMITH"},{"data":"Eruption","floor":12.0,"key":"SMITH"},{"floor":15.0,"key":"REST"}],"circlet_count":0,"master_deck":["AscendersBane","Strike_P+1","Strike_P+1","Defend_P","Defend_P","Defend_P","Defend_P","Eruption+1","Vigilance","ForeignInfluence+1","SignatureMove","Evaluate","Halt","EmptyFist","DeceiveReality","CrushJoints","FlurryOfBlows","Brilliance"],"relics":["HolyWater","FossilizedHelix","TeardropLocket","MealTicket"],"acts_visited":["Exordium","TheCity"],"potions_floor_usage":[],"damage_taken":[{"damage":0.0,"enemies":"2 Louse","floor":1.0,"turns":2.0},{"damage":4.0,"enemies":"Small Slimes","floor":2.0,"turns":3.0},{"damage":0.0,"enemies":"Cultist","floor":3.0,"turns":3.0},{"damage":20.0,"enemies":"Lots of Slimes","floor":4.0,"turns":5.0},{"damage":2.0,"enemies":"3 Sentries","floor":7.0,"turns":8.0},{"damage":0.0,"enemies":"Gremlin Nob","floor":11.0,"turns":3.0},{"damage":0.0,"enemies":"2 Fungi Beasts","floor":14.0,"turns":3.0},{"damage":15,"enemies":"The Guardian","floor":16,"turns":12}],"seed_played":"-6805442264187221137","potions_obtained":[{"floor":3.0,"key":"SkillPotion"},{"floor":11.0,"key":"AttackPotion"},{"floor":14.0,"key":"Strength Potion"}],"is_trial":false,"path_per_floor":["M","M","M","M","?","R","E","?","T","R","E","R","?","M","R","B",null],"character_chosen":"WATCHER","items_purchased":[],"campfire_rested":2,"item_purchase_floors":[],"current_hp_per_floor":[65,61,61,41,30,51,49,35,35,35,35,35,28,28,49,34,63,63],"gold":487,"neow_bonus":"TRANSFORM_CARD","is_daily":false,"chose_seed":false,"campfire_upgraded":2,"win_rate":0.0,"timestamp":1610891713,"path_taken":["M","M","M","M","?","R","E","?","T","R","E","R","?","M","R","BOSS"],"items_purchased_type":[],"build_version":"2020-12-22","purchased_purges":0,"victory":false,"max_hp_per_floor":[72,72,72,72,72,72,72,72,72,72,72,72,72,72,72,72,72,72],"card_choices":[{"not_picked":["BowlingBash","Consecrate"],"picked":"SignatureMove","floor":1.0},{"not_picked":["EmptyFist","Wireheading"],"picked":"Evaluate","floor":2.0},{"not_picked":["ThirdEye","JustLucky"],"picked":"Halt","floor":3.0},{"not_picked":["Halt","WindmillStrike"],"picked":"EmptyFist","floor":4.0},{"not_picked":["Pray","EmptyBody"],"picked":"DeceiveReality","floor":7.0},{"not_picked":["PathToVictory","Scrawl"],"picked":"CrushJoints","floor":11.0},{"not_picked":["Swivel","SashWhip"],"picked":"FlurryOfBlows","floor":14.0},{"not_picked":["Vault","Devotion"],"picked":"Brilliance","floor":16}],"player_experience":681560,"relics_obtained":[{"floor":7.0,"key":"FossilizedHelix"},{"floor":9.0,"key":"TeardropLocket"},{"floor":11.0,"key":"MealTicket"}],"event_choices":[{"damage_healed":0.0,"max_hp_gain":0.0,"max_hp_loss":0.0,"gold_gain":75.0,"event_name":"World of Goop","player_choice":"Gather Gold","floor":5.0,"gold_loss":0.0,"damage_taken":11.0},{"damage_healed":0.0,"max_hp_gain":0.0,"max_hp_loss":0.0,"gold_gain":0.0,"event_name":"Shining Light","player_choice":"Entered Light","floor":8.0,"gold_loss":0.0,"damage_taken":14.0,"cards_upgraded":["Strike_P","Strike_P"]},{"cards_removed":["Strike_P"],"damage_healed":0.0,"max_hp_gain":0.0,"max_hp_loss":0.0,"gold_gain":0.0,"event_name":"Golden Wing","player_choice":"Card Removal","floor":13.0,"gold_loss":0.0,"damage_taken":7.0}],"is_beta":false,"boss_relics":[{"not_picked":["Snecko Eye","SacredBark"],"picked":"HolyWater"}],"items_purged_floors":[],"is_endless":false,"potions_floor_spawned":[3,11,14,16],"ascension_level":11}}