{"host":"5xv4ucgq6smxtrnj","time":1610905722,"event":{"mods":["AchievementEnabler","BaseMod","Better Note","BetterRewards","Colored Map","Colored Powertips","Curses Come First","DeckTracker","Good Game Mod","Highlight Path","Minty Spire (QoL Compilation)","Permanent Neow","Quick Restart","Rare Cards Sparkle","StSLib","The Bug Knight","[IsaacMod]ÒÔÈö¼âËþ"],"gold_per_floor":[111,61,78,90,90,90,60,60,106,106,131,147,147,167,167,290,290,313,7,7,21,41,41,57,57,130,151,18,33,33,56,56,186,186,205,219,240,256,272,272,296,296,376,395,418,431,444,444,444,444,444],"floor_reached":50,"language":"ZHS","playtime":3403,"items_purged":["Bash","Doubt","Defend_R","Defend_R"],"score":621,"play_id":"84944a8b-6eef-4a60-8e41-a064a29132ec","local_time":"20210118014842","is_ascension_mode":false,"campfire_choices":[{"data":"BloodyBrimstone","floor":6,"key":"SMITH"},{"floor":13,"key":"REST"},{"data":"Pommel Strike","floor":15,"key":"SMITH"},{"data":"Flex","floor":23,"key":"SMITH"},{"data":"Flex","floor":25,"key":"SMITH"},{"data":"Demon Form","floor":32,"key":"SMITH"},{"data":"Clash","floor":40,"key":"SMITH"},{"data":"Clash","floor":42,"key":"SMITH"},{"data":"Clash","floor":49,"key":"SMITH"}],"circlet_count":0,"master_deck":["Strike_R","Strike_R","Strike_R","BloodyBrimstone+1","Flex+1","Pommel Strike+1","Clash+1","Clash+1","Reaper","Rupture+1","Iron Wave+1","Flex+1","Demon Form+1","CurseOfTheBell","Clash+1","Battle Trance+1"],"relics":["Burning Blood","REME:ComplimentaryCards","HushsDoor","D6","Mango","Matryoshka","HollowMod:PaleOreRelic","Bottled Flame","Golden Idol","Astrolabe","GuppysTail","SteamSale","Orichalcum","YumHeart","Meat on the Bone","Calling Bell","Bag of Preparation","Pantograph","Incense Burner","UnicornStump"],"acts_visited":["Exordium","TheCity","TheBeyond"],"potions_floor_usage":[16,16,39,39],"damage_taken":[{"damage":11,"enemies":"Jaw Worm","floor":1,"turns":6},{"damage":0,"enemies":"2 Louse","floor":3,"turns":3},{"damage":2,"enemies":"Small Slimes","floor":4,"turns":4},{"damage":9,"enemies":"Looter","floor":7,"turns":4},{"damage":27,"enemies":"Lots of Slimes","floor":11,"turns":4},{"damage":9,"enemies":"2 Fungi Beasts","floor":12,"turns":4},{"damage":23,"enemies":"3 Louse","floor":14,"turns":2},{"damage":25,"enemies":"Hexaghost","floor":16,"turns":4},{"damage":13,"enemies":"Chosen","floor":18,"turns":4},{"damage":0,"enemies":"2 Thieves","floor":21,"turns":2},{"damage":29,"enemies":"Chosen and Byrds","floor":22,"turns":7},{"damage":13,"enemies":"Centurion and Healer","floor":24,"turns":5},{"damage":29,"enemies":"Snake Plant","floor":27,"turns":2},{"damage":24,"enemies":"Chosen and Byrds","floor":29,"turns":5},{"damage":19,"enemies":"Snecko","floor":31,"turns":5},{"damage":47,"enemies":"Collector","floor":33,"turns":5},{"damage":32,"enemies":"Orb Walker","floor":35,"turns":4},{"damage":54,"enemies":"3 Darklings","floor":36,"turns":6},{"damage":28,"enemies":"Sphere and 2 Shapes","floor":37,"turns":5},{"damage":35,"enemies":"Transient","floor":38,"turns":5},{"damage":15,"enemies":"Maw","floor":39,"turns":6},{"damage":34,"enemies":"Sphere and 2 Shapes","floor":41,"turns":4},{"damage":47,"enemies":"3 Darklings","floor":44,"turns":5},{"damage":20,"enemies":"Spire Growth","floor":45,"turns":4},{"damage":4,"enemies":"Jaw Worm Horde","floor":46,"turns":4},{"damage":53,"enemies":"Writhing Mass","floor":47,"turns":5},{"damage":69,"enemies":"Time Eater","floor":50,"turns":4}],"seed_played":"4065355570711395577","potions_obtained":[{"floor":1,"key":"Block Potion"},{"floor":3,"key":"DistilledChaos"},{"floor":11,"key":"AttackPotion"},{"floor":16,"key":"ElixirPotion"},{"floor":18,"key":"AttackPotion"},{"floor":31,"key":"Strength Potion"},{"floor":38,"key":"EssenceOfSteel"},{"floor":41,"key":"EntropicBrew"},{"floor":45,"key":"Block Potion"}],"is_trial":false,"path_per_floor":["M","?","M","M","?","R","M","?","T","?","M","M","R","M","R","B",null,"M","$","?","M","M","R","M","R","T","M","$","M","?","M","R","B",null,"M","M","M","M","M","R","M","R","T","M","M","M","M","?","R","B"],"character_chosen":"IRONCLAD","items_purchased":["Flex","GuppysTail","SteamSale","Orichalcum","Flex","Demon Form"],"campfire_rested":1,"item_purchase_floors":[0,17,19,19,19,28],"current_hp_per_floor":[89,89,94,94,94,94,91,76,76,53,32,29,57,40,40,21,76,73,73,73,76,56,56,53,53,76,57,57,51,51,56,56,48,73,54,50,44,35,64,64,57,57,57,35,48,50,48,48,48,0,0],"gold":444,"neow_bonus":"","is_daily":false,"chose_seed":false,"campfire_upgraded":8,"win_rate":0.0,"timestamp":1610905722,"path_taken":["M","?","M","M","?","R","M","?","T","?","M","M","R","?","R","BOSS","M","$","?","M","M","R","M","R","T","M","$","?","?","M","R","BOSS","M","M","M","M","M","R","M","R","T","M","M","M","M","?","R","BOSS"],"items_purchased_type":["Card","Relic","Relic","Relic","Card","Card"],"build_version":"2020-12-22","purchased_purges":4,"victory":false,"max_hp_per_floor":[94,94,94,94,94,94,94,94,94,94,94,94,94,94,94,91,76,76,76,76,76,76,76,76,76,76,76,76,76,76,76,76,73,73,73,73,70,67,64,64,64,64,64,64,64,61,61,61,61,61,61],"card_choices":[{"not_picked":[],"picked":"BloodyBrimstone","floor":0},{"not_picked":["Headbutt","Flame Barrier","Rage"],"picked":"SKIP","floor":1},{"not_picked":["Iron Wave","Disarm"],"picked":"Pommel Strike","floor":3},{"not_picked":["Power Through","Armaments","Body Slam"],"picked":"SKIP","floor":4},{"not_picked":["Perfected Strike","Body Slam"],"picked":"Clash","floor":7},{"not_picked":["Thunderclap","Dual Wield","Corruption"],"picked":"SKIP","floor":11},{"not_picked":["Thunderclap","Carnage"],"picked":"Bomb","floor":12},{"not_picked":["Inflame","Bloodletting"],"picked":"Clash","floor":14},{"not_picked":["Offering","Juggernaut"],"picked":"Reaper","floor":16},{"not_picked":["Warcry+1","Rupture+1","Thunderclap"],"picked":"SKIP","floor":18},{"not_picked":["Inflame+1","Power Through","Clothesline"],"picked":"SKIP","floor":21},{"not_picked":["Cleave","Warcry+1","Sword Boomerang+1"],"picked":"SKIP","floor":22},{"not_picked":["Dark Embrace+1","True Grit","Battle Trance"],"picked":"SKIP","floor":24},{"not_picked":["Heavy Blade","Perfected Strike","Iron Wave+1"],"picked":"SKIP","floor":27},{"not_picked":["Twin Strike","Thunderclap","Flex"],"picked":"SKIP","floor":29},{"not_picked":["Clothesline","Rampage+1","Reckless Charge+1"],"picked":"SKIP","floor":31},{"not_picked":["Shrug It Off","True Grit","Dropkick+1"],"picked":"SKIP","floor":35},{"not_picked":["Fiend Fire","Clothesline+1","Second Wind+1"],"picked":"SKIP","floor":36},{"not_picked":["Heavy Blade+1","Cleave"],"picked":"Clash","floor":37},{"not_picked":["Intimidate+1","True Grit","Flame Barrier+1"],"picked":"SKIP","floor":38},{"not_picked":["Dark Embrace","Clash"],"picked":"Battle Trance+1","floor":39},{"not_picked":["Shrug It Off","Warcry+1","Spot Weakness+1"],"picked":"SKIP","floor":41},{"not_picked":["Blood for Blood+1","Pummel","Impervious"],"picked":"SKIP","floor":44},{"not_picked":["Second Wind","Iron Wave+1","Body Slam+1"],"picked":"SKIP","floor":45},{"not_picked":["Twin Strike","Intimidate+1","Sever Soul+1"],"picked":"SKIP","floor":46},{"not_picked":["Armaments+1","Entrench","Clothesline+1"],"picked":"SKIP","floor":47}],"player_experience":15739,"relics_obtained":[{"floor":9,"key":"HollowMod:PaleOreRelic"},{"floor":9,"key":"Bottled Flame"},{"floor":26,"key":"YumHeart"},{"floor":26,"key":"Meat on the Bone"},{"floor":34,"key":"Bag of Preparation"},{"floor":34,"key":"Pantograph"},{"floor":34,"key":"Incense Burner"},{"floor":43,"key":"UnicornStump"}],"event_choices":[{"cards_removed":["Strike_R"],"damage_healed":0,"gold_gain":0,"player_choice":"Card Removal","damage_taken":0,"max_hp_gain":0,"max_hp_loss":0,"event_name":"The Cleric","floor":2,"gold_loss":50},{"damage_healed":0,"gold_gain":0,"player_choice":"Box","damage_taken":0,"relics_obtained":["Matryoshka"],"max_hp_gain":0,"max_hp_loss":0,"event_name":"Big Fish","floor":5,"gold_loss":0,"cards_obtained":["Regret"]},{"damage_healed":0,"gold_gain":0,"player_choice":"Take Damage","damage_taken":23,"relics_obtained":["Golden Idol"],"max_hp_gain":0,"max_hp_loss":0,"event_name":"Golden Idol","floor":10,"gold_loss":0},{"damage_healed":0,"gold_gain":0,"player_choice":"Ignored","damage_taken":0,"max_hp_gain":0,"max_hp_loss":0,"event_name":"betterNote:BetterNote","floor":20,"gold_loss":0,"cards_obtained":["Master of Strategy"]},{"cards_removed":["Strike_R"],"damage_healed":0,"gold_gain":0,"player_choice":"Elegance","damage_taken":0,"max_hp_gain":0,"max_hp_loss":0,"event_name":"Back to Basics","floor":30,"gold_loss":0},{"cards_removed":["Static Discharge"],"damage_healed":0,"gold_gain":0,"player_choice":"Removed Power","damage_taken":0,"max_hp_gain":0,"max_hp_loss":0,"event_name":"Falling","floor":48,"gold_loss":0}],"is_beta":false,"boss_relics":[{"not_picked":["Snecko Eye","Runic Pyramid"],"picked":"Astrolabe"},{"not_picked":[]},{"not_picked":["Empty Cage","Black Blood"],"picked":"Calling Bell"},{"not_picked":[]}],"items_purged_floors":[0,17,19,28],"is_endless":false,"potions_floor_spawned":[1,3,11,14,16,18,22,24,31,37,38,41,45,47],"killed_by":"Time Eater","ascension_level":0}}