{"host":"3ykswgue17e1ycc2","time":1610862411,"event":{"mods":["BaseMod","Colored Powertips","Dark Map","Downfall","Minty Spire (QoL Compilation)","Quick Restart","Rare Cards Sparkle","StSLib"],"gold_per_floor":[99,117,128,128,148,161,209,209,225,236,269,295,295,326,339,441,441,441,452,452,465,193,193,273,288,300,300,300,319,344,344,344],"floor_reached":31,"language":"ENG","playtime":1732,"items_purged":["bronze:Strike"],"score":269,"play_id":"2d41fd93-3c7b-4223-8555-24023314d636","local_time":"20210117124650","is_ascension_mode":false,"campfire_choices":[{"data":"bronze:Goto","floor":1.0,"key":"SMITH"},{"data":"bronze:Iterate","floor":8.0,"key":"SMITH"},{"data":"bronze:Iterate","floor":13.0,"key":"SMITH"},{"data":"bronze:CutThrough","floor":18.0,"key":"SMITH"},{"data":"bronze:FineTuning","floor":23.0,"key":"SMITH"},{"data":"bronze:Replicate","floor":27,"key":"SMITH"}],"circlet_count":0,"master_deck":["bronze:Strike","bronze:Strike+1","bronze:Strike+1","bronze:Defend","bronze:Defend","bronze:Defend","bronze:Defend","bronze:Replicate+1","bronze:Goto+1","bronze:WhirlingStrike","bronze:Invalidate+1","bronze:Iterate+1","bronze:FineTuning+1","bronze:Iterate+1","bronze:CutThrough+1","bronze:Fortify","bronze:Repair","bronze:Frontload","bronze:CleanCode","bronze:Optimize+1","bronze:Deprecate+1","bronze:ChosenStrike","bronze:BronzeOrb+1"],"relics":["bronze:BronzeCore","Centennial Puzzle","Bronze Scales","Art of War","Odd Mushroom","Nunchaku","SlaversCollar","Membership Card","Juzu Bracelet","Bottled Lightning","Whetstone"],"acts_visited":["Exordium","TheCity"],"potions_floor_usage":[26],"damage_taken":[{"damage":0.0,"enemies":"Small Slimes","floor":2.0,"turns":2.0},{"damage":1.0,"enemies":"Cultist","floor":3.0,"turns":3.0},{"damage":0.0,"enemies":"2 Louse","floor":5.0,"turns":2.0},{"damage":1.0,"enemies":"Large Slime","floor":6.0,"turns":3.0},{"damage":7.0,"enemies":"Blue Slaver","floor":9.0,"turns":2.0},{"damage":10.0,"enemies":"Exordium Thugs","floor":10.0,"turns":2.0},{"damage":8.0,"enemies":"Lagavulin","floor":11.0,"turns":3.0},{"damage":2.0,"enemies":"The Mushroom Lair","floor":12.0,"turns":2.0},{"damage":40.0,"enemies":"Gremlin Nob","floor":14.0,"turns":4.0},{"damage":14.0,"enemies":"Red Slaver","floor":15.0,"turns":3.0},{"damage":7.0,"enemies":"SI_SHIV_ARCHETYPE","floor":16.0,"turns":4.0},{"damage":13.0,"enemies":"Chosen","floor":19.0,"turns":5.0},{"damage":20.0,"enemies":"Spheric Guardian","floor":21.0,"turns":4.0},{"damage":0.0,"enemies":"downfall:FleeingMerchant","floor":22.0,"turns":4.0},{"damage":12.0,"enemies":"Cultist and Chosen","floor":25.0,"turns":6.0},{"damage":11,"enemies":"Centurion and Healer","floor":26,"turns":5},{"damage":19,"enemies":"Shelled Parasite and Fungi","floor":29,"turns":3},{"damage":16,"enemies":"Book of Stabbing","floor":30,"turns":3},{"damage":31,"enemies":"Masked Bandits","floor":31,"turns":5}],"seed_played":"5115068456185394116","potions_obtained":[{"floor":5.0,"key":"AttackPotion"},{"floor":9.0,"key":"Regen Potion"},{"floor":10.0,"key":"sneckomod:MuddlingPotion"},{"floor":12.0,"key":"Dexterity Potion"},{"floor":14.0,"key":"Strength Potion"},{"floor":25,"key":"Block Potion"},{"floor":26,"key":"bronze:FreeFunctionsPotion"},{"floor":28,"key":"CultistPotion"},{"floor":30,"key":"Swift Potion"}],"is_trial":false,"path_per_floor":["R","M","M","?","M","M","T","R","M","M","E","?","R","E","M","B",null,"R","M","?","M","$","R","T","M","M","R","?","M","E","?"],"character_chosen":"THE_AUTOMATON","items_purchased":["Membership Card","Juzu Bracelet"],"campfire_rested":0,"item_purchase_floors":[22,22],"current_hp_per_floor":[70,70,69,69,69,68,68,68,61,51,52,50,50,10,3,3,70,70,57,57,44,54,54,54,49,45,45,45,33,17,0,0],"gold":344,"neow_bonus":"RANDOM_COMMON_RELIC","is_daily":false,"chose_seed":false,"campfire_upgraded":6,"win_rate":0.0,"timestamp":1610862410,"path_taken":["R","M","M","?","M","?","T","R","M","M","E","?","R","E","M","BOSS","R","M","?","M","$","R","T","M","M","R","?","M","E","?"],"items_purchased_type":["Relic","Relic"],"build_version":"2020-12-22","purchased_purges":1,"victory":false,"max_hp_per_floor":[70,70,70,70,70,70,70,70,70,70,70,70,70,70,70,70,70,70,70,70,70,70,70,70,70,70,70,70,70,70,70,70],"card_choices":[{"not_picked":["bronze:DelayedSlice","bronze:Branch"],"picked":"bronze:WhirlingStrike","floor":2.0},{"not_picked":["bronze:Repulsor","bronze:Deprecate"],"picked":"bronze:Invalidate","floor":3.0},{"not_picked":["bronze:DelayedGuard","bronze:Overload"],"picked":"bronze:Iterate","floor":5.0},{"not_picked":["bronze:DelayedGuard","bronze:DarkDash"],"picked":"bronze:FineTuning","floor":6.0},{"not_picked":["bronze:Safeguard","bronze:WhirlingStrike"],"picked":"bronze:Iterate","floor":9.0},{"not_picked":["bronze:Branch","bronze:WildBeam"],"picked":"bronze:CutThrough","floor":10.0},{"not_picked":["bronze:MaxOutput","bronze:NullPointer"],"picked":"bronze:Fortify","floor":11.0},{"not_picked":["bronze:Shell","bronze:Turbo"],"picked":"bronze:Repair","floor":12.0},{"not_picked":["bronze:Philosophize","bronze:ItsAFeature","bronze:BronzeArmor"],"picked":"SKIP","floor":14.0},{"not_picked":["bronze:Fortify","bronze:MaxOutput"],"picked":"bronze:Frontload","floor":15.0},{"not_picked":["bronze:Break","bronze:AlphaBuild"],"picked":"bronze:CleanCode","floor":16.0},{"not_picked":["bronze:CutThrough","bronze:Invalidate"],"picked":"bronze:Optimize+1","floor":19.0},{"not_picked":["bronze:DelayedSlice+1","bronze:Return"],"picked":"bronze:Deprecate+1","floor":21.0},{"not_picked":["bronze:ForceShield","bronze:Shield","bronze:Virus"],"picked":"SKIP","floor":22.0},{"not_picked":["bronze:Iterate","bronze:OilSpill","bronze:Overheat"],"picked":"SKIP","floor":25},{"not_picked":["bronze:Invalidate","bronze:Repair+1","bronze:Shield"],"picked":"SKIP","floor":26},{"not_picked":["bronze:DigitalCarnage+1","bronze:Invalidate"],"picked":"bronze:ChosenStrike","floor":29},{"not_picked":["bronze:Deprecate","bronze:GetLatest"],"picked":"bronze:BronzeOrb+1","floor":30}],"player_experience":395555,"relics_obtained":[{"floor":7.0,"key":"Bronze Scales"},{"floor":11.0,"key":"Art of War"},{"floor":12.0,"key":"Odd Mushroom"},{"floor":14.0,"key":"Nunchaku"},{"floor":24.0,"key":"Bottled Lightning"},{"floor":30,"key":"Whetstone"}],"event_choices":[{"damage_healed":0.0,"max_hp_gain":0.0,"max_hp_loss":0.0,"gold_gain":0.0,"event_name":"Mushrooms","player_choice":"Fought Mushrooms","floor":12.0,"gold_loss":0.0,"damage_taken":0.0},{"damage_healed":0,"gold_gain":0,"player_choice":"Fought Bandits","damage_taken":0,"max_hp_gain":0,"max_hp_loss":0,"event_name":"Masked Bandits","floor":31,"gold_loss":0}],"is_beta":false,"boss_relics":[{"not_picked":["bronze:MakeshiftBattery","Black Star"],"picked":"SlaversCollar"}],"items_purged_floors":[22],"is_endless":false,"potions_floor_spawned":[5,9,10,12,14,15,25,26,30],"killed_by":"Masked Bandits","ascension_level":0}}