{"host":"8lgo2trwv2o0qyml","time":1610905860,"event":{"mods":["BaseMod","Colored Map","Colored Powertips","DeckTracker","Highlight Path","Hubris","Infinite Spire","Minty Spire (QoL Compilation)","Quick Restart","Random Character Button","Relic Sorter","Replay The Spire","StSLib","SuperFastMode","Synergy Search"],"gold_per_floor":[119,119,133,133,133,169,188,21,47,22,22,22],"floor_reached":11,"playtime":488,"items_purged":["Pain"],"score":71,"play_id":"b2718389-1b69-4a40-8630-1bc4601a6d46","local_time":"20210117125100","is_ascension_mode":false,"campfire_choices":[],"circlet_count":0,"master_deck":["Infinite Blades+1","Strike_G","Strike_G","Strike_G","Strike_G","Strike_G","Defend_G","Defend_G","Defend_G","Defend_G","Defend_G","Survivor","Neutralize","Corpse Explosion","Backflip","Reflex","Distraction","Dash"],"relics":["Ring of the Snake","WarpedTongs","Golden Idol","Strawberry","ReplayTheSpireMod:CursedCoin","infinitespire:Bottled Soul","Lantern"],"acts_visited":["Exordium"],"potions_floor_usage":[7],"damage_taken":[{"damage":1,"enemies":"Small Slimes","floor":1,"turns":4},{"damage":4,"enemies":"Cultist","floor":3,"turns":4},{"damage":17,"enemies":"Lagavulin","floor":6,"turns":8},{"damage":1,"enemies":"2 Louse","floor":7,"turns":2},{"damage":165,"enemies":"3 Sentries","floor":11,"turns":4}],"seed_played":"2047227195214076819","potions_obtained":[{"floor":3,"key":"Energy Potion"},{"floor":6,"key":"Fire Potion"},{"floor":7,"key":"Poison Potion"}],"is_trial":false,"path_per_floor":["M","?","M","?","?","E","M","$","T","?","E"],"character_chosen":"THE_SILENT","items_purchased":["ReplayTheSpireMod:CursedCoin","infinitespire:Bottled Soul"],"campfire_rested":0,"item_purchase_floors":[8,8],"current_hp_per_floor":[69,69,65,48,48,38,37,37,37,37,0,0],"gold":22,"neow_bonus":"ONE_RANDOM_RARE_CARD","is_daily":false,"chose_seed":false,"campfire_upgraded":0,"win_rate":0.0,"timestamp":1610905860,"path_taken":["M","?","?","?","?","E","M","$","T","?","E"],"items_purchased_type":["Relic","Relic"],"build_version":"2020-12-22","purchased_purges":1,"victory":false,"max_hp_per_floor":[70,70,70,70,70,77,77,77,77,77,77,77],"card_choices":[{"not_picked":["Underhanded Strike","Dodge and Roll"],"picked":"Backflip","floor":1},{"not_picked":["Blur","Dagger Throw"],"picked":"Reflex","floor":3},{"not_picked":["Outmaneuver","Endless Agony"],"picked":"Distraction","floor":6},{"not_picked":["PiercingWail","Prepared"],"picked":"Dash","floor":7}],"player_experience":90591,"relics_obtained":[{"floor":6,"key":"Strawberry"},{"floor":9,"key":"Lantern"}],"event_choices":[{"damage_healed":0,"gold_gain":0,"player_choice":"Rummage","damage_taken":0,"relics_obtained":["WarpedTongs"],"max_hp_gain":0,"max_hp_loss":0,"event_name":"Accursed Blacksmith","floor":2,"gold_loss":0,"cards_obtained":["Pain"]},{"damage_healed":0,"gold_gain":0,"player_choice":"Take Damage","damage_taken":17,"relics_obtained":["Golden Idol"],"max_hp_gain":0,"max_hp_loss":0,"event_name":"Golden Idol","floor":4,"gold_loss":0},{"damage_healed":0,"gold_gain":0,"player_choice":"Left Gold","damage_taken":0,"max_hp_gain":0,"max_hp_loss":0,"event_name":"World of Goop","floor":10,"gold_loss":25}],"is_beta":false,"boss_relics":[],"items_purged_floors":[8],"is_endless":false,"potions_floor_spawned":[3,6,7],"killed_by":"3 Sentries","ascension_level":0}}