{"host":"Bilverbakes","time":1610868869,"event":{"mods":["2.2 Compatiblity","AchievementEnabler","BaseMod","Bestiary","Colored Map","Minty Spire (QoL Compilation)","Relic Stats","StSLib","ojb\u0027s Info Mod"],"gold_per_floor":[113,131,51,51,51,51,84,84,84,113,130,130,162,141,141,218,218,231,71,71,71,71,71,96,96,96,107,107,107,142,162,162,236,236,253,303,303,303,322,355,355,114,114,143,156,172,202,202,202,202,202],"floor_reached":50,"language":"ENG","playtime":4677,"items_purged":[],"score":1293,"play_id":"647c41f8-384f-44fe-bfc4-767d2b6131a8","local_time":"20210117013429","is_ascension_mode":true,"campfire_choices":[{"data":"Neutralize","floor":6,"key":"SMITH"},{"floor":8,"key":"REST"},{"floor":15,"key":"REST"},{"data":"Noxious Fumes","floor":23,"key":"SMITH"},{"data":"Well Laid Plans","floor":28,"key":"SMITH"},{"data":"Noxious Fumes","floor":32,"key":"SMITH"},{"floor":49,"key":"RECALL"}],"circlet_count":0,"master_deck":["AscendersBane","Survivor","Neutralize+1","Noxious Fumes+1","Blade Dance+1","Dash+1","Calculated Gamble","Endless Agony","Venomology","Poisoned Stab","Terror","Expertise+1","Bouncing Flask","Deflect","Noxious Fumes+1","Well Laid Plans+1","Backflip","Unload","Concentrate","Leg Sweep","Ghostly","Ghostly","Ghostly","Terror+1","Wraith Form v2","Blade Dance","Malaise","Leg Sweep","Dodge and Roll+1"],"relics":["Ring of the Snake","Dead Branch","Turnip","Strawberry","PreservedInsect","Pandora\u0027s Box","Bronze Scales","Blood Vial","Juzu Bracelet","Tiny Chest","War Paint","MealTicket","WristBlade","Oddly Smooth Stone","Paper Crane","Sundial","Bottled Flame","Art of War"],"acts_visited":["Exordium","TheCity","TheBeyond"],"potions_floor_usage":[7,15,24,31,33,33,35,38,38,40,44,50,50],"damage_taken":[{"damage":3,"enemies":"Small Slimes","floor":1,"turns":5},{"damage":9,"enemies":"Jaw Worm","floor":2,"turns":7},{"damage":11,"enemies":"Lagavulin","floor":7,"turns":7},{"damage":27,"enemies":"3 Sentries","floor":10,"turns":6},{"damage":0,"enemies":"Cultist","floor":11,"turns":1},{"damage":0,"enemies":"Gremlin Nob","floor":13,"turns":3},{"damage":2,"enemies":"Exordium Thugs","floor":14,"turns":4},{"damage":11,"enemies":"The Guardian","floor":16,"turns":10},{"damage":3,"enemies":"Spheric Guardian","floor":18,"turns":4},{"damage":11,"enemies":"Book of Stabbing","floor":24,"turns":3},{"damage":11,"enemies":"2 Thieves","floor":27,"turns":2},{"damage":3,"enemies":"Gremlin Leader","floor":30,"turns":4},{"damage":0,"enemies":"Shelled Parasite and Fungi","floor":31,"turns":3},{"damage":13,"enemies":"Collector","floor":33,"turns":5},{"damage":0,"enemies":"3 Shapes","floor":35,"turns":5},{"damage":2,"enemies":"3 Darklings","floor":38,"turns":4},{"damage":4,"enemies":"Spire Growth","floor":39,"turns":5},{"damage":3,"enemies":"Nemesis","floor":40,"turns":3},{"damage":0,"enemies":"Reptomancer","floor":44,"turns":4},{"damage":0,"enemies":"Sphere and 2 Shapes","floor":45,"turns":6},{"damage":25,"enemies":"Jaw Worm Horde","floor":46,"turns":4},{"damage":1,"enemies":"Giant Head","floor":47,"turns":5},{"damage":17,"enemies":"Time Eater","floor":50,"turns":9}],"seed_played":"3549788409972323926","potions_obtained":[{"floor":10,"key":"AttackPotion"},{"floor":11,"key":"CultistPotion"},{"floor":14,"key":"Fruit Juice"},{"floor":18,"key":"Energy Potion"},{"floor":31,"key":"SkillPotion"},{"floor":33,"key":"AttackPotion"},{"floor":39,"key":"AttackPotion"},{"floor":40,"key":"Ancient Potion"}],"is_trial":false,"path_per_floor":["M","M","$","?","?","R","E","R","T","E","M","?","E","M","R","B",null,"M","$","T","?","?","R","E","?","T","M","R","?","E","M","R","B",null,"M","?","T","M","M","E","?","$","T","E","M","M","E","?","R","B"],"character_chosen":"THE_SILENT","items_purchased":["CunningPotion","Bronze Scales","Malaise","Leg Sweep"],"campfire_rested":2,"item_purchase_floors":[3,19,42,42],"current_hp_per_floor":[41,32,32,32,32,32,21,40,40,20,20,20,20,18,46,35,67,64,64,64,64,64,64,55,55,55,46,46,39,36,38,38,26,36,38,38,38,37,35,34,34,39,39,39,39,14,15,15,15,0,0],"gold":202,"neow_bonus":"ONE_RARE_RELIC","is_daily":false,"chose_seed":false,"campfire_upgraded":4,"win_rate":0.0,"timestamp":1610868869,"path_taken":["M","M","$","?","?","R","E","R","T","E","M","?","E","?","R","BOSS","M","?","?","?","?","R","E","?","T","M","R","?","E","M","R","BOSS","M","?","?","M","M","E","?","?","T","E","M","M","E","?","R","BOSS"],"items_purchased_type":["Potion","Relic","Card","Card"],"build_version":"2020-12-18","purchased_purges":0,"victory":false,"max_hp_per_floor":[66,66,66,66,66,66,66,66,66,73,73,73,73,73,78,78,78,78,78,78,78,78,78,78,78,78,78,78,39,39,39,39,39,39,39,39,39,39,39,39,39,39,39,39,39,39,39,39,39,39,39],"relic_stats":{"counters":[23,109],"Dead Branch":[258],"PreservedInsect":335,"Juzu Bracelet":2,"War Paint":["Blade Dance","Expertise"],"Blood Vial":18,"Sundial":[2],"Bronze Scales":[180],"Pandora\u0027s Box":["Poisoned Stab","Terror","Expertise","Bouncing Flask","Grand Finale","Deflect","Noxious Fumes","Well Laid Plans","Backflip","Unload"],"Tiny Chest":1,"MealTicket":5,"Turnip":[18],"Art of War":[2],"obtain_stats":[{"Dead Branch":0,"Oddly Smooth Stone":37,"PreservedInsect":13,"Juzu Bracelet":22,"War Paint":26,"Paper Crane":40,"Blood Vial":20,"Bottled Flame":44,"WristBlade":34,"Sundial":43,"Strawberry":10,"Bronze Scales":19,"Pandora\u0027s Box":17,"Tiny Chest":24,"MealTicket":30,"Turnip":7,"Art of War":47,"Ring of the Snake":0},{"Dead Branch":0,"Oddly Smooth Stone":15,"PreservedInsect":6,"Juzu Bracelet":9,"War Paint":10,"Paper Crane":18,"Blood Vial":9,"Bottled Flame":19,"WristBlade":14,"Sundial":18,"Strawberry":4,"Bronze Scales":9,"Pandora\u0027s Box":8,"Tiny Chest":10,"MealTicket":12,"Turnip":3,"Art of War":22,"Ring of the Snake":0},{"Dead Branch":0,"Oddly Smooth Stone":69,"PreservedInsect":29,"Juzu Bracelet":47,"War Paint":50,"Paper Crane":81,"Blood Vial":47,"Bottled Flame":85,"WristBlade":64,"Sundial":81,"Strawberry":25,"Bronze Scales":47,"Pandora\u0027s Box":43,"Tiny Chest":50,"MealTicket":56,"Turnip":19,"Art of War":100,"Ring of the Snake":0}],"Ring of the Snake":[48]},"card_choices":[{"not_picked":["Dodge and Roll","Prepared","Backflip"],"picked":"SKIP","floor":1},{"not_picked":["Quick Slash","Dagger Spray"],"picked":"Noxious Fumes","floor":2},{"not_picked":["Deadly Poison","Leg Sweep"],"picked":"Blade Dance","floor":7},{"not_picked":["Masterful Stab","Backflip"],"picked":"Dash","floor":10},{"not_picked":["Deflect","Crippling Poison"],"picked":"Backstab","floor":11},{"not_picked":["Catalyst","Reflex"],"picked":"Calculated Gamble","floor":13},{"not_picked":["Flying Knee","Calculated Gamble"],"picked":"Endless Agony","floor":14},{"not_picked":["Phantasmal Killer","Doppelganger"],"picked":"Venomology","floor":16},{"not_picked":["Heel Hook","Prepared"],"picked":"Concentrate","floor":18},{"not_picked":["Sucker Punch","Noxious Fumes","All Out Attack"],"picked":"SKIP","floor":24},{"not_picked":["Sucker Punch","Noxious Fumes","All Out Attack"],"picked":"SKIP","floor":24},{"not_picked":["Deflect","Quick Slash","Slice"],"picked":"SKIP","floor":27},{"not_picked":["Poisoned Stab","Blade Dance"],"picked":"Terror+1","floor":30},{"not_picked":["Flechettes","Flying Knee+1","Caltrops"],"picked":"SKIP","floor":31},{"not_picked":["Venomology","Storm of Steel"],"picked":"Wraith Form v2","floor":33},{"not_picked":["Dagger Spray","Infinite Blades","Flying Knee"],"picked":"SKIP","floor":35},{"not_picked":["Bane","Expertise","Slice"],"picked":"SKIP","floor":39},{"not_picked":["Sucker Punch","Outmaneuver"],"picked":"Blade Dance","floor":40},{"not_picked":["PiercingWail","Dagger Spray"],"picked":"Dodge and Roll+1","floor":44},{"not_picked":["Storm of Steel","Underhanded Strike","All Out Attack+1"],"picked":"SKIP","floor":45},{"not_picked":["Underhanded Strike+1","Caltrops","Dagger Throw"],"picked":"SKIP","floor":46},{"not_picked":["Cloak And Dagger","Blade Dance+1","Flying Knee"],"picked":"SKIP","floor":47}],"player_experience":716144,"relics_obtained":[{"floor":7,"key":"Turnip"},{"floor":10,"key":"Strawberry"},{"floor":13,"key":"PreservedInsect"},{"floor":20,"key":"Blood Vial"},{"floor":22,"key":"Juzu Bracelet"},{"floor":24,"key":"Tiny Chest"},{"floor":26,"key":"War Paint"},{"floor":30,"key":"MealTicket"},{"floor":37,"key":"Oddly Smooth Stone"},{"floor":40,"key":"Paper Crane"},{"floor":43,"key":"Sundial"},{"floor":44,"key":"Bottled Flame"},{"floor":47,"key":"Art of War"}],"event_choices":[{"damage_healed":0,"gold_gain":0,"player_choice":"Fled","damage_taken":0,"max_hp_gain":0,"max_hp_loss":0,"event_name":"Scrap Ooze","floor":4,"gold_loss":0},{"damage_healed":0,"gold_gain":0,"player_choice":"Ignored","damage_taken":0,"max_hp_gain":0,"max_hp_loss":0,"event_name":"Shining Light","floor":5,"gold_loss":0},{"damage_healed":0,"gold_gain":0,"player_choice":"Grow","damage_taken":0,"max_hp_gain":0,"max_hp_loss":0,"event_name":"Living Wall","floor":12,"gold_loss":0,"cards_upgraded":["Dash"]},{"damage_healed":0,"gold_gain":0,"player_choice":"Ignored","damage_taken":0,"max_hp_gain":0,"max_hp_loss":0,"event_name":"The Mausoleum","floor":21,"gold_loss":0},{"damage_healed":0,"gold_gain":0,"player_choice":"Relic","damage_taken":0,"max_hp_gain":0,"max_hp_loss":0,"event_name":"Wheel of Change","floor":22,"gold_loss":0},{"damage_healed":0,"gold_gain":0,"player_choice":"Read","damage_taken":0,"max_hp_gain":0,"max_hp_loss":0,"event_name":"The Library","floor":25,"gold_loss":0,"cards_obtained":["Leg Sweep"]},{"damage_healed":0,"gold_gain":0,"player_choice":"Became a Ghost","damage_taken":0,"max_hp_gain":0,"max_hp_loss":39,"event_name":"Ghosts","floor":29,"gold_loss":0,"cards_obtained":["Ghostly","Ghostly","Ghostly"]},{"damage_healed":0,"gold_gain":50,"player_choice":"Pray","damage_taken":0,"max_hp_gain":0,"max_hp_loss":0,"event_name":"Golden Shrine","floor":36,"gold_loss":0},{"cards_removed":["Grand Finale"],"damage_healed":0,"gold_gain":0,"player_choice":"Purged","damage_taken":0,"max_hp_gain":0,"max_hp_loss":0,"event_name":"Purifier","floor":41,"gold_loss":0},{"cards_removed":["Backstab"],"damage_healed":0,"gold_gain":0,"player_choice":"Removed Attack","damage_taken":0,"max_hp_gain":0,"max_hp_loss":0,"event_name":"Falling","floor":48,"gold_loss":0}],"is_beta":true,"boss_relics":[{"not_picked":["Runic Dome","Snecko Eye"],"picked":"Pandora\u0027s Box"},{"not_picked":["Black Star","Runic Pyramid"],"picked":"WristBlade"}],"items_purged_floors":[],"is_endless":false,"potions_floor_spawned":[10,11,13,14,18,30,31,33,39,40],"killed_by":"Time Eater","ascension_level":20}}