{"host":"k7udt7atmcuzf6l0","time":1610886644,"event":{"mods":["AchievementEnabler","BaseMod","Colored Map","Colored Powertips","Highlight Path","Minty Spire (QoL Compilation)","Quick Restart","Rare Cards Sparkle","StSLib","UnlockEverythingMod"],"gold_per_floor":[118,118,118,142,142,142,186,186,186,186,37,37,37,58,58,189,189,213,31,54,31,31,31,49,49,73,93,293,311,311,324,324,454,454,472,540,209,229,248,282,305,305,605,605,605],"floor_reached":44,"language":"ZHT","playtime":952,"items_purged":["Writhe"],"score":486,"play_id":"390327ca-b4e6-4a32-a742-fa52d23e6d4e","local_time":"20210117203044","is_ascension_mode":false,"campfire_choices":[{"data":"Body Slam","floor":6.0,"key":"SMITH"},{"data":"Rage","floor":8.0,"key":"SMITH"},{"data":"Thunderclap","floor":10.0,"key":"SMITH"},{"floor":12.0,"key":"RECALL"},{"data":"Pommel Strike","floor":15.0,"key":"SMITH"},{"data":"Demon Form","floor":23.0,"key":"SMITH"},{"data":"Cleave","floor":25.0,"key":"SMITH"},{"data":"Warcry","floor":30.0,"key":"SMITH"},{"floor":32.0,"key":"REST"}],"circlet_count":0,"master_deck":["Strike_R","Strike_R","Strike_R+1","Strike_R","Strike_R+1","Defend_R+1","Defend_R","Defend_R","Bash","Body Slam+1","Rage+1","Thunderclap+1","Pommel Strike+1","Demon Form+1","Dual Wield+1","Twin Strike","Cleave+1","Warcry+1","Battle Trance","Sword Boomerang+1","Limit Break","Armaments+1","Iron Wave","Uppercut+1","Rage","Body Slam+1","Headbutt","Twin Strike+1","Warcry+1","Sword Boomerang+1"],"relics":["Burning Blood","NeowsBlessing","Pear","Golden Idol","White Beast Statue","Bottled Flame","Sling","Runic Dome","War Paint","Shuriken","Vajra","Sozu","Prayer Wheel","Frozen Egg 2","Singing Bowl","Old Coin"],"acts_visited":["Exordium","TheCity","TheBeyond"],"potions_floor_usage":[],"damage_taken":[{"damage":0.0,"enemies":"Jaw Worm","floor":1.0,"turns":1.0},{"damage":0.0,"enemies":"Small Slimes","floor":4.0,"turns":1.0},{"damage":0.0,"enemies":"Lagavulin","floor":7.0,"turns":1.0},{"damage":0.0,"enemies":"2 Louse","floor":14.0,"turns":2.0},{"damage":44.0,"enemies":"The Guardian","floor":16.0,"turns":8.0},{"damage":10.0,"enemies":"3 Byrds","floor":18.0,"turns":4.0},{"damage":4.0,"enemies":"Shell Parasite","floor":20.0,"turns":3.0},{"damage":34.0,"enemies":"Snake Plant","floor":24.0,"turns":4.0},{"damage":16.0,"enemies":"Shelled Parasite and Fungi","floor":27.0,"turns":4.0},{"damage":14.0,"enemies":"Cultist and Chosen","floor":29.0,"turns":5.0},{"damage":0.0,"enemies":"Chosen and Byrds","floor":31.0,"turns":3.0},{"damage":23.0,"enemies":"Automaton","floor":33.0,"turns":6.0},{"damage":0.0,"enemies":"3 Shapes","floor":35.0,"turns":1.0},{"damage":20.0,"enemies":"2 Orb Walkers","floor":36.0,"turns":3.0},{"damage":8.0,"enemies":"3 Darklings","floor":38.0,"turns":3.0},{"damage":13,"enemies":"Spire Growth","floor":39,"turns":4},{"damage":19,"enemies":"Reptomancer","floor":40,"turns":3},{"damage":27,"enemies":"4 Shapes","floor":41,"turns":3},{"damage":34,"enemies":"Nemesis","floor":44,"turns":4}],"seed_played":"-8406463516480141562","potions_obtained":[{"floor":4.0,"key":"BlessingOfTheForge"},{"floor":14.0,"key":"SpeedPotion"},{"floor":16.0,"key":"Strength Potion"},{"floor":18.0,"key":"LiquidBronze"},{"floor":20.0,"key":"Energy Potion"},{"floor":24.0,"key":"EssenceOfSteel"},{"floor":27.0,"key":"Ancient Potion"},{"floor":29.0,"key":"FearPotion"},{"floor":31.0,"key":"PowerPotion"},{"floor":33.0,"key":"AttackPotion"}],"is_trial":false,"path_per_floor":["M","?","?","M","?","R","E","R","T","R","$","R","?","M","R","B",null,"M","$","M","$","?","R","M","R","T","M","?","M","R","M","R","B",null,"M","?","$","M","M","E","M","?","T","E"],"character_chosen":"IRONCLAD","items_purchased":["Sling","War Paint","Twin Strike","Cleave","Frozen Egg 2"],"campfire_rested":1,"item_purchase_floors":[11,19,19,21,37],"current_hp_per_floor":[80,78,56,62,55,55,61,61,61,61,61,61,43,49,49,11,90,86,86,88,88,88,88,60,60,60,50,50,42,42,48,75,58,90,90,76,76,74,67,54,33,33,33,0,0],"gold":605,"neow_bonus":"THREE_ENEMY_KILL","is_daily":false,"chose_seed":false,"campfire_upgraded":7,"win_rate":0.0,"timestamp":1610886644,"path_taken":["M","?","?","M","?","R","E","R","T","R","$","R","?","M","R","BOSS","M","$","M","$","?","R","M","R","T","M","?","?","R","M","R","BOSS","M","?","$","M","M","E","M","?","T","E"],"items_purchased_type":["Relic","Relic","Card","Card","Relic"],"build_version":"2020-12-22","purchased_purges":1,"victory":false,"max_hp_per_floor":[80,90,90,90,90,90,90,90,90,90,90,90,90,90,90,90,90,90,90,90,90,90,90,90,90,90,90,90,90,90,90,90,90,90,90,90,90,90,90,90,90,90,90,90,90],"card_choices":[{"not_picked":["Havoc","Twin Strike"],"picked":"Body Slam","floor":1.0},{"not_picked":["Heavy Blade","Pommel Strike"],"picked":"Rage","floor":4.0},{"not_picked":["Fire Breathing","Second Wind"],"picked":"Thunderclap","floor":7.0},{"not_picked":["Iron Wave","Sever Soul"],"picked":"Pommel Strike","floor":14.0},{"not_picked":["Fiend Fire","Exhume"],"picked":"Demon Form","floor":16.0},{"not_picked":["Wild Strike","Headbutt"],"picked":"Dual Wield","floor":18.0},{"not_picked":["Blood for Blood","Combust","Iron Wave"],"picked":"SKIP","floor":20.0},{"not_picked":["Perfected Strike","Thunderclap","Clash"],"picked":"SKIP","floor":24.0},{"not_picked":["Thunderclap","Reckless Charge"],"picked":"Warcry","floor":27.0},{"not_picked":["Pommel Strike","Cleave"],"picked":"Battle Trance","floor":29.0},{"not_picked":["Warcry","Evolve+1"],"picked":"Sword Boomerang+1","floor":31.0},{"not_picked":["Brutality","Bludgeon"],"picked":"Limit Break","floor":33.0},{"not_picked":["Anger+1","Headbutt+1"],"picked":"Armaments+1","floor":35.0},{"not_picked":["Cleave","Clash+1"],"picked":"Iron Wave","floor":36.0},{"not_picked":["Evolve+1","Wild Strike+1"],"picked":"Uppercut+1","floor":38},{"not_picked":["Anger+1","Dropkick+1"],"picked":"Rage","floor":38},{"not_picked":["Combust+1","Impervious"],"picked":"Body Slam+1","floor":39},{"not_picked":["Wild Strike+1","Sentinel+1"],"picked":"Headbutt","floor":39},{"not_picked":["Flame Barrier+1","Power Through+1"],"picked":"Twin Strike+1","floor":40},{"not_picked":["Disarm","Pommel Strike"],"picked":"Warcry+1","floor":41},{"not_picked":["Ghostly Armor","Thunderclap+1"],"picked":"Sword Boomerang+1","floor":41}],"player_experience":78244,"relics_obtained":[{"floor":7.0,"key":"White Beast Statue"},{"floor":9.0,"key":"Bottled Flame"},{"floor":26.0,"key":"Vajra"},{"floor":36.0,"key":"Prayer Wheel"},{"floor":40,"key":"Singing Bowl"},{"floor":43,"key":"Old Coin"}],"event_choices":[{"damage_healed":0.0,"max_hp_gain":0.0,"max_hp_loss":0.0,"gold_gain":0.0,"event_name":"Scrap Ooze","player_choice":"Success","floor":2.0,"gold_loss":0.0,"damage_taken":12.0,"relics_obtained":["Pear"]},{"damage_healed":0.0,"max_hp_gain":0.0,"max_hp_loss":0.0,"gold_gain":0.0,"event_name":"Golden Idol","player_choice":"Take Damage","floor":3.0,"gold_loss":0.0,"damage_taken":22.0,"relics_obtained":["Golden Idol"]},{"cards_removed":["Defend_R"],"damage_healed":0.0,"max_hp_gain":0.0,"max_hp_loss":0.0,"gold_gain":0.0,"event_name":"Golden Wing","player_choice":"Card Removal","floor":5.0,"gold_loss":0.0,"damage_taken":7.0},{"damage_healed":0.0,"max_hp_gain":0.0,"max_hp_loss":0.0,"gold_gain":0.0,"event_name":"Shining Light","player_choice":"Entered Light","floor":13.0,"gold_loss":0.0,"damage_taken":18.0,"cards_upgraded":["Strike_R","Strike_R"]},{"damage_healed":0.0,"max_hp_gain":0.0,"max_hp_loss":0.0,"gold_gain":0.0,"event_name":"The Mausoleum","player_choice":"Opened","floor":22.0,"gold_loss":0.0,"damage_taken":0.0,"relics_obtained":["Shuriken"],"cards_obtained":["Writhe"]},{"damage_healed":0.0,"max_hp_gain":0.0,"max_hp_loss":0.0,"gold_gain":250.0,"event_name":"The Joust","player_choice":"Bet on Owner","floor":28.0,"gold_loss":50.0,"damage_taken":0.0},{"damage_healed":0.0,"max_hp_gain":0.0,"max_hp_loss":0.0,"gold_gain":0.0,"event_name":"Mysterious Sphere","player_choice":"Fight","floor":36.0,"gold_loss":0.0,"damage_taken":0.0},{"damage_healed":0,"gold_gain":0,"player_choice":"Ignored","damage_taken":0,"max_hp_gain":0,"max_hp_loss":0,"event_name":"Tomb of Lord Red Mask","floor":42,"gold_loss":0}],"is_beta":false,"boss_relics":[{"not_picked":["Black Blood","Empty Cage"],"picked":"Runic Dome"},{"not_picked":["Calling Bell","Astrolabe"],"picked":"Sozu"}],"items_purged_floors":[37],"is_endless":false,"potions_floor_spawned":[4,14,16,18,20,24,27,29,31,33,35,36,38,39,40,41],"killed_by":"Nemesis","ascension_level":0}}