{"host":"sav7uxregyirlf69","time":1610859467,"event":{"mods":["AchievementEnabler","BaseMod","Colored Map","DeckTracker","Keyboard Shortcuts","Minty Spire (QoL Compilation)","READ ME - Guardian Mod","StSLib","SuperFastMode"],"gold_per_floor":[113,130,130,130,143,143,178,73,73,73,85,105,31,45,45,119,119,133,8,25,43,43,43,68,88,88,88,101,117,117,17,17,89,89,102,127,146,146,26,52,52,81,160,206,235,249,38,50,50,50,50,50,50,29,62,62,62],"floor_reached":56,"language":"KOR","playtime":1740,"items_purged":["Defend_G","Strike_G","Strike_G","Strike_G","Dagger Spray"],"score":2314,"play_id":"9ca5f80b-cdc6-464e-8a98-797e4f0a9578","local_time":"20210117135747","is_ascension_mode":true,"campfire_choices":[{"data":"Poisoned Stab","floor":6.0,"key":"SMITH"},{"data":"Neutralize","floor":10.0,"key":"SMITH"},{"data":"Bouncing Flask","floor":15.0,"key":"SMITH"},{"data":"Prepared","floor":23,"key":"SMITH"},{"data":"Acrobatics","floor":27,"key":"SMITH"},{"data":"Crippling Poison","floor":32,"key":"SMITH"},{"data":"Backflip","floor":41,"key":"SMITH"},{"floor":49,"key":"RECALL"},{"data":"Tactician","floor":53,"key":"SMITH"}],"circlet_count":0,"master_deck":["AscendersBane","Defend_G","Defend_G","Defend_G","Defend_G","Survivor","Neutralize+1","Dagger Throw","Quick Slash","Poisoned Stab+1","Prepared+1","Bouncing Flask+1","Crippling Poison+1","Grand Finale","Backflip+1","Acrobatics+1","Escape Plan","After Image","Tactician+1","Deep Breath+1","Prepared+1"],"relics":["Ring of the Snake","Sundial","Toy Ornithopter","Meat on the Bone","Runic Pyramid","FossilizedHelix","Gremlin Horn","The Courier","HoveringKite","Gambling Chip","Bag of Marbles","Frozen Egg 2","StoneCalendar","Toxic Egg 2","Bottled Lightning"],"acts_visited":["Exordium","TheCity","TheBeyond","TheEnding"],"potions_floor_usage":[24,33,42,50],"damage_taken":[{"damage":0.0,"enemies":"Small Slimes","floor":1.0,"turns":5.0},{"damage":0.0,"enemies":"2 Louse","floor":2.0,"turns":4.0},{"damage":3.0,"enemies":"Jaw Worm","floor":5.0,"turns":4.0},{"damage":26.0,"enemies":"3 Sentries","floor":7.0,"turns":11.0},{"damage":1.0,"enemies":"3 Louse","floor":11.0,"turns":3.0},{"damage":2.0,"enemies":"Red Slaver","floor":12.0,"turns":3.0},{"damage":28.0,"enemies":"Exordium Thugs","floor":14.0,"turns":6.0},{"damage":0.0,"enemies":"Hexaghost","floor":16.0,"turns":6.0},{"damage":12.0,"enemies":"Spheric Guardian","floor":18.0,"turns":5.0},{"damage":5,"enemies":"Chosen","floor":20,"turns":4},{"damage":8,"enemies":"Snake Plant","floor":21,"turns":3},{"damage":27,"enemies":"Gremlin Leader","floor":24,"turns":5},{"damage":0,"enemies":"Snecko","floor":25,"turns":3},{"damage":36,"enemies":"Cultist and Chosen","floor":28,"turns":6},{"damage":0,"enemies":"3 Cultists","floor":29,"turns":2},{"damage":14,"enemies":"Champ","floor":33,"turns":8},{"damage":6,"enemies":"3 Darklings","floor":35,"turns":2},{"damage":0,"enemies":"Mind Bloom Boss Battle","floor":36,"turns":4},{"damage":0,"enemies":"3 Shapes","floor":37,"turns":1},{"damage":22,"enemies":"Nemesis","floor":40,"turns":3},{"damage":6,"enemies":"Reptomancer","floor":42,"turns":4},{"damage":0,"enemies":"2 Orb Walkers","floor":44,"turns":3},{"damage":11,"enemies":"Nemesis","floor":45,"turns":7},{"damage":0,"enemies":"Sphere and 2 Shapes","floor":46,"turns":1},{"damage":0,"enemies":"4 Shapes","floor":48,"turns":4},{"damage":0,"enemies":"Awakened One","floor":50,"turns":4},{"damage":0,"enemies":"Donu and Deca","floor":51,"turns":6},{"damage":14,"enemies":"Shield and Spear","floor":55,"turns":5},{"damage":113,"enemies":"The Heart","floor":56,"turns":5}],"seed_played":"3798971539027632738","potions_obtained":[{"floor":1.0,"key":"LiquidBronze"},{"floor":7.0,"key":"FairyPotion"},{"floor":11.0,"key":"Regen Potion"},{"floor":12.0,"key":"LiquidMemories"},{"floor":22,"key":"DuplicationPotion"},{"floor":24,"key":"PowerPotion"},{"floor":28,"key":"FearPotion"},{"floor":36,"key":"SmokeBomb"},{"floor":42,"key":"Swift Potion"},{"floor":55,"key":"FairyPotion"}],"is_trial":false,"path_per_floor":["M","M","?","?","M","R","E","$","T","R","M","M","$","M","R","B",null,"M","$","M","M","?","R","E","M","T","R","M","M","T","$","R","B",null,"M","?","M","?","$","E","R","E","T","?","E","M","$","M","R","B","B",null,"R","$","E","B"],"character_chosen":"THE_SILENT","items_purchased":["Dagger Spray","Bouncing Flask","Acrobatics","Deep Breath+1","Prepared+1"],"campfire_rested":0,"item_purchase_floors":[8,13,19,47,54],"current_hp_per_floor":[59,59,52,41,38,38,12,12,12,12,23,35,35,19,19,36,59,47,47,42,34,34,34,24,36,36,36,31,43,43,43,43,34,58,52,52,52,52,52,42,42,41,41,41,42,42,42,42,42,47,47,59,59,59,45,0,0],"gold":62,"neow_bonus":"REMOVE_CARD","is_daily":false,"chose_seed":false,"campfire_upgraded":8,"win_rate":0.0,"timestamp":1610859467,"path_taken":["M","M","?","?","M","R","E","?","T","R","M","M","$","M","R","BOSS","M","$","M","M","?","R","E","M","T","R","M","?","?","$","R","BOSS","M","?","M","?","?","E","R","E","T","?","E","M","$","M","R","BOSS","BOSS","R","$","E","BOSS"],"items_purchased_type":["Card","Card","Card","Card","Card"],"build_version":"2020-12-22","purchased_purges":5,"victory":false,"max_hp_per_floor":[66,66,66,66,66,66,66,66,66,66,66,66,66,66,66,66,66,66,66,66,66,66,66,66,66,66,66,66,66,66,66,66,66,66,66,66,66,63,63,63,63,63,63,63,63,63,63,63,63,63,63,63,63,63,63,63,63],"card_choices":[{"not_picked":["Footwork","Deflect"],"picked":"Dagger Throw","floor":1.0},{"not_picked":["Dagger Throw","Outmaneuver"],"picked":"Quick Slash","floor":2.0},{"not_picked":["Bane","Sucker Punch"],"picked":"Poisoned Stab","floor":5.0},{"not_picked":["Unload","Skewer"],"picked":"Prepared","floor":7.0},{"not_picked":["Slice","Deflect","Underhanded Strike"],"picked":"SKIP","floor":11.0},{"not_picked":["Dagger Throw","Riddle With Holes","Poisoned Stab"],"picked":"SKIP","floor":12.0},{"not_picked":["Bouncing Flask","Flechettes"],"picked":"Crippling Poison","floor":14.0},{"not_picked":["Adrenaline","After Image"],"picked":"Grand Finale","floor":16.0},{"not_picked":["Dagger Throw+1","Heel Hook"],"picked":"Backflip","floor":18.0},{"not_picked":["Caltrops","Deadly Poison","PiercingWail"],"picked":"SKIP","floor":20},{"not_picked":["Concentrate","Dodge and Roll"],"picked":"Escape Plan","floor":21},{"not_picked":["Poisoned Stab","Flechettes","Bane"],"picked":"SKIP","floor":24},{"not_picked":["Cloak And Dagger","Underhanded Strike","Skewer"],"picked":"SKIP","floor":25},{"not_picked":["Slice+1","Poisoned Stab+1","Dagger Spray"],"picked":"SKIP","floor":28},{"not_picked":["Noxious Fumes","PiercingWail+1","Flying Knee"],"picked":"SKIP","floor":29},{"not_picked":["Acrobatics","Terror","Cloak And Dagger"],"picked":"SKIP","floor":35},{"not_picked":["Distraction+1","Dagger Throw","Backflip+1"],"picked":"SKIP","floor":37},{"not_picked":["Acrobatics","Cloak And Dagger"],"picked":"After Image","floor":40},{"not_picked":["Predator","Catalyst"],"picked":"Tactician","floor":42},{"not_picked":["Night Terror+1","Dodge and Roll+1","Sucker Punch"],"picked":"SKIP","floor":45},{"not_picked":["Sucker Punch+1","All Out Attack","Bane"],"picked":"SKIP","floor":46},{"not_picked":["Bane","Leg Sweep+1","Skewer"],"picked":"SKIP","floor":48},{"not_picked":["Dagger Spray","Slice","Leg Sweep+1"],"picked":"SKIP","floor":55}],"player_experience":1300672,"relics_obtained":[{"floor":7.0,"key":"Toy Ornithopter"},{"floor":9.0,"key":"Meat on the Bone"},{"floor":24,"key":"FossilizedHelix"},{"floor":26,"key":"Gremlin Horn"},{"floor":30,"key":"The Courier"},{"floor":36,"key":"Gambling Chip"},{"floor":40,"key":"Bag of Marbles"},{"floor":42,"key":"Frozen Egg 2"},{"floor":44,"key":"StoneCalendar"},{"floor":45,"key":"Toxic Egg 2"},{"floor":55,"key":"Bottled Lightning"}],"event_choices":[{"cards_removed":["Strike_G"],"damage_healed":0.0,"max_hp_gain":0.0,"max_hp_loss":0.0,"gold_gain":0.0,"event_name":"Golden Wing","player_choice":"Card Removal","floor":3.0,"gold_loss":0.0,"damage_taken":7.0},{"damage_healed":0.0,"max_hp_gain":0.0,"max_hp_loss":0.0,"gold_gain":0.0,"event_name":"Scrap Ooze","player_choice":"Success","floor":4.0,"gold_loss":0.0,"damage_taken":11.0,"relics_obtained":["Sundial"]},{"damage_healed":0,"gold_gain":0,"player_choice":"Got Potions","damage_taken":0,"max_hp_gain":0,"max_hp_loss":0,"event_name":"Lab","floor":22,"gold_loss":0},{"damage_healed":0,"gold_gain":0,"player_choice":"Fight","damage_taken":0,"max_hp_gain":0,"max_hp_loss":0,"event_name":"MindBloom","floor":36,"gold_loss":0},{"damage_healed":0,"gold_gain":0,"player_choice":"Max HP","damage_taken":0,"max_hp_gain":0,"max_hp_loss":3,"event_name":"Winding Halls","floor":38,"gold_loss":0},{"damage_healed":0,"gold_gain":0,"player_choice":"Fight","damage_taken":0,"max_hp_gain":0,"max_hp_loss":0,"event_name":"Mysterious Sphere","floor":44,"gold_loss":0}],"is_beta":false,"boss_relics":[{"not_picked":["Ectoplasm","Velvet Choker"],"picked":"Runic Pyramid"},{"not_picked":["WristBlade","Coffee Dripper"],"picked":"HoveringKite"}],"items_purged_floors":[8,19,31,39,47],"is_endless":false,"potions_floor_spawned":[1,7,11,12,14,24,25,28,29,36,42,45,55],"killed_by":"The Heart","ascension_level":20}}