{"host":"dlyy4wv9zatha4f7","time":1610903761,"event":{"mods":["BaseMod","Better Third Choice","Colored Map","GifTheSpireLib","Minty Spire (QoL Compilation)","Spicy Shops","StSLib","SuperFastMode","Unceasing Turn Reminder"],"gold_per_floor":[117,129,140,140,65,65,113,190,190,190,190,190,190,242,251,251,251],"floor_reached":16,"language":"ENG","playtime":395,"items_purged":[],"score":154,"play_id":"32b95d19-0dbb-4828-ae23-72b53b0e480c","local_time":"20210117191601","is_ascension_mode":true,"campfire_choices":[{"floor":6.0,"key":"DIG"},{"floor":11.0,"key":"DIG"},{"floor":13.0,"key":"DIG"},{"floor":15.0,"key":"REST"}],"circlet_count":0,"master_deck":["Strike_B","Strike_B","Strike_B","Defend_B","Defend_B","Defend_B+1","Defend_B","Zap","Dualcast","Self Repair","Melter+1","Loop","Steam","Gash","Defragment","Ball Lightning"],"relics":["Cracked Core","Golden Idol","Shovel","Shuriken","CeramicFish","Omamori","Anchor","Juzu Bracelet","Dream Catcher","Turnip"],"acts_visited":["Exordium"],"potions_floor_usage":[16],"damage_taken":[{"damage":1.0,"enemies":"Cultist","floor":1.0,"turns":3.0},{"damage":7.0,"enemies":"Small Slimes","floor":2.0,"turns":4.0},{"damage":8.0,"enemies":"Jaw Worm","floor":3.0,"turns":4.0},{"damage":9.0,"enemies":"Lagavulin","floor":7.0,"turns":8.0},{"damage":23.0,"enemies":"Gremlin Nob","floor":14.0,"turns":4.0},{"damage":30,"enemies":"The Guardian","floor":16,"turns":2}],"seed_played":"-3162532972140532546","potions_obtained":[{"floor":2.0,"key":"SpeedPotion"},{"floor":3.0,"key":"Block Potion"},{"floor":14.0,"key":"Strength Potion"}],"is_trial":false,"path_per_floor":["M","M","M","?","$","R","E","?","T","?","R","?","R","E","R","B"],"character_chosen":"DEFECT","items_purchased":["Shovel"],"campfire_rested":1,"item_purchase_floors":[5],"current_hp_per_floor":[74,74,73,55,55,55,53,53,53,46,46,31,31,8,30,0,0],"gold":251,"neow_bonus":"TRANSFORM_CARD","is_daily":false,"chose_seed":false,"campfire_upgraded":0,"win_rate":0.0,"timestamp":1610903761,"path_taken":["M","M","?","?","$","R","E","?","T","?","R","?","R","E","R","BOSS"],"items_purchased_type":["Relic"],"build_version":"2020-12-22","purchased_purges":0,"victory":false,"max_hp_per_floor":[75,75,75,75,75,75,75,75,75,75,75,75,75,75,75,75,75],"card_choices":[{"not_picked":["Sweeping Beam","Reinforced Body"],"picked":"Melter","floor":1.0},{"not_picked":["Compile Driver","Rebound"],"picked":"Loop","floor":2.0},{"not_picked":["Melter","Redo"],"picked":"Steam","floor":3.0},{"not_picked":["Stack","Streamline"],"picked":"Gash","floor":7.0},{"not_picked":["Steam","Coolheaded"],"picked":"Defragment","floor":14.0},{"not_picked":["Lockon","Skim"],"picked":"Ball Lightning","floor":15.0}],"player_experience":2248143,"relics_obtained":[{"floor":6.0,"key":"Shuriken"},{"floor":7.0,"key":"CeramicFish"},{"floor":9.0,"key":"Omamori"},{"floor":11.0,"key":"Juzu Bracelet"},{"floor":13.0,"key":"Dream Catcher"},{"floor":14.0,"key":"Turnip"}],"event_choices":[{"damage_healed":0.0,"max_hp_gain":0.0,"max_hp_loss":0.0,"gold_gain":0.0,"event_name":"Golden Idol","player_choice":"Take Damage","floor":4.0,"gold_loss":0.0,"damage_taken":18.0,"relics_obtained":["Golden Idol"]},{"damage_healed":0.0,"max_hp_gain":0.0,"max_hp_loss":0.0,"gold_gain":77.0,"event_name":"Golden Wing","player_choice":"Gained Gold","floor":8.0,"gold_loss":0.0,"damage_taken":0.0},{"damage_healed":0.0,"max_hp_gain":0.0,"max_hp_loss":0.0,"gold_gain":0.0,"event_name":"betterThird:BetterScrap","player_choice":"Relic ","floor":10.0,"gold_loss":0.0,"damage_taken":7.0,"cards_obtained":["Rampage"]},{"damage_healed":46.0,"max_hp_gain":0.0,"max_hp_loss":75.0,"gold_gain":0.0,"event_name":"betterThird:BetterShining","player_choice":"Upgrade","floor":12.0,"gold_loss":0.0,"damage_taken":15.0,"cards_upgraded":["Melter","Defend_B"]}],"is_beta":false,"boss_relics":[],"items_purged_floors":[],"is_endless":false,"potions_floor_spawned":[2,3,14],"killed_by":"The Guardian","ascension_level":9}}