{"host":"Rich","time":1610901808,"event":{"mods":["AchievementEnabler","BaseMod","Highlight Path","Minty Spire (QoL Compilation)","Relic Stats"],"gold_per_floor":[114,114,114,114,138,178,178,178,178,197,233,233,251,265,265,361,361,376,88,13,13,13,13,13],"floor_reached":23,"language":"ENG","playtime":858,"items_purged":["Defend_G"],"score":444,"play_id":"bfe6f0aa-1b9f-4289-bccb-e5ca745fc0f9","local_time":"20210117114328","is_ascension_mode":true,"campfire_choices":[{"floor":7,"key":"REST"},{"floor":12,"key":"REST"},{"floor":15,"key":"REST"}],"circlet_count":0,"master_deck":["AscendersBane","Strike_G+1","Strike_G+1","Strike_G+1","Defend_G+1","Defend_G+1","Defend_G+1","Defend_G+1","Survivor","Neutralize","Sucker Punch","Crippling Poison","Leg Sweep+1","Doppelganger","Dash","Envenom","Die Die Die"],"relics":["Ring of the Snake","NeowsBlessing","Golden Idol","War Paint","Ornamental Fan","MealTicket","Snecko Eye"],"acts_visited":["Exordium","TheCity"],"potions_floor_usage":[11,16,16,23,23],"damage_taken":[{"damage":0.0,"enemies":"Jaw Worm","floor":1.0,"turns":1.0},{"damage":0.0,"enemies":"2 Louse","floor":5.0,"turns":1.0},{"damage":0.0,"enemies":"Lagavulin","floor":6.0,"turns":1.0},{"damage":7,"enemies":"Small Slimes","floor":10,"turns":4},{"damage":33,"enemies":"Gremlin Nob","floor":11,"turns":5},{"damage":3,"enemies":"3 Louse","floor":13,"turns":3},{"damage":11,"enemies":"Large Slime","floor":14,"turns":9},{"damage":21,"enemies":"The Guardian","floor":16,"turns":16},{"damage":15,"enemies":"Chosen","floor":18,"turns":7},{"damage":53,"enemies":"Gremlin Leader","floor":23,"turns":8}],"seed_played":"4438905851796888781","potions_obtained":[{"floor":5.0,"key":"CultistPotion"},{"floor":6,"key":"SpeedPotion"},{"floor":10,"key":"Poison Potion"},{"floor":13,"key":"Poison Potion"},{"floor":18,"key":"Explosive Potion"}],"is_trial":false,"path_per_floor":["M","?","?","?","M","E","R","?","T","M","E","R","M","M","R","B",null,"M","$","?","?","?","E"],"character_chosen":"THE_SILENT","items_purchased":["Block Potion","Die Die Die"],"campfire_rested":3,"item_purchase_floors":[19,19],"current_hp_per_floor":[59,36,29,9,9,9,28,50,50,43,10,29,26,15,34,13,53,38,53,53,53,53,0,0],"gold":13,"neow_bonus":"THREE_ENEMY_KILL","is_daily":false,"chose_seed":false,"campfire_upgraded":0,"win_rate":0.0,"timestamp":1610901808,"path_taken":["M","?","?","?","M","E","R","?","T","?","E","R","M","M","R","BOSS","M","$","?","?","?","E"],"items_purchased_type":["Potion","Card"],"build_version":"2020-12-18","purchased_purges":1,"victory":false,"max_hp_per_floor":[66,66,66,66,66,66,66,66,66,66,66,66,66,66,66,66,66,66,66,66,66,66,66,66],"relic_stats":{"counters":[10,55],"Golden Idol":61,"Ornamental Fan":[32],"Snecko Eye":[24,22,28,25],"MealTicket":15,"War Paint":["Defend_G","Leg Sweep"],"obtain_stats":[{"NeowsBlessing":0,"Golden Idol":2,"Ornamental Fan":9,"Snecko Eye":17,"MealTicket":11,"War Paint":6,"Ring of the Snake":0},{"NeowsBlessing":0,"Golden Idol":1,"Ornamental Fan":3,"Snecko Eye":8,"MealTicket":5,"War Paint":3,"Ring of the Snake":0},{"NeowsBlessing":0,"Golden Idol":1,"Ornamental Fan":3,"Snecko Eye":40,"MealTicket":12,"War Paint":3,"Ring of the Snake":0}],"Ring of the Snake":[20]},"card_choices":[{"not_picked":["Outmaneuver","Underhanded Strike"],"picked":"Sucker Punch","floor":1.0},{"not_picked":["Cloak And Dagger","Heel Hook"],"picked":"Crippling Poison","floor":5.0},{"not_picked":["Distraction","Flying Knee"],"picked":"Leg Sweep","floor":6},{"not_picked":["Flying Knee","Caltrops"],"picked":"Doppelganger","floor":10},{"not_picked":["Underhanded Strike","Riddle With Holes","Dodge and Roll"],"picked":"SKIP","floor":11},{"not_picked":["Expertise","Outmaneuver"],"picked":"Dash","floor":13},{"not_picked":["Catalyst","Reflex","Outmaneuver"],"picked":"SKIP","floor":14},{"not_picked":["Night Terror","Storm of Steel"],"picked":"Envenom","floor":16},{"not_picked":["Dodge and Roll","Backstab","Sucker Punch+1"],"picked":"SKIP","floor":18}],"player_experience":1994928,"relics_obtained":[{"floor":6,"key":"War Paint"},{"floor":9,"key":"Ornamental Fan"},{"floor":11,"key":"MealTicket"}],"event_choices":[{"damage_healed":0.0,"max_hp_gain":0.0,"max_hp_loss":0.0,"gold_gain":0.0,"event_name":"Golden Idol","player_choice":"Take Damage","floor":2.0,"gold_loss":0.0,"damage_taken":23.0,"relics_obtained":["Golden Idol"]},{"cards_removed":["Strike_G"],"damage_healed":0.0,"max_hp_gain":0.0,"max_hp_loss":0.0,"gold_gain":0.0,"event_name":"Golden Wing","player_choice":"Card Removal","floor":3.0,"gold_loss":0.0,"damage_taken":7.0},{"damage_healed":0.0,"max_hp_gain":0.0,"max_hp_loss":0.0,"gold_gain":0.0,"event_name":"Shining Light","player_choice":"Entered Light","floor":4.0,"gold_loss":0.0,"damage_taken":20.0,"cards_upgraded":["Strike_G","Defend_G"]},{"damage_healed":22,"gold_gain":0,"player_choice":"Banana","damage_taken":0,"max_hp_gain":0,"max_hp_loss":0,"event_name":"Big Fish","floor":8,"gold_loss":0},{"cards_removed":["Strike_G"],"damage_healed":0,"gold_gain":0,"player_choice":"Gave Gold","damage_taken":0,"max_hp_gain":0,"max_hp_loss":0,"event_name":"Beggar","floor":20,"gold_loss":75},{"damage_healed":0,"gold_gain":0,"player_choice":"Simplicity","damage_taken":0,"max_hp_gain":0,"max_hp_loss":0,"event_name":"Back to Basics","floor":21,"gold_loss":0,"cards_upgraded":["Strike_G","Strike_G","Defend_G","Defend_G"]},{"damage_healed":0,"gold_gain":0,"player_choice":"Ignored","damage_taken":0,"max_hp_gain":0,"max_hp_loss":0,"event_name":"The Mausoleum","floor":22,"gold_loss":0}],"is_beta":true,"boss_relics":[{"not_picked":["Empty Cage","Ring of the Serpent"],"picked":"Snecko Eye"}],"items_purged_floors":[19],"is_endless":false,"potions_floor_spawned":[5,6,10,13,18],"killed_by":"Gremlin Leader","ascension_level":20}}