{"host":"a1u4jo6xlg3w0wsm","time":1610878207,"event":{"mods":["BaseMod","Better Third Choice","DeckTracker","Downfall","Hermit","Hubris","Minty Spire (QoL Compilation)","Rare Cards Sparkle","Replay The Spire","StSLib","The Cursed"],"gold_per_floor":[11,61,76,91,46,77,77,93,116,116,116,132,157,177,177,274,274,292,73,73,91,16,16,28,28,28,28,28,28],"floor_reached":28,"playtime":2010,"items_purged":["hermit:Defend_Hermit","hermit:Defend_Hermit"],"score":324,"play_id":"7008ac88-c139-473e-b8a1-b82141fba7f2","local_time":"20210117231007","is_ascension_mode":true,"campfire_choices":[{"data":"hermit:Gestalt","floor":7.0,"key":"SMITH"},{"data":"hermit:ShadowCloak","floor":11.0,"key":"SMITH"},{"floor":15.0,"key":"REST"},{"data":"hermit:Snapshot","floor":23.0,"key":"SMITH"},{"floor":27,"key":"REST"}],"circlet_count":0,"master_deck":["hermit:Strike_Hermit","hermit:Strike_Hermit","hermit:Strike_Hermit","hermit:Strike_Hermit","hermit:Defend_Hermit","hermit:Snapshot+1","hermit:Covet","hermit:Malice","hermit:Gestalt+1","hermit:FullyLoaded","hermit:Manifest","hermit:Virtue","hermit:ShadowCloak+1","hermit:Quickdraw","hermit:FromBeyond","hubris:NaturalOne","hermit:LowProfile","hermit:Quickdraw","ReplayTheSpireMod:Splinters"],"relics":["hermit:Momento","hubris:MedicalManual","Singing Bowl","Replay:Ringing Soul","Nunchaku","hubris:Icosahedron","StoneCalendar","Cursed Key","Simple Rune","hubris:Towel","hubris:EvacipatedBox","hubris:CuriousFeather"],"acts_visited":["Exordium","TheCity"],"potions_floor_usage":[],"damage_taken":[{"damage":0.0,"enemies":"2 Louse","floor":1.0,"turns":3.0},{"damage":2.0,"enemies":"Jaw Worm","floor":3.0,"turns":4.0},{"damage":2.0,"enemies":"Cultist","floor":4.0,"turns":4.0},{"damage":24.0,"enemies":"3 Sentries","floor":6.0,"turns":12.0},{"damage":2.0,"enemies":"2 Fungi Beasts","floor":8.0,"turns":4.0},{"damage":12.0,"enemies":"Large Slime","floor":12.0,"turns":5.0},{"damage":14.0,"enemies":"Lagavulin","floor":13.0,"turns":4.0},{"damage":24.0,"enemies":"Exordium Wildlife","floor":14.0,"turns":7.0},{"damage":35.0,"enemies":"Fading Forest","floor":16.0,"turns":11.0},{"damage":2.0,"enemies":"Spheric Guardian","floor":18.0,"turns":4.0},{"damage":0.0,"enemies":"3 Byrds","floor":21.0,"turns":2.0},{"damage":25,"enemies":"Cultist and Chosen","floor":24,"turns":7},{"damage":93,"enemies":"Book of Stabbing","floor":28,"turns":8}],"seed_played":"3590176961721457124","potions_obtained":[{"floor":2.0,"key":"Weak Potion"},{"floor":3.0,"key":"champ:CounterPotion"},{"floor":6.0,"key":"Elixir"},{"floor":13.0,"key":"PowerPotion"},{"floor":16.0,"key":"sneckomod:MuddlingPotion"}],"is_trial":false,"path_per_floor":["M","?","M","M","$","E","R","M","T","?","R","M","E","M","R","B",null,"M","$","?","M","?","R","M","$","T","R","E"],"character_chosen":"HERMIT","items_purchased":["hermit:Manifest","Simple Rune","hubris:EvacipatedBox"],"campfire_rested":2,"item_purchase_floors":[5,19,25],"current_hp_per_floor":[75,77,75,73,73,52,52,53,53,53,53,44,32,14,41,29,93,96,96,96,99,99,99,77,53,56,88,0,0],"gold":28,"neow_bonus":"ONE_RARE_RELIC","is_daily":false,"chose_seed":false,"campfire_upgraded":3,"win_rate":0.0,"timestamp":1610878207,"path_taken":["M","?","M","?","$","E","R","M","T","?","R","M","E","M","R","BOSS","M","$","?","M","?","R","M","?","T","R","E"],"items_purchased_type":["Card","Relic","Relic"],"build_version":"2020-12-13","purchased_purges":2,"victory":false,"max_hp_per_floor":[75,77,77,77,77,80,80,83,83,83,83,86,88,90,90,93,93,98,98,98,101,101,101,104,104,107,107,107,107],"card_choices":[{"not_picked":["hermit:SprayPray","hermit:Roulette"],"picked":"hermit:Malice","floor":1.0},{"not_picked":["hermit:WideOpen","hermit:Malice","hermit:Desperado"],"picked":"Singing Bowl","floor":2.0},{"not_picked":["hermit:EyeOfTheStorm","hermit:Feint"],"picked":"hermit:Gestalt","floor":3.0},{"not_picked":["hermit:DeadMansHand","hermit:WideOpen"],"picked":"hermit:FullyLoaded","floor":4.0},{"not_picked":["hermit:TrackingShot","hermit:Ricochet"],"picked":"hermit:Virtue","floor":6.0},{"not_picked":["hermit:Midnight","hermit:Spite"],"picked":"hermit:ShadowCloak","floor":8.0},{"not_picked":["hermit:Feint","hermit:LowProfile"],"picked":"hermit:Quickdraw","floor":12.0},{"not_picked":["hermit:TrackingShot","hermit:WideOpen","hermit:Misfire"],"picked":"Singing Bowl","floor":13.0},{"not_picked":["hermit:Malice","hermit:FlashPowder","hermit:Desperado"],"picked":"Singing Bowl","floor":14.0},{"not_picked":["hermit:FinalCanter","hermit:Dissolve"],"picked":"hermit:FromBeyond","floor":16.0},{"not_picked":["hermit:ItchyTrigger+1","hermit:Scavenge","hermit:Combo"],"picked":"Singing Bowl","floor":18.0},{"not_picked":["hermit:Virtue","hermit:Combo"],"picked":"hermit:LowProfile","floor":21.0},{"not_picked":["hermit:ItchyTrigger+1","hermit:Roulette"],"picked":"hermit:Quickdraw","floor":24}],"player_experience":354420,"relics_obtained":[{"floor":2.0,"key":"Singing Bowl"},{"floor":6.0,"key":"Replay:Ringing Soul"},{"floor":9.0,"key":"Nunchaku"},{"floor":13.0,"key":"StoneCalendar"},{"floor":26,"key":"hubris:CuriousFeather"}],"event_choices":[{"cards_removed":["hermit:Defend_Hermit"],"damage_healed":0.0,"max_hp_gain":0.0,"max_hp_loss":0.0,"gold_gain":0.0,"event_name":"Beggar","player_choice":"Gave Gold","floor":22.0,"gold_loss":75.0,"damage_taken":0.0}],"is_beta":false,"boss_relics":[{"not_picked":["hubris:BlackHole","hubris:Stopwatch"],"picked":"Cursed Key"}],"items_purged_floors":[19,25],"is_endless":false,"potions_floor_spawned":[3,6,13,16],"killed_by":"Book of Stabbing","ascension_level":4}}