{"host":"i7jfea87xc8lz16p","time":1610897225,"event":{"mods":["AchievementEnabler","BaseMod","Colored Powertips","Minty Spire (QoL Compilation)","Relic Stats"],"gold_per_floor":[117,167,183,183,153,180,200,200,200],"floor_reached":8,"language":"ENG","playtime":193,"items_purged":[],"score":162,"play_id":"846c7f65-41f6-40ed-961c-8ac9a551960c","local_time":"20210117162705","is_ascension_mode":true,"campfire_choices":[],"circlet_count":0,"master_deck":["AscendersBane","Strike_G","Strike_G","Strike_G","Strike_G","Strike_G","Defend_G","Defend_G","Defend_G","Defend_G","Defend_G","Survivor","Neutralize","Riddle With Holes","Dagger Throw"],"relics":["Ring of the Snake","NeowsBlessing","Pen Nib"],"acts_visited":["Exordium"],"potions_floor_usage":[8,8],"damage_taken":[{"damage":0,"enemies":"Jaw Worm","floor":1,"turns":1},{"damage":0,"enemies":"Cultist","floor":3,"turns":1},{"damage":0,"enemies":"3 Sentries","floor":6,"turns":1},{"damage":8,"enemies":"2 Louse","floor":7,"turns":3},{"damage":57,"enemies":"Lagavulin","floor":8,"turns":6}],"seed_played":"-1366949060141773325","potions_obtained":[{"floor":5,"key":"SkillPotion"},{"floor":5,"key":"LiquidBronze"},{"floor":6,"key":"ColorlessPotion"}],"is_trial":false,"path_per_floor":["M","?","M","?","?","E","M","E"],"character_chosen":"THE_SILENT","items_purchased":[],"campfire_rested":0,"item_purchase_floors":[],"current_hp_per_floor":[59,59,59,59,59,59,51,0,0],"gold":200,"neow_bonus":"THREE_ENEMY_KILL","is_daily":false,"chose_seed":false,"campfire_upgraded":0,"win_rate":0.0,"timestamp":1610897225,"path_taken":["M","?","?","?","?","E","?","E"],"items_purchased_type":[],"build_version":"2020-12-22","purchased_purges":0,"victory":false,"max_hp_per_floor":[66,66,66,66,66,66,66,66,66],"relic_stats":{"counters":[5,12],"Pen Nib":[2],"obtain_stats":[{"NeowsBlessing":0,"Pen Nib":6,"Ring of the Snake":0},{"NeowsBlessing":0,"Pen Nib":3,"Ring of the Snake":0},{"NeowsBlessing":0,"Pen Nib":3,"Ring of the Snake":0}],"Ring of the Snake":[10]},"card_choices":[{"not_picked":["Deflect","Eviscerate"],"picked":"Riddle With Holes","floor":1},{"not_picked":["Deflect","Dodge and Roll","Cloak And Dagger"],"picked":"SKIP","floor":3},{"not_picked":["Prepared","Distraction","Backflip"],"picked":"SKIP","floor":6},{"not_picked":["Prepared","Distraction","Backflip"],"picked":"SKIP","floor":6},{"not_picked":["Well Laid Plans","PiercingWail"],"picked":"Dagger Throw","floor":7}],"player_experience":1787490,"relics_obtained":[{"floor":6,"key":"Pen Nib"}],"event_choices":[{"damage_healed":0,"gold_gain":50,"player_choice":"Pray","damage_taken":0,"max_hp_gain":0,"max_hp_loss":0,"event_name":"Golden Shrine","floor":2,"gold_loss":0},{"damage_healed":0,"gold_gain":0,"player_choice":"Ignored","damage_taken":0,"max_hp_gain":0,"max_hp_loss":0,"event_name":"Liars Game","floor":4,"gold_loss":0},{"damage_healed":0,"gold_gain":0,"player_choice":"Bought 2 Potions","damage_taken":0,"max_hp_gain":0,"max_hp_loss":0,"event_name":"The Woman in Blue","floor":5,"gold_loss":0}],"is_beta":false,"boss_relics":[],"items_purged_floors":[],"is_endless":false,"potions_floor_spawned":[6,7],"killed_by":"Lagavulin","ascension_level":20}}