{"host":"s0rqbuvjzggdtc2s","time":1610879612,"event":{"mods":["ATMod(°¢èªMod)","BaseMod","Minty Spire (QoL Compilation)","StSLib","¡¾ÒÅÎï¿¨ÅÆ¡¿REMEMod"],"gold_per_floor":[116,177,192,208,208,208,236,236,236,254,266,282,33,47,47,142,192,205,7,7,22,41,41,73,73,73,108,108,127,145,162,162,264,264,280,280,332,349,368,368,368,368],"floor_reached":41,"language":"ZHS","playtime":1399,"items_purged":["AT_OneInchPunch+1"],"score":437,"play_id":"90905974-11f3-4944-8bb7-68197a39c86a","local_time":"20210117183332","is_ascension_mode":false,"campfire_choices":[{"data":"AT_Dispersion","floor":6,"key":"SMITH"},{"data":"Dualcast","floor":8,"key":"SMITH"},{"data":"AT_RobotInSpace","floor":15,"key":"SMITH"},{"data":"Streamline","floor":23,"key":"SMITH"},{"floor":28,"key":"REST"},{"floor":32,"key":"REST"},{"floor":40,"key":"REST"}],"circlet_count":0,"master_deck":["Strike_B","Strike_B","Strike_B","Strike_B","Defend_B","Defend_B","Defend_B","Defend_B","Zap","Dualcast+1","AT_Dispersion+1","Turbo","Cold Snap","Redo","AT_RobotInSpace+1","Coolheaded+1","Ball Lightning","Core Surge","Conserve Battery","Rebound","REME_ProfessionalPlagiarism","Streamline+1","Auto Shields+1","Redo","Auto Shields","Hologram","AT_DarkMatter","Chill","Double Energy","Conserve Battery","Seek","Blizzard","AT_StudyProgram","Leap+1"],"relics":["Cracked Core","AT_ATBox","REME_ComplimentaryCards","NeowsBlessing","AT_LudenTempest","The Courier","REME_PuzzleBoxRelic","HandDrill","Tiny House","MutagenicStrength","Orichalcum","Turnip","AT_RedTearstoneRing","Inserter","Bag of Marbles"],"acts_visited":["Exordium","TheCity","TheBeyond"],"potions_floor_usage":[24,29,33,39,41,41],"damage_taken":[{"damage":0,"enemies":"Cultist","floor":1,"turns":1},{"damage":0,"enemies":"2 Louse","floor":3,"turns":1},{"damage":0,"enemies":"Jaw Worm","floor":4,"turns":1},{"damage":3,"enemies":"Gremlin Nob","floor":7,"turns":3},{"damage":0,"enemies":"Blue Slaver","floor":10,"turns":1},{"damage":8,"enemies":"Lots of Slimes","floor":11,"turns":3},{"damage":3,"enemies":"Gremlin Gang","floor":12,"turns":3},{"damage":0,"enemies":"2 Fungi Beasts","floor":14,"turns":2},{"damage":37,"enemies":"Hexaghost","floor":16,"turns":6},{"damage":12,"enemies":"3 Byrds","floor":18,"turns":4},{"damage":5,"enemies":"Chosen","floor":21,"turns":3},{"damage":2,"enemies":"Snecko","floor":22,"turns":3},{"damage":16,"enemies":"REME_1_Revenger","floor":24,"turns":4},{"damage":10,"enemies":"Slavers","floor":27,"turns":4},{"damage":8,"enemies":"Snake Plant","floor":29,"turns":2},{"damage":8,"enemies":"Shelled Parasite and Fungi","floor":30,"turns":3},{"damage":0,"enemies":"Centurion and Healer","floor":31,"turns":3},{"damage":14,"enemies":"Automaton","floor":33,"turns":9},{"damage":5,"enemies":"3 Shapes","floor":35,"turns":4},{"damage":10,"enemies":"Orb Walker","floor":38,"turns":2},{"damage":19,"enemies":"3 Darklings","floor":39,"turns":3},{"damage":68,"enemies":"Giant Head","floor":41,"turns":11}],"seed_played":"7743124150606658251","potions_obtained":[{"floor":1,"key":"Regen Potion"},{"floor":4,"key":"EntropicBrew"},{"floor":7,"key":"Block Potion"},{"floor":24,"key":"LiquidMemories"},{"floor":27,"key":"REME_GoldPotion"},{"floor":29,"key":"Explosive Potion"},{"floor":38,"key":"Block Potion"}],"is_trial":false,"path_per_floor":["M","?","M","M","?","R","E","R","T","M","M","M","$","M","R","B",null,"M","$","?","M","M","R","E","?","T","E","R","M","M","M","R","B",null,"M","?","T","M","M","R","E"],"character_chosen":"DEFECT","items_purchased":["REME_PuzzleBoxRelic","HandDrill","Ball Lightning","REME_ProfessionalPlagiarism"],"campfire_rested":3,"item_purchase_floors":[13,13,13,19],"current_hp_per_floor":[75,75,75,75,75,75,72,72,72,72,64,61,61,61,61,24,80,68,68,68,63,61,61,45,45,45,35,59,51,43,43,67,66,80,75,75,75,65,46,68,0,0],"gold":368,"neow_bonus":"THREE_ENEMY_KILL","is_daily":false,"chose_seed":false,"campfire_upgraded":4,"win_rate":0.0,"timestamp":1610879612,"path_taken":["M","?","M","M","?","R","E","R","T","M","M","?","$","M","R","BOSS","M","$","?","M","M","R","E","?","T","E","R","M","?","M","R","BOSS","M","?","?","M","M","R","E"],"items_purchased_type":["Relic","Relic","Card","Card"],"build_version":"2020-12-22","purchased_purges":1,"victory":false,"max_hp_per_floor":[75,75,75,75,75,75,75,75,75,75,75,75,75,75,75,75,80,80,80,80,80,80,80,80,80,80,80,80,80,80,80,80,80,80,80,76,76,76,76,76,76,76],"card_choices":[{"not_picked":["Rip and Tear","AT_HeatAcrobatics"],"picked":"Turbo","floor":1},{"not_picked":["Chill","Gash"],"picked":"Cold Snap","floor":3},{"not_picked":["AT_WarpDrive","Recycle"],"picked":"Redo","floor":4},{"not_picked":["Darkness","Chaos","Go for the Eyes"],"picked":"SKIP","floor":7},{"not_picked":["Double Energy","All For One"],"picked":"AT_RobotInSpace","floor":10},{"not_picked":["AT_ThunderBolt","Barrage"],"picked":"Coolheaded","floor":11},{"not_picked":["Scrape","Reprogram","Hello World"],"picked":"SKIP","floor":12},{"not_picked":["AT_EMC2","Gash","Scrape"],"picked":"SKIP","floor":14},{"not_picked":["Creative AI","Meteor Strike"],"picked":"Core Surge","floor":16},{"not_picked":["Hologram","Cold Snap"],"picked":"Conserve Battery","floor":17},{"not_picked":["REME_DataAnalysis","Cold Snap"],"picked":"Rebound","floor":18},{"not_picked":["Rebound","Fusion"],"picked":"Streamline","floor":21},{"not_picked":["Capacitor","Barrage"],"picked":"Auto Shields+1","floor":22},{"not_picked":["Darkness","Coolheaded"],"picked":"Redo","floor":24},{"not_picked":["REME_Compress","Steam"],"picked":"AT_DarkMatter","floor":27},{"not_picked":["Reprogram","Sweeping Beam"],"picked":"Chill","floor":29},{"not_picked":["Loop+1","Coolheaded"],"picked":"Double Energy","floor":30},{"not_picked":["Redo","Beam Cell"],"picked":"Conserve Battery","floor":31},{"not_picked":["Biased Cognition","Core Surge"],"picked":"Seek","floor":33},{"not_picked":["Rip and Tear","Steam"],"picked":"Blizzard","floor":35},{"not_picked":["Streamline+1","Skim+1"],"picked":"AT_StudyProgram","floor":38},{"not_picked":["Barrage+1","Stack+1"],"picked":"Leap+1","floor":39}],"player_experience":183411,"relics_obtained":[{"floor":7,"key":"AT_LudenTempest"},{"floor":9,"key":"The Courier"},{"floor":24,"key":"Orichalcum"},{"floor":26,"key":"Turnip"},{"floor":27,"key":"AT_RedTearstoneRing"},{"floor":37,"key":"Bag of Marbles"}],"event_choices":[{"damage_healed":0,"gold_gain":61,"player_choice":"Gained Gold","damage_taken":0,"max_hp_gain":0,"max_hp_loss":0,"event_name":"Golden Wing","floor":2,"gold_loss":0},{"damage_healed":0,"gold_gain":0,"player_choice":"Forge","damage_taken":0,"max_hp_gain":0,"max_hp_loss":0,"event_name":"Accursed Blacksmith","floor":5,"gold_loss":0,"cards_upgraded":["AT_OneInchPunch"]},{"damage_healed":0,"gold_gain":0,"player_choice":"Inject Mutagens","damage_taken":0,"relics_obtained":["MutagenicStrength"],"max_hp_gain":0,"max_hp_loss":0,"event_name":"Drug Dealer","floor":20,"gold_loss":0},{"damage_healed":0,"gold_gain":0,"player_choice":"2 cards matched","damage_taken":0,"max_hp_gain":0,"max_hp_loss":0,"event_name":"Match and Keep!","floor":25,"gold_loss":0,"cards_obtained":["Auto Shields","Hologram"]},{"damage_healed":0,"gold_gain":0,"player_choice":"Max HP","damage_taken":0,"max_hp_gain":0,"max_hp_loss":4,"event_name":"Winding Halls","floor":36,"gold_loss":0}],"is_beta":false,"boss_relics":[{"not_picked":["Runic Pyramid","REME_DemonsWealth"],"picked":"Tiny House"},{"not_picked":["REME_ChargedStone","Empty Cage"],"picked":"Inserter"}],"items_purged_floors":[19],"is_endless":false,"potions_floor_spawned":[1,4,7,12,14,18,21,24,27,29,38],"killed_by":"Giant Head","ascension_level":0}}