{"host":"kh6fvhxn285ncg0o","time":1610846597,"event":{"mods":["Act Like it!","BaseMod","Colored Map","Friendly Minions","Keyboard Shortcuts","Minty Spire (QoL Compilation)","Quick Restart","Relic Stats","StSLib","SuperFastMode"],"gold_per_floor":[110,123,137,152,165,200,200,200,225,253,253,285,297,313,313,390,390,402,60,53,53,103,131,147,72,151,184,197,197,225,254,254,327,327,345,345,345,245,260,293,293,318,318,318,318,332,350,350,350,350,350,350,350,12,40,40],"floor_reached":57,"language":"KOR","playtime":2249,"items_purged":["Strike_R","Heavy Blade"],"score":3330,"play_id":"82eb60ae-99bc-4119-bac1-c92fc1aa5dad","local_time":"20210117102317","is_ascension_mode":true,"campfire_choices":[{"data":"Blood for Blood","floor":8.0,"key":"SMITH"},{"data":"Fire Breathing","floor":15,"key":"SMITH"},{"data":"Feel No Pain","floor":29,"key":"SMITH"},{"data":"Power Through","floor":32,"key":"SMITH"},{"data":"Second Wind","floor":41,"key":"SMITH"},{"data":"Barricade","floor":45,"key":"SMITH"},{"floor":49,"key":"RECALL"},{"data":"Body Slam","floor":53,"key":"SMITH"}],"circlet_count":0,"master_deck":["AscendersBane","Strike_R","Strike_R","Defend_R","Defend_R","Defend_R","Defend_R","Combust","Power Through+1","Blood for Blood+1","Intimidate","Feel No Pain+1","Reaper","Burning Pact","Fire Breathing+1","Impervious","Rage+1","Second Wind+1","Disarm","Decay","Barricade+1","Offering","Dual Wield+1","Flash of Steel","Finesse","Fiend Fire","Exhume","Feel No Pain+1","Battle Trance","Body Slam+1","Shockwave"],"relics":["Burning Blood","Dead Branch","Akabeko","Strawberry","Lantern","Cursed Key","Pocketwatch","TungstenRod","Turnip","Orichalcum","Red Mask","Mark of Pain","Dream Catcher","Vajra","Mummified Hand","Unceasing Top"],"acts_visited":["Exordium","TheCity","TheBeyond","TheEnding"],"potions_floor_usage":[18,27,56,56],"damage_taken":[{"damage":4.0,"enemies":"Small Slimes","floor":1.0,"turns":3.0},{"damage":2.0,"enemies":"2 Louse","floor":2.0,"turns":4.0},{"damage":5.0,"enemies":"Jaw Worm","floor":3.0,"turns":3.0},{"damage":9.0,"enemies":"Looter","floor":4.0,"turns":4.0},{"damage":4.0,"enemies":"2 Fungi Beasts","floor":5.0,"turns":4.0},{"damage":21.0,"enemies":"3 Sentries","floor":6.0,"turns":7.0},{"damage":37,"enemies":"Gremlin Nob","floor":10,"turns":4},{"damage":13,"enemies":"3 Sentries","floor":12,"turns":6},{"damage":0,"enemies":"Exordium Wildlife","floor":13,"turns":2},{"damage":6,"enemies":"Looter","floor":14,"turns":3},{"damage":28,"enemies":"Hexaghost","floor":16,"turns":9},{"damage":21,"enemies":"Spheric Guardian","floor":18,"turns":5},{"damage":0,"enemies":"2 Thieves","floor":20,"turns":4},{"damage":32,"enemies":"Slavers","floor":23,"turns":5},{"damage":2,"enemies":"Snake Plant","floor":24,"turns":4},{"damage":18,"enemies":"Book of Stabbing","floor":27,"turns":5},{"damage":29,"enemies":"Cultist and Chosen","floor":28,"turns":5},{"damage":28,"enemies":"Slavers","floor":30,"turns":5},{"damage":11,"enemies":"Masked Bandits","floor":31,"turns":5},{"damage":2,"enemies":"Champ","floor":33,"turns":11},{"damage":2,"enemies":"Orb Walker","floor":35,"turns":1},{"damage":5,"enemies":"3 Shapes","floor":39,"turns":4},{"damage":5,"enemies":"Nemesis","floor":40,"turns":7},{"damage":16,"enemies":"Reptomancer","floor":42,"turns":5},{"damage":0,"enemies":"Spire Growth","floor":46,"turns":2},{"damage":5,"enemies":"4 Shapes","floor":47,"turns":3},{"damage":11,"enemies":"Awakened One","floor":50,"turns":16},{"damage":6,"enemies":"Donu and Deca","floor":51,"turns":7},{"damage":12,"enemies":"Shield and Spear","floor":55,"turns":2},{"damage":17,"enemies":"The Heart","floor":56,"turns":7}],"seed_played":"-8883673922339571226","potions_obtained":[{"floor":2.0,"key":"Block Potion"},{"floor":4.0,"key":"Block Potion"},{"floor":10,"key":"Explosive Potion"},{"floor":23,"key":"ElixirPotion"},{"floor":24,"key":"AttackPotion"},{"floor":27,"key":"Dexterity Potion"}],"is_trial":false,"path_per_floor":["M","M","M","M","M","E","?","R","T","E","?","E","M","M","R","B",null,"M","$","M","?","?","E","M","$","T","E","M","R","E","?","R","B",null,"M","?","?","$","M","E","R","E","T","?","R","M","M","?","R","B","B",null,"R","$","E","B",null],"character_chosen":"IRONCLAD","items_purchased":["Pocketwatch","Mummified Hand","ColorlessPotion"],"campfire_rested":0,"item_purchase_floors":[19,54,54],"current_hp_per_floor":[70,74,75,72,74,59,52,52,52,28,28,21,50,62,62,52,75,60,60,76,76,76,56,64,64,64,56,57,57,60,63,63,82,82,82,82,73,73,82,82,82,72,72,72,72,78,82,78,78,78,78,78,78,78,78,70],"gold":40,"neow_bonus":"TRANSFORM_CARD","is_daily":false,"chose_seed":false,"campfire_upgraded":7,"win_rate":0.0,"timestamp":1610846597,"path_taken":["M","M","M","M","M","E","?","R","T","E","?","E","?","M","R","BOSS","M","$","M","?","?","E","?","$","T","E","M","R","E","?","R","BOSS","M","?","?","$","M","E","R","E","T","?","R","M","?","?","R","BOSS","BOSS","R","$","E","BOSS"],"items_purchased_type":["Relic","Relic","Potion"],"build_version":"2020-12-22","purchased_purges":2,"victory":true,"max_hp_per_floor":[75,75,75,75,75,75,75,75,75,82,82,82,82,82,82,82,82,82,82,82,82,82,82,82,82,82,82,82,82,82,82,82,82,82,82,82,82,82,82,82,82,82,82,82,82,82,82,78,78,78,78,78,78,78,78,78],"relic_stats":{"Dream Catcher":0,"counters":[30,152],"Mummified Hand":[31],"Dead Branch":[480],"Turnip":[8],"Orichalcum":[18],"Cursed Key":1,"obtain_stats":[{"Lantern":12,"Dead Branch":6,"Vajra":42,"Orichalcum":30,"Cursed Key":17,"Burning Blood":0,"Akabeko":9,"Dream Catcher":40,"Mummified Hand":54,"Strawberry":10,"Turnip":27,"Mark of Pain":34,"Red Mask":31,"TungstenRod":23,"Unceasing Top":55,"Pocketwatch":19},{"Lantern":8,"Dead Branch":6,"Vajra":24,"Orichalcum":18,"Cursed Key":11,"Burning Blood":0,"Akabeko":6,"Dream Catcher":23,"Mummified Hand":28,"Strawberry":7,"Turnip":16,"Mark of Pain":20,"Red Mask":19,"TungstenRod":14,"Unceasing Top":29,"Pocketwatch":12},{"Lantern":35,"Dead Branch":25,"Vajra":115,"Orichalcum":82,"Cursed Key":49,"Burning Blood":0,"Akabeko":25,"Dream Catcher":110,"Mummified Hand":143,"Strawberry":29,"Turnip":72,"Mark of Pain":98,"Red Mask":87,"TungstenRod":63,"Unceasing Top":145,"Pocketwatch":54}],"Burning Blood":159,"TungstenRod":79,"Unceasing Top":[0],"Pocketwatch":[92]},"card_choices":[{"not_picked":["Cleave","Sever Soul"],"picked":"Combust","floor":1.0},{"not_picked":["Warcry","Pommel Strike"],"picked":"Power Through","floor":2.0},{"not_picked":["Twin Strike","True Grit","Clothesline"],"picked":"SKIP","floor":3.0},{"not_picked":["Sentinel","Dual Wield"],"picked":"Blood for Blood","floor":4.0},{"not_picked":["Pommel Strike","Body Slam","Headbutt"],"picked":"SKIP","floor":5.0},{"not_picked":["Power Through","Pommel Strike"],"picked":"Intimidate","floor":6.0},{"not_picked":["Sever Soul","Berserk"],"picked":"Feel No Pain","floor":10},{"not_picked":["Intimidate","Bludgeon"],"picked":"Reaper","floor":12},{"not_picked":["Twin Strike","Headbutt"],"picked":"Burning Pact","floor":13},{"not_picked":["Power Through","Rage"],"picked":"Fire Breathing","floor":14},{"not_picked":["Limit Break","Juggernaut"],"picked":"Impervious","floor":16},{"not_picked":["Shrug It Off","Spot Weakness"],"picked":"Rage+1","floor":18},{"not_picked":["Disarm","Perfected Strike"],"picked":"Second Wind","floor":20},{"not_picked":["Clothesline","Searing Blow"],"picked":"Disarm","floor":23},{"not_picked":["Havoc","Wild Strike","Heavy Blade"],"picked":"SKIP","floor":24},{"not_picked":["Blood for Blood+1","Clash+1"],"picked":"Barricade","floor":27},{"not_picked":["Power Through+1","Sword Boomerang","Second Wind"],"picked":"SKIP","floor":28},{"not_picked":["Headbutt","Iron Wave","Wild Strike"],"picked":"SKIP","floor":30},{"not_picked":["Brutality","Impervious"],"picked":"Offering","floor":33},{"not_picked":["Thunderclap","Perfected Strike"],"picked":"Dual Wield+1","floor":35},{"not_picked":["Impatience","Trip"],"picked":"Flash of Steel","floor":37},{"not_picked":["Swift Strike","Flash of Steel"],"picked":"Finesse","floor":37},{"not_picked":["Dark Embrace","Metallicize","Flex"],"picked":"SKIP","floor":39},{"not_picked":["Pommel Strike+1","Iron Wave+1"],"picked":"Fiend Fire","floor":40},{"not_picked":["Wild Strike","Thunderclap"],"picked":"Exhume","floor":42},{"not_picked":["Armaments+1","Clothesline+1"],"picked":"Battle Trance","floor":46},{"not_picked":["Second Wind","Whirlwind"],"picked":"Body Slam","floor":47},{"not_picked":["Wild Strike+1","Warcry"],"picked":"Shockwave","floor":55}],"player_experience":3473469,"relics_obtained":[{"floor":6.0,"key":"Dead Branch"},{"floor":9.0,"key":"Akabeko"},{"floor":10,"key":"Strawberry"},{"floor":12,"key":"Lantern"},{"floor":23,"key":"TungstenRod"},{"floor":27,"key":"Turnip"},{"floor":30,"key":"Orichalcum"},{"floor":31,"key":"Red Mask"},{"floor":40,"key":"Dream Catcher"},{"floor":42,"key":"Vajra"},{"floor":55,"key":"Unceasing Top"}],"event_choices":[{"cards_removed":["Strike_R"],"damage_healed":0.0,"max_hp_gain":0.0,"max_hp_loss":0.0,"gold_gain":0.0,"event_name":"Golden Wing","player_choice":"Card Removal","floor":7.0,"gold_loss":0.0,"damage_taken":7.0},{"damage_healed":0,"gold_gain":0,"player_choice":"Ignored","damage_taken":0,"max_hp_gain":0,"max_hp_loss":0,"event_name":"Liars Game","floor":11,"gold_loss":0},{"damage_healed":0,"gold_gain":0,"player_choice":"Ignored","damage_taken":0,"max_hp_gain":0,"max_hp_loss":0,"event_name":"Vampires","floor":21,"gold_loss":0},{"damage_healed":0,"gold_gain":50,"player_choice":"Stole From Cult","damage_taken":0,"max_hp_gain":0,"max_hp_loss":0,"event_name":"Nest","floor":22,"gold_loss":0},{"damage_healed":0,"gold_gain":0,"player_choice":"Fought Bandits","damage_taken":0,"max_hp_gain":0,"max_hp_loss":0,"event_name":"Masked Bandits","floor":31,"gold_loss":0},{"cards_removed":["Bash"],"damage_healed":0,"gold_gain":0,"player_choice":"Removed Attack","damage_taken":0,"max_hp_gain":0,"max_hp_loss":0,"event_name":"Falling","floor":36,"gold_loss":0},{"damage_healed":0,"gold_gain":0,"player_choice":"Memory 3","damage_taken":10,"max_hp_gain":0,"max_hp_loss":0,"event_name":"SensoryStone","floor":37,"gold_loss":0},{"damage_healed":0,"gold_gain":0,"player_choice":"Copied","damage_taken":0,"max_hp_gain":0,"max_hp_loss":0,"event_name":"Duplicator","floor":44,"gold_loss":0,"cards_obtained":["Feel No Pain"]},{"damage_healed":0,"gold_gain":0,"player_choice":"Max HP","damage_taken":0,"max_hp_gain":0,"max_hp_loss":4,"event_name":"Winding Halls","floor":48,"gold_loss":0}],"is_beta":false,"boss_relics":[{"not_picked":["Busted Crown","SacredBark"],"picked":"Cursed Key"},{"not_picked":["SlaversCollar","Calling Bell"],"picked":"Mark of Pain"}],"items_purged_floors":[25,38],"is_endless":false,"potions_floor_spawned":[2,4,5,10,23,24,27,30,33,39,46,47,55],"ascension_level":20}}