{"host":"hfcva6mq15ctj0gu","time":1610867864,"event":{"mods":["Abigail Mod","AchievementEnabler","Act Like it!","Alarm Clock","BaseMod","Better Altar","Better Match","Better Skull","Better Third Choice","BetterRewards","CapriCore","Card Forge","Colored Map","Curses Come First","Disable Question Mark Monsters","Displayed Cursed Tome","Emptier Cage","FoggyMod","Friendly Minions","Gold Saver","Good Game Mod","Grow up Mod","Highlight Path","Kiyohime????","Kratos Character Expansion","Marisa????????","Minty Spire (QoL Compilation)","Permanent Neow","Poem Panic","Poor People Problems","Reimu??????","Remilia??????","Shade Mod","Shop Mod","StSLib","The Immortal","The Servant 0.9.4","The Vixen","Transform Curses","Virulent Crown","????"],"gold_per_floor":[119,131,131,131,306,339,339,84,84,97,123,123,2,17,34,136,136,153,153,153,124,142,169,15,114,114,146,146,173,138,53,21,122,122,132,31,31,81,49,82,101,101,126,126,155,51,63,90,102,114,126,138,72,98,98],"floor_reached":56,"language":"ENG","playtime":2168,"items_purged":[],"score":1713,"play_id":"30b2f259-b866-4063-b73f-f069b73ddbff","local_time":"20210117081744","is_ascension_mode":false,"campfire_choices":[{"floor":42,"key":"RECALL"}],"circlet_count":0,"master_deck":["Zap+1","Dualcast+1","Capacitor+1","Tempest+1","Storm+1","Turbo+1","Redo+1","Backstab+1","Turbo+1","Double Energy+1","Go for the Eyes+1","Amplify+1","Beam Cell+1","Double Energy+1","Barrage+1","Beam Cell+1","Steam+1","Magnetism+1","Doom and Gloom+1","Heatsinks+1","Chaos+1","Electrodynamics+1","Turbo+1","Steam Power+1","Conserve Battery+1","Madness+1","Madness+1","Amplify+1","Loop+1","Defragment+1"],"relics":["Cracked Core","Hammer of Thor","Seething Fire","Anvil of the Gods","REME:ComplimentaryCards","TheAbacus","Art of War","MerchantsRug","Ice Cream","Shuriken","Runic Capacitor","WingedGreaves","Bottled Flame","Frozen Egg 2","Cables","Emotion Chip","Nuclear Battery","DataDisk","PreservedInsect","Orichalcum","Mercury Hourglass","Gambling Chip","ClockworkSouvenir","StrikeDummy","Bag of Preparation","MawBank","Mastiff:ReiMu"],"acts_visited":["Exordium","TheCity","TheBeyond","TheEnding"],"potions_floor_usage":[],"damage_taken":[{"damage":0.0,"enemies":"Cultist","floor":1.0,"turns":2.0},{"damage":4.0,"enemies":"Small Slimes","floor":2.0,"turns":2.0},{"damage":15.0,"enemies":"3 Sentries","floor":6.0,"turns":7.0},{"damage":0.0,"enemies":"2 Louse","floor":10.0,"turns":1.0},{"damage":6.0,"enemies":"Gremlin Nob","floor":11.0,"turns":3.0},{"damage":1.0,"enemies":"2 Fungi Beasts","floor":14.0,"turns":2.0},{"damage":0.0,"enemies":"Slime Boss","floor":16.0,"turns":3.0},{"damage":17.0,"enemies":"Shell Parasite","floor":18.0,"turns":3.0},{"damage":23.0,"enemies":"3 Byrds","floor":22.0,"turns":3.0},{"damage":39.0,"enemies":"Book of Stabbing","floor":23.0,"turns":4.0},{"damage":12,"enemies":"Gremlin Leader","floor":27,"turns":2},{"damage":24,"enemies":"Book of Stabbing","floor":29,"turns":3},{"damage":24,"enemies":"Collector","floor":33,"turns":4},{"damage":2,"enemies":"3 Darklings","floor":35,"turns":2},{"damage":222,"enemies":"Mind Bloom Boss Battle","floor":38,"turns":3},{"damage":1,"enemies":"Giant Head","floor":40,"turns":4},{"damage":10,"enemies":"Orb Walker","floor":41,"turns":3},{"damage":17,"enemies":"Nemesis","floor":45,"turns":4},{"damage":6,"enemies":"Spire Growth","floor":48,"turns":3},{"damage":27,"enemies":"Donu and Deca","floor":50,"turns":3},{"damage":0,"enemies":"Shield and Spear","floor":54,"turns":2},{"damage":53,"enemies":"The Heart","floor":55,"turns":5}],"seed_played":"-8200745066294320050","potions_obtained":[{"floor":1.0,"key":"SteroidPotion"},{"floor":14.0,"key":"Fire Potion"},{"floor":16.0,"key":"GamblersBrew"},{"floor":22.0,"key":"ZuzhouPotion:ReiMu"},{"floor":27,"key":"DuplicationPotion"},{"floor":29,"key":"Dexterity Potion"},{"floor":41,"key":"Energy Potion"},{"floor":45,"key":"MagicPotion:ReiMu"},{"floor":54,"key":"BlessingOfTheForge"}],"is_trial":false,"path_per_floor":["M","M","?","?","?","E","?","R","T","M","E","?","R","M","R","B",null,"M","?","M","$","M","E","R","M","T","E","?","E","R","?","R","B",null,"M","?","$","?","$","E","M","R","T","?","E","R","?","M","R","B",null,"R","$","E","B",null],"character_chosen":"DEFECT","items_purchased":["TheAbacus","Art of War","MerchantsRug","Capacitor","Tempest","Shuriken","Runic Capacitor","Storm","Bottled Flame","Emotion Chip","Barrage","Magnetism+1","Chaos","Orichalcum","ClockworkSouvenir","MawBank","Loop+1"],"campfire_rested":0,"item_purchase_floors":[0,0,0,0,0,0,0,0,8,13,21,24,30,32,39,46,53],"current_hp_per_floor":[48,54,64,57,67,62,72,82,92,102,106,116,126,135,145,155,255,248,258,268,278,265,236,246,256,266,264,274,262,272,282,292,278,425,433,443,453,241,251,260,260,270,280,226,219,229,239,243,253,236,595,605,615,625,592],"gold":98,"neow_bonus":"","is_daily":false,"chose_seed":false,"campfire_upgraded":0,"win_rate":0.0,"timestamp":1610867864,"path_taken":["M","?","?","?","?","E","?","R","T","?","E","?","R","?","R","BOSS","M","?","?","?","?","E","R","?","T","E","?","E","R","?","R","BOSS","M","?","?","?","?","E","?","R","T","?","E","R","?","?","R","BOSS","R","$","E","BOSS"],"items_purchased_type":["Relic","Relic","Relic","Card","Card","Relic","Relic","Card","Relic","Relic","Card","Card","Card","Relic","Relic","Relic","Card"],"build_version":"2020-12-22","purchased_purges":0,"victory":true,"max_hp_per_floor":[95,105,115,125,135,145,155,165,175,185,195,205,215,225,235,245,255,265,275,285,295,305,315,325,335,345,355,365,375,385,395,405,415,425,435,445,455,465,475,485,495,505,515,525,535,545,555,565,575,585,595,605,615,625,645],"card_choices":[{"not_picked":["Fusion","Sweeping Beam"],"picked":"Turbo","floor":1.0},{"not_picked":["Hologram","Ball Lightning"],"picked":"Redo","floor":2.0},{"not_picked":["Coolheaded","Auto Shields"],"picked":"Turbo","floor":6.0},{"not_picked":["Stack","Reprogram","Ball Lightning"],"picked":"SKIP","floor":10.0},{"not_picked":["Fission","Compile Driver"],"picked":"Double Energy","floor":11.0},{"not_picked":["Tempest","Rebound"],"picked":"Go for the Eyes","floor":14.0},{"not_picked":["Hyperbeam","Meteor Strike"],"picked":"Amplify","floor":16.0},{"not_picked":["Coolheaded","Stack"],"picked":"Beam Cell+1","floor":18.0},{"not_picked":["Rebound","Meteor Strike"],"picked":"Beam Cell","floor":22.0},{"not_picked":["Barrage","Go for the Eyes+1"],"picked":"Steam","floor":23.0},{"not_picked":["Ball Lightning","Chill+1"],"picked":"Doom and Gloom","floor":27},{"not_picked":["Turbo","Aggregate"],"picked":"Heatsinks+1","floor":29},{"not_picked":["Core Surge","Thunder Strike"],"picked":"Electrodynamics+1","floor":33},{"not_picked":["Recycle+1","Scrape","Reprogram"],"picked":"SKIP","floor":35},{"not_picked":["Ball Lightning+1","Cold Snap+1"],"picked":"Turbo","floor":38},{"not_picked":["Streamline","Ball Lightning"],"picked":"Steam Power","floor":40},{"not_picked":["Undo+1","Hello World+1"],"picked":"Conserve Battery","floor":41},{"not_picked":["Genetic Algorithm","Sunder"],"picked":"Amplify","floor":45},{"not_picked":["Force Field+1","Reinforced Body+1","Coolheaded"],"picked":"SKIP","floor":48},{"not_picked":["FTL+1","Rebound+1"],"picked":"Defragment+1","floor":54}],"player_experience":110285,"relics_obtained":[{"floor":6.0,"key":"Ancient Tea Set"},{"floor":9.0,"key":"Frozen Egg 2"},{"floor":11.0,"key":"Cables"},{"floor":23.0,"key":"DataDisk"},{"floor":26,"key":"PreservedInsect"},{"floor":27,"key":"Blood Vial"},{"floor":29,"key":"White Beast Statue"},{"floor":38,"key":"Gambling Chip"},{"floor":40,"key":"StrikeDummy"},{"floor":45,"key":"Bag of Preparation"},{"floor":54,"key":"Mastiff:ReiMu"}],"event_choices":[{"damage_healed":0.0,"max_hp_gain":0.0,"max_hp_loss":0.0,"gold_gain":175.0,"event_name":"betterThird:BetterSerpent","player_choice":"AGREE","floor":5.0,"gold_loss":0.0,"damage_taken":131.0},{"cards_removed":["Strike_B"],"damage_healed":0.0,"max_hp_gain":0.0,"max_hp_loss":0.0,"gold_gain":0.0,"event_name":"Bonfire Elementals","player_choice":"Offered Basic","floor":7.0,"gold_loss":0.0,"damage_taken":0.0},{"damage_healed":0.0,"max_hp_gain":0.0,"max_hp_loss":0.0,"gold_gain":0.0,"event_name":"Accursed Blacksmith","player_choice":"Rummage","floor":12.0,"gold_loss":0.0,"damage_taken":0.0,"relics_obtained":["WarpedTongs"],"cards_obtained":["Pain"]},{"damage_healed":0.0,"max_hp_gain":0.0,"max_hp_loss":0.0,"gold_gain":0.0,"event_name":"Duplicator","player_choice":"Copied","floor":19.0,"gold_loss":0.0,"damage_taken":0.0,"cards_obtained":["Double Energy"]},{"damage_healed":0.0,"max_hp_gain":0.0,"max_hp_loss":0.0,"gold_gain":0.0,"event_name":"Purifier","player_choice":"Ignored","floor":20.0,"gold_loss":0.0,"damage_taken":0.0},{"damage_healed":0,"gold_gain":99,"player_choice":"Steal","damage_taken":0,"max_hp_gain":0,"max_hp_loss":0,"event_name":"betterThird:BetterNest","floor":25,"gold_loss":0},{"damage_healed":0,"gold_gain":0,"player_choice":"Adaptability","damage_taken":0,"max_hp_gain":0,"max_hp_loss":0,"event_name":"betterThird:BetterWriting","floor":28,"gold_loss":0},{"damage_healed":0,"gold_gain":0,"player_choice":"Obtained Relic","damage_taken":0,"relics_obtained":["War Paint"],"max_hp_gain":0,"max_hp_loss":0,"event_name":"Addict","floor":31,"gold_loss":85},{"damage_healed":0,"gold_gain":0,"player_choice":"Paid Gold","damage_taken":0,"relics_obtained":["Mercury Hourglass"],"max_hp_gain":0,"max_hp_loss":0,"event_name":"WeMeetAgain","floor":36,"gold_loss":101},{"damage_healed":0,"gold_gain":0,"player_choice":"Fight","damage_taken":0,"max_hp_gain":0,"max_hp_loss":0,"event_name":"MindBloom","floor":38,"gold_loss":0},{"damage_healed":0,"gold_gain":0,"player_choice":"Embrace Madness","damage_taken":64,"max_hp_gain":0,"max_hp_loss":0,"event_name":"Winding Halls","floor":44,"gold_loss":0,"cards_obtained":["Madness","Madness"]},{"damage_healed":0,"gold_gain":0,"player_choice":"Ignored","damage_taken":0,"max_hp_gain":0,"max_hp_loss":0,"event_name":"Transmorgrifier","floor":47,"gold_loss":0}],"is_beta":false,"boss_relics":[{"not_picked":["SlaversCollar","Runic Pyramid"],"picked":"Nuclear Battery"},{"not_picked":["Black Star","Astrolabe"],"picked":"PoemPanic:PoemPanicRelic"}],"items_purged_floors":[],"is_endless":false,"potions_floor_spawned":[1,14,16,22,27,29,41,45,54],"ascension_level":0}}