{"host":"nsu382cuivk29rjh","time":1610893905,"event":{"mods":["BaseMod","Downfall","Minty Spire (QoL Compilation)","StSLib"],"gold_per_floor":[99,111,167,6,26,26,26,26],"floor_reached":6,"language":"ZHS","playtime":286,"items_purged":[],"score":34,"play_id":"ac5f259a-4445-4f70-bf5c-70db6b8057be","local_time":"20210117223145","is_ascension_mode":false,"campfire_choices":[{"data":"Slimebound:Split","floor":1,"key":"SMITH"}],"circlet_count":0,"master_deck":["Slimebound:Strike_Slimebound","Slimebound:Strike_Slimebound","Slimebound:Tackle","Slimebound:Defend_Slimebound","Slimebound:Defend_Slimebound","Slimebound:Defend_Slimebound","Slimebound:Defend_Slimebound","Slimebound:Split+1","Slimebound:CorrosiveSpit","Slimebound:Dissolve","Slimebound:Repurpose","Slimebound:Repurpose","Slimebound:PressTheAttack"],"relics":["Slimebound:AbsorbEndCombat","Centennial Puzzle","Membership Card"],"acts_visited":[],"potions_floor_usage":[3],"damage_taken":[{"damage":6,"enemies":"Jaw Worm","floor":2,"turns":5},{"damage":42,"enemies":"Gremlin Nob","floor":3,"turns":4},{"damage":0,"enemies":"downfall:FleeingMerchant","floor":4,"turns":4},{"damage":0,"enemies":"2 Louse","floor":5,"turns":3},{"damage":42,"enemies":"Gremlin Nob","floor":6,"turns":3}],"seed_played":"-1513628341194825516","potions_obtained":[{"floor":2,"key":"DistilledChaos"}],"is_trial":false,"path_per_floor":["R","M","?","$","M","E"],"character_chosen":"SLIMEBOUND","items_purchased":["Membership Card"],"campfire_rested":0,"item_purchase_floors":[4],"current_hp_per_floor":[65,62,22,24,26,0,0,0],"gold":26,"neow_bonus":"TRANSFORM_CARD","is_daily":false,"chose_seed":false,"campfire_upgraded":1,"win_rate":0.0,"timestamp":1610893905,"path_taken":["R","M","?","$","M","E"],"items_purchased_type":["Relic"],"build_version":"2020-12-22","purchased_purges":0,"victory":false,"max_hp_per_floor":[65,65,65,65,65,65,65,65],"card_choices":[{"not_picked":["Slimebound:Chomp","Slimebound:PressTheAttack"],"picked":"Slimebound:Repurpose","floor":2},{"not_picked":["Slimebound:SamplingLick","Slimebound:FlameTackle"],"picked":"Slimebound:Repurpose","floor":3},{"not_picked":["Slimebound:GoopSpray","Slimebound:RejuvenatingLick"],"picked":"Slimebound:PressTheAttack","floor":4},{"not_picked":["Slimebound:DisruptingSlam","Slimebound:Repurpose","Slimebound:SpikyOuterGoop"],"picked":"SKIP","floor":5}],"player_experience":1153869,"relics_obtained":[],"event_choices":[],"is_beta":false,"boss_relics":[],"items_purged_floors":[],"is_endless":false,"potions_floor_spawned":[2],"killed_by":"Gremlin Nob","ascension_level":0}}