{"host":"87fdiiwflhrwsj8a","time":1610841711,"event":{"mods":["Aspiration","BaseMod","Better Match","Better Third Choice","BetterRewards","Colored Map","Conspire","GifTheSpireLib","Infinite Spire","Minty Spire (QoL Compilation)","Quick Restart","Relic Sorter","Replay The Spire","Robot Space Explorer","StSLib","Stuff the Spire","The Cursed","The Jungle","The Marked"],"gold_per_floor":[119,119,119,138,63,63,63,90,90,90,108,136,148,148,148,250,250,260,186,196,196,196,196,223,223,223,236,236,247,277,288,288,386,486,503,503,516,578,592,617,633,633,633,633,665,685,698,711,711,711,711],"floor_reached":50,"language":"ENG","playtime":2209,"items_purged":[],"score":627,"play_id":"0e0dce40-976c-46c9-8c4d-f5723f97183e","local_time":"20210116190151","is_ascension_mode":false,"campfire_choices":[{"data":"theMarked:ComboAttacks","floor":6.0,"key":"SMITH"},{"floor":15.0,"key":"REST"},{"data":"theMarked:ResourceFulStrike","floor":23.0,"key":"SMITH"},{"data":"Trip","floor":25.0,"key":"SMITH"},{"data":"theMarked:BanishingWave","floor":28.0,"key":"SMITH"},{"data":"theMarked:WardOff","floor":32.0,"key":"SMITH"},{"data":"theMarked:BindingBlade","floor":42.0,"key":"SMITH"},{"data":"theMarked:BanishingStrike","floor":44.0,"key":"SMITH"},{"floor":49.0,"key":"RECALL"}],"circlet_count":0,"master_deck":["theMarked:Strike+1","theMarked:Strike+1","theMarked:Strike+1","theMarked:Strike+1","theMarked:Strike+1","theMarked:Defend+1","theMarked:Defend+1","theMarked:Defend+1","theMarked:Defend+1","theMarked:SoldierOfQuellstein","Trip+1","theMarked:TakeOffHeels","theMarked:ComboAttacks+1","theMarked:MysticalArsenal","theMarked:WardOff+1","theMarked:SoldierForm+1","theMarked:ResourceFulStrike+1","theMarked:MysticalArsenal+1","theMarked:Frustration+1","theMarked:BanishingWave+1","theMarked:BanishingStrike+1","theMarked:BanishingStrike+1","theMarked:ResourceFulStrike","theMarked:BindingBlade+1","theMarked:TwofoldDefense+1","theMarked:ComboAttacks+1","theMarked:MuscleMemory","theMarked:BanishingStrike+1","theMarked:SelfDefenseTraining+1","theMarked:BanishingStrike"],"relics":["theMarked:ArtifactOfAir","Unceasing Top","Bag of Marbles","Medical Kit","CultistMask","conspire:DecoderRing","StuffTheSpire:DarkSteelAnvil","Frozen Egg 2","Snecko Heart","infinitespire:Lucky Rock","Vajra","Replay:Wanted Poster","Meat on the Bone","Omamori","Blue Candle","infinitespire:WardingShard"],"acts_visited":["Exordium","TheCity","TheBeyond"],"potions_floor_usage":[],"damage_taken":[{"damage":6.0,"enemies":"2 Louse","floor":1.0,"turns":2.0},{"damage":0.0,"enemies":"Small Slimes","floor":4.0,"turns":2.0},{"damage":30.0,"enemies":"Gremlin Nob","floor":8.0,"turns":4.0},{"damage":0.0,"enemies":"Cultist","floor":11.0,"turns":4.0},{"damage":1.0,"enemies":"Lagavulin","floor":12.0,"turns":5.0},{"damage":13.0,"enemies":"Red Slaver","floor":13.0,"turns":2.0},{"damage":7.0,"enemies":"Hexaghost","floor":16.0,"turns":8.0},{"damage":0.0,"enemies":"Chosen","floor":18.0,"turns":5.0},{"damage":5.0,"enemies":"2 Thieves","floor":20.0,"turns":3.0},{"damage":7.0,"enemies":"Slavers","floor":24.0,"turns":4.0},{"damage":0.0,"enemies":"Snecko","floor":27.0,"turns":2.0},{"damage":0.0,"enemies":"Snake Plant","floor":29.0,"turns":2.0},{"damage":0.0,"enemies":"Gremlin Leader","floor":30.0,"turns":3.0},{"damage":10.0,"enemies":"Cultist and Chosen","floor":31.0,"turns":2.0},{"damage":16.0,"enemies":"conspire:MysteriousRune","floor":33.0,"turns":5.0},{"damage":7.0,"enemies":"3 Darklings","floor":35.0,"turns":3.0},{"damage":1.0,"enemies":"Orb Walker","floor":37.0,"turns":2.0},{"damage":0.0,"enemies":"3 Darklings","floor":39.0,"turns":3.0},{"damage":1.0,"enemies":"R_Hoarder","floor":40.0,"turns":3.0},{"damage":0.0,"enemies":"Jaw Worm Horde","floor":41.0,"turns":3.0},{"damage":0.0,"enemies":"Reptomancer","floor":45.0,"turns":2.0},{"damage":3.0,"enemies":"Sphere and 2 Shapes","floor":46.0,"turns":4.0},{"damage":0.0,"enemies":"Maw","floor":47.0,"turns":2.0},{"damage":0.0,"enemies":"Transient","floor":48.0,"turns":5.0},{"damage":85,"enemies":"conspire:OrnateMirror","floor":50,"turns":6}],"seed_played":"6497401186614239486","potions_obtained":[{"floor":4.0,"key":"Milkshake"},{"floor":8.0,"key":"Doom Potion"},{"floor":11.0,"key":"Flashbang"},{"floor":24.0,"key":"Toxic Potion"},{"floor":30.0,"key":"Energy Potion"},{"floor":37.0,"key":"AttackPotion"},{"floor":41.0,"key":"Adrenaline Potion"},{"floor":46.0,"key":"CultistPotion"},{"floor":48.0,"key":"LiquidBronze"}],"is_trial":false,"path_per_floor":["M","?","?","M","$","R","?","E","T","$","M","E","M","$","R","B",null,"M","$","M","?","?","R","E","R","T","M","R","M","E","M","R","B",null,"M","?","M","?","M","E","M","R","T","R","E","M","M","M","R","B"],"character_chosen":"THE_DEFAULT","items_purchased":["Bag of Marbles","Medical Kit","Trip","theMarked:TakeOffHeels","theMarked:ComboAttacks","theMarked:MysticalArsenal","theMarked:MysticalArsenal+1"],"campfire_rested":1,"item_purchase_floors":[0,0,0,0,0,5,19],"current_hp_per_floor":[32,37,52,52,52,52,52,22,22,22,22,21,8,8,30,23,75,75,75,70,70,70,70,63,63,63,63,63,63,63,53,53,37,75,68,75,74,56,56,55,55,55,55,55,55,52,52,52,52,0,0],"gold":711,"neow_bonus":"","is_daily":false,"chose_seed":false,"campfire_upgraded":7,"win_rate":0.0,"timestamp":1610841711,"path_taken":["M","?","?","M","$","R","?","E","T","$","?","E","M","?","R","BOSS","M","?","M","?","?","R","E","R","T","M","R","M","E","M","R","BOSS","M","?","M","?","?","E","M","R","T","R","E","M","M","M","R","BOSS"],"items_purchased_type":["Relic","Relic","Card","Card","Card","Card","Card"],"build_version":"2020-12-22","purchased_purges":0,"victory":false,"max_hp_per_floor":[70,75,75,75,75,75,75,75,75,75,75,75,75,75,75,75,75,75,75,75,75,75,75,75,75,75,75,75,75,75,75,75,75,75,75,75,75,75,75,75,75,75,75,75,75,75,75,75,75,75,75],"card_choices":[{"not_picked":["theMarked:SelfDefenseTraining","theMarked:AttractMetal","theMarked:ReduceFriction"],"picked":"SKIP","floor":1.0},{"not_picked":["theMarked:Opportunist","theMarked:ReduceFriction","theMarked:ChainLightning"],"picked":"SKIP","floor":4.0},{"not_picked":["theMarked:Convert","theMarked:Static"],"picked":"theMarked:WardOff","floor":8.0},{"not_picked":["theMarked:WastefulAttack","theMarked:Generate","theMarked:TunnelVision"],"picked":"SKIP","floor":11.0},{"not_picked":["theMarked:Parkour","theMarked:WastefulAttack","theMarked:Convert"],"picked":"SKIP","floor":12.0},{"not_picked":["theMarked:ElementalBlade","theMarked:TakeCover","theMarked:HeightenedSenses"],"picked":"SKIP","floor":13.0},{"not_picked":["theMarked:ChannelForce","theMarked:Levitate"],"picked":"theMarked:SoldierForm+1","floor":16.0},{"not_picked":["theMarked:Frustration","theMarked:WastefulDefense"],"picked":"theMarked:ResourceFulStrike","floor":18.0},{"not_picked":["theMarked:WastefulDefense","theMarked:Aftermath"],"picked":"theMarked:Frustration+1","floor":20.0},{"not_picked":["theMarked:HeightenedSenses","theMarked:SwordAndMagic+1","theMarked:Improvise"],"picked":"SKIP","floor":24.0},{"not_picked":["theMarked:EmpowerWeapon","theMarked:Polarize+1"],"picked":"theMarked:BanishingWave","floor":27.0},{"not_picked":["theMarked:ShockingTouch","theMarked:Electrocute"],"picked":"theMarked:BanishingStrike","floor":29.0},{"not_picked":["theMarked:WastefulAttack","theMarked:Static+1"],"picked":"theMarked:BanishingStrike+1","floor":30.0},{"not_picked":["theMarked:StartUp","theMarked:WastefulAttack"],"picked":"theMarked:ResourceFulStrike","floor":31.0},{"not_picked":["theMarked:FavorableWinds","theMarked:DispelDoubt"],"picked":"theMarked:BindingBlade","floor":33.0},{"not_picked":["theMarked:WastefulDefense","theMarked:Aftermath"],"picked":"theMarked:TwofoldDefense+1","floor":35.0},{"not_picked":["theMarked:ResourceFulStrike+1","theMarked:Parkour+1"],"picked":"theMarked:ComboAttacks+1","floor":37.0},{"not_picked":["theMarked:Parkour+1","theMarked:Aftermath"],"picked":"theMarked:MuscleMemory","floor":39.0},{"not_picked":["theMarked:MaelstromOfLightning","theMarked:HeightenedSenses+1"],"picked":"theMarked:BanishingStrike+1","floor":40.0},{"not_picked":["theMarked:ChainLightning+1","theMarked:LightningStrikesTwice"],"picked":"theMarked:SelfDefenseTraining+1","floor":41.0},{"not_picked":["theMarked:Generate+1","theMarked:UnarmedFury","theMarked:ContemptForTheProud+1"],"picked":"SKIP","floor":45.0},{"not_picked":["theMarked:Electrify","theMarked:EmpowerWeapon","theMarked:Polarize+1"],"picked":"SKIP","floor":46.0},{"not_picked":["theMarked:RepellingDischarge","theMarked:SwordAndMagic+1"],"picked":"theMarked:BanishingStrike","floor":47.0},{"not_picked":["theMarked:Parkour","theMarked:Electrify","theMarked:WardOff"],"picked":"SKIP","floor":48.0}],"player_experience":2708986,"relics_obtained":[{"floor":8.0,"key":"conspire:DecoderRing"},{"floor":9.0,"key":"StuffTheSpire:DarkSteelAnvil"},{"floor":12.0,"key":"Frozen Egg 2"},{"floor":24.0,"key":"infinitespire:Lucky Rock"},{"floor":30.0,"key":"Vajra"},{"floor":38.0,"key":"Meat on the Bone"},{"floor":40.0,"key":"Omamori"},{"floor":43.0,"key":"Blue Candle"},{"floor":45.0,"key":"infinitespire:WardingShard"}],"event_choices":[{"damage_healed":0.0,"max_hp_gain":5.0,"max_hp_loss":0.0,"gold_gain":0.0,"event_name":"Big Fish","player_choice":"Donut","floor":2.0,"gold_loss":0.0,"damage_taken":0.0},{"damage_healed":0.0,"max_hp_gain":0.0,"max_hp_loss":0.0,"gold_gain":0.0,"event_name":"FaceTrader","player_choice":"Trade","floor":7.0,"gold_loss":0.0,"damage_taken":0.0,"relics_obtained":["CultistMask"]},{"damage_healed":0.0,"max_hp_gain":0.0,"max_hp_loss":0.0,"gold_gain":0.0,"event_name":"Beggar","player_choice":"Ignored","floor":21.0,"gold_loss":0.0,"damage_taken":0.0},{"damage_healed":0.0,"max_hp_gain":0.0,"max_hp_loss":9.0,"gold_gain":0.0,"event_name":"betterThird:BetterWriting","player_choice":"Simplicity","floor":22.0,"gold_loss":0.0,"damage_taken":0.0}],"is_beta":false,"boss_relics":[{"not_picked":["Snecko Eye","aspiration:RitualDagger"],"picked":"Snecko Heart"},{"not_picked":["aspiration:RunicSpoon","conspire:SpecialSausage"],"picked":"Replay:Wanted Poster"}],"items_purged_floors":[],"is_endless":false,"potions_floor_spawned":[4,8,11,13,16,18,24,30,37,39,41,46,48],"killed_by":"conspire:OrnateMirror","ascension_level":0}}