{"host":"q1lxaqt9cokjx2jz","time":1610912392,"event":{"mods":["Act Like it!","BaseMod","Colored Map","Downfall","Gensokyo","Hallownest","Hermit","Hubris","Koishi","Minty Spire (QoL Compilation)","Prisma Mod","READ ME - Guardian Mod","StSLib","The Bug Knight","The Cursed","The Druid","The Jungle","[IsaacMod]????"],"gold_per_floor":[114,214,214,63,75,109,109,109,162,193,193,193,293,312,312,416,916,935,953,953,966,966,966,966,0,0,0,26,38,45,59,59,658,658,675,0,0,16,16,23,23],"floor_reached":40,"language":"ENG","playtime":2114,"items_purged":["Hallownest:curseDreamersLament"],"score":542,"play_id":"d1b2a76d-2523-48b0-8bd2-11f0164a0ca3","local_time":"20210117143952","is_ascension_mode":false,"campfire_choices":[{"data":"Blasphemy","floor":15,"key":"SMITH"},{"floor":23,"key":"REST"},{"data":"Devotion","floor":32,"key":"SMITH"}],"circlet_count":0,"master_deck":["Eruption","Vigilance","EpicFetus","Dramatic Entrance","ThirdEye","Vengeance","Consecrate+1","Blasphemy+1","Meditate","Hallownest:skillSlugHide","Hallownest:skillSlugHide+1","Hallownest:skillSlugHide","Hallownest:skillSlugHide","Hallownest:skillSlugHide","JustLucky","FearNoEvil","LessonLearned","Vengeance","Wireheading","Wallop","MasterReality","WaveOfTheHand","Brilliance","TalkToTheHand+1","Halt","FollowUp","Wallop+1","EmptyMind","Devotion+1","Judgement","Perseverance+1","DeceiveReality+1"],"relics":["PureWater","HushsDoor","MaYiHuaBei","Hallownest:TeacherSealRelic","Oddly Smooth Stone","Thread and Needle","Question Card","hubris:Icosahedron","Juzu Bracelet","GuppysTail","Hallownest:SheosBrushRelic","Pandora\u0027s Box","DeathBook","SalivaCoin","Bird Faced Urn","hubris:BottledHeart","Black Star","Mercury Hourglass","Hallownest:HeavyBlowRelic"],"acts_visited":["Hallownest:Greenpath","TheCity","Hallownest:KingdomsEdge"],"potions_floor_usage":[29,35,35,40,40],"damage_taken":[{"damage":6,"enemies":"2_ Uuma","floor":1,"turns":3},{"damage":2,"enemies":"Hallownest:2_MossCreeps","floor":5,"turns":4},{"damage":4,"enemies":"Hallownest:eliteCrystalGuardian","floor":6,"turns":5},{"damage":0,"enemies":"Hallownest:eliteVengeflyKing","floor":10,"turns":3},{"damage":5,"enemies":"Hallownest:monsterHuskGuard","floor":14,"turns":4},{"damage":5,"enemies":"Hallownest:BossBrokenVessel","floor":16,"turns":6},{"damage":0,"enemies":"Chosen","floor":18,"turns":3},{"damage":0,"enemies":"Shell Parasite","floor":19,"turns":4},{"damage":29,"enemies":"Chosen and Byrds","floor":21,"turns":7},{"damage":11,"enemies":"Shelled Parasite and Fungi","floor":28,"turns":4},{"damage":0,"enemies":"Sentry and Sphere","floor":29,"turns":2},{"damage":0,"enemies":"Snake Plant","floor":31,"turns":4},{"damage":0,"enemies":"Champ","floor":33,"turns":7},{"damage":0,"enemies":"Hallownest:3_Siblings","floor":35,"turns":4},{"damage":0,"enemies":"Hallownest:2_Littles","floor":38,"turns":5},{"damage":99988,"enemies":"Hallownest:StalkingDevout","floor":40,"turns":10}],"seed_played":"-4414472395208168914","potions_obtained":[{"floor":6,"key":"Energy Potion"},{"floor":14,"key":"Slimebound:ThreeZeroPotion"},{"floor":29,"key":"DistilledChaos"},{"floor":31,"key":"Guardian:BlockOnCardUsePotion"},{"floor":38,"key":"SkillPotion"}],"is_trial":false,"path_per_floor":["M","?","?","$","M","E","T","?","T","E","?","?","?","M","R","B",null,"M","M","?","M","?","R","?","$","T","?","M","M","?","M","R","B",null,"M","$","?","M","?","E"],"character_chosen":"WATCHER","items_purchased":["Oddly Smooth Stone","DeathBook","WaveOfTheHand","Brilliance","SalivaCoin","Mercury Hourglass"],"campfire_rested":1,"item_purchase_floors":[4,17,17,17,25,36],"current_hp_per_floor":[66,66,66,66,64,60,60,60,60,60,60,60,60,55,55,50,51,51,51,43,14,14,30,30,30,30,33,26,28,1,1,1,1,1,1,1,1,1,1,0,0],"gold":23,"neow_bonus":"RANDOM_COLORLESS","is_daily":false,"chose_seed":false,"campfire_upgraded":2,"win_rate":0.0,"timestamp":1610912392,"path_taken":["M","?","?","$","M","E","?","?","T","E","?","?","?","M","R","BOSS","M","M","?","M","?","R","?","$","T","?","M","M","?","M","R","BOSS","M","$","?","M","?","E"],"items_purchased_type":["Relic","Relic","Card","Card","Relic","Relic"],"build_version":"2020-12-22","purchased_purges":1,"victory":false,"max_hp_per_floor":[72,72,72,72,72,72,72,72,72,72,72,72,72,72,72,72,51,51,51,56,56,56,56,56,56,56,59,59,59,1,1,1,1,1,1,1,1,1,1,1,1],"card_choices":[{"not_picked":[],"picked":"EpicFetus","floor":0},{"not_picked":["Bandage Up","Trip"],"picked":"Dramatic Entrance","floor":0},{"not_picked":["ReachHeaven","WreathOfFlame"],"picked":"ThirdEye","floor":1},{"not_picked":["Evaluate","EmptyMind"],"picked":"Vengeance","floor":2},{"not_picked":["Vengeance","WheelKick"],"picked":"Consecrate","floor":5},{"not_picked":["EmptyBody","Protect"],"picked":"Blasphemy","floor":6},{"not_picked":["CutThroughFate","Scrawl","SignatureMove"],"picked":"Meditate","floor":10},{"not_picked":["SignatureMove","Consecrate","ThirdEye"],"picked":"JustLucky","floor":13},{"not_picked":["EmptyFist","Evaluate","ThirdEye"],"picked":"FearNoEvil","floor":14},{"not_picked":["Establishment","ConjureBlade","Devotion"],"picked":"LessonLearned","floor":16},{"not_picked":["ThirdEye","CarveReality+1","Fasting2"],"picked":"TalkToTheHand+1","floor":18},{"not_picked":["ThirdEye+1","Fasting2","Crescendo"],"picked":"Halt","floor":19},{"not_picked":["FlurryOfBlows","CutThroughFate","Crescendo+1"],"picked":"FollowUp","floor":21},{"not_picked":["EmptyFist","CutThroughFate","ThirdEye"],"picked":"Wallop+1","floor":28},{"not_picked":["Wireheading","WreathOfFlame","Weave"],"picked":"EmptyMind","floor":29},{"not_picked":["CarveReality","EmptyMind","JustLucky"],"picked":"Devotion","floor":31},{"not_picked":["ConjureBlade","Vault","Brilliance"],"picked":"Judgement","floor":33},{"not_picked":["Meditate+1","ClearTheMind+1","Vengeance+1"],"picked":"Perseverance+1","floor":35},{"not_picked":["Consecrate+1","ClearTheMind+1","Protect"],"picked":"DeceiveReality+1","floor":38}],"player_experience":531813,"relics_obtained":[{"floor":6,"key":"Thread and Needle"},{"floor":7,"key":"Question Card"},{"floor":9,"key":"Juzu Bracelet"},{"floor":10,"key":"GuppysTail"},{"floor":26,"key":"Bird Faced Urn"}],"event_choices":[{"damage_healed":0,"gold_gain":0,"player_choice":"Shed Blood","damage_taken":13,"max_hp_gain":5,"max_hp_loss":0,"event_name":"Forgotten Altar","floor":20,"gold_loss":0},{"damage_healed":0,"gold_gain":0,"player_choice":"Ignored","damage_taken":0,"max_hp_gain":0,"max_hp_loss":0,"event_name":"Ghosts","floor":22,"gold_loss":0},{"damage_healed":0,"gold_gain":0,"player_choice":"Ignored","damage_taken":0,"max_hp_gain":0,"max_hp_loss":0,"event_name":"Beggar","floor":24,"gold_loss":0}],"is_beta":false,"boss_relics":[{"not_picked":["hubris:CrackedHourglass","Astrolabe"],"picked":"Pandora\u0027s Box"},{"not_picked":[]},{"not_picked":["Runic Pyramid","SacredBark"],"picked":"Black Star"},{"not_picked":[]}],"items_purged_floors":[17],"is_endless":false,"potions_floor_spawned":[6,14,29,31,38],"killed_by":"Hallownest:StalkingDevout","ascension_level":0}}