{"host":"2se5dq1do2gp0x9k","time":1610872024,"event":{"mods":["AchievementEnabler","BaseMod","Block Reminder","Colored Map","Colored Powertips","Minty Spire (QoL Compilation)","Relic Stats","StSLib","SuperFastMode"],"gold_per_floor":[110,2,18,18,38,38,63,63,63,63,63,63,81,113,113,191,191,206,37,37,51,51,51,64,64,119,131,193,257,282,327,339,422,434,457,484,508,445,459,484,222,255,255,287,287,287,287,299,299,299,299],"floor_reached":52,"language":"ENG","playtime":6376,"items_purged":["Strike_B","Strike_B"],"score":2107,"play_id":"7c646915-9723-4c41-a416-dbdf8d4caf5f","local_time":"20210117002704","is_ascension_mode":true,"campfire_choices":[{"data":"Hologram","floor":6.0,"key":"SMITH"},{"data":"Leap","floor":8.0,"key":"SMITH"},{"floor":12.0,"key":"REST"},{"floor":15.0,"key":"REST"},{"floor":23.0,"key":"REST"},{"data":"Buffer","floor":25.0,"key":"SMITH"},{"data":"Seek","floor":27.0,"key":"SMITH"},{"data":"Steam Power","floor":32.0,"key":"SMITH"},{"floor":45,"key":"RECALL"},{"floor":49,"key":"REST"}],"circlet_count":0,"master_deck":["AscendersBane","Defend_B","Defend_B+1","Defend_B","Defend_B","Zap","Dualcast","Gash","Gash","Rebound+1","Leap+1","Hologram+1","Reboot","BootSequence","All For One","Seek+1","Undo+1","Steam","Leap+1","Rebound+1","Steam Power+1","Buffer+1","Sunder+1","Echo Form","Gash","Steam","Gash","Seek","Turbo","Forethought","Purity","Flash of Steel","Scrape"],"relics":["Cracked Core","Thread and Needle","Gambling Chip","Incense Burner","Bag of Preparation","SlaversCollar","Orrery","MawBank","DataDisk","Runic Pyramid","Girya","War Paint","Mummified Hand","Ice Cream","Shuriken"],"acts_visited":["Exordium","TheCity","TheBeyond"],"potions_floor_usage":[37,50,50],"damage_taken":[{"damage":8.0,"enemies":"2 Louse","floor":1.0,"turns":3.0},{"damage":3.0,"enemies":"Jaw Worm","floor":3.0,"turns":2.0},{"damage":0.0,"enemies":"Small Slimes","floor":5.0,"turns":3.0},{"damage":18.0,"enemies":"Lagavulin","floor":7.0,"turns":7.0},{"damage":4.0,"enemies":"Blue Slaver","floor":13.0,"turns":3.0},{"damage":2.0,"enemies":"Gremlin Nob","floor":14.0,"turns":4.0},{"damage":26.0,"enemies":"The Guardian","floor":16.0,"turns":8.0},{"damage":0.0,"enemies":"Shell Parasite","floor":18.0,"turns":3.0},{"damage":13.0,"enemies":"3 Byrds","floor":21.0,"turns":6.0},{"damage":0.0,"enemies":"Snake Plant","floor":24.0,"turns":3.0},{"damage":8.0,"enemies":"3 Cultists","floor":30.0,"turns":6.0},{"damage":1.0,"enemies":"Slavers","floor":31.0,"turns":5.0},{"damage":20.0,"enemies":"Automaton","floor":33.0,"turns":11.0},{"damage":0.0,"enemies":"3 Darklings","floor":35.0,"turns":7.0},{"damage":1.0,"enemies":"Orb Walker","floor":36.0,"turns":3.0},{"damage":14,"enemies":"Writhing Mass","floor":37,"turns":9},{"damage":0,"enemies":"Sphere and 2 Shapes","floor":39,"turns":5},{"damage":0,"enemies":"Nemesis","floor":40,"turns":7},{"damage":0,"enemies":"Giant Head","floor":42,"turns":7},{"damage":9,"enemies":"Nemesis","floor":44,"turns":7},{"damage":0,"enemies":"Transient","floor":48,"turns":6},{"damage":0,"enemies":"Donu and Deca","floor":50,"turns":11},{"damage":40,"enemies":"Awakened One","floor":51,"turns":11}],"seed_played":"-7232685559741790442","potions_obtained":[{"floor":5.0,"key":"Strength Potion"},{"floor":14.0,"key":"PowerPotion"},{"floor":16.0,"key":"SteroidPotion"},{"floor":21.0,"key":"DuplicationPotion"},{"floor":24.0,"key":"CultistPotion"},{"floor":33.0,"key":"Fire Potion"},{"floor":36.0,"key":"GamblersBrew"},{"floor":37,"key":"Fire Potion"},{"floor":48,"key":"LiquidBronze"}],"is_trial":false,"path_per_floor":["M","$","M","?","M","R","E","R","T","?","?","R","M","E","R","B",null,"M","$","?","M","?","R","M","R","T","R","?","T","M","E","R","B",null,"M","M","M","$","M","E","$","E","T","E","R","?","?","M","R","B","B",null],"character_chosen":"DEFECT","items_purchased":["Gash","Rebound","Orrery","War Paint"],"campfire_rested":4,"item_purchase_floors":[2,2,19,41],"current_hp_per_floor":[56,56,53,58,58,58,40,40,40,40,19,39,35,33,53,27,59,59,59,59,46,27,49,49,49,49,49,49,49,41,40,40,20,61,61,60,46,46,46,46,46,46,46,37,37,27,27,27,49,49,9],"gold":299,"neow_bonus":"ONE_RARE_RELIC","is_daily":false,"chose_seed":false,"campfire_upgraded":5,"win_rate":0.0,"timestamp":1610872024,"path_taken":["M","$","M","?","M","R","E","R","T","?","?","R","M","E","R","BOSS","M","$","?","M","?","R","M","R","T","R","?","?","M","E","R","BOSS","M","M","M","$","M","E","$","E","T","E","R","?","?","?","R","BOSS","BOSS"],"items_purchased_type":["Card","Card","Relic","Relic"],"build_version":"2020-12-22","purchased_purges":2,"victory":true,"max_hp_per_floor":[64,64,64,69,69,69,69,69,69,69,69,69,69,69,69,69,69,69,69,69,69,74,74,74,74,74,74,74,74,74,74,74,74,74,74,74,74,74,74,74,74,74,74,74,74,74,74,74,74,74,74],"relic_stats":{"counters":[23,137],"Mummified Hand":[14],"Shuriken":[22],"Gambling Chip":[98],"Bag of Preparation":[34],"War Paint":["Leap","Undo"],"MawBank":144,"obtain_stats":[{"Ice Cream":43,"Girya":40,"Thread and Needle":0,"Incense Burner":9,"Bag of Preparation":14,"War Paint":41,"MawBank":26,"SlaversCollar":17,"DataDisk":31,"Mummified Hand":42,"Shuriken":44,"Gambling Chip":7,"Orrery":19,"Cracked Core":0,"Runic Pyramid":34},{"Ice Cream":19,"Girya":18,"Thread and Needle":0,"Incense Burner":4,"Bag of Preparation":6,"War Paint":18,"MawBank":10,"SlaversCollar":7,"DataDisk":12,"Mummified Hand":19,"Shuriken":20,"Gambling Chip":4,"Orrery":8,"Cracked Core":0,"Runic Pyramid":13},{"Ice Cream":102,"Girya":95,"Thread and Needle":0,"Incense Burner":15,"Bag of Preparation":22,"War Paint":95,"MawBank":42,"SlaversCollar":30,"DataDisk":53,"Mummified Hand":102,"Shuriken":109,"Gambling Chip":15,"Orrery":33,"Cracked Core":0,"Runic Pyramid":64}]},"card_choices":[{"not_picked":["Redo","Stack"],"picked":"Gash","floor":1.0},{"not_picked":["Ball Lightning","Go for the Eyes"],"picked":"Leap","floor":3.0},{"not_picked":["Fusion","Rebound"],"picked":"Hologram","floor":5.0},{"not_picked":["Rebound","Capacitor"],"picked":"Reboot","floor":7.0},{"not_picked":["Turbo","Cold Snap","Scrape"],"picked":"SKIP","floor":13.0},{"not_picked":["Self Repair","Sweeping Beam"],"picked":"All For One","floor":14.0},{"not_picked":["Thunder Strike","Creative AI"],"picked":"Seek","floor":16.0},{"not_picked":["Hello World","Chaos"],"picked":"Undo","floor":18.0},{"not_picked":["Rip and Tear","Sweeping Beam"],"picked":"Steam","floor":19.0},{"not_picked":["Stack","Ball Lightning+1"],"picked":"Leap","floor":19.0},{"not_picked":["Barrage+1","Ball Lightning"],"picked":"Rebound+1","floor":19.0},{"not_picked":["Glacier","Auto Shields"],"picked":"Steam Power","floor":19.0},{"not_picked":["Rip and Tear","Turbo"],"picked":"Buffer","floor":21.0},{"not_picked":["Stack","Hologram"],"picked":"Sunder+1","floor":24.0},{"not_picked":["Aggregate","Cold Snap+1","Conserve Battery"],"picked":"SKIP","floor":30.0},{"not_picked":["Hello World","Rebound","Tempest"],"picked":"SKIP","floor":31.0},{"not_picked":["Rainbow","Fission"],"picked":"Echo Form","floor":33.0},{"not_picked":["Go for the Eyes","Leap+1"],"picked":"Gash","floor":35.0},{"not_picked":["Consume+1","Beam Cell"],"picked":"Steam","floor":36.0},{"not_picked":["Steam Power","BootSequence"],"picked":"Gash","floor":37},{"not_picked":["Cold Snap","Tempest","Redo"],"picked":"SKIP","floor":39},{"not_picked":["Turbo","Melter+1"],"picked":"Seek","floor":40},{"not_picked":["Ball Lightning","Force Field"],"picked":"Turbo","floor":42},{"not_picked":["Streamline","Steam","Leap+1"],"picked":"SKIP","floor":44},{"not_picked":["Violence","Swift Strike"],"picked":"Forethought","floor":46},{"not_picked":["Secret Weapon","Discovery"],"picked":"Purity","floor":46},{"not_picked":["Madness","Impatience"],"picked":"Flash of Steel","floor":46},{"not_picked":["Ball Lightning","Steam Power","Rebound+1"],"picked":"SKIP","floor":48}],"player_experience":3886044,"relics_obtained":[{"floor":7.0,"key":"Gambling Chip"},{"floor":9.0,"key":"Incense Burner"},{"floor":14.0,"key":"Bag of Preparation"},{"floor":26.0,"key":"MawBank"},{"floor":31.0,"key":"DataDisk"},{"floor":40,"key":"Girya"},{"floor":42,"key":"Mummified Hand"},{"floor":43,"key":"Ice Cream"},{"floor":44,"key":"Shuriken"}],"event_choices":[{"damage_healed":0.0,"max_hp_gain":5.0,"max_hp_loss":0.0,"gold_gain":0.0,"event_name":"Big Fish","player_choice":"Donut","floor":4.0,"gold_loss":0.0,"damage_taken":0.0},{"damage_healed":0.0,"max_hp_gain":0.0,"max_hp_loss":0.0,"gold_gain":0.0,"cards_transformed":["Strike_B"],"event_name":"Living Wall","player_choice":"Change","floor":10.0,"gold_loss":0.0,"damage_taken":0.0,"cards_obtained":["BootSequence"]},{"damage_healed":0.0,"max_hp_gain":0.0,"max_hp_loss":0.0,"gold_gain":0.0,"event_name":"Shining Light","player_choice":"Entered Light","floor":11.0,"gold_loss":0.0,"damage_taken":21.0,"cards_upgraded":["Rebound","Defend_B"]},{"damage_healed":0.0,"max_hp_gain":5.0,"max_hp_loss":0.0,"gold_gain":0.0,"event_name":"Forgotten Altar","player_choice":"Shed Blood","floor":22.0,"gold_loss":0.0,"damage_taken":24.0},{"damage_healed":0.0,"max_hp_gain":0.0,"max_hp_loss":0.0,"gold_gain":50.0,"event_name":"Nest","player_choice":"Stole From Cult","floor":28.0,"gold_loss":0.0,"damage_taken":0.0},{"damage_healed":0,"gold_gain":0,"player_choice":"Memory 3","damage_taken":10,"max_hp_gain":0,"max_hp_loss":0,"event_name":"SensoryStone","floor":46,"gold_loss":0},{"damage_healed":0,"gold_gain":0,"cards_transformed":["Strike_B"],"player_choice":"Transformed","damage_taken":0,"max_hp_gain":0,"max_hp_loss":0,"event_name":"Transmorgrifier","floor":47,"gold_loss":0,"cards_obtained":["Scrape"]}],"is_beta":false,"boss_relics":[{"not_picked":["Snecko Eye","Velvet Choker"],"picked":"SlaversCollar"},{"not_picked":["Runic Dome","Calling Bell"],"picked":"Runic Pyramid"}],"items_purged_floors":[38,41],"is_endless":false,"potions_floor_spawned":[5,14,16,21,24,30,31,33,36,37,42,44,48],"ascension_level":20}}