{"host":"oztwkdn1ogbv4ny9","time":1610864687,"event":{"mods":["AchievementEnabler","BaseMod","Colored Map","Hermit","Minty Spire (QoL Compilation)","Replay The Spire","StSLib","SuperFastMode","The Construct","The Cursed","The Disciple","The Hierophant","The Necromancer","The Servant 0.9.4"],"gold_per_floor":[113,137,137,137,151,184,184,223,223,248,248,271,284,304,304,429,429,425,425,455,475,475,475,475,511,511,217,217,17,61,86,86,221,221,237,261,136,164,196,196,217,244,244,244,39,39,93,100,100],"floor_reached":48,"language":"ENG","playtime":2388,"items_purged":["hermit:Strike_Hermit","hermit:Defend_Hermit","hermit:Defend_Hermit"],"score":737,"play_id":"bda601fb-4b09-4b45-b08b-18e300a894ae","local_time":"20210117012447","is_ascension_mode":false,"campfire_choices":[{"data":"hermit:Covet","floor":7,"key":"SMITH"},{"data":"hermit:Vantage","floor":11,"key":"SMITH"},{"floor":15,"key":"REST"},{"data":"hermit:FromBeyond","floor":24,"key":"SMITH"},{"data":"hermit:Scavenge","floor":28,"key":"SMITH"},{"floor":32,"key":"REST"},{"data":"hermit:Snapshot","floor":40,"key":"SMITH"},{"floor":44,"key":"REST"}],"circlet_count":0,"master_deck":["hermit:Strike_Hermit","hermit:Strike_Hermit","hermit:Strike_Hermit","hermit:Defend_Hermit","hermit:Snapshot+1","hermit:Covet+1","hermit:Enervate","hermit:Vantage+1","hermit:Coalescence","hermit:Scavenge+1","hermit:FromBeyond+1","hermit:Deadeye","hermit:Quickdraw+1","Parasite","hermit:BigShot+1","hermit:Scavenge","Pot Of Greed","Pot Of Greed","Hallucinations"],"relics":["hermit:Momento","NeowsBlessing","Pet Ghost","Golden Idol","Blue Doll","PreservedInsect","Singing Bowl","Black Star","Enchiridion","Art of War","StoneCalendar","Toy Ornithopter","Replay:Baseball","ReplayFunnel","Onion Ring","Painkiller Herb","Girya","Grinning Jar","Ring of Chaos","Ring of Fangs","Replay:Rubber Ducky","Orichalcum"],"acts_visited":["Exordium","TheCity","TheBeyond"],"potions_floor_usage":[8,16,16,16,20,30,33,33,33,42,42],"damage_taken":[{"damage":0,"enemies":"Cultist","floor":1,"turns":1},{"damage":0,"enemies":"Jaw Worm","floor":5,"turns":1},{"damage":0,"enemies":"3 Sentries","floor":6,"turns":1},{"damage":21,"enemies":"Lagavulin","floor":8,"turns":6},{"damage":10,"enemies":"Small Slimes","floor":10,"turns":3},{"damage":3,"enemies":"Exordium Wildlife","floor":12,"turns":3},{"damage":3,"enemies":"3 Louse","floor":13,"turns":3},{"damage":0,"enemies":"2 Fungi Beasts","floor":14,"turns":4},{"damage":18,"enemies":"Slime Boss","floor":16,"turns":10},{"damage":20,"enemies":"2 Thieves","floor":18,"turns":4},{"damage":1,"enemies":"Chosen","floor":20,"turns":5},{"damage":22,"enemies":"Snecko","floor":21,"turns":6},{"damage":43,"enemies":"Gremlin Leader","floor":25,"turns":6},{"damage":0,"enemies":"Book of Stabbing","floor":30,"turns":3},{"damage":7,"enemies":"Centurion and Healer","floor":31,"turns":4},{"damage":33,"enemies":"Pondfish","floor":33,"turns":9},{"damage":5,"enemies":"Orb Walker","floor":35,"turns":3},{"damage":0,"enemies":"3 Shapes","floor":36,"turns":4},{"damage":7,"enemies":"Writhing Mass","floor":38,"turns":4},{"damage":35,"enemies":"Jaw Worm Horde","floor":39,"turns":5},{"damage":25,"enemies":"Spire Growth","floor":41,"turns":4},{"damage":36,"enemies":"4 Shapes","floor":42,"turns":6},{"damage":22,"enemies":"Giant Head","floor":47,"turns":7},{"damage":16,"enemies":"3 Darklings","floor":48,"turns":2}],"seed_played":"-4189884210074243651","potions_obtained":[{"floor":1,"key":"Elixir"},{"floor":5,"key":"Explosive Potion"},{"floor":12,"key":"BlessingOfTheForge"},{"floor":13,"key":"SteroidPotion"},{"floor":18,"key":"SkillPotion"},{"floor":20,"key":"Strength Potion"},{"floor":31,"key":"BlessingOfTheForge"},{"floor":33,"key":"SteroidPotion"},{"floor":38,"key":"DuplicationPotion"},{"floor":41,"key":"Explosive Potion"}],"is_trial":false,"path_per_floor":["M","T","?","?","M","E","R","E","T","M","R","M","M","M","R","B",null,"M","?","M","M","?","?","R","E","T","$","R","$","E","M","R","B",null,"?","?","T","?","?","T","?","?","T","T","T","?","E","?"],"character_chosen":"HERMIT","items_purchased":["hermit:Deadeye","Replay:Baseball","Dexterity Potion","SteroidPotion","Dexterity Potion","Grinning Jar"],"campfire_rested":3,"item_purchase_floors":[27,27,29,29,45,45],"current_hp_per_floor":[75,75,68,50,50,50,50,29,29,21,21,18,17,19,43,25,81,63,63,64,44,28,57,57,16,16,16,16,16,23,18,45,29,95,90,92,92,85,52,52,27,3,3,33,33,33,13,0,0],"gold":100,"neow_bonus":"THREE_ENEMY_KILL","is_daily":false,"chose_seed":false,"campfire_upgraded":5,"win_rate":0.0,"timestamp":1610864687,"path_taken":["M","?","?","?","M","E","R","E","T","M","R","M","M","M","R","BOSS","M","?","M","M","?","?","R","E","T","$","R","?","E","M","R","BOSS","?","?","T","?","?","T","?","?","T","T","?","?","E","?"],"items_purchased_type":["Card","Relic","Potion","Potion","Potion","Relic"],"build_version":"2020-12-22","purchased_purges":3,"victory":false,"max_hp_per_floor":[75,75,75,75,75,75,75,75,75,77,77,77,79,81,81,81,81,83,83,85,87,87,87,87,89,89,89,89,89,91,93,93,95,95,95,97,97,97,99,99,99,101,101,101,101,101,103,103,103],"card_choices":[{"not_picked":["hermit:NoHoldsBarred","hermit:Horror"],"picked":"hermit:Enervate","floor":1},{"not_picked":["hermit:HighCaliber","hermit:Desperado"],"picked":"hermit:Vantage","floor":5},{"not_picked":["hermit:WideOpen","hermit:LuckOfTheDraw","hermit:FatalDesire"],"picked":"SKIP","floor":6},{"not_picked":["hermit:Desperado","hermit:Vantage"],"picked":"hermit:Coalescence","floor":8},{"not_picked":["hermit:Dive","hermit:Glare","hermit:Vantage"],"picked":"Singing Bowl","floor":10},{"not_picked":["hermit:Roulette","hermit:Midnight"],"picked":"hermit:Scavenge","floor":12},{"not_picked":["hermit:EyeOfTheStorm","hermit:Coalescence","hermit:Midnight"],"picked":"Singing Bowl","floor":13},{"not_picked":["hermit:Combo","hermit:GoldenBullet","hermit:Coalescence"],"picked":"Singing Bowl","floor":14},{"not_picked":["hermit:Dissolve","hermit:Magnum"],"picked":"hermit:FromBeyond","floor":16},{"not_picked":["hermit:Misfire","hermit:Headshot","hermit:WideOpen"],"picked":"Singing Bowl","floor":18},{"not_picked":["hermit:FullyLoaded","hermit:Gestalt+1","hermit:WideOpen+1"],"picked":"Singing Bowl","floor":20},{"not_picked":["hermit:Enervate+1","hermit:Headshot","hermit:HighCaliber"],"picked":"Singing Bowl","floor":21},{"not_picked":["hermit:Dive","hermit:NoHoldsBarred","hermit:CalledShot"],"picked":"Singing Bowl","floor":25},{"not_picked":["hermit:Shortfuse","hermit:Desperado+1","hermit:Gestalt"],"picked":"Singing Bowl","floor":30},{"not_picked":["hermit:Headshot","hermit:DeadMansHand","hermit:ItchyTrigger"],"picked":"Singing Bowl","floor":31},{"not_picked":["hermit:Magnum","hermit:Adapt","hermit:OverwhelmingPower"],"picked":"Singing Bowl","floor":33},{"not_picked":["hermit:BodyArmor+1","hermit:Manifest+1"],"picked":"hermit:Quickdraw+1","floor":35},{"not_picked":["hermit:HoleUp+1","hermit:Deadeye+1","hermit:Determination"],"picked":"Singing Bowl","floor":36},{"not_picked":["hermit:Quickdraw","hermit:Roulette+1"],"picked":"hermit:BigShot+1","floor":38},{"not_picked":["hermit:Misfire","hermit:TakeCover","hermit:Combo+1"],"picked":"Singing Bowl","floor":39},{"not_picked":["hermit:Maintenance+1","hermit:GoldenBullet"],"picked":"hermit:Scavenge","floor":41},{"not_picked":["hermit:HighCaliber+1","hermit:Glare","hermit:TakeCover+1"],"picked":"Singing Bowl","floor":42},{"not_picked":["hermit:HoleUp+1","hermit:Dissolve","hermit:GhostlyPresence+1"],"picked":"Singing Bowl","floor":47}],"player_experience":222352,"relics_obtained":[{"floor":2,"key":"Pet Ghost"},{"floor":6,"key":"Blue Doll"},{"floor":8,"key":"PreservedInsect"},{"floor":9,"key":"Singing Bowl"},{"floor":22,"key":"Enchiridion"},{"floor":25,"key":"Art of War"},{"floor":25,"key":"StoneCalendar"},{"floor":26,"key":"Toy Ornithopter"},{"floor":30,"key":"ReplayFunnel"},{"floor":30,"key":"Onion Ring"},{"floor":43,"key":"Girya"},{"floor":46,"key":"Ring of Chaos"},{"floor":46,"key":"Ring of Fangs"},{"floor":47,"key":"Replay:Rubber Ducky"},{"floor":47,"key":"Orichalcum"}],"event_choices":[{"cards_removed":["hermit:Defend_Hermit"],"damage_healed":0,"gold_gain":0,"player_choice":"Card Removal","damage_taken":7,"max_hp_gain":0,"max_hp_loss":0,"event_name":"Golden Wing","floor":3,"gold_loss":0},{"damage_healed":0,"gold_gain":0,"player_choice":"Take Damage","damage_taken":18,"relics_obtained":["Golden Idol"],"max_hp_gain":0,"max_hp_loss":0,"event_name":"Golden Idol","floor":4,"gold_loss":0},{"damage_healed":0,"gold_gain":0,"player_choice":"Ignored","damage_taken":0,"max_hp_gain":0,"max_hp_loss":0,"event_name":"Vampires","floor":19,"gold_loss":0},{"damage_healed":0,"gold_gain":0,"player_choice":"Obtained Book","damage_taken":16,"max_hp_gain":0,"max_hp_loss":0,"event_name":"Cursed Tome","floor":22,"gold_loss":0},{"damage_healed":29,"gold_gain":0,"player_choice":"Heal","damage_taken":0,"max_hp_gain":0,"max_hp_loss":0,"event_name":"The Library","floor":23,"gold_loss":0}],"is_beta":false,"boss_relics":[{"not_picked":["SlaversCollar","Replay:Wanted Poster"],"picked":"Black Star"},{"not_picked":["Runic Dome","Cursed Key"],"picked":"Painkiller Herb"}],"items_purged_floors":[27,29,37],"is_endless":false,"potions_floor_spawned":[1,5,12,13,14,18,20,31,33,38,41],"killed_by":"3 Darklings","ascension_level":0}}