{"host":"d66n7ln59ex8canu","time":1610921683,"event":{"mods":["AchievementEnabler","BaseMod","Colored Map","Minty Spire (QoL Compilation)","Quick Restart","StSLib"],"gold_per_floor":[112,112,125,125,125,135,135,165,165,165,165,199,219,238,238,238,238],"floor_reached":16,"language":"ENG","playtime":430,"items_purged":[],"score":149,"play_id":"dbd2a385-da16-4cb1-a606-08a2c6ff331f","local_time":"20210117171443","is_ascension_mode":true,"campfire_choices":[{"data":"Zap","floor":7,"key":"SMITH"},{"data":"White Noise","floor":10,"key":"SMITH"},{"data":"Chill","floor":15,"key":"SMITH"}],"circlet_count":0,"master_deck":["Strike_B","Strike_B","Strike_B","Strike_B","Defend_B","Defend_B","Defend_B","Zap+1","Dualcast","Steam","White Noise+1","Auto Shields","Coolheaded","Genetic Algorithm","Redo","Leap","Chill+1"],"relics":["Cracked Core","NeowsBlessing","Letter Opener","Calipers","Pear","Singing Bowl"],"acts_visited":["Exordium"],"potions_floor_usage":[16,16],"damage_taken":[{"damage":0,"enemies":"Jaw Worm","floor":1,"turns":1},{"damage":0,"enemies":"Cultist","floor":3,"turns":1},{"damage":0,"enemies":"2 Louse","floor":6,"turns":2},{"damage":16,"enemies":"Lagavulin","floor":8,"turns":8},{"damage":31,"enemies":"Gremlin Nob","floor":12,"turns":5},{"damage":2,"enemies":"Blue Slaver","floor":13,"turns":3},{"damage":17,"enemies":"Gremlin Gang","floor":14,"turns":4},{"damage":16,"enemies":"The Guardian","floor":16,"turns":8}],"seed_played":"9205531376348896036","potions_obtained":[{"floor":2,"key":"DistilledChaos"},{"floor":2,"key":"FocusPotion"},{"floor":2,"key":"SteroidPotion"},{"floor":13,"key":"ColorlessPotion"}],"is_trial":false,"path_per_floor":["M","?","M","?","?","M","R","E","T","R","T","E","M","M","R","B"],"character_chosen":"DEFECT","items_purchased":[],"campfire_rested":0,"item_purchase_floors":[],"current_hp_per_floor":[68,68,68,68,68,68,68,52,52,52,62,31,29,12,12,0,0],"gold":238,"neow_bonus":"THREE_ENEMY_KILL","is_daily":false,"chose_seed":false,"campfire_upgraded":3,"win_rate":0.0,"timestamp":1610921683,"path_taken":["M","?","?","?","?","?","R","E","T","R","?","E","M","?","R","BOSS"],"items_purchased_type":[],"build_version":"2020-12-22","purchased_purges":0,"victory":false,"max_hp_per_floor":[75,75,75,75,75,75,75,75,75,75,85,85,85,85,85,85,85],"card_choices":[{"not_picked":["Turbo","Genetic Algorithm"],"picked":"Steam","floor":1},{"not_picked":["Ball Lightning","Storm"],"picked":"White Noise","floor":3},{"not_picked":["Undo","Barrage"],"picked":"Coolheaded","floor":6},{"not_picked":["Gash","Hologram"],"picked":"Genetic Algorithm","floor":8},{"not_picked":["Beam Cell","Genetic Algorithm"],"picked":"Redo","floor":12},{"not_picked":["Force Field","Darkness"],"picked":"Leap","floor":13},{"not_picked":["Lockon","Beam Cell"],"picked":"Chill","floor":14}],"player_experience":327498,"relics_obtained":[{"floor":8,"key":"Letter Opener"},{"floor":9,"key":"Calipers"},{"floor":11,"key":"Pear"},{"floor":12,"key":"Singing Bowl"}],"event_choices":[{"damage_healed":0,"gold_gain":0,"player_choice":"Got Potions","damage_taken":0,"max_hp_gain":0,"max_hp_loss":0,"event_name":"Lab","floor":2,"gold_loss":0},{"damage_healed":0,"gold_gain":0,"player_choice":"Ignored","damage_taken":0,"max_hp_gain":0,"max_hp_loss":0,"event_name":"Golden Wing","floor":4,"gold_loss":0},{"damage_healed":0,"gold_gain":0,"cards_transformed":["Defend_B"],"player_choice":"Transformed","damage_taken":0,"max_hp_gain":0,"max_hp_loss":0,"event_name":"Transmorgrifier","floor":5,"gold_loss":0,"cards_obtained":["Auto Shields"]}],"is_beta":false,"boss_relics":[],"items_purged_floors":[],"is_endless":false,"potions_floor_spawned":[8,13,14],"killed_by":"The Guardian","ascension_level":7}}