{"host":"axuns55dzq466eei","time":1610894747,"event":{"mods":["BaseMod","Colored Map","Keyboard Shortcuts","Minty Spire (QoL Compilation)","StSLib","SuperFastMode"],"gold_per_floor":[119,133,149,299,20,47,59,83,95,7,7,33,33,51,51,51,51],"floor_reached":16,"language":"KOR","playtime":264,"items_purged":["Doubt","Strike_B"],"score":200,"play_id":"ec892f1e-0dad-4b88-be2f-c5c3ce73d35d","local_time":"20210117234547","is_ascension_mode":true,"campfire_choices":[{"floor":7.0,"key":"REST"},{"data":"Chaos","floor":11.0,"key":"SMITH"},{"data":"Recycle","floor":15.0,"key":"SMITH"}],"circlet_count":0,"master_deck":["AscendersBane","Strike_B","Strike_B","Strike_B","Defend_B","Defend_B","Defend_B","Defend_B","Zap","Dualcast","Conserve Battery","Compile Driver","Doom and Gloom","Chaos+1","Recycle+1","Compile Driver"],"relics":["Cracked Core","NeowsBlessing","DataDisk","MawBank","Bag of Marbles","Omamori"],"acts_visited":["Exordium"],"potions_floor_usage":[16,16],"damage_taken":[{"damage":0.0,"enemies":"Cultist","floor":1.0,"turns":1.0},{"damage":0.0,"enemies":"Jaw Worm","floor":2.0,"turns":1.0},{"damage":0.0,"enemies":"2 Louse","floor":3.0,"turns":1.0},{"damage":55.0,"enemies":"Gremlin Nob","floor":6.0,"turns":5.0},{"damage":4.0,"enemies":"Blue Slaver","floor":8.0,"turns":5.0},{"damage":2.0,"enemies":"Large Slime","floor":14.0,"turns":5.0},{"damage":41,"enemies":"Hexaghost","floor":16,"turns":11}],"seed_played":"2112423137699865413","potions_obtained":[{"floor":6.0,"key":"Regen Potion"},{"floor":14.0,"key":"EssenceOfSteel"}],"is_trial":false,"path_per_floor":["M","M","M","?","$","E","R","M","T","$","R","T","$","M","R","B"],"character_chosen":"DEFECT","items_purchased":["DataDisk","Doom and Gloom"],"campfire_rested":1,"item_purchase_floors":[5,5],"current_hp_per_floor":[64,64,64,64,64,9,30,26,26,26,26,26,26,24,24,0,0],"gold":51,"neow_bonus":"THREE_ENEMY_KILL","is_daily":false,"chose_seed":false,"campfire_upgraded":2,"win_rate":0.0,"timestamp":1610894747,"path_taken":["M","?","M","?","$","E","R","M","T","$","R","?","?","?","R","BOSS"],"items_purchased_type":["Relic","Card"],"build_version":"2020-12-22","purchased_purges":2,"victory":false,"max_hp_per_floor":[71,71,71,71,71,71,71,71,71,71,71,71,71,71,71,71,71],"card_choices":[{"not_picked":["Stack","Barrage"],"picked":"Conserve Battery","floor":1.0},{"not_picked":["Turbo","Beam Cell"],"picked":"Compile Driver","floor":2.0},{"not_picked":["Rebound","Steam","Go for the Eyes"],"picked":"SKIP","floor":3.0},{"not_picked":["Recycle","Chill"],"picked":"Chaos","floor":6.0},{"not_picked":["Turbo","Rebound"],"picked":"Recycle","floor":8.0},{"not_picked":["Rebound","FTL"],"picked":"Compile Driver","floor":14.0}],"player_experience":1081551,"relics_obtained":[{"floor":6.0,"key":"MawBank"},{"floor":9.0,"key":"Bag of Marbles"},{"floor":12.0,"key":"Omamori"}],"event_choices":[{"damage_healed":0.0,"max_hp_gain":0.0,"max_hp_loss":0.0,"gold_gain":150.0,"event_name":"Liars Game","player_choice":"AGREE","floor":4.0,"gold_loss":0.0,"damage_taken":0.0,"cards_obtained":["Doubt"]}],"is_beta":false,"boss_relics":[],"items_purged_floors":[5,10],"is_endless":false,"potions_floor_spawned":[6,14],"killed_by":"Hexaghost","ascension_level":20}}