{"host":"2ica2wc1gg7guzbw","time":1610901193,"event":{"mods":["BaseMod","Colored Map","Minty Spire (QoL Compilation)","Replay The Spire","Shop Mod","StSLib"],"gold_per_floor":[118,118,88,13,25,51,51,79,128,128,403,414,425,62,62,133,133,148,148,32,46,46,81,81,116,143,143,143,143,143],"floor_reached":29,"language":"RUS","playtime":1031,"items_purged":["Regret","Regret"],"score":634,"play_id":"e8de877a-23d6-4ca2-9c55-6a2de028d1ae","local_time":"20210117203313","is_ascension_mode":true,"campfire_choices":[{"data":"Zap","floor":7.0,"key":"SMITH"},{"floor":15.0,"key":"REST"},{"floor":24,"key":"REST"},{"floor":28,"key":"REST"}],"circlet_count":0,"master_deck":["AscendersBane","Strike_B","Strike_B","Strike_B","Strike_B","Defend_B","Defend_B","Defend_B","Defend_B","Barrage","Conserve Battery","Rebound","Vigilance","Eruption+1","Mirror Shield","Cold Snap","ReplayTheSpireMod:Restless Dread","Echo Form","ReplayTheSpireMod:Calculation Training","Fission","Leap","Defragment","Sunder","FIFO Queue","Hologram","Fusion+1","Storm","Decay"],"relics":["Cracked Core","NeowsBlessing","Happy Flower","Bird Faced Urn","Symbiotic Virus","DataDisk","MerchantsRug","ReplayTheSpireMod:CursedCoin","Snecko Eye","Replay:Antivirus Software","Orichalcum"],"acts_visited":["Exordium","TheCity"],"potions_floor_usage":[29,29],"damage_taken":[{"damage":0.0,"enemies":"Cultist","floor":1.0,"turns":1.0},{"damage":0.0,"enemies":"Small Slimes","floor":5.0,"turns":1.0},{"damage":0.0,"enemies":"Gremlin Nob","floor":6.0,"turns":1.0},{"damage":54.0,"enemies":"Lagavulin","floor":8.0,"turns":9.0},{"damage":0.0,"enemies":"2 Louse","floor":12.0,"turns":2.0},{"damage":6.0,"enemies":"Lots of Slimes","floor":13.0,"turns":5.0},{"damage":20.0,"enemies":"Slime Boss","floor":16.0,"turns":15.0},{"damage":4.0,"enemies":"Shell Parasite","floor":18.0,"turns":6.0},{"damage":0.0,"enemies":"Chosen","floor":21.0,"turns":3.0},{"damage":49.0,"enemies":"Slavers","floor":23.0,"turns":8.0},{"damage":25,"enemies":"Book of Stabbing","floor":25,"turns":5},{"damage":43,"enemies":"Gremlin Leader","floor":29,"turns":2}],"seed_played":"-5088002248807026291","potions_obtained":[{"floor":3.0,"key":"DuplicationPotion"},{"floor":3.0,"key":"LiquidBronze"},{"floor":25,"key":"Energy Potion"}],"is_trial":false,"path_per_floor":["M","?","?","$","M","E","R","E","T","?","?","M","M","$","R","B",null,"M","?","$","M","?","E","R","E","T","?","R","E"],"character_chosen":"DEFECT","items_purchased":["MerchantsRug","ReplayTheSpireMod:CursedCoin","Echo Form","ReplayTheSpireMod:Calculation Training","Sunder","FIFO Queue"],"campfire_rested":3,"item_purchase_floors":[14,14,14,14,20,20],"current_hp_per_floor":[64,64,64,64,64,64,64,10,10,10,10,10,4,4,25,7,55,51,51,51,55,55,12,33,14,14,14,35,0,0],"gold":143,"neow_bonus":"THREE_ENEMY_KILL","is_daily":false,"chose_seed":false,"campfire_upgraded":1,"win_rate":0.0,"timestamp":1610901193,"path_taken":["M","?","?","$","?","E","R","E","T","?","?","?","M","$","R","BOSS","M","?","$","M","?","E","R","E","T","?","R","E"],"items_purchased_type":["Relic","Relic","Card","Card","Card","Card"],"build_version":"2020-12-22","purchased_purges":2,"victory":false,"max_hp_per_floor":[71,71,71,71,71,71,71,71,71,71,71,71,71,71,71,71,71,71,71,71,71,71,71,71,71,71,71,71,71,71],"card_choices":[{"not_picked":["Panic Button","Stack"],"picked":"Barrage","floor":1.0},{"not_picked":["Rebound","Sweeping Beam"],"picked":"Conserve Battery","floor":5.0},{"not_picked":["Compile Driver","Redo"],"picked":"Rebound","floor":6.0},{"not_picked":["Blizzard","Compile Driver","ReplayTheSpireMod:System Scan"],"picked":"SKIP","floor":8.0},{"not_picked":["Streamline","Steam"],"picked":"Mirror Shield","floor":12.0},{"not_picked":["Redo","Rebound"],"picked":"Cold Snap","floor":13.0},{"not_picked":["Multi-Cast","Reboot"],"picked":"Fission","floor":16.0},{"not_picked":["Redo","Melter"],"picked":"Leap","floor":18.0},{"not_picked":["Compile Driver","Darkness"],"picked":"Hologram","floor":21.0},{"not_picked":["Steam","BasicCrystalCard"],"picked":"Fusion+1","floor":23},{"not_picked":["Beam Cell","Rip and Tear"],"picked":"Storm","floor":25}],"player_experience":913194,"relics_obtained":[{"floor":6.0,"key":"Bird Faced Urn"},{"floor":8.0,"key":"Symbiotic Virus"},{"floor":9.0,"key":"DataDisk"},{"floor":23,"key":"Replay:Antivirus Software"},{"floor":25,"key":"Orichalcum"}],"event_choices":[{"damage_healed":0.0,"max_hp_gain":0.0,"max_hp_loss":0.0,"gold_gain":0.0,"event_name":"Big Fish","player_choice":"Box","floor":2.0,"gold_loss":0.0,"damage_taken":0.0,"relics_obtained":["Happy Flower"],"cards_obtained":["Regret"]},{"damage_healed":0.0,"max_hp_gain":0.0,"max_hp_loss":0.0,"gold_gain":0.0,"event_name":"The Woman in Blue","player_choice":"Bought 2 Potions","floor":3.0,"gold_loss":0.0,"damage_taken":0.0},{"damage_healed":0.0,"max_hp_gain":0.0,"max_hp_loss":0.0,"gold_gain":275.0,"event_name":"Golden Shrine","player_choice":"Desecrate","floor":11.0,"gold_loss":0.0,"damage_taken":0.0,"cards_obtained":["Regret"]},{"damage_healed":0.0,"max_hp_gain":0.0,"max_hp_loss":0.0,"gold_gain":0.0,"event_name":"The Library","player_choice":"Read","floor":19.0,"gold_loss":0.0,"damage_taken":0.0,"cards_obtained":["Defragment"]},{"damage_healed":0.0,"max_hp_gain":0.0,"max_hp_loss":0.0,"gold_gain":0.0,"event_name":"Vampires","player_choice":"Ignored","floor":22.0,"gold_loss":0.0,"damage_taken":0.0},{"damage_healed":0,"gold_gain":0,"player_choice":"Cursed","damage_taken":0,"max_hp_gain":0,"max_hp_loss":0,"event_name":"Wheel of Change","floor":27,"gold_loss":0,"cards_obtained":["Decay"]}],"is_beta":false,"boss_relics":[{"not_picked":["Honey Jar","Abe\u0027s Treasure"],"picked":"Snecko Eye"}],"items_purged_floors":[4,14],"is_endless":false,"potions_floor_spawned":[6,8,25],"killed_by":"Gremlin Leader","ascension_level":20}}