{"host":"8lgo2trwv2o0qyml","time":1610891355,"event":{"mods":["BaseMod","Colored Map","Colored Powertips","DeckTracker","Highlight Path","Hubris","Infinite Spire","Minty Spire (QoL Compilation)","Quick Restart","Random Character Button","Relic Sorter","Replay The Spire","StSLib","SuperFastMode","Synergy Search"],"gold_per_floor":[118,118,36,36,56,82,101,101,127,154,154,164,18,48,48,150,150,170,181,191,36,386,394,394],"floor_reached":23,"playtime":1653,"items_purged":["hubris:Wrath"],"score":209,"play_id":"2bfb8f7b-2e97-4629-82c6-166cfac6c9ad","local_time":"20210117084915","is_ascension_mode":false,"campfire_choices":[{"data":"Inflame","floor":8,"key":"SMITH"},{"floor":11,"key":"REST"},{"data":"Infernal Blade","floor":15,"key":"SMITH"}],"circlet_count":0,"master_deck":["Strike_R","Strike_R","Strike_R","Strike_R+1","Strike_R","Defend_R","Defend_R","Defend_R","Defend_R","Bash","Neutralize","hubris:Defend_Merchant","Burning Pact","Flex","Inflame+1","Dagger Throw","All Out Attack","Rage","Infernal Blade+1","Juggernaut","CurseOfTheBell","Evolve","Reckless Charge","Burst","Normality","ReplayTheSpireMod:Faulty Equipment","ReplayTheSpireMod:IOU"],"relics":["Burning Blood","hubris:Potato","ReplayTheSpireMod:CursedCoin","Potion Belt","hubris:DisguiseKit","hubris:SlimyHat","Ice Cream","ClockworkSouvenir","Kunai","Calling Bell","infinitespire:Lucky Rock","Matryoshka","Turnip","Lantern","Ring of Greed","Old Coin","infinitespire:Midas Blood","Ring of Searing"],"acts_visited":["Exordium","TheCity"],"potions_floor_usage":[23,23,23],"damage_taken":[{"damage":11,"enemies":"Jaw Worm","floor":1,"turns":5},{"damage":0,"enemies":"Small Slimes","floor":5,"turns":5},{"damage":36,"enemies":"3 Sentries","floor":6,"turns":12},{"damage":16,"enemies":"2 Louse","floor":7,"turns":3},{"damage":16,"enemies":"Gremlin Nob","floor":10,"turns":4},{"damage":7,"enemies":"Looter","floor":12,"turns":3},{"damage":4,"enemies":"3 Sentries","floor":14,"turns":5},{"damage":30,"enemies":"The Guardian","floor":16,"turns":10},{"damage":14,"enemies":"Chosen","floor":18,"turns":5},{"damage":30,"enemies":"Shell Parasite","floor":19,"turns":5},{"damage":26,"enemies":"Snake Plant","floor":20,"turns":3},{"damage":30,"enemies":"Slavers","floor":23,"turns":2}],"seed_played":"513028177352043859","potions_obtained":[{"floor":7,"key":"Ancient Potion"},{"floor":10,"key":"EssenceOfSteel"},{"floor":14,"key":"Swift Potion"}],"is_trial":false,"path_per_floor":["M","?","$","?","M","E","M","R","T","E","R","M","$","E","R","B",null,"M","M","M","$","?","E"],"character_chosen":"IRONCLAD","items_purchased":["ReplayTheSpireMod:CursedCoin","Potion Belt","ClockworkSouvenir","Lantern"],"campfire_rested":1,"item_purchase_floors":[3,3,13,21],"current_hp_per_floor":[75,75,75,75,80,50,40,40,40,30,54,53,53,55,55,31,80,72,48,28,28,28,0,0],"gold":394,"neow_bonus":"ONE_RARE_RELIC","is_daily":false,"chose_seed":false,"campfire_upgraded":2,"win_rate":0.0,"timestamp":1610891355,"path_taken":["M","?","$","?","M","E","M","R","T","E","R","M","$","E","R","BOSS","M","M","M","$","?","E"],"items_purchased_type":["Relic","Relic","Relic","Relic"],"build_version":"2020-12-22","purchased_purges":1,"victory":false,"max_hp_per_floor":[80,80,80,80,80,80,80,80,80,80,80,80,80,80,80,80,80,80,80,80,80,80,80,80],"card_choices":[{"not_picked":["Cleave","Pommel Strike"],"picked":"Burning Pact","floor":1},{"not_picked":["Combust","Hemokinesis"],"picked":"Flex","floor":5},{"not_picked":["Clash","Dark Embrace"],"picked":"Inflame","floor":6},{"not_picked":["Clothesline","Sword Boomerang","Blood for Blood"],"picked":"Dagger Throw","floor":7},{"not_picked":["Berserk","Blood for Blood","Clothesline"],"picked":"All Out Attack","floor":10},{"not_picked":["Replay:Undeath\u0027s Touch","ReplayTheSpireMod:Strike From Hell","Backflip"],"picked":"Rage","floor":12},{"not_picked":["Warcry","Perfected Strike","Backstab"],"picked":"Infernal Blade","floor":14},{"not_picked":["Bludgeon","Fiend Fire","infinitespire:Neurotoxin"],"picked":"Juggernaut","floor":16},{"not_picked":["Replay:Undeath\u0027s Touch","Armaments","Deadly Poison"],"picked":"Evolve","floor":18},{"not_picked":["ReplayTheSpireMod:Muscle Training+1","True Grit+1","hubris:SlightOfHand"],"picked":"Reckless Charge","floor":19},{"not_picked":["Warcry","Iron Wave+1","Clash+1"],"picked":"Burst","floor":20}],"player_experience":81927,"relics_obtained":[{"floor":6,"key":"hubris:DisguiseKit"},{"floor":9,"key":"hubris:SlimyHat"},{"floor":10,"key":"Ice Cream"},{"floor":14,"key":"Kunai"},{"floor":17,"key":"infinitespire:Lucky Rock"},{"floor":17,"key":"Matryoshka"},{"floor":17,"key":"Turnip"},{"floor":22,"key":"Ring of Greed"},{"floor":22,"key":"Old Coin"},{"floor":22,"key":"infinitespire:Midas Blood"},{"floor":22,"key":"Ring of Searing"}],"event_choices":[{"damage_healed":0,"gold_gain":0,"player_choice":"Leave","damage_taken":0,"max_hp_gain":0,"max_hp_loss":0,"event_name":"The Cleric","floor":4,"gold_loss":0}],"is_beta":false,"boss_relics":[{"not_picked":["hubris:ScarierMask","infinitespire:Cupcake"],"picked":"Calling Bell"}],"items_purged_floors":[3],"is_endless":false,"potions_floor_spawned":[7,10,14],"killed_by":"Slavers","ascension_level":0}}