{"host":"uimu98mr9zvwuo5s","time":1610914263,"event":{"mods":["Aspiration","BaseMod","BetterRewards","Conspire","Defective Defect","GifTheSpireLib","Gremlin Mod","Highlight Path","Hubris","Infinite Spire","Jedi Mod","Minty Spire (QoL Compilation)","Replay The Spire","Shop Mod","StSLib","Stuff the Spire","Uncapped"],"gold_per_floor":[110,110,124,0,0,0,17,37,37,50,50,182,197,209,209,213,213],"floor_reached":16,"language":"ENG","playtime":1222,"items_purged":["Strike_B"],"score":204,"play_id":"91df17a5-eb60-494b-9f58-74845cf8f539","local_time":"20210117151103","is_ascension_mode":false,"campfire_choices":[{"data":"Genetic Algorithm","floor":6,"key":"SMITH"},{"data":"Darkness","floor":11,"key":"SMITH"},{"data":"Strike_B","floor":15,"key":"PURGE"}],"circlet_count":0,"master_deck":["Strike_B","Strike_B","Defend_B","Defend_B","Defend_B","Defend_B","Zap","Dualcast","Genetic Algorithm+1","Multi-Cast","Storm+1","Darkness+1","StuffTheSpire:ShieldGenerator"],"relics":["Cracked Core","MerchantsRug","Membership Card","DataDisk","Frozen Egg 2","Strange Spoon","conspire:TreasureMap","StuffTheSpire:TintedRock","Raider\u0027s Mask","Peace Pipe","infinitespire:WardingShard","aspiration:StickyExplosives_weak","infinitespire:CheckeredPen","infinitespire:Midas Blood"],"acts_visited":["Exordium"],"potions_floor_usage":[16,16,16],"damage_taken":[{"damage":9,"enemies":"Cultist","floor":1,"turns":4},{"damage":11,"enemies":"Jaw Worm","floor":3,"turns":2},{"damage":0,"enemies":"Small Slimes","floor":7,"turns":3},{"damage":1,"enemies":"2 Fungi Beasts","floor":8,"turns":4},{"damage":9,"enemies":"Gremlin Gang","floor":10,"turns":6},{"damage":6,"enemies":"Lagavulin","floor":12,"turns":5},{"damage":1,"enemies":"Exordium Thugs","floor":13,"turns":4},{"damage":0,"enemies":"Looter","floor":14,"turns":3},{"damage":17,"enemies":"Slime Boss","floor":16,"turns":7}],"seed_played":"-7008222060437811396","potions_obtained":[{"floor":7,"key":"PotionOfCapacity"},{"floor":8,"key":"LifebloodPotion"},{"floor":14,"key":"Languid Potion"}],"is_trial":false,"path_per_floor":["M","T","M","$","?","R","M","M","T","M","R","E","M","M","R","B"],"character_chosen":"DEFECT","items_purchased":["MerchantsRug","Membership Card","Genetic Algorithm","DataDisk","aspiration:HummingbirdHeart","BargainBundle","jedi:wingpotion","Dexterity Potion","Fire Potion","conspire:GiftBox","Frozen Egg 2","Storm+1","Strange Spoon","conspire:TreasureMap","StuffTheSpire:TintedRock","Raider\u0027s Mask","Darkness","infinitespire:WardingShard"],"campfire_rested":0,"item_purchase_floors":[0,0,0,0,0,0,0,0,0,0,0,0,0,0,0,0,0,4],"current_hp_per_floor":[42,42,31,31,31,31,31,30,30,21,21,15,14,14,14,0,0],"gold":213,"neow_bonus":"","is_daily":false,"chose_seed":false,"campfire_upgraded":2,"win_rate":0.0,"timestamp":1610914263,"path_taken":["M","?","M","$","?","R","M","?","T","M","R","E","M","?","R","BOSS"],"items_purchased_type":["Relic","Relic","Card","Relic","Relic","Relic","Potion","Potion","Potion","Relic","Relic","Card","Relic","Relic","Relic","Relic","Card","Relic"],"build_version":"2020-12-22","purchased_purges":1,"victory":false,"max_hp_per_floor":[75,75,75,75,75,75,75,75,75,75,75,75,75,75,75,75,75],"card_choices":[{"not_picked":["jedi:meditation","ReplayTheSpireMod:Fabricate Wheel"],"picked":"Multi-Cast","floor":0},{"not_picked":["Coolheaded","Go for the Eyes","Redo"],"picked":"SKIP","floor":1},{"not_picked":["Sweeping Beam","StuffTheSpire:LoadUp","Gash"],"picked":"SKIP","floor":3},{"not_picked":["Streamline","Steam","Beam Cell"],"picked":"SKIP","floor":7},{"not_picked":["Recycle","FIFO Queue+1"],"picked":"StuffTheSpire:ShieldGenerator","floor":8},{"not_picked":["jedi:BurstLightning","Stack","Redo"],"picked":"SKIP","floor":10},{"not_picked":["Scrape","Leap","StuffTheSpire:Coldhearted"],"picked":"SKIP","floor":12},{"not_picked":["Stack","Fusion","Conserve Battery"],"picked":"SKIP","floor":13},{"not_picked":["BasicCrystalCard","Steam Power","Panic Button"],"picked":"SKIP","floor":14}],"player_experience":216020,"relics_obtained":[{"floor":2,"key":"Peace Pipe"},{"floor":5,"key":"aspiration:StickyExplosives_weak"},{"floor":9,"key":"infinitespire:CheckeredPen"},{"floor":12,"key":"infinitespire:Midas Blood"}],"event_choices":[{"damage_healed":0,"gold_gain":0,"player_choice":"Relic","damage_taken":0,"max_hp_gain":0,"max_hp_loss":0,"event_name":"Wheel of Change","floor":5,"gold_loss":0}],"is_beta":false,"boss_relics":[],"items_purged_floors":[0],"is_endless":false,"potions_floor_spawned":[7,8,14],"killed_by":"Slime Boss","ascension_level":0}}