{"host":"dftyqn972q7tuon4","time":1610843922,"event":{"mods":["AchievementEnabler","BaseMod","Better Altar","Better Match","Better Note","Better Sensory Stone","Better Skull","Better Third Choice","Colored Powertips","Highlight Path","Minty Spire (QoL Compilation)","Permanent Neow","Quick Restart","StSLib"],"gold_per_floor":[114,84,99,99,24,24,38,38,91,123,142,155,155,155,155,258,258,277,277,277,288,300,300,333,353,405,11,11,29,29,39,39,136,136,149,160,160,160,160],"floor_reached":38,"language":"ENG","playtime":1986,"items_purged":["Strike_B"],"score":639,"play_id":"4461fc8a-a2ce-42f4-bfbf-9a9a7726f45e","local_time":"20210117013842","is_ascension_mode":true,"campfire_choices":[{"data":"Zap","floor":6,"key":"SMITH"},{"data":"Gash","floor":8,"key":"SMITH"},{"data":"Go for the Eyes","floor":13,"key":"SMITH"},{"data":"Streamline","floor":15,"key":"SMITH"},{"data":"Fusion","floor":23,"key":"SMITH"},{"floor":30,"key":"REST"},{"floor":32,"key":"REST"}],"circlet_count":0,"master_deck":["AscendersBane","Defend_B","Defend_B","Defend_B","Defend_B","Zap+1","Dualcast","Coolheaded+1","Gash+1","Streamline+1","Cold Snap","Go for the Eyes+1","Echo Form+1","Coolheaded","Bite","Bite","Bite","Bite","Fusion+1","Compile Driver","Ball Lightning+1","BootSequence+1","Stack","Go for the Eyes","Reinforced Body","Barrage+1","Conserve Battery+1","Loop+1","Self Repair","Core Surge","Go for the Eyes+1","Self Repair+1"],"relics":["FrozenCore","Thread and Needle","Anchor","Art of War","Sozu","Pantograph","Smiling Mask","Kunai","Orrery","Singing Bowl"],"acts_visited":["Exordium","TheCity","TheBeyond"],"potions_floor_usage":[10,16,36],"damage_taken":[{"damage":0,"enemies":"Jaw Worm","floor":1,"turns":4},{"damage":0,"enemies":"Cultist","floor":3,"turns":4},{"damage":0,"enemies":"2 Louse","floor":7,"turns":2},{"damage":9,"enemies":"3 Sentries","floor":10,"turns":6},{"damage":0,"enemies":"Exordium Thugs","floor":11,"turns":4},{"damage":2,"enemies":"2 Fungi Beasts","floor":12,"turns":3},{"damage":24,"enemies":"The Guardian","floor":16,"turns":12},{"damage":16,"enemies":"Spheric Guardian","floor":18,"turns":4},{"damage":4,"enemies":"Shell Parasite","floor":21,"turns":5},{"damage":6,"enemies":"Cultist and Chosen","floor":22,"turns":6},{"damage":33,"enemies":"Book of Stabbing","floor":24,"turns":7},{"damage":13,"enemies":"Snake Plant","floor":25,"turns":4},{"damage":28,"enemies":"3 Cultists","floor":29,"turns":6},{"damage":16,"enemies":"Snecko","floor":31,"turns":5},{"damage":48,"enemies":"Champ","floor":33,"turns":15},{"damage":17,"enemies":"3 Shapes","floor":35,"turns":8},{"damage":51,"enemies":"3 Darklings","floor":36,"turns":6},{"damage":48,"enemies":"Transient","floor":38,"turns":5}],"seed_played":"-2856940896063027425","potions_obtained":[{"floor":2,"key":"Swift Potion"},{"floor":2,"key":"CultistPotion"},{"floor":7,"key":"ColorlessPotion"},{"floor":10,"key":"EssenceOfSteel"},{"floor":16,"key":"Block Potion"}],"is_trial":false,"path_per_floor":["M","?","M","?","$","R","M","R","T","E","M","M","R","?","R","B",null,"M","?","?","M","M","R","E","M","T","$","?","M","R","M","R","B",null,"M","M","?","M"],"character_chosen":"DEFECT","items_purchased":["Kunai","Orrery"],"campfire_rested":2,"item_purchase_floors":[27,27],"current_hp_per_floor":[50,50,50,50,50,50,50,50,50,41,41,39,39,64,64,40,66,50,50,52,52,52,52,31,26,26,26,26,8,23,17,32,19,44,51,20,20,0,0],"gold":160,"neow_bonus":"ONE_RARE_RELIC","is_daily":false,"chose_seed":false,"campfire_upgraded":5,"win_rate":0.0,"timestamp":1610843922,"path_taken":["M","?","?","?","?","R","M","R","T","E","M","M","R","?","R","BOSS","M","?","?","?","?","R","E","M","T","$","?","M","R","?","R","BOSS","M","M","?","?"],"items_purchased_type":["Relic","Relic"],"build_version":"2020-12-22","purchased_purges":1,"victory":false,"max_hp_per_floor":[75,75,75,75,75,75,75,75,75,75,75,75,75,75,75,75,75,75,52,52,52,52,52,52,52,52,52,52,52,52,52,52,52,52,52,52,52,52,52],"card_choices":[{"not_picked":["Beam Cell","Scrape"],"picked":"Coolheaded","floor":1},{"not_picked":["Compile Driver","Capacitor"],"picked":"Gash","floor":3},{"not_picked":["BootSequence","Hologram"],"picked":"Streamline","floor":7},{"not_picked":["Chill","Ball Lightning"],"picked":"Cold Snap","floor":10},{"not_picked":["Turbo","Redo","Rip and Tear"],"picked":"SKIP","floor":11},{"not_picked":["Static Discharge","Barrage"],"picked":"Go for the Eyes","floor":12},{"not_picked":["Amplify","Hyperbeam"],"picked":"Echo Form","floor":16},{"not_picked":["Cold Snap","Melter"],"picked":"Coolheaded","floor":18},{"not_picked":["Steam","Storm"],"picked":"Fusion","floor":21},{"not_picked":["Thunder Strike","Cold Snap+1"],"picked":"Compile Driver","floor":22},{"not_picked":["Auto Shields","Sweeping Beam"],"picked":"Ball Lightning+1","floor":24},{"not_picked":["Redo+1","Sweeping Beam"],"picked":"BootSequence+1","floor":25},{"not_picked":["Rebound","White Noise+1"],"picked":"Stack","floor":27},{"not_picked":["Compile Driver","Buffer"],"picked":"Go for the Eyes","floor":27},{"not_picked":["Defragment","Consume+1"],"picked":"Reinforced Body","floor":27},{"not_picked":["Storm","Sweeping Beam"],"picked":"Barrage+1","floor":27},{"not_picked":["Ball Lightning","Buffer"],"picked":"Conserve Battery+1","floor":27},{"not_picked":["Sweeping Beam+1","Streamline"],"picked":"Loop+1","floor":29},{"not_picked":["Genetic Algorithm","Auto Shields"],"picked":"Self Repair","floor":31},{"not_picked":["Hyperbeam","Machine Learning"],"picked":"Core Surge","floor":33},{"not_picked":["Turbo+1","Redo"],"picked":"Go for the Eyes+1","floor":35},{"not_picked":["Rip and Tear","Conserve Battery+1"],"picked":"Self Repair+1","floor":36}],"player_experience":681643,"relics_obtained":[{"floor":9,"key":"Anchor"},{"floor":10,"key":"Art of War"},{"floor":24,"key":"Pantograph"},{"floor":26,"key":"Smiling Mask"}],"event_choices":[{"damage_healed":0,"gold_gain":0,"player_choice":"Bought 2 Potions","damage_taken":0,"max_hp_gain":0,"max_hp_loss":0,"event_name":"The Woman in Blue","floor":2,"gold_loss":0},{"damage_healed":0,"gold_gain":0,"player_choice":"Upgraded","damage_taken":0,"max_hp_gain":0,"max_hp_loss":0,"event_name":"Upgrade Shrine","floor":4,"gold_loss":0,"cards_upgraded":["Coolheaded"]},{"damage_healed":25,"gold_gain":0,"player_choice":"Banana","damage_taken":0,"max_hp_gain":0,"max_hp_loss":0,"event_name":"Big Fish","floor":14,"gold_loss":0},{"damage_healed":0,"gold_gain":0,"player_choice":"Became a vampire","damage_taken":0,"max_hp_gain":0,"max_hp_loss":23,"event_name":"Vampires","floor":19,"gold_loss":0,"cards_obtained":["Bite","Bite","Bite","Bite","Bite"]},{"cards_removed":["Bite"],"damage_healed":5,"gold_gain":0,"player_choice":"Offered Special","damage_taken":0,"max_hp_gain":0,"max_hp_loss":0,"event_name":"Bonfire Elementals","floor":20,"gold_loss":0},{"damage_healed":0,"gold_gain":0,"player_choice":"Forge","damage_taken":0,"max_hp_gain":0,"max_hp_loss":0,"event_name":"Accursed Blacksmith","floor":28,"gold_loss":0,"cards_upgraded":["Echo Form"]},{"damage_healed":0,"gold_gain":0,"player_choice":"Gave Potion","damage_taken":0,"relics_obtained":["Singing Bowl"],"max_hp_gain":0,"max_hp_loss":0,"event_name":"WeMeetAgain","floor":37,"gold_loss":0}],"is_beta":false,"boss_relics":[{"not_picked":["Runic Pyramid","Ectoplasm"],"picked":"Sozu"},{"not_picked":["Snecko Eye","Astrolabe"],"picked":"FrozenCore"}],"items_purged_floors":[5],"is_endless":false,"potions_floor_spawned":[7,10,16,18,24,33,35],"killed_by":"Transient","ascension_level":11}}