{"host":"yuhibl5o0ay6idau","time":1610916383,"event":{"mods":["Act Like it!","Aspiration","BaseMod","Better Altar","Better Match","Better Note","Better Sensory Stone","Better Skull","Better Third Choice","CCEM","Colored Map","Colored Powertips","Conspire","DeckTracker","GifTheSpireLib","Highlight Path","Hunter ??","Jedi Mod","Mad Scientist","Minty Spire (QoL Compilation)","Permanent Neow","Quick Restart","Random Character Button","Replay The Spire","Shade Mod","StSLib","Stuff the Spire","SuperFastMode","The Spell Scribe","The Witch","vexMod"],"gold_per_floor":[111,91,16,31,48,81,92,107,107,134,134,134,166,166,166,263,263,283,32,51,51,71,97,97,125,125,139,14,45,63,88,88,186,186,202,0,13,13,25,60,76,108,159,178,178,204,204,216,216,216],"floor_reached":51,"language":"ENG","playtime":6460,"items_purged":["Defend_G","Outmaneuver","StuffTheSpire:ClusterCrunch"],"score":1218,"play_id":"3dd8b395-7d7c-4f73-b2ed-69c9578dad59","local_time":"20210117124623","is_ascension_mode":true,"campfire_choices":[{"data":"jedi:rejectivetoxin","floor":11.0,"key":"SMITH"},{"data":"StuffTheSpire:BrainWave","floor":15.0,"key":"SMITH"},{"data":"Choke","floor":24,"key":"SMITH"},{"data":"StuffTheSpire:ReptileScales","floor":32,"key":"SMITH"},{"data":"Prepared","floor":45,"key":"SMITH"},{"data":"StuffTheSpire:Repulse","floor":47,"key":"SMITH"},{"floor":49,"key":"DIG"}],"circlet_count":0,"master_deck":["Survivor","Neutralize+1","Deflect+1","StuffTheSpire:ReptileScales+1","jedi:rejectivetoxin+1","StuffTheSpire:BrainWave+1","ReplayTheSpireMod:Speed Training","Tools of the Trade","ReplayTheSpireMod:The Works+1","Venomology","Noxious Fumes","Calculated Gamble","Choke+1","Dagger Spray+1","jedi:studypoison","StuffTheSpire:DoubleShiv","Prepared+1","Replay:Poison Smokescreen","Quick Slash+1","Backflip","jedi:pocketpoison+1","Backflip+1","jedi:pocketpoison+1","StuffTheSpire:Repulse+1","Escape Plan"],"relics":["StuffTheSpire:RunicHypercube","betterThird:SlimedRelic","StuffTheSpire:HeavyRock","jedi:ghostblades","StuffTheSpire:DarkSteelAnvil","Pandora\u0027s Box","jedi:rubbersling","ReplayFunnel","ReplayTheSpireMod:Lightbulb","Nunchaku","jedi:arcanewood","Pet Ghost","Black Star","Red Mask","Gremlin Horn","Oddly Smooth Stone","Dream Catcher","Ornamental Fan","ReplayTheSpireMod:Ninjato","War Paint","StuffTheSpire:GrapeVine","Whetstone","jedi:crownofsimplicity"],"acts_visited":["Exordium","TheCity","TheBeyond"],"potions_floor_usage":[23,25,27,29,30,31,33,37,39,41,42,48,50,50,50,50],"damage_taken":[{"damage":0.0,"enemies":"Small Slimes","floor":1.0,"turns":4.0},{"damage":0.0,"enemies":"conspire:RoseBush","floor":4.0,"turns":4.0},{"damage":0.0,"enemies":"Cultist","floor":5.0,"turns":3.0},{"damage":6.0,"enemies":"Gremlin Nob","floor":6.0,"turns":3.0},{"damage":0.0,"enemies":"conspire:2 RoseBushes","floor":7.0,"turns":5.0},{"damage":0.0,"enemies":"2 Fungi Beasts","floor":8.0,"turns":4.0},{"damage":0.0,"enemies":"Replay:BlueRogue","floor":10.0,"turns":8.0},{"damage":7.0,"enemies":"Gremlin Nob","floor":13.0,"turns":4.0},{"damage":11.0,"enemies":"Fading Forest","floor":16.0,"turns":11.0},{"damage":7.0,"enemies":"2 Thieves","floor":18.0,"turns":3.0},{"damage":8.0,"enemies":"Chosen","floor":20.0,"turns":3.0},{"damage":7.0,"enemies":"Snake Plant","floor":22.0,"turns":2.0},{"damage":0,"enemies":"conspire:Head Lice","floor":23,"turns":4},{"damage":0,"enemies":"Replay:Snechameleon","floor":25,"turns":3},{"damage":0,"enemies":"Cultist and Chosen","floor":27,"turns":4},{"damage":0,"enemies":"Gremlin Leader","floor":29,"turns":4},{"damage":10,"enemies":"Shelled Parasite and Fungi","floor":30,"turns":3},{"damage":0,"enemies":"conspire:SneckoGhost","floor":31,"turns":4},{"damage":0,"enemies":"Automaton","floor":33,"turns":5},{"damage":0,"enemies":"Orb Walker","floor":35,"turns":2},{"damage":0,"enemies":"3 Shapes","floor":37,"turns":2},{"damage":0,"enemies":"3 Darklings","floor":39,"turns":3},{"damage":0,"enemies":"Reptomancer","floor":40,"turns":3},{"damage":0,"enemies":"Spire Growth","floor":41,"turns":3},{"damage":0,"enemies":"Giant Head","floor":42,"turns":5},{"damage":0,"enemies":"Sphere and 2 Shapes","floor":44,"turns":2},{"damage":0,"enemies":"Nemesis","floor":46,"turns":3},{"damage":0,"enemies":"3 Darklings","floor":48,"turns":1},{"damage":0,"enemies":"Replay:Hell Engine","floor":50,"turns":1}],"seed_played":"5984782913076826588","potions_obtained":[{"floor":5.0,"key":"jedi:StrikingPotion"},{"floor":7.0,"key":"PowerPotion"},{"floor":10.0,"key":"Adrenaline Potion"},{"floor":20.0,"key":"SkillPotion"},{"floor":29,"key":"Weak Potion"},{"floor":30,"key":"AttackPotion"},{"floor":35,"key":"Explosive Potion"},{"floor":39,"key":"LiquidMemories"}],"is_trial":false,"path_per_floor":["M","?","$","M","M","E","M","M","T","E","R","?","E","?","R","B",null,"M","$","M","?","M","E","R","E","T","M","$","E","M","E","R","B",null,"M","?","M","?","M","E","M","E","T","M","R","E","R","M","R_BF","B",null],"character_chosen":"THE_SILENT","items_purchased":["jedi:rubbersling"],"campfire_rested":0,"item_purchase_floors":[19],"current_hp_per_floor":[63,52,52,52,52,46,46,46,46,46,46,46,39,39,39,36,62,55,55,47,47,40,40,40,40,40,40,40,40,30,30,30,30,60,60,60,60,60,60,60,60,60,60,60,60,60,60,65,65,65],"gold":216,"neow_bonus":"BOSS_RELIC","is_daily":false,"chose_seed":false,"campfire_upgraded":6,"win_rate":0.0,"timestamp":1610916383,"path_taken":["M","?","$","M","M","E","M","M","T","E","R","?","E","?","R","BOSS","M","$","M","?","M","E","R","E","T","M","$","E","M","E","R","BOSS","M","?","M","?","M","E","M","E","T","M","R","E","R","?","R_BF","BOSS"],"items_purchased_type":["Relic"],"build_version":"2020-12-22","purchased_purges":3,"victory":true,"max_hp_per_floor":[70,70,70,70,70,70,70,70,70,70,70,70,70,70,70,70,70,70,70,70,70,70,70,70,70,70,70,70,70,70,70,70,70,70,70,70,70,70,70,70,70,70,70,70,70,70,70,70,70,70],"card_choices":[{"not_picked":["Toxin Wave","Setup"],"picked":"Deflect","floor":1.0},{"not_picked":["jedi:acidrain","ReplayTheSpireMod:Exploit Weakness","Quick Slash"],"picked":"SKIP","floor":4.0},{"not_picked":["Outmaneuver","Bane","Caltrops"],"picked":"SKIP","floor":5.0},{"not_picked":["Dodge and Roll","Distraction","StuffTheSpire:MirrorStance"],"picked":"SKIP","floor":6.0},{"not_picked":["Sucker Punch","Slice"],"picked":"StuffTheSpire:ReptileScales","floor":7.0},{"not_picked":["Bane","Sucker Punch"],"picked":"StuffTheSpire:ClusterCrunch","floor":8.0},{"not_picked":["StuffTheSpire:BrimstoneBlast","Prepared"],"picked":"jedi:rejectivetoxin","floor":10.0},{"not_picked":["StuffTheSpire:Rapture","StuffTheSpire:CelestialWarden"],"picked":"StuffTheSpire:BrainWave","floor":12.0},{"not_picked":["Flying Knee","Prepared"],"picked":"ReplayTheSpireMod:Speed Training","floor":13.0},{"not_picked":["Glass Knife","jedi:studypoison"],"picked":"Tools of the Trade","floor":16.0},{"not_picked":["Heel Hook+1","Terror"],"picked":"StuffTheSpire:DoubleShiv","floor":18.0},{"not_picked":["Slice","StuffTheSpire:ClusterCrunch+1","Terror"],"picked":"SKIP","floor":20.0},{"not_picked":["StuffTheSpire:ClusterCrunch+1","StuffTheSpire:Incantation","Outmaneuver"],"picked":"SKIP","floor":22},{"not_picked":["Dodge and Roll","Deflect","Masterful Stab"],"picked":"SKIP","floor":23},{"not_picked":["ReplayTheSpireMod:Speed Training+1","Masterful Stab","Backstab"],"picked":"SKIP","floor":25},{"not_picked":["Sucker Punch","Deadly Poison"],"picked":"Prepared","floor":27},{"not_picked":["Sucker Punch","Riddle With Holes","Predator+1"],"picked":"SKIP","floor":29},{"not_picked":["ReplayTheSpireMod:Shiv Toss+1","All Out Attack"],"picked":"Replay:Poison Smokescreen","floor":30},{"not_picked":["Slice","StuffTheSpire:BumpUp"],"picked":"Quick Slash+1","floor":31},{"not_picked":["Slice+1","Deadly Poison"],"picked":"Backflip","floor":35},{"not_picked":["StuffTheSpire:Python+1","Distraction+1"],"picked":"jedi:pocketpoison+1","floor":37},{"not_picked":["conspire:DoublingDagger+1","Quick Slash+1"],"picked":"Backflip+1","floor":39},{"not_picked":["jedi:poisonivy","Accuracy"],"picked":"jedi:pocketpoison+1","floor":40},{"not_picked":["Acrobatics+1","Bane","StuffTheSpire:Injection"],"picked":"SKIP","floor":41},{"not_picked":["Well Laid Plans+1","ReplayTheSpireMod:Scrap Shanks+1"],"picked":"StuffTheSpire:Repulse","floor":42},{"not_picked":["Choke","Setup","Bane+1"],"picked":"SKIP","floor":44},{"not_picked":["Poisoned Stab","Riddle With Holes+1","Calculated Gamble"],"picked":"SKIP","floor":46},{"not_picked":["StuffTheSpire:Repulse","Acrobatics+1"],"picked":"Escape Plan","floor":48}],"player_experience":456011,"relics_obtained":[{"floor":6.0,"key":"StuffTheSpire:HeavyRock"},{"floor":9.0,"key":"jedi:ghostblades"},{"floor":10.0,"key":"StuffTheSpire:Experiment12"},{"floor":13.0,"key":"StuffTheSpire:DarkSteelAnvil"},{"floor":23,"key":"ReplayFunnel"},{"floor":25,"key":"ReplayTheSpireMod:Lightbulb"},{"floor":26,"key":"Nunchaku"},{"floor":29,"key":"jedi:arcanewood"},{"floor":31,"key":"Pet Ghost"},{"floor":40,"key":"Oddly Smooth Stone"},{"floor":40,"key":"Dream Catcher"},{"floor":42,"key":"Ornamental Fan"},{"floor":42,"key":"ReplayTheSpireMod:Ninjato"},{"floor":43,"key":"War Paint"},{"floor":46,"key":"StuffTheSpire:GrapeVine"},{"floor":46,"key":"Whetstone"},{"floor":49,"key":"jedi:crownofsimplicity"}],"event_choices":[{"damage_healed":0.0,"max_hp_gain":0.0,"max_hp_loss":0.0,"gold_gain":0.0,"event_name":"betterThird:BetterGoop","player_choice":"Slimed","floor":2.0,"gold_loss":20.0,"damage_taken":11.0},{"damage_healed":0.0,"max_hp_gain":0.0,"max_hp_loss":0.0,"gold_gain":0.0,"event_name":"conspire:LoneGhost","player_choice":"Agree","floor":14.0,"gold_loss":0.0,"damage_taken":0.0},{"damage_healed":0.0,"max_hp_gain":0.0,"max_hp_loss":0.0,"gold_gain":0.0,"event_name":"Vampires","player_choice":"Ignored","floor":21.0,"gold_loss":0.0,"damage_taken":0.0},{"damage_healed":0,"gold_gain":0,"player_choice":"Paid","damage_taken":0,"relics_obtained":["Red Mask"],"max_hp_gain":0,"max_hp_loss":0,"event_name":"Tomb of Lord Red Mask","floor":36,"gold_loss":202},{"cards_removed":["Glass Knife"],"damage_healed":0,"gold_gain":0,"player_choice":"Gave Card","damage_taken":0,"relics_obtained":["Gremlin Horn"],"max_hp_gain":0,"max_hp_loss":0,"event_name":"WeMeetAgain","floor":38,"gold_loss":0}],"is_beta":false,"boss_relics":[{"not_picked":["Abe\u0027s Treasure","StuffTheSpire:Kangaroo"],"picked":"Pandora\u0027s Box"},{"not_picked":["aspiration:RitualDagger","ReplayTheSpireMod:DimensionalGlitch"],"picked":"Black Star"}],"items_purged_floors":[3,19,28],"is_endless":false,"potions_floor_spawned":[5,7,10,20,25,27,29,30,35,39,42,48],"ascension_level":6}}