{"host":"hrp2gnzf6w2vk8p2","time":1610926719,"event":{"mods":["AchievementEnabler","Act Like it!","BaseMod","Better Third Choice","BetterRewards","Colored Powertips","Conspire","DeckTracker","Gensokyo","Hallownest","Hermit","Highlight Path","Hubris","Infinite Spire","Jorbs\u0027s Wanderer Trilogy","Lobotomy","Marisa????????","Minty Spire (QoL Compilation)","Replay The Spire","StSLib","The Animator","The Bug Knight","The Construct","The Cursed","The Disciple","The Hierophant","The Jungle","The Mystic","The Necromancer","The Runesmith","The Servant 0.9.4"],"gold_per_floor":[117,15,15,15,29,49,49,76,130,55,69,69,69,84,84,184,184,199,219,27,46,46,46,71,84,107,107,118,118,118,118],"floor_reached":30,"language":"ENG","playtime":2512,"items_purged":[],"score":250,"play_id":"553fe09e-df23-4cc7-a2dc-e43d87d70a5c","local_time":"20210118003839","is_ascension_mode":false,"campfire_choices":[{"data":"Runesmith:Fortify","floor":7.0,"key":"SMITH"},{"floor":12.0,"key":"REST"},{"floor":15,"key":"REST"},{"floor":23,"key":"REST"},{"floor":29,"key":"REST"}],"circlet_count":0,"master_deck":["Runesmith:Strike_RS","Runesmith:Strike_RS","Runesmith:Strike_RS","Runesmith:Strike_RS","Runesmith:Defend_RS","Runesmith:Defend_RS","Runesmith:Defend_RS","Runesmith:Defend_RS","Runesmith:CraftFirestone","Runesmith:Fortify+1","Runesmith:HeatedChisel","Runesmith:PoweredAnvil","Runesmith:UnstableHammer","Runesmith:FieryHammer","Runesmith:ChiselStab","Runesmith:CraftMagma","Runesmith:LithiumIon","Runesmith:MakeshiftArmor","Runesmith:Firewall","Runesmith:EarthShield","Runesmith:CreatorForm","Runesmith:LithiumIon","Runesmith:HammerThrow","Runesmith:OneForEveryone","Runesmith:LithiumIon+1","Runesmith:CraftPrismatica","Runesmith:EnergizedChisel","Runesmith:Empowerment+1"],"relics":["Runesmith:BrokenRuby","ReplayFunnel","Hallownest:DreamNailRelic","infinitespire:CheckeredPen","Potion Belt","conspire:SpecialSausage","Runesmith:MiniCore","conspire:BottledYoYo","infinitespire:PuzzleCube"],"acts_visited":["Hallownest:Greenpath","Hallownest:Greenpath"],"potions_floor_usage":[18,28,28,28],"damage_taken":[{"damage":0.0,"enemies":"Hallownest:monsterHuskWarrior","floor":1.0,"turns":4.0},{"damage":11.0,"enemies":"Hallownest:2_Tiktiks_and_1_Crawlid","floor":5.0,"turns":4.0},{"damage":8.0,"enemies":"Hallownest:monsterHuskGuard","floor":6.0,"turns":4.0},{"damage":5.0,"enemies":"Hallownest:eliteVengeflyKing","floor":8.0,"turns":5.0},{"damage":31.0,"enemies":"Hallownest:1_Ooma_and_2_Uuma","floor":11.0,"turns":6.0},{"damage":17.0,"enemies":"Hallownest:Guard_and_Warrior","floor":14.0,"turns":6.0},{"damage":1,"enemies":"Hallownest:BossBrokenVessel","floor":16,"turns":9},{"damage":19,"enemies":"theJungle:GiantWrat","floor":18,"turns":6},{"damage":8,"enemies":"theJungle:MUSHROOMGANG","floor":19,"turns":4},{"damage":29,"enemies":"theJungle:Snecko_Cultist_And_Trap","floor":21,"turns":6},{"damage":7,"enemies":"theJungle:MamaSnecko","floor":24,"turns":5},{"damage":15,"enemies":"theJungle:Lyon","floor":25,"turns":5},{"damage":12,"enemies":"theJungle:2_Snecko_Cultists","floor":28,"turns":3},{"damage":23,"enemies":"theJungle:JungleHuntersEncounter","floor":30,"turns":2}],"seed_played":"-2704201184231521597","potions_obtained":[{"floor":1.0,"key":"EntropicBrew"},{"floor":11.0,"key":"ColorlessPotion"},{"floor":14.0,"key":"CultistPotion"},{"floor":19,"key":"CultistPotion"},{"floor":21,"key":"Swift Potion"},{"floor":24,"key":"Swift Potion"},{"floor":28,"key":"Fire Potion"}],"is_trial":false,"path_per_floor":["M","$","?","?","M","M","R","E","T","$","M","R","?","M","R","B",null,"M","M","$","M","?","R","E","M","T","?","M","R","M"],"character_chosen":"RUNESMITH_CLASS","items_purchased":["Runesmith:PoweredAnvil","Runesmith:UnstableHammer","Runesmith:LithiumIon","Runesmith:MiniCore","Runesmith:OneForEveryone"],"campfire_rested":4,"item_purchase_floors":[2,2,10,20,20],"current_hp_per_floor":[70,70,70,70,59,51,51,60,60,60,29,50,50,33,54,53,70,51,43,43,14,14,35,28,13,13,13,1,22,0,0],"gold":118,"neow_bonus":"RANDOM_COMMON_RELIC","is_daily":false,"chose_seed":false,"campfire_upgraded":1,"win_rate":0.0,"timestamp":1610926719,"path_taken":["M","$","?","?","M","M","R","E","T","$","?","R","?","M","R","BOSS","M","M","$","M","?","R","E","M","T","?","M","R","M"],"items_purchased_type":["Card","Card","Card","Relic","Card"],"build_version":"2020-12-22","purchased_purges":0,"victory":false,"max_hp_per_floor":[70,70,70,70,70,70,70,70,70,70,70,70,70,70,70,70,70,70,70,70,70,70,70,70,70,70,70,70,70,70,70],"card_choices":[{"not_picked":["Runesmith:HammerThrow","Runesmith:CraftMagma"],"picked":"Runesmith:HeatedChisel","floor":1.0},{"not_picked":["Runesmith:Prism","Runesmith:Overpower"],"picked":"Runesmith:FieryHammer","floor":5.0},{"not_picked":["Runesmith:UnstableHammer","Runesmith:BackupBattery"],"picked":"Runesmith:ChiselStab","floor":6.0},{"not_picked":["Runesmith:Augment","Runesmith:ChiselStab"],"picked":"Runesmith:CraftMagma","floor":8.0},{"not_picked":["Runesmith:RunicBlueprint","Runesmith:UnstableHammer"],"picked":"Runesmith:MakeshiftArmor","floor":11.0},{"not_picked":["Runesmith:UnstableHammer","Runesmith:RuneHurl"],"picked":"Runesmith:EarthShield","floor":14.0},{"not_picked":["Runesmith:GrandSlam","Runesmith:MetallurgicalResearch"],"picked":"Runesmith:CreatorForm","floor":16},{"not_picked":["Runesmith:HeatExchange+1","Runesmith:HeatedChisel"],"picked":"Runesmith:LithiumIon","floor":18},{"not_picked":["Runesmith:Overpower","Runesmith:MakeshiftArmor"],"picked":"Runesmith:HammerThrow","floor":19},{"not_picked":["Runesmith:Grindstone","Runesmith:StaticCage"],"picked":"Runesmith:LithiumIon+1","floor":21},{"not_picked":["Runesmith:RuneHurl+1","Runesmith:NanitesCloud"],"picked":"Runesmith:CraftPrismatica","floor":24},{"not_picked":["Runesmith:UnstableHammer","Runesmith:HeatExchange"],"picked":"Runesmith:EnergizedChisel","floor":25},{"not_picked":["Runesmith:ChargedHammer","Runesmith:UnstableHammer+1"],"picked":"Runesmith:Empowerment+1","floor":28}],"player_experience":8704,"relics_obtained":[{"floor":8.0,"key":"infinitespire:CheckeredPen"},{"floor":9.0,"key":"Potion Belt"},{"floor":24,"key":"conspire:BottledYoYo"},{"floor":26,"key":"infinitespire:PuzzleCube"}],"event_choices":[{"damage_healed":0.0,"max_hp_gain":0.0,"max_hp_loss":0.0,"gold_gain":0.0,"event_name":"conspire:Investor","player_choice":"Leave","floor":3.0,"gold_loss":0.0,"damage_taken":0.0}],"is_beta":false,"boss_relics":[{"not_picked":["Empty Cage","Replay:Ancient Bell"],"picked":"conspire:SpecialSausage"}],"items_purged_floors":[],"is_endless":false,"potions_floor_spawned":[1,11,14,19,21,24,28],"killed_by":"theJungle:JungleHuntersEncounter","ascension_level":0}}