{"host":"m6aaltr68g9tvoay","time":1610847139,"event":{"mods":["AchievementEnabler","BaseMod","Colored Map","Downfall","Minty Spire (QoL Compilation)","StSLib"],"gold_per_floor":[0,11,29,41,191,211,238,138,166,178,178,178,195,208,222,322,322,322,341,416,435,448,481,505,518,198,213,13,13,32,32,48,144,144,144,156,174,14,64,64,89,109,109,133,133,133,152,229,241,241,241],"floor_reached":50,"language":"ENG","playtime":4519,"items_purged":[],"score":846,"play_id":"13300385-f3eb-4e4a-87e6-edd7dacfb69c","local_time":"20210116173219","is_ascension_mode":true,"campfire_choices":[{"floor":1,"key":"RECALL"},{"floor":8,"key":"REST"},{"data":"bronze:Boost","floor":12,"key":"SMITH"},{"data":"bronze:BurnOut","floor":18,"key":"SMITH"},{"floor":28,"key":"REST"},{"data":"bronze:BurnOut","floor":35,"key":"SMITH"},{"floor":45,"key":"REST"}],"circlet_count":0,"master_deck":["bronze:Strike","bronze:Strike","bronze:Defend","bronze:Defend","bronze:Defend","bronze:Replicate","bronze:Goto","bronze:BronzeOrb","bronze:Turbo","bronze:Boost+1","downfall:Icky","bronze:FollowUp","bronze:WildBeam","bronze:ChosenStrike","bronze:Overload","bronze:WhirlingStrike","bronze:Shield","bronze:BurnOut+1","CurseOfTheBell","bronze:DelayedSlice","bronze:ForceShield+1","bronze:CleanCode","bronze:Frontload+1","bronze:HardenedForm","bronze:Return","bronze:Allocate","bronze:Flail","bronze:BurnOut+1","bronze:Deprecate+1","bronze:Fortify+1","bronze:FindAndReplace","bronze:Frontload","bronze:ChildClass","expansioncontent:YouAreMine","bronze:Flail+1"],"relics":["bronze:BronzeCore","Pen Nib","downfall:HeartBlessingRed","Smiling Mask","Calling Bell","Lantern","hexamod:CandleOfCauterizing","hexamod:Sixitude","Potion Belt","Regal Pillow","Bronze Scales","downfall:HeartBlessingBlue","downfall:HeartBlessingGreen","Busted Crown","ClockworkSouvenir","Shovel","Centennial Puzzle","Toy Ornithopter","Strawberry"],"acts_visited":["Exordium","TheCity","TheBeyond"],"potions_floor_usage":[16,16,16,21,23,23,30,32,33,33,33,33,33,33,43,50,50,50],"damage_taken":[{"damage":5,"enemies":"Small Slimes","floor":2,"turns":4},{"damage":1,"enemies":"Cultist","floor":3,"turns":4},{"damage":14,"enemies":"Jaw Worm","floor":4,"turns":5},{"damage":16,"enemies":"2 Fungi Beasts","floor":6,"turns":6},{"damage":2,"enemies":"3 Sentries","floor":9,"turns":6},{"damage":0,"enemies":"Blue Slaver","floor":10,"turns":3},{"damage":0,"enemies":"Exordium Thugs","floor":13,"turns":3},{"damage":1,"enemies":"2 Fungi Beasts","floor":14,"turns":2},{"damage":0,"enemies":"Exordium Wildlife","floor":15,"turns":2},{"damage":5,"enemies":"WA_ARCHETYPE_RETAIN","floor":16,"turns":5},{"damage":6,"enemies":"Spheric Guardian","floor":19,"turns":3},{"damage":13,"enemies":"Centurion and Healer","floor":21,"turns":4},{"damage":25,"enemies":"Snake Plant","floor":22,"turns":4},{"damage":38,"enemies":"Slavers","floor":23,"turns":6},{"damage":0,"enemies":"Sentry and Sphere","floor":25,"turns":3},{"damage":0,"enemies":"downfall:FleeingMerchant","floor":26,"turns":4},{"damage":0,"enemies":"Centurion and Healer","floor":27,"turns":2},{"damage":1,"enemies":"3 Cultists","floor":30,"turns":5},{"damage":25,"enemies":"Snake Plant","floor":32,"turns":5},{"damage":27,"enemies":"SI_MIRROR_ARCHETYPE","floor":33,"turns":8},{"damage":2,"enemies":"Orb Walker","floor":36,"turns":4},{"damage":22,"enemies":"3 Darklings","floor":37,"turns":4},{"damage":0,"enemies":"downfall:FleeingMerchant","floor":38,"turns":4},{"damage":15,"enemies":"downfall:FleeingMerchant","floor":39,"turns":6},{"damage":6,"enemies":"Jaw Worm Horde","floor":42,"turns":3},{"damage":0,"enemies":"Writhing Mass","floor":43,"turns":1},{"damage":8,"enemies":"Maw","floor":47,"turns":7},{"damage":0,"enemies":"downfall:FleeingMerchant","floor":48,"turns":4},{"damage":19,"enemies":"4 Shapes","floor":49,"turns":6},{"damage":102,"enemies":"DF_ARCHETYPE_ORBS","floor":50,"turns":12}],"seed_played":"7090643596717851867","potions_obtained":[{"floor":2,"key":"FearPotion"},{"floor":4,"key":"SteroidPotion"},{"floor":13,"key":"Weak Potion"},{"floor":15,"key":"bronze:BurnAndBuffPotion"},{"floor":16,"key":"champ:CounterPotion"},{"floor":19,"key":"BlessingOfTheForge"},{"floor":20,"key":"downfall:CursedFountainPotion"},{"floor":25,"key":"Weak Potion"},{"floor":27,"key":"Slimebound:ThreeZeroPotion"},{"floor":30,"key":"Swift Potion"},{"floor":32,"key":"EntropicBrew"},{"floor":42,"key":"SmokeBomb"},{"floor":47,"key":"Regen Potion"},{"floor":49,"key":"Dexterity Potion"}],"is_trial":false,"path_per_floor":["R","M","M","M","?","M","T","R","E","M","?","R","M","M","M","B",null,"R","M","?","M","M","E","T","M","$","M","R","?","M","?","M","B",null,"R","M","M","$","?","?","T","M","M","T","R","?","M","$","M","B"],"character_chosen":"THE_AUTOMATON","items_purchased":["Regal Pillow","Bronze Scales","ClockworkSouvenir","Strawberry","PowerPotion","Block Potion"],"campfire_rested":3,"item_purchase_floors":[26,26,38,48,48,48],"current_hp_per_floor":[84,79,78,64,64,48,48,73,71,71,71,71,71,70,70,65,84,84,78,78,65,40,2,2,2,2,2,55,55,54,54,29,2,94,94,92,70,70,55,47,47,41,41,41,84,84,76,83,64,0,0],"gold":241,"neow_bonus":"TWENTY_PERCENT_HP_BONUS","is_daily":false,"chose_seed":false,"campfire_upgraded":3,"win_rate":0.0,"timestamp":1610847139,"path_taken":["R","M","M","M","?","M","T","R","E","M","?","R","M","M","M","BOSS","R","M","?","M","?","E","T","M","$","M","R","?","M","?","M","BOSS","R","M","M","$","?","?","T","M","?","?","R","?","M","?","M","BOSS"],"items_purchased_type":["Relic","Relic","Relic","Relic","Potion","Potion"],"build_version":"2020-12-22","purchased_purges":0,"victory":false,"max_hp_per_floor":[84,84,84,84,84,84,84,84,84,84,84,84,84,84,84,84,84,84,84,84,84,84,84,84,84,84,84,94,94,94,94,94,94,94,94,94,94,94,94,94,94,94,94,94,94,94,94,101,101,101,101],"card_choices":[{"not_picked":["bronze:Overheat","bronze:FollowUp"],"picked":"bronze:BronzeOrb","floor":2},{"not_picked":["bronze:Invalidate","bronze:ChildClass"],"picked":"bronze:Turbo","floor":3},{"not_picked":["bronze:FineTuning","bronze:BronzeOrb"],"picked":"bronze:Boost","floor":4},{"not_picked":["bronze:Constructor","bronze:Optimize"],"picked":"bronze:FollowUp","floor":6},{"not_picked":["bronze:Overheat","bronze:Break"],"picked":"bronze:WildBeam","floor":9},{"not_picked":["bronze:Frontload","bronze:Constructor"],"picked":"bronze:ChosenStrike","floor":10},{"not_picked":["bronze:DelayedSlice","bronze:Return"],"picked":"bronze:Overload","floor":13},{"not_picked":["bronze:Shield","bronze:DelayedSlice"],"picked":"bronze:WhirlingStrike","floor":14},{"not_picked":["bronze:Hardcode","bronze:BuggyMess"],"picked":"bronze:Shield","floor":15},{"not_picked":["bronze:RecursiveStrike","bronze:ThunderWave"],"picked":"bronze:BurnOut","floor":16},{"not_picked":["bronze:BuggyMess","bronze:Deprecate"],"picked":"bronze:DelayedSlice","floor":19},{"not_picked":["bronze:BuggyMess","bronze:BitShift"],"picked":"bronze:ForceShield+1","floor":21},{"not_picked":["bronze:FineTuning","bronze:Optimize","bronze:Separator"],"picked":"SKIP","floor":22},{"not_picked":["bronze:Allocate","bronze:Separator"],"picked":"bronze:CleanCode","floor":23},{"not_picked":["bronze:BuggyMess+1","bronze:DelayedGuard+1"],"picked":"bronze:Frontload+1","floor":25},{"not_picked":["bronze:Philosophize","bronze:FollowUp"],"picked":"bronze:HardenedForm","floor":26},{"not_picked":["bronze:BuggyMess","bronze:MaxOutput"],"picked":"bronze:Return","floor":27},{"not_picked":["bronze:Turbo","bronze:Optimize+1"],"picked":"bronze:Allocate","floor":30},{"not_picked":["bronze:OilSpill","bronze:BitShift"],"picked":"bronze:Flail","floor":32},{"not_picked":["bronze:CleanCode","bronze:Verify"],"picked":"bronze:BurnOut","floor":33},{"not_picked":["bronze:DelayedSlice"],"picked":"SKIP","floor":36},{"not_picked":[],"picked":"bronze:Deprecate+1","floor":37},{"not_picked":[],"picked":"bronze:Fortify+1","floor":38},{"not_picked":[],"picked":"bronze:ChildClass","floor":42},{"not_picked":[],"picked":"expansioncontent:YouAreMine","floor":46},{"not_picked":["bronze:DelayedSlice"],"picked":"SKIP","floor":47},{"not_picked":[],"picked":"bronze:Flail+1","floor":48},{"not_picked":["bronze:ForceShield"],"picked":"SKIP","floor":49}],"player_experience":1800445,"relics_obtained":[{"floor":7,"key":"Pen Nib"},{"floor":9,"key":"Smiling Mask"},{"floor":17,"key":"Lantern"},{"floor":17,"key":"hexamod:CandleOfCauterizing"},{"floor":17,"key":"hexamod:Sixitude"},{"floor":23,"key":"Potion Belt"},{"floor":39,"key":"Shovel"},{"floor":41,"key":"Centennial Puzzle"},{"floor":44,"key":"Toy Ornithopter"}],"event_choices":[],"is_beta":false,"boss_relics":[{"not_picked":["Cursed Key","Black Star"],"picked":"Calling Bell"},{"not_picked":["Philosopher\u0027s Stone","Runic Dome"],"picked":"Busted Crown"}],"items_purged_floors":[],"is_endless":false,"potions_floor_spawned":[2,4,13,14,15,16,19,25,27,30,32,42,47,49],"killed_by":"DF_ARCHETYPE_ORBS","ascension_level":4}}