{"host":"5icjlaq41ghjcr7h","time":1610864921,"event":{"mods":["AchievementEnabler","BaseMod","Colored Map","Minty Spire (QoL Compilation)","SuperFastMode","everything is the same but u backflip on backflip"],"gold_per_floor":[115,65,17,17,36,68,68,68,116,130,148,183,183,30,30,129,129,147,47,40,50,63,88,88,121,121,133,152,163,163,262,262,361,361,380,730,740,759,759,792,792,792],"floor_reached":41,"language":"KOR","playtime":2022,"items_purged":["Defend_B","Strike_B"],"score":623,"play_id":"90cb0127-70c1-4cf2-878f-5297bcaa1c56","local_time":"20210117152841","is_ascension_mode":true,"campfire_choices":[{"data":"Creative AI","floor":8,"key":"SMITH"},{"data":"Defragment","floor":15,"key":"SMITH"},{"floor":24,"key":"REST"},{"floor":32,"key":"RECALL"}],"circlet_count":0,"master_deck":["Strike_B+1","Defend_B","Defend_B","Zap+1","Dualcast+1","Conserve Battery","Creative AI+1","Heatsinks+1","Steam","Glacier","Defragment+1","Self Repair","Thunder Strike","Steam+1","Conserve Battery","Force Field","Static Discharge","Storm","Defragment","Storm","Glacier","Static Discharge+1","Cold Snap","Coolheaded+1"],"relics":["Cracked Core","NeowsBlessing","Boot","Mango","Black Star","Singing Bowl","War Paint","Nunchaku","Emotion Chip","Eternal Feather","SacredBark","Old Coin","Juzu Bracelet","Vajra","MealTicket"],"acts_visited":["Exordium","TheCity","TheBeyond"],"potions_floor_usage":[10,11,20,21,22,33,35,36,38,40],"damage_taken":[{"damage":0,"enemies":"2 Louse","floor":1,"turns":1},{"damage":0,"enemies":"Jaw Worm","floor":5,"turns":1},{"damage":0,"enemies":"Lagavulin","floor":6,"turns":2},{"damage":3,"enemies":"Small Slimes","floor":10,"turns":2},{"damage":3,"enemies":"Blue Slaver","floor":11,"turns":6},{"damage":33,"enemies":"Gremlin Nob","floor":12,"turns":6},{"damage":12,"enemies":"Hexaghost","floor":16,"turns":14},{"damage":36,"enemies":"3 Byrds","floor":18,"turns":6},{"damage":19,"enemies":"2 Thieves","floor":20,"turns":5},{"damage":27,"enemies":"Snake Plant","floor":21,"turns":8},{"damage":0,"enemies":"Centurion and Healer","floor":22,"turns":12},{"damage":19,"enemies":"Book of Stabbing","floor":23,"turns":11},{"damage":10,"enemies":"Gremlin Leader","floor":25,"turns":9},{"damage":10,"enemies":"Cultist and Chosen","floor":27,"turns":4},{"damage":4,"enemies":"Sentry and Sphere","floor":28,"turns":5},{"damage":20,"enemies":"3 Cultists","floor":29,"turns":4},{"damage":31,"enemies":"Collector","floor":33,"turns":10},{"damage":35,"enemies":"3 Darklings","floor":35,"turns":5},{"damage":21,"enemies":"Mind Bloom Boss Battle","floor":36,"turns":6},{"damage":4,"enemies":"Orb Walker","floor":37,"turns":4},{"damage":10,"enemies":"Transient","floor":38,"turns":5},{"damage":37,"enemies":"Reptomancer","floor":40,"turns":9},{"damage":12,"enemies":"3 Darklings","floor":41,"turns":2}],"seed_played":"-7570333733506348012","potions_obtained":[{"floor":1,"key":"Fire Potion"},{"floor":5,"key":"BlessingOfTheForge"},{"floor":11,"key":"Swift Potion"},{"floor":18,"key":"Explosive Potion"},{"floor":21,"key":"FearPotion"},{"floor":23,"key":"GamblersBrew"},{"floor":29,"key":"Explosive Potion"},{"floor":33,"key":"SkillPotion"},{"floor":35,"key":"GamblersBrew"},{"floor":37,"key":"Fire Potion"}],"is_trial":false,"path_per_floor":["M","?","$","?","M","E","?","R","T","M","M","E","?","$","R","B",null,"M","$","M","M","M","E","R","E","T","M","M","M","?","?","R","B",null,"M","?","M","M","T","E","M"],"character_chosen":"DEFECT","items_purchased":["Conserve Battery","Self Repair"],"campfire_rested":1,"item_purchase_floors":[3,14],"current_hp_per_floor":[75,75,75,75,75,75,60,60,60,57,54,35,28,28,28,23,89,60,60,48,28,35,23,49,46,46,45,50,37,37,37,49,20,95,60,46,42,39,39,11,0,0],"gold":792,"neow_bonus":"THREE_ENEMY_KILL","is_daily":false,"chose_seed":false,"campfire_upgraded":2,"win_rate":0.0,"timestamp":1610864921,"path_taken":["M","?","$","?","M","E","?","R","T","M","?","E","?","?","R","BOSS","M","$","M","M","M","E","R","E","T","M","M","M","?","?","R","BOSS","M","?","M","M","?","E","M"],"items_purchased_type":["Card","Card"],"build_version":"2020-12-22","purchased_purges":2,"victory":false,"max_hp_per_floor":[75,75,75,75,75,75,75,75,75,75,75,89,89,89,89,89,89,89,89,89,89,89,89,89,89,89,91,93,93,93,93,93,95,95,95,95,95,95,95,97,97,97],"card_choices":[{"not_picked":["Reprogram","Sweeping Beam","Aggregate"],"picked":"SKIP","floor":1},{"not_picked":["Go for the Eyes","Darkness"],"picked":"Heatsinks","floor":5},{"not_picked":["Barrage","Hello World"],"picked":"Steam","floor":6},{"not_picked":["Meteor Strike","Ball Lightning"],"picked":"Glacier","floor":10},{"not_picked":["Beam Cell","Streamline"],"picked":"Defragment","floor":11},{"not_picked":["Streamline","Rip and Tear","Leap"],"picked":"SKIP","floor":12},{"not_picked":["Hyperbeam","Echo Form"],"picked":"Thunder Strike","floor":16},{"not_picked":["Barrage+1","Gash"],"picked":"Steam+1","floor":18},{"not_picked":["Barrage","Tempest"],"picked":"Conserve Battery","floor":20},{"not_picked":["Conserve Battery","Ball Lightning"],"picked":"Force Field","floor":21},{"not_picked":["Steam","Tempest","Streamline+1"],"picked":"SKIP","floor":22},{"not_picked":["Beam Cell+1","Sweeping Beam+1"],"picked":"Static Discharge","floor":23},{"not_picked":["Conserve Battery","Redo+1"],"picked":"Storm","floor":25},{"not_picked":["Stack+1","Hello World+1","Streamline"],"picked":"Singing Bowl","floor":27},{"not_picked":["Ball Lightning","Compile Driver+1","Machine Learning"],"picked":"Singing Bowl","floor":28},{"not_picked":["Rip and Tear","Gash"],"picked":"Defragment","floor":29},{"not_picked":["Thunder Strike","Meteor Strike","Multi-Cast"],"picked":"Singing Bowl","floor":33},{"not_picked":["Doom and Gloom","Reinforced Body+1"],"picked":"Glacier","floor":35},{"not_picked":["Hologram","Streamline+1"],"picked":"Static Discharge+1","floor":36},{"not_picked":["Double Energy","Static Discharge"],"picked":"Cold Snap","floor":37},{"not_picked":["Leap+1","Barrage"],"picked":"Coolheaded+1","floor":38},{"not_picked":["Steam","Heatsinks+1","Storm"],"picked":"Singing Bowl","floor":40}],"player_experience":138288,"relics_obtained":[{"floor":6,"key":"Boot"},{"floor":12,"key":"Mango"},{"floor":23,"key":"Singing Bowl"},{"floor":23,"key":"War Paint"},{"floor":25,"key":"Nunchaku"},{"floor":25,"key":"Emotion Chip"},{"floor":26,"key":"Eternal Feather"},{"floor":36,"key":"Old Coin"},{"floor":39,"key":"Juzu Bracelet"},{"floor":40,"key":"Vajra"},{"floor":40,"key":"MealTicket"}],"event_choices":[{"cards_removed":["Strike_B"],"damage_healed":0,"gold_gain":0,"player_choice":"Card Removal","damage_taken":0,"max_hp_gain":0,"max_hp_loss":0,"event_name":"The Cleric","floor":2,"gold_loss":50},{"damage_healed":0,"gold_gain":0,"cards_transformed":["Strike_B"],"player_choice":"Change","damage_taken":0,"max_hp_gain":0,"max_hp_loss":0,"event_name":"Living Wall","floor":4,"gold_loss":0,"cards_obtained":["Creative AI"]},{"damage_healed":0,"gold_gain":0,"player_choice":"Entered Light","damage_taken":15,"max_hp_gain":0,"max_hp_loss":0,"event_name":"Shining Light","floor":7,"gold_loss":0,"cards_upgraded":["Strike_B","Heatsinks"]},{"cards_removed":["Defend_B"],"damage_healed":0,"gold_gain":0,"player_choice":"Card Removal","damage_taken":7,"max_hp_gain":0,"max_hp_loss":0,"event_name":"Golden Wing","floor":13,"gold_loss":0},{"damage_healed":0,"gold_gain":0,"player_choice":"Read","damage_taken":0,"max_hp_gain":0,"max_hp_loss":0,"event_name":"The Library","floor":30,"gold_loss":0,"cards_obtained":["Storm"]},{"damage_healed":0,"gold_gain":99,"player_choice":"Stole From Cult","damage_taken":0,"max_hp_gain":0,"max_hp_loss":0,"event_name":"Nest","floor":31,"gold_loss":0},{"damage_healed":0,"gold_gain":0,"player_choice":"Fight","damage_taken":0,"max_hp_gain":0,"max_hp_loss":0,"event_name":"MindBloom","floor":36,"gold_loss":0}],"is_beta":false,"boss_relics":[{"not_picked":["FrozenCore","Philosopher\u0027s Stone"],"picked":"Black Star"},{"not_picked":["Velvet Choker","Runic Pyramid"],"picked":"SacredBark"}],"items_purged_floors":[14,19],"is_endless":false,"potions_floor_spawned":[1,5,11,18,21,23,29,33,35,37],"killed_by":"3 Darklings","ascension_level":3}}