{"host":"y76clbnovzmw9ubx","time":1610889726,"event":{"mods":["AchievementEnabler","BaseMod","Minty Spire (QoL Compilation)","Permanent Neow","Relic Stats"],"gold_per_floor":[12,30,30,47,67,67,94,94,94,94,111,144,161,192,192,265,265,275,286,286,303,303,337,337,373,399,399,419,440,459,499,499,499,499],"floor_reached":33,"language":"ENG","playtime":1477,"items_purged":[],"score":708,"play_id":"8c75aab5-d784-4f64-ac00-f28bfeab516f","local_time":"20210117082206","is_ascension_mode":true,"campfire_choices":[{"floor":6.0,"key":"REST"},{"data":"Skewer","floor":8.0,"key":"SMITH"},{"data":"Dagger Spray","floor":15.0,"key":"SMITH"},{"floor":24.0,"key":"REST"},{"floor":27,"key":"REST"},{"floor":32,"key":"REST"}],"circlet_count":0,"master_deck":["AscendersBane","Strike_G","Strike_G","Strike_G","Defend_G","Defend_G","Defend_G","Defend_G","Defend_G","Survivor","Neutralize","Predator","Skewer+1","Backstab","Corpse Explosion","Deflect","Burst+1","Blade Dance","Dagger Spray+1","Die Die Die","Caltrops+1","Deflect","Bullet Time","Blade Dance+1","Blade Dance","Wraith Form v2+1"],"relics":["Ring of the Snake","TungstenRod","Akabeko","Bag of Preparation","Frozen Egg 2","Tough Bandages","Fusion Hammer","Vajra","CeramicFish","Strawberry","Oddly Smooth Stone"],"acts_visited":["Exordium","TheCity"],"potions_floor_usage":[31,31],"damage_taken":[{"damage":1.0,"enemies":"Jaw Worm","floor":1.0,"turns":6.0},{"damage":0.0,"enemies":"Cultist","floor":2.0,"turns":3.0},{"damage":13.0,"enemies":"Small Slimes","floor":4.0,"turns":4.0},{"damage":21.0,"enemies":"Gremlin Gang","floor":5.0,"turns":6.0},{"damage":7.0,"enemies":"Gremlin Nob","floor":7.0,"turns":3.0},{"damage":0.0,"enemies":"3 Louse","floor":11.0,"turns":1.0},{"damage":1.0,"enemies":"3 Sentries","floor":12.0,"turns":2.0},{"damage":0.0,"enemies":"Large Slime","floor":13.0,"turns":5.0},{"damage":7.0,"enemies":"Gremlin Nob","floor":14.0,"turns":3.0},{"damage":16.0,"enemies":"Slime Boss","floor":16.0,"turns":10.0},{"damage":0.0,"enemies":"3 Byrds","floor":18.0,"turns":3.0},{"damage":20.0,"enemies":"Shell Parasite","floor":19.0,"turns":2.0},{"damage":4.0,"enemies":"Centurion and Healer","floor":21.0,"turns":5.0},{"damage":20.0,"enemies":"Slavers","floor":23.0,"turns":3.0},{"damage":17,"enemies":"Gremlin Leader","floor":25,"turns":5},{"damage":0,"enemies":"3 Cultists","floor":28,"turns":2},{"damage":21,"enemies":"Shelled Parasite and Fungi","floor":29,"turns":4},{"damage":0,"enemies":"Centurion and Healer","floor":30,"turns":3},{"damage":17,"enemies":"Book of Stabbing","floor":31,"turns":4},{"damage":22,"enemies":"Collector","floor":33,"turns":3}],"seed_played":"1773018945853309670","potions_obtained":[{"floor":5.0,"key":"Fire Potion"},{"floor":7.0,"key":"BlessingOfTheForge"},{"floor":12.0,"key":"Swift Potion"},{"floor":19.0,"key":"Dexterity Potion"},{"floor":21.0,"key":"Swift Potion"},{"floor":29,"key":"SpeedPotion"},{"floor":30,"key":"Fire Potion"}],"is_trial":false,"path_per_floor":["M","M","?","M","M","R","E","R","T","?","M","E","M","E","R","B",null,"M","M","?","M","?","E","R","E","T","R","M","M","M","E","R","B"],"character_chosen":"THE_SILENT","items_purchased":[],"campfire_rested":4,"item_purchase_floors":[],"current_hp_per_floor":[58,58,58,45,24,43,36,36,36,36,36,35,35,28,28,12,53,53,33,33,29,29,9,28,11,18,39,39,18,18,1,22,0,0],"gold":499,"neow_bonus":"ONE_RARE_RELIC","is_daily":false,"chose_seed":false,"campfire_upgraded":2,"win_rate":0.0,"timestamp":1610889726,"path_taken":["M","M","?","?","M","R","E","R","T","?","M","E","?","E","R","BOSS","M","M","?","M","?","E","R","E","T","R","M","M","M","E","R","BOSS"],"items_purchased_type":[],"build_version":"2020-12-22","purchased_purges":0,"victory":false,"max_hp_per_floor":[66,66,66,66,66,66,66,66,66,66,66,66,66,66,66,66,66,66,66,66,66,66,66,66,66,73,73,73,73,73,73,73,73,73],"relic_stats":{"Tough Bandages":[21],"counters":[20,77],"CeramicFish":27,"Bag of Preparation":[30],"obtain_stats":[{"Tough Bandages":14,"CeramicFish":25,"Strawberry":26,"Vajra":23,"Oddly Smooth Stone":31,"Fusion Hammer":17,"Bag of Preparation":9,"Frozen Egg 2":12,"TungstenRod":0,"Akabeko":7,"Ring of the Snake":0},{"Tough Bandages":9,"CeramicFish":15,"Strawberry":15,"Vajra":14,"Oddly Smooth Stone":19,"Fusion Hammer":10,"Bag of Preparation":5,"Frozen Egg 2":7,"TungstenRod":0,"Akabeko":5,"Ring of the Snake":0},{"Tough Bandages":33,"CeramicFish":61,"Strawberry":61,"Vajra":56,"Oddly Smooth Stone":74,"Fusion Hammer":43,"Bag of Preparation":22,"Frozen Egg 2":25,"TungstenRod":0,"Akabeko":22,"Ring of the Snake":0}],"TungstenRod":33,"Ring of the Snake":[40]},"card_choices":[{"not_picked":["Slice","Deadly Poison"],"picked":"Predator","floor":1.0},{"not_picked":["Heel Hook","Quick Slash","Acrobatics"],"picked":"SKIP","floor":2.0},{"not_picked":["Predator","Prepared"],"picked":"Skewer","floor":4.0},{"not_picked":["Bane","Deadly Poison"],"picked":"Backstab","floor":5.0},{"not_picked":["Setup","Flying Knee"],"picked":"Corpse Explosion","floor":7.0},{"not_picked":["Bane","Crippling Poison","Eviscerate"],"picked":"SKIP","floor":11.0},{"not_picked":["Prepared","Calculated Gamble"],"picked":"Burst","floor":12.0},{"not_picked":["PiercingWail","Backflip"],"picked":"Blade Dance","floor":13.0},{"not_picked":["Slice","PiercingWail"],"picked":"Dagger Spray","floor":14.0},{"not_picked":["Storm of Steel","A Thousand Cuts+1"],"picked":"Die Die Die","floor":16.0},{"not_picked":["Leg Sweep","Accuracy+1"],"picked":"Caltrops+1","floor":18.0},{"not_picked":["Bane","Underhanded Strike"],"picked":"Deflect","floor":19.0},{"not_picked":["Eviscerate","Flying Knee","Riddle With Holes"],"picked":"SKIP","floor":21.0},{"not_picked":["Outmaneuver","Acrobatics"],"picked":"Bullet Time","floor":23.0},{"not_picked":["Masterful Stab","Outmaneuver"],"picked":"Blade Dance+1","floor":25},{"not_picked":["Eviscerate","Underhanded Strike","Quick Slash"],"picked":"SKIP","floor":28},{"not_picked":["Flying Knee","Outmaneuver"],"picked":"Blade Dance","floor":29},{"not_picked":["Bane","Dagger Spray","Dagger Throw"],"picked":"SKIP","floor":30},{"not_picked":["Poisoned Stab","Outmaneuver"],"picked":"Wraith Form v2+1","floor":31}],"player_experience":3072670,"relics_obtained":[{"floor":7.0,"key":"Akabeko"},{"floor":9.0,"key":"Bag of Preparation"},{"floor":12.0,"key":"Frozen Egg 2"},{"floor":14.0,"key":"Tough Bandages"},{"floor":23.0,"key":"Vajra"},{"floor":25,"key":"CeramicFish"},{"floor":26,"key":"Strawberry"},{"floor":31,"key":"Oddly Smooth Stone"}],"event_choices":[{"cards_removed":["Strike_G"],"damage_healed":0.0,"max_hp_gain":0.0,"max_hp_loss":0.0,"gold_gain":0.0,"event_name":"Bonfire Elementals","player_choice":"Offered Basic","floor":3.0,"gold_loss":0.0,"damage_taken":0.0},{"damage_healed":0.0,"max_hp_gain":0.0,"max_hp_loss":0.0,"gold_gain":0.0,"cards_transformed":["Strike_G"],"event_name":"Transmorgrifier","player_choice":"Transformed","floor":10.0,"gold_loss":0.0,"damage_taken":0.0,"cards_obtained":["Deflect"]},{"damage_healed":0.0,"max_hp_gain":0.0,"max_hp_loss":0.0,"gold_gain":0.0,"event_name":"The Mausoleum","player_choice":"Ignored","floor":20.0,"gold_loss":0.0,"damage_taken":0.0},{"damage_healed":0.0,"max_hp_gain":0.0,"max_hp_loss":0.0,"gold_gain":0.0,"event_name":"Upgrade Shrine","player_choice":"Upgraded","floor":22.0,"gold_loss":0.0,"damage_taken":0.0,"cards_upgraded":["Burst"]}],"is_beta":false,"boss_relics":[{"not_picked":["Tiny House","Snecko Eye"],"picked":"Fusion Hammer"}],"items_purged_floors":[],"is_endless":false,"potions_floor_spawned":[5,7,12,13,19,21,29,30],"killed_by":"Collector","ascension_level":20}}