{"host":"gkh5j5k5w4qf7k7n","time":1610861908,"event":{"mods":["2.2 Compatiblity","AchievementEnabler","Arknights The Spire","BaseMod","Colored Map","Colored Powertips","GifTheSpireLib","Hermit","Keyboard Shortcuts","Minty Spire (QoL Compilation)","Quick Restart","StSLib","SuperFastMode","The Druid","The Problem Sleuth","TheBandit","¡¼?Úª?ø«¡½REMEMod"],"gold_per_floor":[117,135,147,72,72,102,102,122,122,122,153,182,182,194,194,271,271,285,29,29,29,41,41,61,61,61,61,89,89,124,124,124,197,197,214,232,232,107,121,150,169,200,200,200,248,248,248,264,264,264,264,264,17,51,51,51,51],"floor_reached":55,"language":"KOR","playtime":10929,"items_purged":["theSleuth:Strike","theSleuth:Defend","Writhe","theSleuth:ClubClubClub"],"score":1215,"play_id":"21f1ae88-2b69-420c-8642-30432c6d3b6e","local_time":"20210117143828","is_ascension_mode":true,"campfire_choices":[{"data":"theSleuth:TakeInventory","floor":7.0,"key":"SMITH"},{"data":"hermit:Magnum","floor":10.0,"key":"SMITH"},{"data":"theSleuth:SnoopDoggBust","floor":15.0,"key":"SMITH"},{"data":"theSleuth:TripleScuffle","floor":23.0,"key":"SMITH"},{"data":"theSleuth:LeverageHeight","floor":27.0,"key":"SMITH"},{"data":"theSleuth:BenStillerBust","floor":29.0,"key":"SMITH"},{"data":"theSleuth:BrassTacks","floor":32.0,"key":"SMITH"},{"data":"Madness","floor":44.0,"key":"SMITH"},{"floor":49.0,"key":"RECALL"},{"data":"Madness","floor":52.0,"key":"SMITH"}],"circlet_count":0,"master_deck":["AscendersBane","theSleuth:TakeInventory+1","theSleuth:Diplomacy+1","hermit:Magnum+1","theSleuth:BenStillerBust+1","theSleuth:WilsonBust+1","theSleuth:SnoopDoggBust+1","theSleuth:LeverageHeight+1","theSleuth:BenStillerBust+1","theSleuth:TripleScuffle+1","theSleuth:Deprogram","theSleuth:BiteHardly","theSleuth:BrassTacks+1","theSleuth:Frijolaegis","Thinking Ahead","Madness+1","Secret Technique","theSleuth:RetainReturn","Madness","Madness+1","theSleuth:WilsonBust"],"relics":["theSleuth:Typewriter","REME_ComplimentaryCards","Mercury Hourglass","Unceasing Top","Ginger","Odd Mushroom","Singing Bowl","Empty Cage","TheAbacus","Ornamental Fan","Eternal Feather","Sundial","REME_DuelDisc","Darkstone Periapt","Anchor","REME_LimitBreaker","Membership Card","Gremlin Horn"],"acts_visited":["Exordium","TheCity","TheBeyond","TheEnding"],"potions_floor_usage":[55,55],"damage_taken":[{"damage":6.0,"enemies":"2 Louse","floor":1.0,"turns":3.0},{"damage":0.0,"enemies":"Cultist","floor":2.0,"turns":3.0},{"damage":7.0,"enemies":"Jaw Worm","floor":3.0,"turns":2.0},{"damage":8.0,"enemies":"3 Sentries","floor":6.0,"turns":8.0},{"damage":0.0,"enemies":"3 Louse","floor":8.0,"turns":2.0},{"damage":6.0,"enemies":"Lagavulin","floor":11.0,"turns":4.0},{"damage":3.0,"enemies":"The Mushroom Lair","floor":12.0,"turns":2.0},{"damage":0.0,"enemies":"Exordium Wildlife","floor":14.0,"turns":3.0},{"damage":12.0,"enemies":"Slime Boss","floor":16.0,"turns":8.0},{"damage":2.0,"enemies":"Chosen","floor":18.0,"turns":3.0},{"damage":0.0,"enemies":"3 Byrds","floor":22.0,"turns":3.0},{"damage":0.0,"enemies":"Cultist and Chosen","floor":24.0,"turns":4.0},{"damage":5.0,"enemies":"Gremlin Leader","floor":28.0,"turns":5.0},{"damage":17.0,"enemies":"Slavers","floor":30.0,"turns":4.0},{"damage":7.0,"enemies":"Automaton","floor":33.0,"turns":7.0},{"damage":0.0,"enemies":"Orb Walker","floor":35.0,"turns":2.0},{"damage":0.0,"enemies":"3 Darklings","floor":36.0,"turns":4.0},{"damage":0.0,"enemies":"Maw","floor":39.0,"turns":3.0},{"damage":3.0,"enemies":"Reptomancer","floor":40.0,"turns":3.0},{"damage":2.0,"enemies":"Jaw Worm Horde","floor":41.0,"turns":3.0},{"damage":6.0,"enemies":"Nemesis","floor":42.0,"turns":5.0},{"damage":0.0,"enemies":"2 Orb Walkers","floor":45.0,"turns":2.0},{"damage":0.0,"enemies":"Sphere and 2 Shapes","floor":48.0,"turns":2.0},{"damage":24.0,"enemies":"Time Eater","floor":50.0,"turns":8.0},{"damage":2.0,"enemies":"Shield and Spear","floor":54.0,"turns":4.0},{"damage":107,"enemies":"The Heart","floor":55,"turns":9}],"seed_played":"1599841542564885696","potions_obtained":[{"floor":2.0,"key":"Swift Potion"},{"floor":6.0,"key":"AttackPotion"},{"floor":14.0,"key":"Weak Potion"},{"floor":30.0,"key":"LiquidBronze"}],"is_trial":false,"path_per_floor":["M","M","M","$","?","E","R","M","T","R","E","?","?","M","R","B",null,"M","$","?","?","M","R","M","?","T","R","E","R","E","?","R","B",null,"M","M","?","$","M","E","M","E","T","R","?","?","?","M","R","B",null,"R","$","E","B"],"character_chosen":"THE_sleuth","items_purchased":["TheAbacus","Membership Card","theSleuth:WilsonBust"],"campfire_rested":0,"item_purchase_floors":[19,53,53],"current_hp_per_floor":[60,60,53,53,38,30,30,30,30,30,24,21,18,20,20,8,58,56,56,56,56,56,56,56,56,56,56,51,60,45,45,54,49,72,72,74,64,64,66,65,65,61,61,70,70,59,59,61,73,49,81,91,91,91,0,0,0],"gold":51,"neow_bonus":"REMOVE_CARD","is_daily":false,"chose_seed":false,"campfire_upgraded":9,"win_rate":0.0,"timestamp":1610861908,"path_taken":["M","M","M","$","?","E","R","M","T","R","E","?","?","M","R","BOSS","M","$","?","?","M","R","M","?","T","R","E","R","E","?","R","BOSS","M","M","?","$","M","E","M","E","T","R","?","?","?","M","R","BOSS","R","$","E","BOSS"],"items_purchased_type":["Relic","Relic","Card"],"build_version":"2020-12-22","purchased_purges":4,"victory":false,"max_hp_per_floor":[73,73,73,73,73,73,73,73,73,73,73,73,73,75,75,75,75,75,75,75,75,75,75,75,75,75,75,75,75,77,77,77,79,79,79,81,81,81,83,85,87,89,89,89,89,89,89,91,91,91,91,91,91,93,93,93,93],"card_choices":[{"not_picked":["theSleuth:TruffleShuffle","theSleuth:UnDeEscalate","theSleuth:HandCannon"],"picked":"SKIP","floor":1.0},{"not_picked":["theSleuth:OpportunityCost","theSleuth:Fortify"],"picked":"theSleuth:BenStillerBust","floor":2.0},{"not_picked":["theSleuth:KingpinBust","theSleuth:CandyCorn"],"picked":"theSleuth:WilsonBust","floor":3.0},{"not_picked":["theSleuth:Treaty","theSleuth:Pepperminthryl","theSleuth:Unscale"],"picked":"SKIP","floor":6.0},{"not_picked":["theSleuth:TruffleTrouble","theSleuth:ThrowHat","theSleuth:BiteHardly"],"picked":"SKIP","floor":8.0},{"not_picked":["theSleuth:ThrowHat","theSleuth:Ignore","theSleuth:CandyMech"],"picked":"SKIP","floor":11.0},{"not_picked":["theSleuth:Unscale","theSleuth:VictoryPose"],"picked":"theSleuth:SnoopDoggBust","floor":12.0},{"not_picked":["theSleuth:CandyCane","theSleuth:Taze","theSleuth:FlaskOfWhiskey"],"picked":"Singing Bowl","floor":14.0},{"not_picked":["theSleuth:HairpinMachinegun","theSleuth:TheZillyhammer"],"picked":"theSleuth:LeverageHeight","floor":16.0},{"not_picked":["theSleuth:FlaskOfWhiskey","theSleuth:ThinkAhead"],"picked":"theSleuth:BenStillerBust","floor":18.0},{"not_picked":["theSleuth:Taze","theSleuth:VictoryPose+1"],"picked":"theSleuth:TripleScuffle","floor":22.0},{"not_picked":["theSleuth:ThinkAhead+1","theSleuth:Ogle+1"],"picked":"theSleuth:Deprogram","floor":24.0},{"not_picked":["theSleuth:WeighIn","theSleuth:CandyCorn"],"picked":"theSleuth:OpportunityCost","floor":28.0},{"not_picked":["theSleuth:Taze","theSleuth:Pepperminthryl+1","theSleuth:BenStillerBust"],"picked":"Singing Bowl","floor":30.0},{"not_picked":["theSleuth:Supermassive","theSleuth:RollBoxcars","theSleuth:CandidBullets"],"picked":"Singing Bowl","floor":33.0},{"not_picked":["theSleuth:Taze","theSleuth:PezUzi+1"],"picked":"theSleuth:Frijolaegis","floor":35.0},{"not_picked":["theSleuth:BellyOTheWhale","theSleuth:VictoryPose","theSleuth:PezUzi"],"picked":"Singing Bowl","floor":36.0},{"not_picked":["REME_BodyOfCthun","PanicButton"],"picked":"Thinking Ahead","floor":37.0},{"not_picked":["REME_WheelOfFate","Mind Blast"],"picked":"Madness","floor":37.0},{"not_picked":["Magnetism","Mind Blast"],"picked":"Secret Technique","floor":37.0},{"not_picked":["theSleuth:FoolPlate","theSleuth:TruffleShuffle","theSleuth:Parry"],"picked":"Singing Bowl","floor":39.0},{"not_picked":["theSleuth:CandyLeather","theSleuth:Tootshotgun","theSleuth:HandCannon"],"picked":"Singing Bowl","floor":40.0},{"not_picked":["theSleuth:BellyOTheWhale+1","theSleuth:Fortify","theSleuth:CandyCorn"],"picked":"Singing Bowl","floor":41.0},{"not_picked":["theSleuth:Pepperminthryl","theSleuth:CandyCornVampire","theSleuth:Unscale"],"picked":"Singing Bowl","floor":42.0},{"not_picked":["theSleuth:Taze","theSleuth:Tootshotgun+1"],"picked":"theSleuth:RetainReturn","floor":45.0},{"not_picked":["theSleuth:WizardSudoku","theSleuth:HandCannon","theSleuth:CandyCorn"],"picked":"Singing Bowl","floor":48.0},{"not_picked":["theSleuth:CharismaBlast","theSleuth:Pepperminthryl","theSleuth:KeyringTommygun+1"],"picked":"Singing Bowl","floor":54.0}],"player_experience":814536,"relics_obtained":[{"floor":6.0,"key":"Mercury Hourglass"},{"floor":9.0,"key":"Unceasing Top"},{"floor":11.0,"key":"Ginger"},{"floor":12.0,"key":"Odd Mushroom"},{"floor":28.0,"key":"Eternal Feather"},{"floor":30.0,"key":"Sundial"},{"floor":40.0,"key":"Darkstone Periapt"},{"floor":42.0,"key":"Anchor"},{"floor":43.0,"key":"REME_LimitBreaker"},{"floor":54.0,"key":"Gremlin Horn"}],"event_choices":[{"damage_healed":0.0,"max_hp_gain":0.0,"max_hp_loss":0.0,"gold_gain":0.0,"event_name":"Shining Light","player_choice":"Entered Light","floor":5.0,"gold_loss":0.0,"damage_taken":15.0,"cards_upgraded":["theSleuth:WilsonBust","theSleuth:BenStillerBust"]},{"damage_healed":0.0,"max_hp_gain":0.0,"max_hp_loss":0.0,"gold_gain":0.0,"event_name":"Mushrooms","player_choice":"Fought Mushrooms","floor":12.0,"gold_loss":0.0,"damage_taken":0.0},{"damage_healed":0.0,"max_hp_gain":0.0,"max_hp_loss":0.0,"gold_gain":0.0,"event_name":"Scrap Ooze","player_choice":"Success","floor":13.0,"gold_loss":0.0,"damage_taken":3.0,"relics_obtained":["Singing Bowl"]},{"damage_healed":0.0,"max_hp_gain":0.0,"max_hp_loss":0.0,"gold_gain":0.0,"event_name":"The Mausoleum","player_choice":"Opened","floor":20.0,"gold_loss":0.0,"damage_taken":0.0,"relics_obtained":["Ornamental Fan"],"cards_obtained":["Writhe"]},{"damage_healed":0.0,"max_hp_gain":0.0,"max_hp_loss":0.0,"gold_gain":0.0,"event_name":"Vampires","player_choice":"Ignored","floor":21.0,"gold_loss":0.0,"damage_taken":0.0},{"damage_healed":0.0,"max_hp_gain":0.0,"max_hp_loss":0.0,"gold_gain":0.0,"cards_transformed":["theSleuth:Defend","theSleuth:Defend"],"event_name":"Drug Dealer","player_choice":"Became Test Subject","floor":25.0,"gold_loss":0.0,"damage_taken":0.0,"cards_obtained":["theSleuth:BiteHardly","theSleuth:ClubClubClub"]},{"damage_healed":0.0,"max_hp_gain":0.0,"max_hp_loss":0.0,"gold_gain":0.0,"event_name":"The Library","player_choice":"Read","floor":31.0,"gold_loss":0.0,"damage_taken":0.0,"cards_obtained":["theSleuth:BrassTacks"]},{"damage_healed":0.0,"max_hp_gain":0.0,"max_hp_loss":0.0,"gold_gain":0.0,"event_name":"SensoryStone","player_choice":"Memory 3","floor":37.0,"gold_loss":0.0,"damage_taken":10.0},{"damage_healed":0.0,"max_hp_gain":0.0,"max_hp_loss":0.0,"gold_gain":0.0,"event_name":"Mysterious Sphere","player_choice":"Fight","floor":45.0,"gold_loss":0.0,"damage_taken":0.0},{"damage_healed":0.0,"max_hp_gain":0.0,"max_hp_loss":0.0,"gold_gain":0.0,"event_name":"Winding Halls","player_choice":"Embrace Madness","floor":46.0,"gold_loss":0.0,"damage_taken":11.0,"cards_obtained":["Madness","Madness"]},{"cards_removed":["theSleuth:KeyHandgun"],"damage_healed":0.0,"max_hp_gain":0.0,"max_hp_loss":0.0,"gold_gain":0.0,"event_name":"Falling","player_choice":"Removed Attack","floor":47.0,"gold_loss":0.0,"damage_taken":0.0}],"is_beta":false,"boss_relics":[{"not_picked":["Cursed Key","Black Star"],"picked":"Empty Cage"},{"not_picked":["Runic Dome","theSleuth:AffinityCrow"],"picked":"REME_DuelDisc"}],"items_purged_floors":[4,19,38,53],"is_endless":false,"potions_floor_spawned":[2,6,8,14,22,30,33,36,40,41,45],"killed_by":"The Heart","ascension_level":13}}