{"host":"e4wnmsyty9uvvtwf","time":1610865683,"event":{"mods":["Act Like it!","Aspiration","BaseMod","Colored Map","Colored Powertips","Gensokyo","Minty Spire (QoL Compilation)","Rare Cards Sparkle","Reimu£®≤©¿ˆ¡È√Œ£©","Replay The Spire","StSLib"],"gold_per_floor":[109,209,209,49,67,67,16,16,16,30,365,365,575,75,75,173,173,183,183,198,45,45,45,74,91,115,29,64,281,281,281,281,383,383,400,400,400,50,50,7,36,49,126,153,169,192,192,44,44,44],"floor_reached":51,"language":"ZHS","playtime":2222,"items_purged":["Strike_Lin:ReiMu"],"score":962,"play_id":"709b4e8d-9943-41b8-aa0c-69915ad33e29","local_time":"20210117144123","is_ascension_mode":false,"campfire_choices":[{"data":"Conquer:ReiMu","floor":6.0,"key":"SMITH"},{"data":"NB:ReiMu","floor":12.0,"key":"SMITH"},{"data":"Mountainwind:ReiMu","floor":15.0,"key":"SMITH"},{"data":"CleanRite:ReiMu","floor":23.0,"key":"SMITH"},{"floor":30,"key":"REST"},{"data":"Free:ReiMu","floor":32,"key":"SMITH"},{"data":"Strike_Lin:ReiMu","floor":47,"key":"PURGE"},{"data":"Free:ReiMu","floor":49,"key":"SMITH"}],"circlet_count":0,"master_deck":["Strike_Lin:ReiMu","Strike_Lin:ReiMu","Defend_Lin:ReiMu","Defend_Lin:ReiMu","Defend_Lin:ReiMu","Defend_Lin:ReiMu","NB:ReiMu+1","Stagnation:ReiMu","Necronomicurse","Mountainwind:ReiMu+1","Intuition:ReiMu","Revelation:ReiMu","PayForSelf:ReiMu","SealNeedle:ReiMu","FantasyMoon:ReiMu","TightArray:ReiMu","CleanRite:ReiMu+1","Meditation:ReiMu+1","Amulet:ReiMu","Free:ReiMu+1","Free:ReiMu+1","ShadowOfCrow2:ReiMu+1","NineCharacters:ReiMu","Conquer:ReiMu","Pot Of Greed","Pot Of Greed","Pot Of Greed","LearningPray:ReiMu+1","RainPray2:ReiMu+1","Dreaming:ReiMu","SpringWay:ReiMu+1","Crusade:ReiMu+1","SealNeedle:ReiMu+1","Revelation:ReiMu","Pot Of Greed","Revelation:ReiMu"],"relics":["ShineYinYang:ReiMu","aspiration:Nostalgia","PureWater","Strawberry","Necronomicon","Gensokyo:YoukaiFlower","aspiration:FrozenJewel","Smiling Mask","Replay:Baseball","Oddly Smooth Stone","Philosopher\u0027s Stone","Replay:Kaleidoscope","ReplayTheSpireMod:Shallot","Happy Flower","Grinning Jar","Ginger","Gensokyo:DualWield","ReplayTheSpireMod:Ring of Addiction","Potion Belt","Toy Ornithopter","Bag of Preparation","Boot","Replay:Multitool","Strawberry","RuthlessExorcism:ReiMu","Bottled Flame","Ancient Tea Set","Replay:Mystery Machine","Toolbox"],"acts_visited":["Exordium","Gensokyo:Gensokyo","Gensokyo:Gensokyoer"],"potions_floor_usage":[42,45],"damage_taken":[{"damage":5.0,"enemies":"Gensokyo:2_Kodama","floor":1.0,"turns":4.0},{"damage":0.0,"enemies":"Gensokyo:Python","floor":5.0,"turns":3.0},{"damage":0.0,"enemies":"Gensokyo:3_Fairies","floor":10.0,"turns":8.0},{"damage":26.0,"enemies":"Gensokyo:Aya","floor":11.0,"turns":9.0},{"damage":0.0,"enemies":"Gensokyo:LivingMonolith","floor":13.0,"turns":5.0},{"damage":11.0,"enemies":"Gensokyo:Reimu","floor":16.0,"turns":8.0},{"damage":0.0,"enemies":"Gensokyo:2_Gloops","floor":18.0,"turns":4.0},{"damage":2.0,"enemies":"Gensokyo:Chomper","floor":20.0,"turns":5.0},{"damage":40.0,"enemies":"Gensokyo:Tenshi","floor":24.0,"turns":5.0},{"damage":0.0,"enemies":"Gensokyo:Slime_Group","floor":25.0,"turns":4.0},{"damage":7,"enemies":"Gensokyo:Koishi","floor":28,"turns":6},{"damage":0,"enemies":"Gensokyo:Wraith","floor":29,"turns":5},{"damage":0,"enemies":"Gensokyo:Kaguya","floor":33,"turns":12},{"damage":0,"enemies":"Gensokyo:3_Boulders","floor":35,"turns":4},{"damage":0,"enemies":"Gensokyo:Doremy","floor":41,"turns":6},{"damage":0,"enemies":"Gensokyo:AncientGuardian","floor":42,"turns":5},{"damage":8,"enemies":"Gensokyo:Marisa","floor":44,"turns":5},{"damage":4,"enemies":"Gensokyo:Rafflesia","floor":45,"turns":4},{"damage":3,"enemies":"Gensokyo:Shinki","floor":50,"turns":7}],"seed_played":"-5897345136320540533","potions_obtained":[{"floor":5.0,"key":"SteroidPotion"},{"floor":20.0,"key":"LiquidBronze"},{"floor":24.0,"key":"SpeedPotion"},{"floor":28,"key":"Fire Potion"},{"floor":37,"key":"LiquidFlight:ReiMu"},{"floor":37,"key":"Venom Potion"},{"floor":44,"key":"Explosive Potion"},{"floor":45,"key":"ColorlessPotion"}],"is_trial":false,"path_per_floor":["M","?","?","?","M","R","COS","?","T","M","E","R","M","$","R","B",null,"M","?","M","COS","?","R","E","M","T","$","E","M","R","T","R","B",null,"M","?","?","$","?","COS","E","M","T","E","M","T","R","$","R","B",null],"character_chosen":"REIMU","items_purchased":["SealNeedle:ReiMu","Replay:Baseball","FantasyMoon:ReiMu","TightArray:ReiMu","Oddly Smooth Stone","NineCharacters:ReiMu","Conquer:ReiMu","Bag of Preparation","Boot","Toolbox"],"campfire_rested":1,"item_purchase_floors":[14,14,14,14,14,27,27,38,38,48],"current_hp_per_floor":[60,60,57,57,57,57,57,57,57,57,31,31,31,31,31,20,72,72,72,70,70,67,67,27,27,27,27,20,20,40,40,40,40,67,67,67,67,67,67,67,72,72,72,64,65,65,65,65,65,62],"gold":44,"neow_bonus":"NOSTALGIA","is_daily":false,"chose_seed":false,"campfire_upgraded":6,"win_rate":0.0,"timestamp":1610865683,"path_taken":["M","?","?","?","?","R","COS","?","T","M","E","R","M","$","R","BOSS","M","?","?","COS","?","R","E","?","T","?","E","M","R","?","R","BOSS","M","?","?","?","?","COS","E","M","T","E","M","?","R","?","R","BOSS"],"items_purchased_type":["Card","Relic","Card","Card","Relic","Card","Card","Relic","Relic","Relic"],"build_version":"2020-12-22","purchased_purges":1,"victory":true,"max_hp_per_floor":[65,65,72,72,72,72,72,72,72,72,72,72,72,72,72,72,72,72,72,72,72,67,67,67,67,67,67,67,67,67,67,67,67,67,67,67,67,67,67,67,72,72,72,72,72,72,72,72,70,70],"card_choices":[{"not_picked":["EmergencyTakeOff:ReiMu","AirStrike:ReiMu"],"picked":"Conquer:ReiMu","floor":1.0},{"not_picked":["SpringWay:ReiMu","BarrageOfMoneybags:ReiMu"],"picked":"Mountainwind:ReiMu","floor":5.0},{"not_picked":["NineCharacters:ReiMu","Mountainwind:ReiMu"],"picked":"Intuition:ReiMu","floor":10.0},{"not_picked":["BarrageOfMoneybags:ReiMu","YinYangSign:ReiMu"],"picked":"Revelation:ReiMu","floor":11.0},{"not_picked":["AlertArray:ReiMu","KyokaiOfKami:ReiMu"],"picked":"PayForSelf:ReiMu","floor":13.0},{"not_picked":["OctopathSalyBorderN:ReiMu","Authority:ReiMu"],"picked":"CleanRite:ReiMu","floor":16.0},{"not_picked":["RainPray2:ReiMu","KamiSacrifice:ReiMu"],"picked":"Meditation:ReiMu+1","floor":18.0},{"not_picked":["Intuition:ReiMu","PhosphorusFlame:ReiMu"],"picked":"Amulet:ReiMu","floor":20.0},{"not_picked":["Intuition:ReiMu+1","Revelation:ReiMu"],"picked":"Free:ReiMu","floor":24.0},{"not_picked":["BlastKick2:ReiMu","KamiRite:ReiMu"],"picked":"Free:ReiMu","floor":25.0},{"not_picked":["Amulet:ReiMu","PassingAway:ReiMu"],"picked":"ShadowOfCrow2:ReiMu+1","floor":25.0},{"not_picked":["CollectionFlower2:ReiMu","FantasyBorder:ReiMu"],"picked":"LearningPray:ReiMu+1","floor":28},{"not_picked":["SubcavityInstant:ReiMu+1","SubAcupoint:ReiMu"],"picked":"RainPray2:ReiMu+1","floor":29},{"not_picked":["Authority:ReiMu","Determination:ReiMu"],"picked":"Dreaming:ReiMu","floor":33},{"not_picked":["PhosphorusFlame:ReiMu+1","Enchanting:ReiMu+1"],"picked":"SpringWay:ReiMu+1","floor":35},{"not_picked":["SubcavityInstant:ReiMu","AirStrike:ReiMu+1"],"picked":"Crusade:ReiMu+1","floor":41},{"not_picked":["OctopathBindingBorder2:ReiMu","LearningPray:ReiMu"],"picked":"SealNeedle:ReiMu+1","floor":42},{"not_picked":["FantasyBorder:ReiMu","OrbThrow:ReiMu"],"picked":"Revelation:ReiMu","floor":44},{"not_picked":["SafetyPray:ReiMu","Intuition:ReiMu"],"picked":"Revelation:ReiMu","floor":45}],"player_experience":565271,"relics_obtained":[{"floor":9.0,"key":"aspiration:FrozenJewel"},{"floor":11.0,"key":"Smiling Mask"},{"floor":24.0,"key":"ReplayTheSpireMod:Shallot"},{"floor":26.0,"key":"Happy Flower"},{"floor":28,"key":"Grinning Jar"},{"floor":31,"key":"Ginger"},{"floor":37,"key":"ReplayTheSpireMod:Ring of Addiction"},{"floor":37,"key":"Potion Belt"},{"floor":37,"key":"Toy Ornithopter"},{"floor":41,"key":"Strawberry"},{"floor":43,"key":"Bottled Flame"},{"floor":44,"key":"Ancient Tea Set"},{"floor":46,"key":"Replay:Mystery Machine"}],"event_choices":[],"is_beta":false,"boss_relics":[{"not_picked":["Ectoplasm","Replay:Drink Me"],"picked":"Philosopher\u0027s Stone"},{"not_picked":["Empty Cage","Astrolabe"],"picked":"ShineYinYang:ReiMu"}],"items_purged_floors":[38],"is_endless":false,"potions_floor_spawned":[5,20,24,28,41,44,45],"ascension_level":0}}