{"host":"gk9qdtkqd8dwfeg2","time":1610857079,"event":{"mods":["Act Like it!","Aspiration","BaseMod","Colored Powertips","KomeijiMod","Minty Spire (QoL Compilation)","Quick Restart","Replay The Spire","Shop Mod","StSLib","TestMod","The Gatherer","The Servant 0.9.4","Waifu the Spire","WarShipGirlsR/战舰少女R mod","Yuri Mod"],"gold_per_floor":[115,115,35,55,55,55,80,99,122,47,61,92,17,28,28,100,100,112,112,124,124,138,138,170,220,244,272,289,322,242,258,258,336,336,350,362,380,392,282,310,330,330,330,361,122,142,172,192,192,192,192,192,19,48,48],"floor_reached":56,"language":"ZHS","playtime":2233,"items_purged":[],"score":2195,"play_id":"430e07f7-c983-46bc-90b6-7f6cfc12833f","local_time":"20210117121759","is_ascension_mode":true,"campfire_choices":[{"data":"Armaments","floor":6.0,"key":"SMITH"},{"data":"True Grit","floor":15.0,"key":"SMITH"},{"data":"Abandon","floor":23,"key":"SMITH"},{"data":"Hemogenesis","floor":32,"key":"SMITH"},{"floor":42,"key":"RECALL"},{"floor":49,"key":"REST"}],"circlet_count":0,"master_deck":["AscendersBane","Strike_R+1","Strike_R","Defend_R+1","Bash+1","Feel No Pain","Armaments+1","Burning Pact","True Grit+1","Hemogenesis+1","Berserk","Abandon+1","Fire Breathing+1","Bloodletting","Pommel Strike","Exhume","Sentinel+1","Offering+1","Warcry+1","Evolve","Armaments","Dark Embrace"],"relics":["Burning Blood","testmod-TestBox","testmod-HeartOfStrike","NeowsBlessing","Chameleon Ring","aspiration:ChemicalBlood","ReplayTheSpireMod:Spearhead","Omamori","aspiration:SecretTechniqueScroll","Necronomicon","Blue Doll","testmod-IndustrialRevolution","Dream Catcher","Fusion Hammer","Busted Crown","Regal Pillow","Prayer Wheel","Vajra","MerchantsRug","testmod-LifeArmor","Iron Hammer","Medical Kit","Whetstone"],"acts_visited":["Exordium","TheCity","TheBeyond","TheEnding"],"potions_floor_usage":[22,24,24,27,27,28,28,29,31,33,33,33,37,38,38,40,41,41,44,46,47,47,50,50,52,55,55,55,55,55,55,55,55,55],"damage_taken":[{"damage":0.0,"enemies":"Jaw Worm","floor":1.0,"turns":1.0},{"damage":0.0,"enemies":"Small Slimes","floor":4.0,"turns":1.0},{"damage":0.0,"enemies":"Gremlin Nob","floor":7.0,"turns":1.0},{"damage":0.0,"enemies":"2 Louse","floor":8.0,"turns":1.0},{"damage":9.0,"enemies":"Exordium Wildlife","floor":11.0,"turns":4.0},{"damage":21.0,"enemies":"Lagavulin","floor":12.0,"turns":6.0},{"damage":0.0,"enemies":"Large Slime","floor":14.0,"turns":5.0},{"damage":17.0,"enemies":"The Guardian","floor":16.0,"turns":10.0},{"damage":19.0,"enemies":"2 Thieves","floor":18.0,"turns":4.0},{"damage":0,"enemies":"Chosen","floor":20,"turns":4},{"damage":15,"enemies":"Snake Plant","floor":22,"turns":3},{"damage":22,"enemies":"Gremlin Leader","floor":24,"turns":5},{"damage":37,"enemies":"Slavers","floor":27,"turns":4},{"damage":11,"enemies":"Shelled Parasite and Fungi","floor":28,"turns":3},{"damage":11,"enemies":"Replay:Snechameleon","floor":29,"turns":4},{"damage":3,"enemies":"Centurion and Healer","floor":31,"turns":3},{"damage":38,"enemies":"Champ","floor":33,"turns":9},{"damage":9,"enemies":"Orb Walker","floor":35,"turns":2},{"damage":23,"enemies":"3 Darklings","floor":36,"turns":2},{"damage":26,"enemies":"4 Shapes","floor":37,"turns":3},{"damage":31,"enemies":"Spire Growth","floor":38,"turns":5},{"damage":23,"enemies":"Reptomancer","floor":40,"turns":2},{"damage":23,"enemies":"Writhing Mass","floor":41,"turns":3},{"damage":20,"enemies":"R_Hoarder","floor":44,"turns":5},{"damage":24,"enemies":"3 Darklings","floor":46,"turns":1},{"damage":15,"enemies":"Nemesis","floor":47,"turns":3},{"damage":26,"enemies":"Maw","floor":48,"turns":3},{"damage":37,"enemies":"Replay:Hell Engine","floor":50,"turns":2},{"damage":15,"enemies":"Shield and Spear","floor":54,"turns":2},{"damage":37,"enemies":"The Heart","floor":55,"turns":3}],"seed_played":"6011263680699991286","potions_obtained":[{"floor":8.0,"key":"testmod-TestPotion"},{"floor":12.0,"key":"testmod-TestPotion"},{"floor":14.0,"key":"FearPotion"},{"floor":27,"key":"SkillPotion"},{"floor":28,"key":"PowerPotion"},{"floor":29,"key":"Energy Potion"},{"floor":37,"key":"testmod-TimePotion"},{"floor":38,"key":"SpeedPotion"},{"floor":38,"key":"Milkshake"},{"floor":38,"key":"Elixir"},{"floor":40,"key":"DistilledChaos"},{"floor":41,"key":"BlessingOfTheForge"},{"floor":47,"key":"AttackPotion"},{"floor":52,"key":"testmod-SpacePotion"},{"floor":52,"key":"DuplicationPotion"}],"is_trial":false,"path_per_floor":["M","?","$","M","?","R","E","M","T","?","M","E","?","M","R","B",null,"M","$","M","?","M","R","E","?","T","E","M","E","?","M","R","B",null,"M","M","M","M","?","E","M","R","T","E","$","M","E","M","R","B",null,"R","$","E","B",null],"character_chosen":"IRONCLAD","items_purchased":["Feel No Pain","MerchantsRug","Evolve","testmod-LifeArmor","Medical Kit"],"campfire_rested":1,"item_purchase_floors":[3,45,45,45,53],"current_hp_per_floor":[74,74,74,75,68,68,74,75,75,75,72,57,57,63,63,67,73,75,75,75,54,45,45,51,51,51,20,33,28,28,41,41,49,69,75,75,72,53,53,75,75,75,75,75,75,75,75,75,75,44,67,67,67,75,75],"gold":48,"neow_bonus":"THREE_ENEMY_KILL","is_daily":false,"chose_seed":false,"campfire_upgraded":4,"win_rate":0.0,"timestamp":1610857079,"path_taken":["M","?","?","M","?","R","E","M","T","?","?","E","?","M","R","BOSS","M","$","?","?","M","R","E","?","T","E","M","E","?","M","R","BOSS","M","M","M","M","?","E","M","R","T","E","$","?","E","M","R","BOSS","R","$","E","BOSS"],"items_purchased_type":["Card","Relic","Card","Relic","Relic"],"build_version":"2020-12-22","purchased_purges":0,"victory":true,"max_hp_per_floor":[75,75,75,75,75,75,75,75,75,75,75,75,75,75,75,75,75,75,75,75,75,75,75,75,75,75,75,75,75,75,75,75,75,75,75,75,75,75,75,75,75,75,75,75,75,75,75,75,75,75,75,75,75,75,75],"card_choices":[{"not_picked":["Iron Wave","Clothesline","Clash"],"picked":"SKIP","floor":1.0},{"not_picked":["Anger","True Grit"],"picked":"Armaments","floor":4.0},{"not_picked":["Blood for Blood","Rage","Clash"],"picked":"SKIP","floor":7.0},{"not_picked":["Reckless Charge","Run Through"],"picked":"Burning Pact","floor":8.0},{"not_picked":["Run Through","Flex","Infernal Blade"],"picked":"SKIP","floor":11.0},{"not_picked":["Hemokinesis","Clash"],"picked":"True Grit","floor":12.0},{"not_picked":["Armaments","Pommel Strike"],"picked":"Hemogenesis","floor":14.0},{"not_picked":["Juggernaut","Exhume"],"picked":"Berserk","floor":16.0},{"not_picked":["Perfected Strike","Sword Boomerang+1","True Grit"],"picked":"SKIP","floor":18.0},{"not_picked":["Heavy Blade","Clothesline"],"picked":"Abandon","floor":20},{"not_picked":["Fire Breathing+1","Replay:Undeath\u0027s Touch","Armaments"],"picked":"SKIP","floor":22},{"not_picked":["Replay:Undeath\u0027s Touch","Armaments"],"picked":"Fire Breathing+1","floor":22},{"not_picked":["ReplayTheSpireMod:Corrosion Curse","Reckless Charge"],"picked":"Bloodletting","floor":24},{"not_picked":["Perfected Strike","Whirlwind"],"picked":"Pommel Strike","floor":27},{"not_picked":["Clash","Shrug It Off"],"picked":"Exhume","floor":28},{"not_picked":["Wild Strike","Seeing Red","Armaments"],"picked":"SKIP","floor":29},{"not_picked":["Flex","Warcry","Wild Strike"],"picked":"SKIP","floor":31},{"not_picked":["Clash"],"picked":"SKIP","floor":35},{"not_picked":["Iron Wave"],"picked":"SKIP","floor":36},{"not_picked":["Rampage+1"],"picked":"SKIP","floor":37},{"not_picked":["Warcry"],"picked":"SKIP","floor":38},{"not_picked":["Fiend Fire"],"picked":"SKIP","floor":40},{"not_picked":["Fire Breathing"],"picked":"SKIP","floor":41},{"not_picked":["Replay:Undeath\u0027s Touch"],"picked":"SKIP","floor":44},{"not_picked":["Thunderclap"],"picked":"SKIP","floor":46},{"not_picked":["True Grit"],"picked":"SKIP","floor":46},{"not_picked":["Carnage+1"],"picked":"SKIP","floor":47},{"not_picked":[],"picked":"Armaments","floor":48},{"not_picked":["Thunderclap"],"picked":"SKIP","floor":48},{"not_picked":[],"picked":"Dark Embrace","floor":49},{"not_picked":["Replay:Undeath\u0027s Touch+1"],"picked":"SKIP","floor":54}],"player_experience":639795,"relics_obtained":[{"floor":7.0,"key":"Chameleon Ring"},{"floor":9.0,"key":"aspiration:ChemicalBlood"},{"floor":12.0,"key":"ReplayTheSpireMod:Spearhead"},{"floor":21,"key":"Necronomicon"},{"floor":24,"key":"Blue Doll"},{"floor":27,"key":"testmod-IndustrialRevolution"},{"floor":29,"key":"Dream Catcher"},{"floor":40,"key":"Regal Pillow"},{"floor":43,"key":"Prayer Wheel"},{"floor":44,"key":"Vajra"},{"floor":47,"key":"Iron Hammer"},{"floor":54,"key":"Whetstone"}],"event_choices":[{"damage_healed":0.0,"max_hp_gain":0.0,"max_hp_loss":0.0,"gold_gain":0.0,"event_name":"给自己的盒子","player_choice":"Swap Relic","floor":2.0,"relics_lost":["NeowsBlessing"],"gold_loss":0.0,"damage_taken":0.0,"relics_obtained":["NeowsBlessing"]},{"cards_removed":["Strike_R"],"damage_healed":0.0,"max_hp_gain":0.0,"max_hp_loss":0.0,"gold_gain":0.0,"event_name":"Golden Wing","player_choice":"Card Removal","floor":5.0,"gold_loss":0.0,"damage_taken":7.0},{"cards_removed":["Defend_R"],"damage_healed":0.0,"max_hp_gain":0.0,"max_hp_loss":0.0,"gold_gain":0.0,"event_name":"The Cleric","player_choice":"Card Removal","floor":10.0,"gold_loss":75.0,"damage_taken":0.0},{"damage_healed":0.0,"max_hp_gain":0.0,"max_hp_loss":0.0,"gold_gain":0.0,"event_name":"WeMeetAgain","player_choice":"Paid Gold","floor":13.0,"gold_loss":75.0,"damage_taken":0.0,"relics_obtained":["Omamori"]},{"damage_healed":0,"gold_gain":0,"player_choice":"Obtained Book","damage_taken":21,"max_hp_gain":0,"max_hp_loss":0,"event_name":"Cursed Tome","floor":21,"gold_loss":0},{"damage_healed":0,"gold_gain":50,"player_choice":"Stole From Cult","damage_taken":0,"max_hp_gain":0,"max_hp_loss":0,"event_name":"Nest","floor":25,"gold_loss":0},{"cards_removed":["Strike_R"],"damage_healed":0,"gold_gain":0,"player_choice":"Upgrade and Remove","damage_taken":0,"max_hp_gain":0,"max_hp_loss":0,"event_name":"Designer","floor":39,"gold_loss":110,"cards_upgraded":["Defend_R"]}],"is_beta":false,"boss_relics":[{"not_picked":["testmod-Nine","Runic Cube"],"picked":"aspiration:SecretTechniqueScroll"},{"not_picked":["Runic Dome","Ooze Armor"],"picked":"Replay:Grab Bag"},{"not_picked":["Coffee Dripper","Velvet Choker"],"picked":"Fusion Hammer"},{"not_picked":["ChewingGum","Sozu"],"picked":"Busted Crown"},{"not_picked":["aspiration:ServantSkillbook","Snecko Eye"],"picked":"Astrolabe"}],"items_purged_floors":[],"is_endless":false,"potions_floor_spawned":[8,12,14,16,27,28,29,36,37,38,46],"ascension_level":18}}