{"host":"anpwk55bj6rntrcq","time":1610925481,"event":{"mods":["Act Like it!","BaseMod","BetterRewards","GifTheSpireLib","Hermit","Hubris","Kratos Character Expansion","Minty Spire (QoL Compilation)","Replay The Spire","Robot Space Explorer","SCP261 Mod","StSLib","The Blackbeard","The Death Knight","The Exalted","The Necromancer","The Servant 0.9.4"],"gold_per_floor":[148,148,248,266,23,53,69,100,100,134,134,134,134,111,111,214,264,229,229,258,275,275,302,302,328,328,344,360,360,360,377,377,480,480,496,496,510,520,539,539,558,558,633,652,652,679,679,693,693,693,693,693,358,390,390,390],"floor_reached":55,"language":"ENG","playtime":1634,"items_purged":[],"score":865,"play_id":"59556628-e3fd-4957-8685-46ca42bc5801","local_time":"20210117181801","is_ascension_mode":true,"campfire_choices":[{"data":"KratosMod:Roll","floor":13,"key":"SMITH"},{"floor":15,"key":"REST"},{"data":"Thousand_Bone_Knives","floor":24,"key":"SMITH"},{"floor":30,"key":"REST"},{"floor":32,"key":"REST"},{"floor":40,"key":"RECALL"},{"data":"KratosMod:clawsofhades","floor":42,"key":"SMITH"},{"data":"KratosMod:Strike_K","floor":49,"key":"SMITH"},{"data":"KratosMod:Strike_K","floor":52,"key":"SMITH"}],"circlet_count":0,"master_deck":["KratosMod:Strike_K+1","KratosMod:Strike_K+1","KratosMod:Strike_K+1","KratosMod:Strike_K+1","KratosMod:Defend_K+1","KratosMod:Defend_K+1","KratosMod:Defend_K+1","KratosMod:Defend_K","KratosMod:cyclone+1","KratosMod:AthenaBane","KratosMod:BladeWhip+1","KratosMod:Roll+1","KratosMod:clawsofhades+1","KratosMod:clawsofhades+1","KratosMod:BladeWhip+1","KratosMod:tartarusrage+1","KratosMod:Revenge+1","KratosMod:Tempor+1","Thousand_Bone_Knives+1","KratosMod:clawsofhades+1","KratosMod:BladeWhip+1","KratosMod:BladeWhip+1","KratosMod:clawsofhades+1","KratosMod:Roll+1","KratosMod:Roll+1","KratosMod:clawsofhades+1"],"relics":["KratosMod:eagle","Pear","Strawberry","Bromod:ArcaneFury","Golden Egg","hubris:ToyBattleship","Tiny House","Red Mask","Gremlin Food","Replay:Mystery Machine","Boot","hubris:ScarierMask","Onion Ring","ReplayTheSpireMod:Shallot","Durian","Orichalcum"],"acts_visited":["Exordium","TheCity","TheBeyond","TheEnding"],"potions_floor_usage":[8,18,18,33,39,46,55,55],"damage_taken":[{"damage":0.0,"enemies":"2 Louse","floor":1.0,"turns":2.0},{"damage":0.0,"enemies":"Cultist","floor":4.0,"turns":2.0},{"damage":13,"enemies":"Lagavulin","floor":6,"turns":5},{"damage":7,"enemies":"Small Slimes","floor":7,"turns":3},{"damage":24,"enemies":"Gremlin Nob","floor":8,"turns":5},{"damage":40,"enemies":"3 Sentries","floor":10,"turns":6},{"damage":57,"enemies":"The Guardian","floor":16,"turns":12},{"damage":20,"enemies":"2 Thieves","floor":18,"turns":5},{"damage":28,"enemies":"Masked Bandits","floor":20,"turns":4},{"damage":14,"enemies":"3 Byrds","floor":21,"turns":4},{"damage":27,"enemies":"Gremlin Leader","floor":23,"turns":3},{"damage":26,"enemies":"Book of Stabbing","floor":25,"turns":3},{"damage":19,"enemies":"Shelled Parasite and Fungi","floor":27,"turns":3},{"damage":32,"enemies":"Sentry and Sphere","floor":28,"turns":6},{"damage":15,"enemies":"Snake Plant","floor":31,"turns":2},{"damage":34,"enemies":"Pondfish","floor":33,"turns":5},{"damage":7,"enemies":"Orb Walker","floor":35,"turns":3},{"damage":20,"enemies":"3 Darklings","floor":37,"turns":4},{"damage":15,"enemies":"Writhing Mass","floor":38,"turns":2},{"damage":0,"enemies":"Maw","floor":39,"turns":5},{"damage":11,"enemies":"4 Shapes","floor":41,"turns":3},{"damage":40,"enemies":"Transient","floor":44,"turns":5},{"damage":52,"enemies":"Reptomancer","floor":46,"turns":5},{"damage":33,"enemies":"Writhing Mass","floor":48,"turns":4},{"damage":22,"enemies":"Replay:Hell Engine","floor":50,"turns":4},{"damage":28,"enemies":"Shield and Spear","floor":54,"turns":4},{"damage":120,"enemies":"The Heart","floor":55,"turns":6}],"seed_played":"7887912487291016493","potions_obtained":[{"floor":4.0,"key":"SpeedPotion"},{"floor":7,"key":"Regen Potion"},{"floor":10,"key":"SCP261:BlastolaColaPotion"},{"floor":16,"key":"Explosive Potion"},{"floor":18,"key":"Dexterity Potion"},{"floor":23,"key":"FearPotion"},{"floor":28,"key":"PowerPotion"},{"floor":31,"key":"BlessingOfTheForge"},{"floor":33,"key":"SpeedPotion"},{"floor":37,"key":"Toxic Potion"},{"floor":39,"key":"Ancient Potion"}],"is_trial":false,"path_per_floor":["M","$","?","M","$","E","M","E","T","E","?","?","R","?","R","B",null,"M","?","?","M","?","E","R","E","T","M","M","?","R","M","R","B",null,"M","?","M","M","M","R","M","R","T","M","?","E","?","M","R","B",null,"R","$","E","B"],"character_chosen":"KRATOS","items_purchased":["Pear","Adrenaline Potion","Durian"],"campfire_rested":3,"item_purchase_floors":[5,53,53],"current_hp_per_floor":[60,60,60,60,70,64,63,74,74,65,65,50,50,50,73,57,82,81,81,70,80,80,82,82,71,71,76,50,50,74,59,82,56,82,75,75,79,64,82,82,82,82,82,82,58,51,51,82,82,82,82,82,87,71,0,0],"gold":390,"neow_bonus":"RANDOM_EVENT","is_daily":false,"chose_seed":false,"campfire_upgraded":5,"win_rate":0.0,"timestamp":1610925481,"path_taken":["M","$","?","?","$","E","M","E","T","E","?","?","R","?","R","BOSS","M","?","?","M","?","E","R","E","T","?","M","?","R","M","R","BOSS","M","?","?","M","M","R","M","R","T","M","?","E","?","?","R","BOSS","R","$","E","BOSS"],"items_purchased_type":["Relic","Potion","Relic"],"build_version":"2020-12-22","purchased_purges":0,"victory":false,"max_hp_per_floor":[60,60,60,60,70,77,77,77,77,77,77,77,77,77,77,77,82,82,82,82,82,82,82,82,82,82,82,82,82,82,82,82,82,82,82,82,82,82,82,82,82,82,82,82,82,82,82,82,82,82,82,82,87,87,87,87],"card_choices":[{"not_picked":["KratosMod:settle","KratosMod:Roll"],"picked":"KratosMod:BladeWhip","floor":1.0},{"not_picked":["KratosMod:Endure","KratosMod:BladeWhip"],"picked":"KratosMod:Roll","floor":4.0},{"not_picked":["KratosMod:Roll","KratosMod:BladeWhip"],"picked":"KratosMod:clawsofhades","floor":6},{"not_picked":["KratosMod:SmashStone","KratosMod:Roll"],"picked":"KratosMod:clawsofhades","floor":7},{"not_picked":["KratosMod:ShieldBash","KratosMod:clawsofhades"],"picked":"KratosMod:BladeWhip","floor":8},{"not_picked":["KratosMod:Tempor","KratosMod:rattle"],"picked":"KratosMod:tartarusrage","floor":10},{"not_picked":["KratosMod:styx","KratosMod:blades"],"picked":"KratosMod:Revenge","floor":16},{"not_picked":["KratosMod:ShieldBash","KratosMod:conjuresoul+1"],"picked":"KratosMod:Tempor","floor":18},{"not_picked":["KratosMod:SmashStone","KratosMod:rattle"],"picked":"KratosMod:clawsofhades+1","floor":20},{"not_picked":["KratosMod:SmashStone","KratosMod:ShieldBash"],"picked":"KratosMod:BladeWhip","floor":21},{"not_picked":["KratosMod:Tempor","KratosMod:styx","KratosMod:settle"],"picked":"SKIP","floor":23},{"not_picked":["KratosMod:Endure","KratosMod:ShieldBash","KratosMod:kBerserk"],"picked":"SKIP","floor":25},{"not_picked":["KratosMod:Roll","KratosMod:ShieldBash","KratosMod:Endure"],"picked":"SKIP","floor":27},{"not_picked":["KratosMod:Endure","KratosMod:Tempor+1"],"picked":"KratosMod:BladeWhip+1","floor":28},{"not_picked":["KratosMod:Endure","KratosMod:conjuresoul","KratosMod:Tempor"],"picked":"SKIP","floor":31},{"not_picked":["KratosMod:settle+1","KratosMod:Roll"],"picked":"KratosMod:clawsofhades+1","floor":35},{"not_picked":["KratosMod:settle+1","KratosMod:rattle","KratosMod:Endure"],"picked":"SKIP","floor":37},{"not_picked":["KratosMod:settle","KratosMod:ShieldBash+1"],"picked":"KratosMod:Roll+1","floor":38},{"not_picked":["KratosMod:Tempor","KratosMod:ShieldBash","KratosMod:SmashStone"],"picked":"SKIP","floor":39},{"not_picked":["KratosMod:Tempor","KratosMod:clawsofhades+1"],"picked":"KratosMod:Roll+1","floor":41},{"not_picked":["KratosMod:ShieldBash","KratosMod:Roll","KratosMod:SmashStone+1"],"picked":"SKIP","floor":44},{"not_picked":["KratosMod:ablockalypse","KratosMod:kBerserk","KratosMod:Endure+1"],"picked":"SKIP","floor":46},{"not_picked":["KratosMod:ShieldBash","KratosMod:Tempor+1"],"picked":"KratosMod:clawsofhades+1","floor":48},{"not_picked":["KratosMod:Tempor","KratosMod:Endure","KratosMod:BladeWhip"],"picked":"SKIP","floor":54}],"player_experience":379680,"relics_obtained":[{"floor":6,"key":"Strawberry"},{"floor":8,"key":"Bromod:ArcaneFury"},{"floor":9,"key":"Golden Egg"},{"floor":10,"key":"hubris:ToyBattleship"},{"floor":20,"key":"Red Mask"},{"floor":23,"key":"Gremlin Food"},{"floor":25,"key":"Replay:Mystery Machine"},{"floor":43,"key":"Onion Ring"},{"floor":46,"key":"ReplayTheSpireMod:Shallot"},{"floor":54,"key":"Orichalcum"}],"event_choices":[{"damage_healed":0.0,"max_hp_gain":0.0,"max_hp_loss":0.0,"gold_gain":0.0,"event_name":"Living Wall","player_choice":"Grow","floor":0.0,"gold_loss":0.0,"damage_taken":0.0,"cards_upgraded":["KratosMod:cyclone"]},{"damage_healed":0.0,"max_hp_gain":0.0,"max_hp_loss":0.0,"gold_gain":100.0,"event_name":"Wheel of Change","player_choice":"Gold","floor":3.0,"gold_loss":0.0,"damage_taken":0.0},{"damage_healed":0,"gold_gain":0,"player_choice":"Entered Light","damage_taken":15,"max_hp_gain":0,"max_hp_loss":0,"event_name":"Shining Light","floor":12,"gold_loss":0,"cards_upgraded":["KratosMod:BladeWhip","KratosMod:Strike_K"]},{"damage_healed":0,"gold_gain":0,"player_choice":"Left Gold","damage_taken":0,"max_hp_gain":0,"max_hp_loss":0,"event_name":"World of Goop","floor":14,"gold_loss":23},{"damage_healed":0,"gold_gain":0,"player_choice":"Read","damage_taken":0,"max_hp_gain":0,"max_hp_loss":0,"event_name":"The Library","floor":19,"gold_loss":0,"cards_obtained":["Thousand_Bone_Knives"]},{"damage_healed":0,"gold_gain":0,"player_choice":"Fought Bandits","damage_taken":0,"max_hp_gain":0,"max_hp_loss":0,"event_name":"Masked Bandits","floor":20,"gold_loss":0},{"damage_healed":0,"gold_gain":0,"player_choice":"Leave","damage_taken":0,"max_hp_gain":0,"max_hp_loss":0,"event_name":"FaceTrader","floor":22,"gold_loss":0},{"damage_healed":0,"gold_gain":0,"player_choice":"Gave Potion","damage_taken":0,"relics_obtained":["Boot"],"max_hp_gain":0,"max_hp_loss":0,"event_name":"WeMeetAgain","floor":29,"gold_loss":0},{"damage_healed":0,"gold_gain":0,"player_choice":"Upgraded","damage_taken":0,"max_hp_gain":0,"max_hp_loss":0,"event_name":"Upgrade Shrine","floor":36,"gold_loss":0,"cards_upgraded":["KratosMod:BladeWhip"]}],"is_beta":false,"boss_relics":[{"not_picked":["Painkiller Herb","hubris:RunicObelisk"],"picked":"Tiny House"},{"not_picked":["SacredBark","Bromod:ArcaneBarrier"],"picked":"hubris:ScarierMask"}],"items_purged_floors":[],"is_endless":false,"potions_floor_spawned":[4,7,10,16,18,23,28,31,33,37,39,41],"killed_by":"The Heart","ascension_level":1}}