{"host":"farxtl2u8hmkbdo2","time":1610867099,"event":{"mods":["A Magickal Journey","BaseMod","Challenge The Spire","Colored Map","Colored Powertips","Current Relic Mod","Energized Spire","Gremlin Mod","Hubris","Mimic Mod","Minty Spire (QoL Compilation)","Quick Restart","READ ME - Guardian Mod","READ ME - Snecko Mod","StSLib","The Bladedancer","The Bug Knight","The Disciple","The Elementalist","The Factory","The Necromancer","The Runesmith"],"gold_per_floor":[117,117,117,136,148,178,218,10,58,58,58,91,91,109,109,240,190,204,220,1,14,39,70,70,90,116,116,116,150,169,15,15,138,138,170,182,0,31,87,138,150,150],"floor_reached":41,"language":"SPA","playtime":8326,"items_purged":["HollowMod:NailStrikeStart"],"score":494,"play_id":"8fe8dd85-0ee1-43dd-ad1c-4fb64c60185a","local_time":"20210117040459","is_ascension_mode":false,"campfire_choices":[{"data":"HollowMod:HowlingWraiths","floor":11,"key":"SMITH"},{"data":"HollowMod:BaldurShell","floor":13,"key":"SMITH"},{"data":"HollowMod:ShapeofUnn","floor":15,"key":"SMITH"},{"floor":28,"key":"REST"},{"floor":32,"key":"REST"}],"circlet_count":0,"master_deck":["HollowMod:NailStrikeStart","HollowMod:NailStrikeStart","HollowMod:NailStrikeStart","HollowMod:QuickDashStart","HollowMod:QuickDashStart","HollowMod:QuickDashStart","HollowMod:FocusHealStart+1","HollowMod:PogoStrike","HollowMod:SoulSplash","HollowMod:ShapeofUnn+1","HollowMod:PureNailStrike","HollowMod:FastStrike","HollowMod:HowlingWraiths+1","HollowMod:BaldurShell+1","HollowMod:QuirrelsAssistance","HollowMod:CloakDash","HollowMod:ZotesMagnificence","HollowMod:NailStrikeStart","HollowMod:NewGlowingWomb","HollowMod:HuntersJournal","HollowMod:HuntersJournal","HollowMod:SoulSplash","HollowMod:SharpenedNail","HollowMod:DashSlash","HollowMod:GoodIntentions","HollowMod:HowlingWraiths+1","Writhe","HollowMod:CloakDash","HollowMod:Hiveblood","HollowMod:HeavyBlow+1","HollowMod:ElderbugsWisdom","CurseOfTheBell","HollowMod:NewLittleFool+1","HollowMod:FallenFury+1","HollowMod:GreatSlash","HollowMod:RecoilStrike"],"relics":["HollowMod:VesselMask","Nunchaku","Regal Pillow","Centennial Puzzle","Golden Idol","Matryoshka","energizedSpire:HugeHouse","Lantern","HollowMod:LumaflyLanternRelic","Orichalcum","Tiny Chest","Bag of Preparation","elementalistmod:BlueRibbon","Strawberry","Anchor","Calling Bell","MawBank","hubris:Metronome","Peace Pipe","Red Mask","Torii","Art of War","PreservedInsect"],"acts_visited":["Exordium","TheCity","TheBeyond"],"potions_floor_usage":[6,6,21,29,40,41],"damage_taken":[{"damage":3,"enemies":"2 Louse","floor":1,"turns":3},{"damage":7,"enemies":"Small Slimes","floor":4,"turns":4},{"damage":0,"enemies":"Cultist","floor":5,"turns":2},{"damage":10,"enemies":"3 Sentries","floor":6,"turns":8},{"damage":9,"enemies":"Exordium Thugs","floor":7,"turns":7},{"damage":8,"enemies":"Lagavulin","floor":12,"turns":5},{"damage":10,"enemies":"Exordium Thugs","floor":14,"turns":4},{"damage":52,"enemies":"Hexaghost","floor":16,"turns":10},{"damage":15,"enemies":"3 Byrds","floor":18,"turns":4},{"damage":17,"enemies":"Shell Parasite","floor":19,"turns":5},{"damage":11,"enemies":"Snake Plant","floor":21,"turns":4},{"damage":14,"enemies":"Snecko","floor":22,"turns":5},{"damage":23,"enemies":"Book of Stabbing","floor":23,"turns":5},{"damage":24,"enemies":"Shelled Parasite and Fungi","floor":25,"turns":5},{"damage":21,"enemies":"Slavers","floor":29,"turns":3},{"damage":22,"enemies":"Snake Plant","floor":30,"turns":4},{"damage":54,"enemies":"hubris:MusketHawk","floor":33,"turns":10},{"damage":20,"enemies":"3 Darklings","floor":35,"turns":4},{"damage":3,"enemies":"Orb Walker","floor":38,"turns":3},{"damage":18,"enemies":"HollowMod:SlobberingHusk","floor":39,"turns":10},{"damage":74,"enemies":"Nemesis","floor":40,"turns":9},{"damage":24,"enemies":"HollowMod:SlobberingHusk","floor":41,"turns":5}],"seed_played":"7598738878773192326","potions_obtained":[{"floor":4,"key":"Block Potion"},{"floor":5,"key":"Energy Potion"},{"floor":14,"key":"Strength Potion"},{"floor":19,"key":"BlessingOfTheForge"},{"floor":25,"key":"EssenceOfSteel"},{"floor":30,"key":"Dexterity Potion"},{"floor":33,"key":"Weak Potion"},{"floor":38,"key":"PowerPotion"}],"is_trial":false,"path_per_floor":["M","?","?","M","M","E","MIM","$","T","?","R","E","R","M","R","B",null,"M","M","$","M","M","E","?","M","T","?","R","E","M","$","R","B",null,"M","?","?","M","MIM","E","M"],"character_chosen":"THE_BUGKNIGHT","items_purchased":["HollowMod:HowlingWraiths","HollowMod:BaldurShell","Lantern","HollowMod:SoulSplash","HollowMod:SharpenedNail","Anchor"],"campfire_rested":2,"item_purchase_floors":[8,8,20,20,20,31],"current_hp_per_floor":[82,82,82,82,82,82,79,79,79,76,76,68,68,64,64,18,71,56,51,51,50,42,25,25,11,11,11,47,39,35,35,73,29,78,70,70,70,73,60,10,0,0],"gold":150,"neow_bonus":"TEN_PERCENT_HP_BONUS","is_daily":false,"chose_seed":false,"campfire_upgraded":3,"win_rate":0.0,"timestamp":1610867099,"path_taken":["M","?","?","?","M","E","?","$","T","?","R","E","R","?","R","BOSS","M","M","?","?","M","E","?","M","T","?","R","E","M","$","R","BOSS","M","?","?","M","?","E","?"],"items_purchased_type":["Card","Card","Relic","Card","Card","Relic"],"build_version":"2020-12-22","purchased_purges":1,"victory":false,"max_hp_per_floor":[82,82,82,82,82,82,82,82,82,76,76,76,76,76,76,76,71,71,71,71,71,71,71,71,71,71,71,71,78,78,78,78,78,78,78,78,78,78,78,78,78,78],"card_choices":[{"not_picked":["HollowMod:DoubleDash","HollowMod:InfectedCysts"],"picked":"HollowMod:SoulSplash","floor":1},{"not_picked":["HollowMod:WraithStrike","HollowMod:ShadowDash"],"picked":"HollowMod:ShapeofUnn","floor":4},{"not_picked":["HollowMod:SiblingsSouls","HollowMod:MonarchWings"],"picked":"HollowMod:PureNailStrike","floor":5},{"not_picked":["HollowMod:CoiledNail","HollowMod:SoulSplash"],"picked":"HollowMod:FastStrike","floor":6},{"not_picked":["HollowMod:CycloneSlash","HollowMod:BlackTendrils"],"picked":"HollowMod:FallenFury","floor":7},{"not_picked":["HollowMod:VengefulVoid","HollowMod:WraithStrike"],"picked":"HollowMod:QuirrelsAssistance","floor":12},{"not_picked":["HollowMod:DescendingDark","HollowMod:ChannelNail"],"picked":"HollowMod:CloakDash","floor":14},{"not_picked":["HollowMod:LifebloodCore","HollowMod:HornetsHelp"],"picked":"HollowMod:ZotesMagnificence","floor":16},{"not_picked":["HollowMod:NewGlowingWomb+1","HollowMod:CornifersMapStart"],"picked":"HollowMod:HuntersJournal","floor":18},{"not_picked":["HollowMod:InfectedCysts","HollowMod:InfectedAttack+1"],"picked":"HollowMod:HuntersJournal","floor":19},{"not_picked":["HollowMod:CoiledNail","HollowMod:NewLittleFool"],"picked":"HollowMod:DashSlash","floor":21},{"not_picked":["HollowMod:VengefulVoid","HollowMod:AbyssShriek"],"picked":"HollowMod:GoodIntentions","floor":22},{"not_picked":["HollowMod:HuntersJournal","HollowMod:CrystalDash"],"picked":"HollowMod:HowlingWraiths+1","floor":23},{"not_picked":["HollowMod:InfectionAssault","HollowMod:FastStrike"],"picked":"HollowMod:CloakDash","floor":25},{"not_picked":["HollowMod:SharpenedShadows","HollowMod:SoulSplash"],"picked":"HollowMod:Hiveblood","floor":29},{"not_picked":["HollowMod:VengefulVoid","HollowMod:NewLittleFool"],"picked":"HollowMod:HeavyBlow+1","floor":30},{"not_picked":["HollowMod:LifebloodCore","HollowMod:ZotesMagnificence"],"picked":"HollowMod:ElderbugsWisdom","floor":33},{"not_picked":["HollowMod:ShapeofUnn+1","HollowMod:VengefulSpirit"],"picked":"HollowMod:NewLittleFool+1","floor":35},{"not_picked":["HollowMod:GoodIntentions","HollowMod:TaintedHusks+1"],"picked":"HollowMod:FallenFury+1","floor":38},{"not_picked":["HollowMod:LifebloodCocoon","HollowMod:NewJinnsSoul"],"picked":"HollowMod:GreatSlash","floor":39},{"not_picked":["HollowMod:NewJinnsSoul","HollowMod:TaintedHusks+1"],"picked":"HollowMod:RecoilStrike","floor":40}],"player_experience":1841112,"relics_obtained":[{"floor":6,"key":"Nunchaku"},{"floor":7,"key":"Regal Pillow"},{"floor":9,"key":"Centennial Puzzle"},{"floor":12,"key":"Matryoshka"},{"floor":23,"key":"HollowMod:LumaflyLanternRelic"},{"floor":26,"key":"Tiny Chest"},{"floor":26,"key":"Bag of Preparation"},{"floor":29,"key":"Strawberry"},{"floor":34,"key":"MawBank"},{"floor":34,"key":"hubris:Metronome"},{"floor":34,"key":"Peace Pipe"},{"floor":39,"key":"Torii"},{"floor":39,"key":"Art of War"},{"floor":40,"key":"PreservedInsect"}],"event_choices":[{"cards_removed":["HollowMod:QuickDashStart"],"damage_healed":0,"gold_gain":0,"player_choice":"Offered Basic","damage_taken":0,"max_hp_gain":0,"max_hp_loss":0,"event_name":"Bonfire Elementals","floor":3,"gold_loss":0},{"damage_healed":0,"gold_gain":0,"player_choice":"Lose Max HP","damage_taken":0,"relics_obtained":["Golden Idol"],"max_hp_gain":0,"max_hp_loss":6,"event_name":"Golden Idol","floor":10,"gold_loss":0},{"damage_healed":0,"gold_gain":0,"player_choice":"Opened","damage_taken":0,"relics_obtained":["Orichalcum"],"max_hp_gain":0,"max_hp_loss":0,"event_name":"The Mausoleum","floor":24,"gold_loss":0,"cards_obtained":["Writhe"]},{"damage_healed":0,"gold_gain":0,"player_choice":"Paid","damage_taken":0,"relics_obtained":["Red Mask"],"max_hp_gain":0,"max_hp_loss":0,"event_name":"Tomb of Lord Red Mask","floor":37,"gold_loss":194}],"is_beta":false,"boss_relics":[{"not_picked":["Velvet Choker","Empty Cage"],"picked":"energizedSpire:HugeHouse"},{"not_picked":["energizedSpire:DeadBattery","Tiny House"],"picked":"Calling Bell"}],"items_purged_floors":[8],"is_endless":false,"potions_floor_spawned":[4,5,14,19,25,30,33,38],"killed_by":"HollowMod:SlobberingHusk","ascension_level":0}}