{"host":"gvmmh8a4dbuurnvz","time":1610851550,"event":{"mods":["AchievementEnabler","Aspiration","BaseMod","Better Vampires","BetterRewards","Colored Powertips","Highlight Path","Minty Spire (QoL Compilation)","Spicy Shops","StSLib","¡¾ÒÅÎï¿¨ÅÆ¡¿REMEMod"],"gold_per_floor":[116,16,30,30,49,49,49,49,76,96,111,2,177,52,52,156,156,172,185,185,185,185,213,213,241,264,314,2,20,20,53,53,158,158,173,23,39,54,64,81,108,108,108,136,186,211,221,236,236,236,236,236,13,39,39],"floor_reached":56,"language":"ZHS","playtime":2479,"items_purged":["Doubt","Defend_R","Doubt","Defend_R","Defend_R"],"score":1665,"play_id":"1ccd013e-20a8-420a-ab6d-b1e484e9d69c","local_time":"20210117104550","is_ascension_mode":false,"campfire_choices":[{"data":"Shrug It Off","floor":6.0,"key":"SMITH"},{"data":"Panache","floor":8.0,"key":"SMITH"},{"floor":15.0,"key":"RECALL"},{"data":"REME_FirmDetermination","floor":24.0,"key":"SMITH"},{"data":"Apotheosis","floor":32.0,"key":"SMITH"},{"data":"REME_ACTH","floor":42.0,"key":"SMITH"},{"data":"REME_WheelOfFate","floor":49,"key":"SMITH"}],"circlet_count":0,"master_deck":["Strike_R","Strike_R","Strike_R","Strike_R","Strike_R","Bash","Panache+1","Shrug It Off+1","Defend_R","REME_FirmDetermination+1","REME_ACTH+1","Sword Boomerang","Apotheosis+1","Sword Boomerang+1","REME_WheelOfFate+1"],"relics":["Burning Blood","REME_ComplimentaryCards","StoneCalendar","Sling","REME_HandOfSuture","HornCleat","Potion Belt","Lantern","REME_LowDesire","Happy Flower","Juzu Bracelet","Akabeko","Enchiridion","Vajra","Red Mask","Pen Nib","Nunchaku","Shuriken","Strawberry","Black Star","Blood Vial","Turnip","Kunai","Pantograph","Art of War","TungstenRod","Toy Ornithopter","Thread and Needle","Self Forming Clay","aspiration:ChemicalBlood","Eternal Feather","Torii"],"acts_visited":["Exordium","TheCity","TheBeyond","TheEnding"],"potions_floor_usage":[50,50,50,50,55,55,55,55,55],"damage_taken":[{"damage":6.0,"enemies":"Jaw Worm","floor":1.0,"turns":7.0},{"damage":0.0,"enemies":"Cultist","floor":3.0,"turns":2.0},{"damage":0.0,"enemies":"Small Slimes","floor":5.0,"turns":3.0},{"damage":2.0,"enemies":"Exordium Thugs","floor":10.0,"turns":7.0},{"damage":7.0,"enemies":"Blue Slaver","floor":11.0,"turns":3.0},{"damage":60.0,"enemies":"Hexaghost","floor":16.0,"turns":10.0},{"damage":0.0,"enemies":"Chosen","floor":18.0,"turns":2.0},{"damage":2.0,"enemies":"Shell Parasite","floor":19.0,"turns":2.0},{"damage":21.0,"enemies":"Slavers","floor":23.0,"turns":3.0},{"damage":0.0,"enemies":"Masked Bandits","floor":25.0,"turns":2.0},{"damage":0.0,"enemies":"Cultist and Chosen","floor":29.0,"turns":2.0},{"damage":0.0,"enemies":"Gremlin Leader","floor":31.0,"turns":3.0},{"damage":16.0,"enemies":"Champ","floor":33.0,"turns":9.0},{"damage":0.0,"enemies":"3 Shapes","floor":35.0,"turns":2.0},{"damage":1.0,"enemies":"Orb Walker","floor":37.0,"turns":2.0},{"damage":0.0,"enemies":"3 Darklings","floor":38.0,"turns":2.0},{"damage":0.0,"enemies":"Jaw Worm Horde","floor":39.0,"turns":3.0},{"damage":0.0,"enemies":"Sphere and 2 Shapes","floor":40.0,"turns":2.0},{"damage":0.0,"enemies":"Reptomancer","floor":41.0,"turns":2.0},{"damage":0.0,"enemies":"Giant Head","floor":44.0,"turns":1.0},{"damage":0.0,"enemies":"Mind Bloom Boss Battle","floor":45.0,"turns":2.0},{"damage":0,"enemies":"Nemesis","floor":46,"turns":3},{"damage":0,"enemies":"Writhing Mass","floor":47,"turns":4},{"damage":0,"enemies":"3 Darklings","floor":48,"turns":2},{"damage":55,"enemies":"Awakened One","floor":50,"turns":4},{"damage":25,"enemies":"Shield and Spear","floor":54,"turns":3},{"damage":43,"enemies":"The Heart","floor":55,"turns":6}],"seed_played":"1621524765972795032","potions_obtained":[{"floor":1.0,"key":"Weak Potion"},{"floor":16.0,"key":"DuplicationPotion"},{"floor":18.0,"key":"ColorlessPotion"},{"floor":19.0,"key":"Dexterity Potion"},{"floor":33.0,"key":"GamblersBrew"},{"floor":38.0,"key":"Swift Potion"},{"floor":41.0,"key":"FearPotion"},{"floor":44.0,"key":"PowerPotion"},{"floor":47,"key":"BloodPotion"},{"floor":48,"key":"LiquidMemories"}],"is_trial":false,"path_per_floor":["M","$","M","?","M","R","?","R","T","M","M","$","?","$","R","B",null,"M","M","?","?","?","E","R","?","T","T","$","M","?","E","R","B",null,"M","$","M","M","M","M","E","R","T","E","?","E","M","M","R","B",null,"R","$","E","B",null],"character_chosen":"IRONCLAD","items_purchased":["StoneCalendar","Sling","REME_HandOfSuture","HornCleat","REME_FirmDetermination","Nunchaku","Shuriken","PowerPotion"],"campfire_rested":0,"item_purchase_floors":[0,0,0,0,12,28,28,53],"current_hp_per_floor":[80,80,80,80,80,80,80,80,80,80,79,79,79,79,79,25,80,80,80,80,64,64,49,49,55,55,55,55,61,61,74,74,64,87,87,87,87,87,87,87,87,87,87,87,87,87,87,87,87,38,87,87,87,68,60],"gold":39,"neow_bonus":"","is_daily":false,"chose_seed":false,"campfire_upgraded":6,"win_rate":0.0,"timestamp":1610851550,"path_taken":["M","$","M","?","?","R","?","R","T","M","M","?","?","$","R","BOSS","M","M","?","?","?","E","R","?","T","?","$","M","?","E","R","BOSS","M","$","M","M","M","M","E","R","T","E","?","E","M","M","R","BOSS","R","$","E","BOSS"],"items_purchased_type":["Relic","Relic","Relic","Relic","Card","Relic","Relic","Potion"],"build_version":"2020-12-22","purchased_purges":5,"victory":true,"max_hp_per_floor":[80,80,80,80,80,80,80,80,80,80,80,80,80,80,80,80,80,80,80,80,80,80,80,80,80,80,80,80,80,80,87,87,87,87,87,87,87,87,87,87,87,87,87,87,87,87,87,87,87,87,87,87,87,87,87],"card_choices":[{"not_picked":["Thunderclap","Sword Boomerang"],"picked":"Shrug It Off","floor":1.0},{"not_picked":["Perfected Strike","Heavy Blade","REME_FearOfPain"],"picked":"SKIP","floor":3.0},{"not_picked":["Clash","Juggernaut","Battle Trance"],"picked":"SKIP","floor":5.0},{"not_picked":["Shrug It Off","Sword Boomerang","Headbutt"],"picked":"SKIP","floor":10.0},{"not_picked":["Armaments","Sword Boomerang","Searing Blow"],"picked":"SKIP","floor":11.0},{"not_picked":["Berserk","REME_Fury"],"picked":"REME_ACTH","floor":16.0},{"not_picked":["Iron Wave","Havoc","Sword Boomerang","REME_TwoStrings"],"picked":"SKIP","floor":18.0},{"not_picked":["Iron Wave","Havoc","REME_TwoStrings"],"picked":"Sword Boomerang","floor":18.0},{"not_picked":["Rupture","Fire Breathing","Anger","HandOfGreed"],"picked":"SKIP","floor":19.0},{"not_picked":["Body Slam","Iron Wave","Intimidate","Secret Weapon"],"picked":"SKIP","floor":23.0},{"not_picked":["Clash","Spot Weakness","Thunderclap"],"picked":"Apotheosis","floor":25.0},{"not_picked":["Headbutt","Thunderclap+1","Flame Barrier","Finesse"],"picked":"SKIP","floor":29.0},{"not_picked":["Battle Trance","REME_SingleHolding","Flex","REME_MawOfCthun"],"picked":"SKIP","floor":31.0},{"not_picked":["Iron Wave","Clash","Carnage","REME_EyeOfCthun"],"picked":"SKIP","floor":35.0},{"not_picked":["Anger","Sentinel","Fire Breathing+1","Finesse+1"],"picked":"SKIP","floor":37.0},{"not_picked":["Armaments+1","Sword Boomerang+1","True Grit+1","REME_BodyOfCthun"],"picked":"SKIP","floor":38.0},{"not_picked":["Armaments+1","True Grit+1","REME_BodyOfCthun"],"picked":"Sword Boomerang+1","floor":38.0},{"not_picked":["Whirlwind","Burning Pact+1","Cleave+1","Master of Strategy"],"picked":"SKIP","floor":39.0},{"not_picked":["Anger+1","Clothesline+1","Sword Boomerang","Jack Of All Trades+1"],"picked":"SKIP","floor":40.0},{"not_picked":["REME_TheLastStrike","Evolve","Armaments","REME_BattleFury"],"picked":"SKIP","floor":41.0},{"not_picked":["Thunderclap","Havoc+1","Heavy Blade+1"],"picked":"REME_WheelOfFate","floor":44.0},{"not_picked":["Cleave","REME_SingleHolding","Flex","REME_AllRoundStrike"],"picked":"SKIP","floor":46},{"not_picked":["Dropkick","Rage","Pummel","Purity+1"],"picked":"SKIP","floor":47},{"not_picked":["Shrug It Off","Armaments","Inflame+1","Bandage Up"],"picked":"SKIP","floor":48},{"not_picked":["Bludgeon","Reckless Charge+1","Twin Strike+1","REME_TheoryOfElimination"],"picked":"SKIP","floor":54}],"player_experience":272458,"relics_obtained":[{"floor":9.0,"key":"Lantern"},{"floor":17.0,"key":"Happy Flower"},{"floor":17.0,"key":"Juzu Bracelet"},{"floor":21.0,"key":"Enchiridion"},{"floor":23.0,"key":"Vajra"},{"floor":25.0,"key":"Red Mask"},{"floor":27.0,"key":"Pen Nib"},{"floor":31.0,"key":"Strawberry"},{"floor":41.0,"key":"Blood Vial"},{"floor":41.0,"key":"Turnip"},{"floor":43.0,"key":"Kunai"},{"floor":44.0,"key":"Pantograph"},{"floor":44.0,"key":"Art of War"},{"floor":45.0,"key":"TungstenRod"},{"floor":46,"key":"Thread and Needle"},{"floor":46,"key":"Self Forming Clay"},{"floor":54,"key":"Eternal Feather"},{"floor":54,"key":"Torii"}],"event_choices":[{"damage_healed":0.0,"max_hp_gain":0.0,"max_hp_loss":0.0,"gold_gain":0.0,"event_name":"WeMeetAgain","player_choice":"Gave Potion","floor":4.0,"gold_loss":0.0,"damage_taken":0.0,"relics_obtained":["Potion Belt"]},{"cards_removed":["Defend_R"],"damage_healed":0.0,"max_hp_gain":0.0,"max_hp_loss":0.0,"gold_gain":0.0,"event_name":"NoteForYourself","player_choice":"Took Card","floor":7.0,"gold_loss":0.0,"damage_taken":0.0,"cards_obtained":["Defend_R"]},{"damage_healed":0.0,"max_hp_gain":0.0,"max_hp_loss":0.0,"gold_gain":175.0,"event_name":"Liars Game","player_choice":"AGREE","floor":13.0,"gold_loss":0.0,"damage_taken":0.0,"cards_obtained":["Doubt"]},{"damage_healed":0.0,"max_hp_gain":0.0,"max_hp_loss":0.0,"gold_gain":0.0,"event_name":"The Mausoleum","player_choice":"Opened","floor":20.0,"gold_loss":0.0,"damage_taken":0.0,"relics_obtained":["Akabeko"]},{"damage_healed":0.0,"max_hp_gain":0.0,"max_hp_loss":0.0,"gold_gain":0.0,"event_name":"Cursed Tome","player_choice":"Obtained Book","floor":21.0,"gold_loss":0.0,"damage_taken":16.0},{"damage_healed":0.0,"max_hp_gain":0.0,"max_hp_loss":0.0,"gold_gain":0.0,"event_name":"Match and Keep!","player_choice":"0 cards matched","floor":22.0,"gold_loss":0.0,"damage_taken":0.0,"cards_obtained":[]},{"damage_healed":0.0,"max_hp_gain":0.0,"max_hp_loss":0.0,"gold_gain":0.0,"event_name":"Masked Bandits","player_choice":"Fought Bandits","floor":25.0,"gold_loss":0.0,"damage_taken":0.0},{"damage_healed":0.0,"max_hp_gain":0.0,"max_hp_loss":0.0,"gold_gain":0.0,"event_name":"Ghosts","player_choice":"Ignored","floor":30.0,"gold_loss":0.0,"damage_taken":0.0},{"damage_healed":0.0,"max_hp_gain":0.0,"max_hp_loss":0.0,"gold_gain":0.0,"event_name":"MindBloom","player_choice":"Fight","floor":45.0,"gold_loss":0.0,"damage_taken":0.0}],"is_beta":false,"boss_relics":[{"not_picked":["SlaversCollar","aspiration:RitualDagger"],"picked":"REME_LowDesire"},{"not_picked":["aspiration:RunicSpoon","REME_DuelDisc"],"picked":"Black Star"}],"items_purged_floors":[0,2,14,36,53],"is_endless":false,"potions_floor_spawned":[1,16,18,19,33,38,41,44,47,48],"ascension_level":0}}