{"host":"2se5dq1do2gp0x9k","time":1610853305,"event":{"mods":["AchievementEnabler","BaseMod","Block Reminder","Colored Map","Colored Powertips","Minty Spire (QoL Compilation)","Relic Stats","StSLib","SuperFastMode"],"gold_per_floor":[110,121,121,135,60,86,86,86,112,122,197,167,35,45,45,122,122,141,141,141,141],"floor_reached":20,"language":"ENG","playtime":498,"items_purged":["Strike_B"],"score":344,"play_id":"82e3e5fd-30fd-45ee-a062-e1033910d266","local_time":"20210116191505","is_ascension_mode":true,"campfire_choices":[{"data":"Zap","floor":7.0,"key":"SMITH"},{"data":"Hologram","floor":15.0,"key":"SMITH"}],"circlet_count":0,"master_deck":["AscendersBane","Defend_B","Defend_B","Defend_B","Zap+1","Dualcast","Cold Snap","Cold Snap","Ball Lightning","Genetic Algorithm","Capacitor","Hologram+1","Coolheaded","Buffer","Skim+1","Genetic Algorithm+1","Tempest+1","Compile Driver"],"relics":["Cracked Core","NeowsBlessing","Potion Belt","Akabeko","Astrolabe"],"acts_visited":["Exordium","TheCity"],"potions_floor_usage":[16,16,16],"damage_taken":[{"damage":0.0,"enemies":"Jaw Worm","floor":1.0,"turns":1.0},{"damage":0.0,"enemies":"Cultist","floor":2.0,"turns":1.0},{"damage":0.0,"enemies":"2 Louse","floor":4.0,"turns":1.0},{"damage":38.0,"enemies":"Lagavulin","floor":6.0,"turns":9.0},{"damage":0.0,"enemies":"Large Slime","floor":10.0,"turns":5.0},{"damage":0.0,"enemies":"Gremlin Gang","floor":14.0,"turns":2.0},{"damage":27,"enemies":"Hexaghost","floor":16,"turns":10},{"damage":19,"enemies":"2 Thieves","floor":18,"turns":4},{"damage":34,"enemies":"Masked Bandits","floor":20,"turns":3}],"seed_played":"-5387490052178397321","potions_obtained":[{"floor":4.0,"key":"SteroidPotion"},{"floor":6.0,"key":"FearPotion"},{"floor":8.0,"key":"FearPotion"},{"floor":8.0,"key":"SmokeBomb"},{"floor":12.0,"key":"FairyPotion"},{"floor":12.0,"key":"DistilledChaos"},{"floor":14.0,"key":"Fire Potion"},{"floor":16,"key":"SpeedPotion"},{"floor":18,"key":"GamblersBrew"}],"is_trial":false,"path_per_floor":["M","M","?","M","?","E","R","?","T","M","?","?","$","M","R","B",null,"M","?","?"],"character_chosen":"DEFECT","items_purchased":["Hologram"],"campfire_rested":0,"item_purchase_floors":[13],"current_hp_per_floor":[64,64,64,64,64,26,26,26,26,26,15,15,15,15,15,9,56,37,37,3,3],"gold":141,"neow_bonus":"THREE_ENEMY_KILL","is_daily":false,"chose_seed":false,"campfire_upgraded":2,"win_rate":0.0,"timestamp":1610853305,"path_taken":["M","M","?","?","?","E","R","?","T","?","?","?","$","M","R","BOSS","M","?","?"],"items_purchased_type":["Card"],"build_version":"2020-12-22","purchased_purges":1,"victory":false,"max_hp_per_floor":[71,71,71,71,71,71,71,71,71,71,71,71,71,71,71,71,71,71,71,71,71],"relic_stats":{"counters":[9,36],"Astrolabe":["Skim","Genetic Algorithm","Tempest"],"obtain_stats":[{"Potion Belt":6,"NeowsBlessing":0,"Astrolabe":17,"Cracked Core":0,"Akabeko":9},{"Potion Belt":4,"NeowsBlessing":0,"Astrolabe":7,"Cracked Core":0,"Akabeko":4},{"Potion Belt":12,"NeowsBlessing":0,"Astrolabe":29,"Cracked Core":0,"Akabeko":12}]},"card_choices":[{"not_picked":["Hologram","Force Field"],"picked":"Cold Snap","floor":1.0},{"not_picked":["Blizzard","Go for the Eyes"],"picked":"Cold Snap","floor":2.0},{"not_picked":["Sweeping Beam","Reinforced Body"],"picked":"Ball Lightning","floor":4.0},{"not_picked":["Fusion","Melter"],"picked":"Genetic Algorithm","floor":6.0},{"not_picked":["Sunder","Steam"],"picked":"Capacitor","floor":10.0},{"not_picked":["Stack","Darkness"],"picked":"Coolheaded","floor":14.0},{"not_picked":["Reboot","Amplify"],"picked":"Buffer","floor":16},{"not_picked":["Darkness","Rebound"],"picked":"Compile Driver","floor":18}],"player_experience":3874499,"relics_obtained":[{"floor":6.0,"key":"Potion Belt"},{"floor":9.0,"key":"Akabeko"}],"event_choices":[{"damage_healed":0.0,"max_hp_gain":0.0,"max_hp_loss":0.0,"gold_gain":0.0,"event_name":"Match and Keep!","player_choice":"0 cards matched","floor":3.0,"gold_loss":0.0,"damage_taken":0.0,"cards_obtained":[]},{"cards_removed":["Strike_B"],"damage_healed":0.0,"max_hp_gain":0.0,"max_hp_loss":0.0,"gold_gain":0.0,"event_name":"The Cleric","player_choice":"Card Removal","floor":5.0,"gold_loss":75.0,"damage_taken":0.0},{"damage_healed":0.0,"max_hp_gain":0.0,"max_hp_loss":0.0,"gold_gain":0.0,"event_name":"Lab","player_choice":"Got Potions","floor":8.0,"gold_loss":0.0,"damage_taken":0.0},{"damage_healed":0.0,"max_hp_gain":0.0,"max_hp_loss":0.0,"gold_gain":75.0,"event_name":"World of Goop","player_choice":"Gather Gold","floor":11.0,"gold_loss":0.0,"damage_taken":11.0},{"damage_healed":0.0,"max_hp_gain":0.0,"max_hp_loss":0.0,"gold_gain":0.0,"event_name":"The Woman in Blue","player_choice":"Bought 2 Potions","floor":12.0,"gold_loss":0.0,"damage_taken":0.0},{"damage_healed":0,"gold_gain":0,"player_choice":"Ignored","damage_taken":0,"max_hp_gain":0,"max_hp_loss":0,"event_name":"The Mausoleum","floor":19,"gold_loss":0},{"damage_healed":0,"gold_gain":0,"player_choice":"Fought Bandits","damage_taken":0,"max_hp_gain":0,"max_hp_loss":0,"event_name":"Masked Bandits","floor":20,"gold_loss":0}],"is_beta":false,"boss_relics":[{"not_picked":["Inserter","Fusion Hammer"],"picked":"Astrolabe"}],"items_purged_floors":[13],"is_endless":false,"potions_floor_spawned":[4,6,14,16,18],"killed_by":"Masked Bandits","ascension_level":20}}