{"host":"4jpe1m3cviuzvkch","time":1610864943,"event":{"mods":["BaseMod","Decade(王小明)","Marisa（F雨　魔理沙）","Minty Spire (QoL Compilation)","Remilia（蕾米莉亚）","StSLib","The Servant 0.9.4","Youmu（魂魄妖梦）"],"gold_per_floor":[113,113,132,132,18,48,60,247,333,345,4,4,21,21,21,121,121,133,133,133,144,44,71,71,81,129,147,147,167,187,202,202,298,298,317,336,336,356,406,440,440,472,472,497,513,524,535,410,410,410],"floor_reached":51,"language":"ZHS","playtime":2116,"items_purged":["Defend_YM","Strike_YM","HumanKnowledgeSword"],"score":832,"play_id":"7f1b0d4a-35c3-4497-9a6d-51a1d055fdef","local_time":"20210117142903","is_ascension_mode":false,"campfire_choices":[{"data":"HumanGodSword","floor":7.0,"key":"SMITH"},{"data":"HiganSword","floor":12.0,"key":"SMITH"},{"data":"SlashOfPresentWorld","floor":15.0,"key":"SMITH"},{"data":"VoidnessSword","floor":24.0,"key":"SMITH"},{"data":"SwordExtraction","floor":28.0,"key":"SMITH"},{"data":"HellFireSword","floor":32.0,"key":"SMITH"},{"data":"DeadlyForm","floor":41.0,"key":"SMITH"},{"floor":49,"key":"REST"}],"circlet_count":0,"master_deck":["Strike_YM","Strike_YM","Defend_YM","Defend_YM","Defend_YM","SlashOfPresentWorld+1","WheelOfPainOfLivingAndDead","Regret","CrescentMoonSlash","HumanGodSword+1","SlashOfDepartureFromHesitation","Doubt","Regret","HiganSword+1","FiveSignsOfTheDyingDeva+1","VoidnessSword+1","SpiritMediumsBind+1","FiveSignsOfTheDyingDeva+1","SlashOfDelusionalInnerEye+1","SwordExtraction+1","HellFireSword+1","TurningAngelCut","DeadlyForm+1","DoubleWheelOfPain+1","SwordExtraction","BizarrenessOfSixRealms+1","HumanRealmSword+1"],"relics":["HalfPhantom","NeowsBlessing","Gremlin Horn","MawBank","Molten Egg 2","Anchor","Thread and Needle","Sozu","MutagenicStrength","Ancient Tea Set","Black Star","Prayer Wheel","Pear","ChestCloth","Bottled Flame","Roukanken","Gambling Chip","White Beast Statue","Happy Flower"],"acts_visited":["Exordium","TheCity","TheBeyond"],"potions_floor_usage":[],"damage_taken":[{"damage":0.0,"enemies":"2 Louse","floor":1.0,"turns":1.0},{"damage":0.0,"enemies":"Cultist","floor":3.0,"turns":1.0},{"damage":0.0,"enemies":"Lagavulin","floor":6.0,"turns":1.0},{"damage":0.0,"enemies":"Small Slimes","floor":13.0,"turns":2.0},{"damage":2.0,"enemies":"Slime Boss","floor":16.0,"turns":9.0},{"damage":0.0,"enemies":"Chosen","floor":18.0,"turns":3.0},{"damage":0.0,"enemies":"Spheric Guardian","floor":21.0,"turns":1.0},{"damage":11.0,"enemies":"Slavers","floor":23.0,"turns":4.0},{"damage":0.0,"enemies":"Centurion and Healer","floor":25.0,"turns":2.0},{"damage":7.0,"enemies":"Shelled Parasite and Fungi","floor":27.0,"turns":4.0},{"damage":0.0,"enemies":"3 Cultists","floor":29.0,"turns":3.0},{"damage":6.0,"enemies":"Snake Plant","floor":30.0,"turns":3.0},{"damage":0.0,"enemies":"Snecko","floor":31.0,"turns":2.0},{"damage":2.0,"enemies":"Champ","floor":33.0,"turns":4.0},{"damage":11.0,"enemies":"3 Darklings","floor":35.0,"turns":4.0},{"damage":10.0,"enemies":"3 Shapes","floor":36.0,"turns":2.0},{"damage":11.0,"enemies":"Jaw Worm Horde","floor":38.0,"turns":5.0},{"damage":0.0,"enemies":"Mind Bloom Boss Battle","floor":39.0,"turns":4.0},{"damage":4.0,"enemies":"Reptomancer","floor":40.0,"turns":6.0},{"damage":16.0,"enemies":"Nemesis","floor":42.0,"turns":3.0},{"damage":0.0,"enemies":"Giant Head","floor":44.0,"turns":6.0},{"damage":0,"enemies":"Transient","floor":45,"turns":5},{"damage":0,"enemies":"3 Darklings","floor":46,"turns":3},{"damage":6,"enemies":"4 Shapes","floor":47,"turns":2},{"damage":14,"enemies":"Awakened One","floor":50,"turns":9}],"seed_played":"7040410677967038943","potions_obtained":[{"floor":1.0,"key":"CausticAgent"},{"floor":3.0,"key":"Energy Potion"},{"floor":16.0,"key":"AttackPotion"}],"is_trial":false,"path_per_floor":["M","?","M","?","$","E","R","?","T","?","$","R","M","$","R","B",null,"M","?","?","M","$","E","R","M","T","M","R","M","M","M","R","B",null,"M","M","?","M","?","E","R","E","T","E","M","M","M","$","R","B",null],"character_chosen":"YOUMU","items_purchased":["HumanGodSword","Thread and Needle","HiganSword"],"campfire_rested":1,"item_purchase_floors":[5,11,11],"current_hp_per_floor":[75,75,75,68,68,68,68,68,68,68,68,68,68,68,68,66,75,75,75,75,75,75,64,64,64,64,57,57,57,51,51,51,49,75,64,54,54,43,43,49,49,33,33,33,33,33,27,27,52,38],"gold":410,"neow_bonus":"THREE_ENEMY_KILL","is_daily":false,"chose_seed":false,"campfire_upgraded":7,"win_rate":0.0,"timestamp":1610864943,"path_taken":["M","?","?","?","$","E","R","?","T","?","?","R","M","?","R","BOSS","M","?","?","M","$","E","R","?","T","?","R","M","M","M","R","BOSS","M","M","?","M","?","E","R","E","T","E","M","?","M","$","R","BOSS"],"items_purchased_type":["Card","Relic","Card"],"build_version":"2020-12-22","purchased_purges":3,"victory":true,"max_hp_per_floor":[75,75,75,75,75,75,75,75,75,75,75,75,75,75,75,75,75,75,75,75,75,75,75,75,75,75,75,75,75,75,75,75,75,75,75,75,75,75,75,85,85,85,85,85,85,85,85,85,85,85],"card_choices":[{"not_picked":["ConstancyOfTheConventionalTruth","SpiritCuttingSword"],"picked":"HumanKnowledgeSword","floor":1.0},{"not_picked":["SpiritCuttingSword","LowerRealmReflectionSlash"],"picked":"CrescentMoonSlash","floor":3.0},{"not_picked":["HeartExcerptSlash","HumanKnowledgeSword"],"picked":"SlashOfDepartureFromHesitation","floor":6.0},{"not_picked":["CherryBlossomFlashing+1","RapidSlash+1"],"picked":"FiveSignsOfTheDyingDeva+1","floor":13.0},{"not_picked":["MatsuyoiReflectingSatelliteSlash+1","DeadlyForm"],"picked":"VoidnessSword","floor":16.0},{"not_picked":["LowerRealmReflectionSlash+1","ThoughtCuttingSword+1"],"picked":"SpiritMediumsBind+1","floor":18.0},{"not_picked":["LifeCuttingSword+1","FlashingScatteredFlowers+1"],"picked":"SlashOfDelusionalInnerEye+1","floor":21.0},{"not_picked":["PreachingAvici","FlashingScatteredFlowers+1"],"picked":"TwoHundredYojanaInOneSlash+1","floor":23.0},{"not_picked":["SanzenSekai+1","TwoHundredYojanaInOneSlash+1","DispleasureOfTheSevenHakus"],"picked":"SKIP","floor":25.0},{"not_picked":["SanzenSekai+1","ThreeKonsSevenHakus+1"],"picked":"SwordExtraction","floor":27.0},{"not_picked":["ConstancyOfTheConventionalTruth","SpiritMediumsBind+1","TwoHundredYojanaInOneSlash+1"],"picked":"SKIP","floor":29.0},{"not_picked":["HumanKnowledgeSword+1","ThreeKonsSevenHakus"],"picked":"HellFireSword","floor":30.0},{"not_picked":["ThreeKonsSevenHakus","ConstancyOfTheConventionalTruth+1"],"picked":"TurningAngelCut","floor":31.0},{"not_picked":["ASingleThoughtAndInfiniteKalpas+1","HeavenSword"],"picked":"DeadlyForm","floor":33.0},{"not_picked":["EchoesOfTheInclemencyOfAllBeings","SwordOfBindingDesires","LowerRealmReflectionSlash+1"],"picked":"SKIP","floor":35.0},{"not_picked":["SlashOfDelusionalInnerEye+1","ConstancyOfTheConventionalTruth+1"],"picked":"DoubleWheelOfPain+1","floor":36.0},{"not_picked":["LifeCuttingSword+1","SuddenDivineSeveringOfKarmicWind+1","ConstancyOfTheConventionalTruth"],"picked":"SKIP","floor":38.0},{"not_picked":["SpiritMediumsBind+1","DispleasureOfTheSevenHakus+1","PreachingAvici+1"],"picked":"SKIP","floor":40.0},{"not_picked":["ObsessionWithThePresentWorld+1","ThreeKonsSevenHakus","SwordOfBindingDesires"],"picked":"SKIP","floor":42.0},{"not_picked":["WickedSoul","LowerRealmReflectionSlash+1","HeartExcerptSlash+1"],"picked":"SKIP","floor":44.0},{"not_picked":["CherryBlossomFlashing+1","PhosphoricSlash+1"],"picked":"SwordExtraction","floor":45},{"not_picked":["SuddenPhantomFormationSlashOfKarmicWind+1","HesitationCuttingSword","ConstancyOfTheConventionalTruth"],"picked":"SKIP","floor":45},{"not_picked":["HumanRealmSword","FlashingScatteredFlowers+1"],"picked":"BizarrenessOfSixRealms+1","floor":46},{"not_picked":["AsTheSilentNirvana","TurningAngelCut+1","PretaSword+1"],"picked":"SKIP","floor":46},{"not_picked":["FlashingScatteredFlowers+1","LowerRealmReflectionSlash+1"],"picked":"HumanRealmSword+1","floor":47},{"not_picked":["LightFlashOfTheNetherworld+1","HellGodSword+1","SpiritCuttingSword"],"picked":"SKIP","floor":47}],"player_experience":291335,"relics_obtained":[{"floor":6.0,"key":"MawBank"},{"floor":9.0,"key":"Molten Egg 2"},{"floor":23.0,"key":"Ancient Tea Set"},{"floor":39.0,"key":"Prayer Wheel"},{"floor":40.0,"key":"Pear"},{"floor":40.0,"key":"ChestCloth"},{"floor":42.0,"key":"Bottled Flame"},{"floor":42.0,"key":"Roukanken"},{"floor":43.0,"key":"Gambling Chip"},{"floor":44.0,"key":"White Beast Statue"},{"floor":44.0,"key":"Happy Flower"}],"event_choices":[{"cards_removed":["Strike_YM"],"damage_healed":0.0,"max_hp_gain":0.0,"max_hp_loss":0.0,"gold_gain":0.0,"event_name":"NoteForYourself","player_choice":"Took Card","floor":2.0,"gold_loss":0.0,"damage_taken":0.0,"cards_obtained":["Regret"]},{"damage_healed":0.0,"max_hp_gain":0.0,"max_hp_loss":0.0,"gold_gain":0.0,"event_name":"Scrap Ooze","player_choice":"Success","floor":4.0,"gold_loss":0.0,"damage_taken":7.0,"relics_obtained":["Gremlin Horn"]},{"damage_healed":0.0,"max_hp_gain":0.0,"max_hp_loss":0.0,"gold_gain":175.0,"event_name":"Liars Game","player_choice":"AGREE","floor":8.0,"gold_loss":0.0,"damage_taken":0.0,"cards_obtained":["Doubt"]},{"damage_healed":0.0,"max_hp_gain":0.0,"max_hp_loss":0.0,"gold_gain":0.0,"event_name":"Big Fish","player_choice":"Box","floor":10.0,"gold_loss":0.0,"damage_taken":0.0,"relics_obtained":["Anchor"],"cards_obtained":["Regret"]},{"damage_healed":0.0,"max_hp_gain":0.0,"max_hp_loss":0.0,"gold_gain":0.0,"event_name":"Drug Dealer","player_choice":"Inject Mutagens","floor":19.0,"gold_loss":0.0,"damage_taken":0.0,"relics_obtained":["MutagenicStrength"]},{"damage_healed":0.0,"max_hp_gain":0.0,"max_hp_loss":0.0,"gold_gain":0.0,"event_name":"Duplicator","player_choice":"Copied","floor":20.0,"gold_loss":0.0,"damage_taken":0.0,"cards_obtained":["FiveSignsOfTheDyingDeva"]},{"cards_removed":["TwoHundredYojanaInOneSlash"],"damage_healed":0.0,"max_hp_gain":0.0,"max_hp_loss":0.0,"gold_gain":0.0,"event_name":"Falling","player_choice":"Removed Attack","floor":37.0,"gold_loss":0.0,"damage_taken":0.0},{"damage_healed":0.0,"max_hp_gain":0.0,"max_hp_loss":0.0,"gold_gain":0.0,"event_name":"MindBloom","player_choice":"Fight","floor":39.0,"gold_loss":0.0,"damage_taken":0.0}],"is_beta":false,"boss_relics":[{"not_picked":["Snecko Eye","Runic Pyramid"],"picked":"Sozu"},{"not_picked":["Velvet Choker","Pandora\u0027s Box"],"picked":"Black Star"}],"items_purged_floors":[5,22,48],"is_endless":false,"potions_floor_spawned":[1,3,16,18,25,27,30,35,36,38,44,45,46,47],"ascension_level":0}}