{"host":"0009l0kk6tb2u2kt","time":1610892264,"event":{"mods":["AchievementEnabler","BaseMod","BetterRewards","Downfall","Hubris","Infinite Spire","Minty Spire (QoL Compilation)","StSLib"],"gold_per_floor":[119,131,206,222,20,53,53,80,105,55,89,105,123,140,140,236,236,248,259,259,272,272,272,286,316,316,327,345,345,361,361,361,466,466,486,180,180,200,200,234,247,247,299,299,334,334,334,349,349,447,447,447],"floor_reached":51,"language":"ENG","playtime":2813,"items_purged":["Writhe","Defend_R"],"score":979,"play_id":"23fa7f1d-042f-4244-bb64-ea87262d0aec","local_time":"20210117150424","is_ascension_mode":false,"campfire_choices":[{"data":"Perfected Strike","floor":7,"key":"SMITH"},{"data":"Shrug It Off","floor":15,"key":"SMITH"},{"data":"Perfected Strike","floor":23,"key":"SMITH"},{"data":"Armaments","floor":32,"key":"SMITH"},{"floor":42,"key":"REST"},{"data":"Barricade","floor":44,"key":"SMITH"},{"data":"Double Tap","floor":49,"key":"SMITH"}],"circlet_count":0,"master_deck":["Strike_R","Strike_R","Strike_R","Strike_R","Defend_R+1","Defend_R+1","Bash","Perfected Strike+1","Shrug It Off+1","Heavy Blade","Warcry","Wild Strike","Heavy Blade","Cleave","Twin Strike","Perfected Strike+1","Offering","Spot Weakness","Rage+1","infinitespire:OneForAll+1","Armaments+1","Barricade+1","Feel No Pain+1","hubris:StunningStrike","Double Tap+1","Armaments+1","hubris:Gluttony"],"relics":["Burning Blood","hubris:OldNail","hubris:GlazedTorus","ClockworkSouvenir","hubris:Reverence","hubris:Spice","War Paint","infinitespire:BottledMercury","Cursed Key","Bird Faced Urn","Omamori","Red Mask","hubris:Towel","Brimstone","Coffee Dripper"],"acts_visited":["Exordium","TheCity","TheBeyond","Exordium"],"potions_floor_usage":[6,8,16,16,19,25,25,33,41,50,50],"damage_taken":[{"damage":1,"enemies":"Jaw Worm","floor":1,"turns":3},{"damage":0,"enemies":"2 Louse","floor":2,"turns":2},{"damage":6,"enemies":"Cultist","floor":4,"turns":3},{"damage":44,"enemies":"Lagavulin","floor":6,"turns":6},{"damage":9,"enemies":"3 Sentries","floor":8,"turns":6},{"damage":8,"enemies":"Gremlin Nob","floor":11,"turns":3},{"damage":4,"enemies":"3 Louse","floor":12,"turns":2},{"damage":4,"enemies":"2 Fungi Beasts","floor":13,"turns":2},{"damage":2,"enemies":"Looter","floor":14,"turns":2},{"damage":0,"enemies":"Slime Boss","floor":16,"turns":4},{"damage":2,"enemies":"Chosen","floor":18,"turns":2},{"damage":10,"enemies":"Spheric Guardian","floor":19,"turns":3},{"damage":7,"enemies":"Snecko","floor":21,"turns":3},{"damage":9,"enemies":"Centurion and Healer","floor":24,"turns":3},{"damage":0,"enemies":"Masked Bandits","floor":25,"turns":2},{"damage":12,"enemies":"Cultist and Chosen","floor":27,"turns":3},{"damage":0,"enemies":"Chosen and Byrds","floor":28,"turns":3},{"damage":6,"enemies":"Centurion and Healer","floor":30,"turns":4},{"damage":20,"enemies":"Automaton","floor":33,"turns":6},{"damage":0,"enemies":"Orb Walker","floor":35,"turns":2},{"damage":6,"enemies":"3 Darklings","floor":38,"turns":2},{"damage":80,"enemies":"Nightmare","floor":40,"turns":5},{"damage":4,"enemies":"Sphere and 2 Shapes","floor":41,"turns":3},{"damage":6,"enemies":"Giant Head","floor":45,"turns":4},{"damage":0,"enemies":"Spire Growth","floor":48,"turns":2},{"damage":51,"enemies":"Awakened One","floor":50,"turns":7}],"seed_played":"8050324980544705189","potions_obtained":[{"floor":2,"key":"ElixirPotion"},{"floor":6,"key":"Block Potion"},{"floor":8,"key":"Fire Potion"},{"floor":12,"key":"SkillPotion"},{"floor":16,"key":"PowerPotion"},{"floor":18,"key":"AttackPotion"},{"floor":19,"key":"SpeedPotion"},{"floor":24,"key":"Explosive Potion"},{"floor":25,"key":"DuplicationPotion"},{"floor":35,"key":"hexamod:SoulburnPotion"},{"floor":45,"key":"SteroidPotion"},{"floor":48,"key":"ElixirPotion"},{"floor":50,"key":"SteroidPotion"}],"is_trial":false,"path_per_floor":["M","M","?","M","$","E","R","E","T","?","E","M","M","M","R","B",null,"M","M","?","M","AVR","R","M","?","T","M","M","?","M","?","R","B",null,"M","$","?","M","$","NM","M","R","T","R","E","?","?","M","R","B",null],"character_chosen":"IRONCLAD","items_purchased":["Perfected Strike","hubris:OldNail","ClockworkSouvenir","BloodPotion","Brimstone","hubris:StunningStrike"],"campfire_rested":1,"item_purchase_floors":[0,0,5,5,36,36],"current_hp_per_floor":[77,80,69,69,69,47,47,52,52,52,50,52,54,58,58,64,88,88,84,84,83,83,83,80,88,96,90,96,96,96,96,96,86,88,88,88,88,88,88,14,18,42,42,42,44,44,44,52,52,11,72,72],"gold":447,"neow_bonus":"","is_daily":false,"chose_seed":false,"campfire_upgraded":6,"win_rate":0.0,"timestamp":1610892264,"path_taken":["M","M","?","M","$","E","R","E","T","?","E","M","?","M","R","BOSS","M","M","?","M","AVR","R","M","?","T","M","M","?","M","?","R","BOSS","M","$","?","M","?","NM","M","R","T","R","E","?","?","M","R","BOSS"],"items_purchased_type":["Card","Relic","Relic","Potion","Relic","Card"],"build_version":"2020-12-22","purchased_purges":2,"victory":false,"max_hp_per_floor":[80,80,80,80,80,80,80,88,88,88,88,88,88,88,88,88,88,88,88,88,88,88,88,88,88,96,96,96,96,96,96,96,96,88,88,88,88,88,88,80,80,80,72,72,72,72,72,72,72,72,72,72],"card_choices":[{"not_picked":["Headbutt","Iron Wave"],"picked":"Shrug It Off","floor":1},{"not_picked":["Sword Boomerang","Warcry"],"picked":"Heavy Blade","floor":2},{"not_picked":["Iron Wave","Rage"],"picked":"Warcry","floor":4},{"not_picked":["Dual Wield","Anger"],"picked":"Wild Strike","floor":6},{"not_picked":["Dark Embrace","hubris:SharpeningStone"],"picked":"Heavy Blade","floor":8},{"not_picked":["Carnage","Body Slam"],"picked":"Cleave","floor":11},{"not_picked":["Wild Strike","Clothesline"],"picked":"Twin Strike","floor":12},{"not_picked":["Warcry","Bludgeon"],"picked":"Perfected Strike","floor":13},{"not_picked":["Carnage","Warcry","Pummel"],"picked":"SKIP","floor":14},{"not_picked":["Fiend Fire","Impervious"],"picked":"Offering","floor":16},{"not_picked":["Flex","Heavy Blade+1"],"picked":"Spot Weakness","floor":18},{"not_picked":["Blood for Blood","True Grit"],"picked":"Rage+1","floor":19},{"not_picked":["Iron Wave+1","Spot Weakness","hubris:ReadiedAction"],"picked":"SKIP","floor":21},{"not_picked":["Corruption","Feel No Pain"],"picked":"infinitespire:OneForAll+1","floor":24},{"not_picked":["hubris:ReadiedAction","Twin Strike+1"],"picked":"Armaments","floor":27},{"not_picked":["Clash","Wild Strike"],"picked":"Barricade","floor":28},{"not_picked":["Clothesline+1","Hemokinesis"],"picked":"Feel No Pain+1","floor":30},{"not_picked":["Sword Boomerang","Searing Blow"],"picked":"hubris:SpiceAddiction","floor":35},{"not_picked":["Cleave","hubris:SpiceAddiction"],"picked":"Double Tap","floor":38},{"not_picked":["Sword Boomerang+1","Anger+1"],"picked":"Armaments+1","floor":40},{"not_picked":["Sentinel","Feel No Pain+1","Iron Wave"],"picked":"SKIP","floor":41},{"not_picked":["Sentinel+1","Clothesline","hubris:SpiceAddiction"],"picked":"SKIP","floor":45},{"not_picked":["Clothesline+1","Feel No Pain","Fire Breathing+1"],"picked":"SKIP","floor":48}],"player_experience":238943,"relics_obtained":[{"floor":6,"key":"hubris:Reverence"},{"floor":8,"key":"hubris:Spice"},{"floor":9,"key":"War Paint"},{"floor":11,"key":"infinitespire:BottledMercury"},{"floor":25,"key":"Red Mask"},{"floor":26,"key":"hubris:Spice"},{"floor":40,"key":"hubris:Spice"},{"floor":43,"key":"hubris:Spice"}],"event_choices":[{"damage_healed":0,"gold_gain":75,"player_choice":"Gather Gold","damage_taken":11,"max_hp_gain":0,"max_hp_loss":0,"event_name":"World of Goop","floor":3,"gold_loss":0},{"cards_removed":["Defend_R"],"damage_healed":0,"gold_gain":0,"player_choice":"Card Removal","damage_taken":0,"max_hp_gain":0,"max_hp_loss":0,"event_name":"The Cleric","floor":10,"gold_loss":50},{"damage_healed":0,"gold_gain":0,"player_choice":"Opened","damage_taken":0,"relics_obtained":["Bird Faced Urn"],"max_hp_gain":0,"max_hp_loss":0,"event_name":"The Mausoleum","floor":20,"gold_loss":0,"cards_obtained":["Writhe"]},{"damage_healed":0,"gold_gain":0,"player_choice":"Fought Bandits","damage_taken":0,"max_hp_gain":0,"max_hp_loss":0,"event_name":"Masked Bandits","floor":25,"gold_loss":0},{"damage_healed":0,"gold_gain":0,"player_choice":"Ignored","damage_taken":0,"max_hp_gain":0,"max_hp_loss":0,"event_name":"Transmorgrifier","floor":37,"gold_loss":0},{"damage_healed":0,"gold_gain":0,"player_choice":"Ignored","damage_taken":0,"max_hp_gain":0,"max_hp_loss":0,"event_name":"Mysterious Sphere","floor":46,"gold_loss":0},{"cards_removed":["Strike_R"],"damage_healed":0,"gold_gain":0,"player_choice":"Removed Attack","damage_taken":0,"max_hp_gain":0,"max_hp_loss":0,"event_name":"Falling","floor":47,"gold_loss":0}],"is_beta":false,"boss_relics":[{"not_picked":["hubris:Spice","hubris:ScarierMask"],"picked":"Cursed Key"},{"not_picked":["Pandora\u0027s Box","hubris:CrackedHourglass"],"picked":"hubris:Spice"},{"not_picked":["hubris:Spice","hubris:Spice"],"picked":"Coffee Dripper"}],"items_purged_floors":[22,36],"is_endless":true,"potions_floor_spawned":[2,6,8,12,16,18,19,24,25,35,45,48,50],"ascension_level":0}}