{"host":"zekcc3vicrep0och","time":1610917321,"event":{"mods":["AchievementEnabler","BaseMod","Colored Map","Colored Powertips","Displayed Cursed Tome","Highlight Path","Minty Spire (QoL Compilation)","Quick Restart","Relic Stats","StSLib","The Cursed"],"gold_per_floor":[112,126,142,142,142,142,153,168,168,193,193,225,240,253,253,326,326,338,263,263,133,145,145,145,145],"floor_reached":24,"language":"ENG","playtime":991,"items_purged":["Strike_B"],"score":490,"play_id":"2eed2837-2757-419b-820e-d4384e06c571","local_time":"20210118000201","is_ascension_mode":true,"campfire_choices":[{"data":"Dualcast","floor":6.0,"key":"SMITH"},{"data":"Go for the Eyes","floor":11.0,"key":"SMITH"},{"floor":15.0,"key":"REST"},{"data":"RitualDagger","floor":23.0,"key":"SMITH"}],"circlet_count":0,"master_deck":["AscendersBane","Strike_B","Strike_B","Defend_B","Defend_B","Defend_B","Defend_B","Zap","Dualcast+1","Cold Snap","Glacier","Cold Snap","Lockon","Hologram","Go for the Eyes+1","Consume+1","Conserve Battery+1","Steam+1","Fission+1","CurseOfTheBell","Coolheaded+1","RitualDagger+1","Hologram+1"],"relics":["Cracked Core","NeowsBlessing","WingedGreaves","Toxic Egg 2","Turnip","Calling Bell","Kunai","Emotion Chip","Art of War"],"acts_visited":["Exordium","TheCity"],"potions_floor_usage":[24],"damage_taken":[{"damage":0.0,"enemies":"2 Louse","floor":1.0,"turns":1.0},{"damage":0.0,"enemies":"Jaw Worm","floor":2.0,"turns":1.0},{"damage":0.0,"enemies":"Small Slimes","floor":3.0,"turns":1.0},{"damage":0.0,"enemies":"Blue Slaver","floor":7.0,"turns":4.0},{"damage":2.0,"enemies":"Looter","floor":8.0,"turns":3.0},{"damage":8.0,"enemies":"3 Sentries","floor":10.0,"turns":9.0},{"damage":27.0,"enemies":"Gremlin Nob","floor":12.0,"turns":6.0},{"damage":18.0,"enemies":"Exordium Thugs","floor":13.0,"turns":6.0},{"damage":3.0,"enemies":"3 Louse","floor":14.0,"turns":4.0},{"damage":0.0,"enemies":"The Guardian","floor":16.0,"turns":15.0},{"damage":12.0,"enemies":"3 Byrds","floor":18.0,"turns":5.0},{"damage":0.0,"enemies":"Spheric Guardian","floor":22.0,"turns":8.0},{"damage":63,"enemies":"Slavers","floor":24,"turns":8}],"seed_played":"7993547358371410844","potions_obtained":[{"floor":1.0,"key":"Explosive Potion"},{"floor":13.0,"key":"DuplicationPotion"},{"floor":14.0,"key":"SkillPotion"},{"floor":16.0,"key":"EssenceOfSteel"},{"floor":18.0,"key":"Fruit Juice"},{"floor":22.0,"key":"Swift Potion"}],"is_trial":false,"path_per_floor":["M","M","M","?","?","R","M","M","T","E","R","E","M","M","R","B",null,"M","?","?","$","M","R","E"],"character_chosen":"DEFECT","items_purchased":["Hologram+1"],"campfire_rested":1,"item_purchase_floors":[21],"current_hp_per_floor":[64,64,64,69,69,69,69,67,67,59,59,32,14,11,33,33,65,58,58,52,52,52,52,0,0],"gold":145,"neow_bonus":"THREE_ENEMY_KILL","is_daily":false,"chose_seed":false,"campfire_upgraded":3,"win_rate":0.0,"timestamp":1610917321,"path_taken":["M","M","M","?","?","R","M","M","T","E","R","E","M","M","R","BOSS","M","?","?","?","M","R","E"],"items_purchased_type":["Card"],"build_version":"2020-12-22","purchased_purges":1,"victory":false,"max_hp_per_floor":[71,71,71,76,76,76,76,76,76,76,76,76,76,76,76,76,76,81,81,81,81,81,81,81,81],"relic_stats":{"Emotion Chip":[11,3,8,0,0],"counters":[13,71],"Turnip":[6],"Art of War":[5],"Kunai":[4],"obtain_stats":[{"Calling Bell":17,"Emotion Chip":17,"NeowsBlessing":0,"WingedGreaves":9,"Turnip":12,"Art of War":17,"Kunai":17,"Toxic Egg 2":10,"Cracked Core":0},{"Calling Bell":10,"Emotion Chip":10,"NeowsBlessing":0,"WingedGreaves":5,"Turnip":7,"Art of War":10,"Kunai":10,"Toxic Egg 2":6,"Cracked Core":0},{"Calling Bell":50,"Emotion Chip":50,"NeowsBlessing":0,"WingedGreaves":10,"Turnip":25,"Art of War":50,"Kunai":50,"Toxic Egg 2":19,"Cracked Core":0}]},"card_choices":[{"not_picked":["Conserve Battery","Streamline"],"picked":"Cold Snap","floor":1.0},{"not_picked":["Conserve Battery","Sweeping Beam","Glacier"],"picked":"SKIP","floor":2.0},{"not_picked":["Conserve Battery","Sweeping Beam"],"picked":"Glacier","floor":2.0},{"not_picked":["Heatsinks","Glacier"],"picked":"Cold Snap","floor":3.0},{"not_picked":["Self Repair","Darkness"],"picked":"Lockon","floor":7.0},{"not_picked":["Ball Lightning","Melter"],"picked":"Hologram","floor":8.0},{"not_picked":["Force Field+1","Aggregate+1"],"picked":"Go for the Eyes","floor":10.0},{"not_picked":["Reboot+1","Beam Cell"],"picked":"Consume+1","floor":12.0},{"not_picked":["Barrage","Go for the Eyes"],"picked":"Conserve Battery+1","floor":13.0},{"not_picked":["Barrage","Conserve Battery+1"],"picked":"Steam+1","floor":14.0},{"not_picked":["Thunder Strike","Echo Form"],"picked":"Fission+1","floor":16.0},{"not_picked":["Redo+1","Doom and Gloom"],"picked":"Coolheaded+1","floor":18.0},{"not_picked":["Turbo+1","Cold Snap","Leap+1"],"picked":"SKIP","floor":22.0}],"player_experience":540490,"relics_obtained":[{"floor":9.0,"key":"WingedGreaves"},{"floor":10.0,"key":"Toxic Egg 2"},{"floor":12.0,"key":"Turnip"},{"floor":17.0,"key":"Kunai"},{"floor":17.0,"key":"Emotion Chip"},{"floor":17.0,"key":"Art of War"}],"event_choices":[{"damage_healed":0.0,"max_hp_gain":5.0,"max_hp_loss":0.0,"gold_gain":0.0,"event_name":"Big Fish","player_choice":"Donut","floor":4.0,"gold_loss":0.0,"damage_taken":0.0},{"damage_healed":0.0,"max_hp_gain":0.0,"max_hp_loss":0.0,"gold_gain":0.0,"event_name":"Liars Game","player_choice":"Ignored","floor":5.0,"gold_loss":0.0,"damage_taken":0.0},{"cards_removed":["Strike_B"],"damage_healed":0.0,"max_hp_gain":0.0,"max_hp_loss":0.0,"gold_gain":0.0,"event_name":"Beggar","player_choice":"Gave Gold","floor":19.0,"gold_loss":75.0,"damage_taken":0.0},{"damage_healed":0.0,"max_hp_gain":0.0,"max_hp_loss":0.0,"gold_gain":0.0,"event_name":"Nest","player_choice":"Joined the Cult","floor":20.0,"gold_loss":0.0,"damage_taken":6.0,"cards_obtained":["RitualDagger"]}],"is_beta":false,"boss_relics":[{"not_picked":["Runic Dome","Pandora\u0027s Box"],"picked":"Calling Bell"}],"items_purged_floors":[21],"is_endless":false,"potions_floor_spawned":[1,13,14,16,18,22],"killed_by":"Slavers","ascension_level":18}}