{"host":"cdcsem0stf6rethc","time":1610869901,"event":{"mods":["AchievementEnabler","BaseMod","Colored Map","Highlight Path","Minty Spire (QoL Compilation)","StSLib","The Animator"],"gold_per_floor":[119,119,44,44,61,61,72,22,22,41,41,41,58,77,77,194,194,206,206,224,224,224],"floor_reached":21,"language":"ENG","playtime":943,"items_purged":["animator:Strike"],"score":171,"play_id":"3909d950-68de-4572-9f61-27f6ce12e38d","local_time":"20210117155141","is_ascension_mode":false,"campfire_choices":[{"data":"animator:YamaiSisters+1","floor":6,"key":"SMITH"},{"data":"animator:ShidoItsuka","floor":12,"key":"SMITH"},{"data":"animator:ShidoItsuka","floor":15,"key":"SMITH"}],"circlet_count":0,"master_deck":["animator:Strike_DateALive","animator:Defend_DateALive","animator:ShidoItsuka+1","animator:YamaiSisters+2","animator:ShidoItsuka+1","animator:KotoriItsuka","animator:ShidoItsuka","animator:KotoriItsuka","animator:KotoriItsuka","animator:YamaiSisters"],"relics":["animator:LivingPicture","animator:TheMissingPiece","animator:AlchemistGlove","animator:RacePiece"],"acts_visited":["Exordium","TheCity"],"potions_floor_usage":[],"damage_taken":[{"damage":1,"enemies":"Jaw Worm","floor":1,"turns":4},{"damage":0,"enemies":"Small Slimes","floor":5,"turns":4},{"damage":2,"enemies":"Cultist","floor":7,"turns":5},{"damage":11,"enemies":"3 Louse","floor":10,"turns":3},{"damage":5,"enemies":"Gremlin Gang","floor":13,"turns":4},{"damage":0,"enemies":"Looter","floor":14,"turns":4},{"damage":20,"enemies":"The Guardian","floor":16,"turns":10},{"damage":17,"enemies":"Spheric Guardian","floor":18,"turns":5},{"damage":41,"enemies":"3 Byrds","floor":20,"turns":6},{"damage":9,"enemies":"Snake Plant","floor":21,"turns":1}],"seed_played":"-8072372651685513105","potions_obtained":[{"floor":1,"key":"Weak Potion"},{"floor":5,"key":"Strength Potion"},{"floor":14,"key":"Ancient Potion"}],"is_trial":false,"path_per_floor":["M","?","$","?","M","R","M","?","T","M","$","R","M","M","R","B",null,"M","?","M","M"],"character_chosen":"THE_ANIMATOR","items_purchased":[],"campfire_rested":0,"item_purchase_floors":[],"current_hp_per_floor":[65,65,65,58,58,58,56,56,56,45,45,45,40,40,40,20,66,49,49,8,0,0],"gold":224,"neow_bonus":"UPGRADE_CARD","is_daily":false,"chose_seed":true,"campfire_upgraded":3,"win_rate":0.0,"timestamp":1610869901,"path_taken":["M","?","$","?","M","R","M","?","T","M","?","R","M","?","R","BOSS","M","?","?","M"],"items_purchased_type":[],"build_version":"2020-12-22","purchased_purges":1,"victory":false,"max_hp_per_floor":[66,66,66,66,66,66,66,66,66,66,66,66,66,66,66,66,66,66,66,66,66,66],"card_choices":[{"not_picked":["animator:YoshinoHimekawa","animator:Yoichi","animator:TukaLunaMarceau"],"picked":"SKIP","floor":1},{"not_picked":["animator:MikuIzayoi","animator:TohkaYatogami","animator:Minori"],"picked":"SKIP","floor":5},{"not_picked":["animator:YoshinoHimekawa","animator:Azekura","animator:MeguKakizaki"],"picked":"SKIP","floor":7},{"not_picked":["animator:ReineMurasame","animator:TohkaYatogami"],"picked":"animator:ShidoItsuka","floor":10},{"not_picked":["animator:Souseiseki","animator:Shinoa","animator:Mitsuba"],"picked":"SKIP","floor":13},{"not_picked":["animator:Scar","animator:Natsumi","animator:Kuribayashi"],"picked":"SKIP","floor":14},{"not_picked":["animator:ItamiYouji","animator:Enju"],"picked":"animator:KotoriItsuka","floor":16},{"not_picked":["animator:Isuzu+1","animator:NiaHonjou","animator:Emonzaemon"],"picked":"SKIP","floor":18},{"not_picked":["animator:MikuIzayoi","animator:MukuroHoshimiya"],"picked":"animator:YamaiSisters","floor":20}],"player_experience":192946,"relics_obtained":[{"floor":9,"key":"animator:AlchemistGlove"}],"event_choices":[{"damage_healed":0,"gold_gain":0,"player_choice":"Ignored","damage_taken":0,"max_hp_gain":0,"max_hp_loss":0,"event_name":"Liars Game","floor":2,"gold_loss":0},{"cards_removed":["animator:Strike"],"damage_healed":0,"gold_gain":0,"player_choice":"Card Removal","damage_taken":7,"max_hp_gain":0,"max_hp_loss":0,"event_name":"Golden Wing","floor":4,"gold_loss":0},{"cards_removed":["animator:Strike"],"damage_healed":0,"gold_gain":0,"player_choice":"Card Removal","damage_taken":0,"max_hp_gain":0,"max_hp_loss":0,"event_name":"The Cleric","floor":8,"gold_loss":50},{"damage_healed":0,"gold_gain":0,"player_choice":"Bought 0 Potions","damage_taken":0,"max_hp_gain":0,"max_hp_loss":0,"event_name":"The Woman in Blue","floor":19,"gold_loss":0}],"is_beta":false,"boss_relics":[{"not_picked":["animator:VividPicture","Busted Crown"],"picked":"animator:RacePiece"}],"items_purged_floors":[3],"is_endless":false,"potions_floor_spawned":[1,5,14,16,20],"killed_by":"Snake Plant","ascension_level":0}}