{"host":"o9oojikv0j1jifqm","time":1610873244,"event":{"mods":["BaseMod","Colored Powertips","Marisa£®ÏF”Í°°ƒß¿Ì…≥£©","Minty Spire (QoL Compilation)","Quick Restart","Reimu£®≤©¿ˆ¡È√Œ£©","Remilia£®¿Ÿ√◊¿Ú—«£©","Replay The Spire","Shop Mod","Spicy Shops","StSLib","UnlockEverythingMod","Yakumo Yukari mod","Youmu£®ªÍ∆«—˝√Œ£©","°æ“≈ŒÔø®≈∆°øREMEMod"],"gold_per_floor":[117,129,129,129,7,7,7,41,41,59,86,86,10,23,23,148,148,168,168,182,195,211,246,246,246,246,246,6,6,6,6,6,136,136,151,214,228,252,252,275,42,57,81,81,81,117,117,155,155,155,155,155,58,89,89],"floor_reached":56,"language":"ZHS","playtime":6158,"items_purged":["Gluttony_TH","Defend_Lin:ReiMu"],"score":1384,"play_id":"34e6facc-afde-4753-9b1b-8ce4c587505e","local_time":"20210117164724","is_ascension_mode":false,"campfire_choices":[{"data":"LearningPray:ReiMu","floor":6,"key":"SMITH"},{"floor":15,"key":"DIG"},{"data":"PrayRite:ReiMu","floor":27,"key":"SMITH"},{"data":"RunawayExorcism:ReiMu","floor":30,"key":"SMITH"},{"floor":44,"key":"RECALL"},{"floor":49,"key":"DIG"}],"circlet_count":0,"master_deck":["Strike_Lin:ReiMu+1","Strike_Lin:ReiMu","Defend_Lin:ReiMu","Defend_Lin:ReiMu","NB:ReiMu","Stagnation:ReiMu","Amulet:ReiMu","LearningPray:ReiMu+1","WonderfulDomain:ReiMu+1","PrepareRite:ReiMu+1","Meditation:ReiMu","OrbThrow:ReiMu","LovePray:ReiMu","ForcedLanding:ReiMu","KyokaiOfKami:ReiMu","MikOfLucky:ReiMu+1","SpringWay:ReiMu","AirStrike:ReiMu","Enchanting:ReiMu+1","RunawayExorcism:ReiMu+1","PrayRite:ReiMu+1","EmergencyTakeOff:ReiMu","SubcavityInstant:ReiMu+1","CardOfSanctity:ReiMu","CareerPray:ReiMu","PassingAway:ReiMu","FantasyBorder:ReiMu","CareerPray:ReiMu+1","MikOfLucky:ReiMu+1","YinYangSange:ReiMu","YinYangSange:ReiMu","SafetyPray:ReiMu+1","RunawayExorcism:ReiMu+1","RainPray2:ReiMu+1"],"relics":["REME_ComplimentaryCards","Coffee Dripper","Pen Nib","Bag of Marbles","Replay:Multitool","Toy Ornithopter","Golden Idol","HornCleat","ReplayTheSpireMod:DimensionalGlitch","Omamori","ReplayFunnel","InkBottle","Nilry\u0027s Codex","RedLine:ReiMu","FossilizedHelix","ReplayTheSpireMod:TigerMarble","MerchantsRug","Replay:Bottled Eggs","WarpedTongs","Replay:Rubber Ducky","Lantern","War Paint","ReplayTheSpireMod:Lightbulb"],"acts_visited":["Exordium","TheCity","TheBeyond","TheEnding"],"potions_floor_usage":[16,18,33,36,36,54,55,55],"damage_taken":[{"damage":0.0,"enemies":"2 Louse","floor":1.0,"turns":4.0},{"damage":1.0,"enemies":"Jaw Worm","floor":2.0,"turns":4.0},{"damage":5,"enemies":"Lagavulin","floor":8,"turns":10},{"damage":0,"enemies":"Small Slimes","floor":10,"turns":4},{"damage":2,"enemies":"3 Sentries","floor":11,"turns":11},{"damage":3,"enemies":"Exordium Wildlife","floor":14,"turns":3},{"damage":26,"enemies":"The Guardian","floor":16,"turns":7},{"damage":4,"enemies":"Shell Parasite","floor":18,"turns":5},{"damage":0,"enemies":"Chosen","floor":20,"turns":4},{"damage":16,"enemies":"Snecko","floor":21,"turns":4},{"damage":0,"enemies":"Centurion and Healer","floor":22,"turns":5},{"damage":13,"enemies":"Gremlin Leader","floor":23,"turns":4},{"damage":1,"enemies":"Automaton","floor":33,"turns":6},{"damage":41,"enemies":"3 Darklings","floor":35,"turns":4},{"damage":26,"enemies":"2 Orb Walkers","floor":36,"turns":4},{"damage":16,"enemies":"3 Shapes","floor":37,"turns":2},{"damage":0,"enemies":"3 Darklings","floor":38,"turns":2},{"damage":0,"enemies":"R_Hoarder","floor":40,"turns":7},{"damage":8,"enemies":"Spire Growth","floor":42,"turns":4},{"damage":0,"enemies":"Nemesis","floor":46,"turns":5},{"damage":0,"enemies":"R_Hoarder","floor":48,"turns":7},{"damage":19,"enemies":"Time Eater","floor":50,"turns":11},{"damage":0,"enemies":"Shield and Spear","floor":54,"turns":5},{"damage":50,"enemies":"The Heart","floor":55,"turns":8}],"seed_played":"-4937581794225631520","potions_obtained":[{"floor":1.0,"key":"FearPotion"},{"floor":10,"key":"Adrenaline Potion"},{"floor":11,"key":"DuplicationPotion"},{"floor":16,"key":"SteroidPotion"},{"floor":21,"key":"SpeedPotion"},{"floor":23,"key":"Adrenaline Potion"},{"floor":33,"key":"Swift Potion"},{"floor":35,"key":"ColorlessPotion"},{"floor":37,"key":"Strength Potion"},{"floor":40,"key":"PowerPotion"},{"floor":46,"key":"GrandPatriotsElixir:ReiMu"},{"floor":52,"key":"PinkPotion:ReiMu"},{"floor":52,"key":"GamblersBrew"},{"floor":54,"key":"MagicPotion:ReiMu"}],"is_trial":false,"path_per_floor":["M","M","?","?","$","R","T","E","T","M","E","?","$","M","R","B",null,"M","?","M","M","M","E","?","?","T","R","$","?","R","$","R","B",null,"M","?","M","M","?","E","$","M","T","R","$","E","?","E","R","B",null,"R","$","E","B",null],"character_chosen":"REIMU","items_purchased":["Pen Nib","WonderfulDomain:ReiMu","LovePray:ReiMu","InkBottle","SubcavityInstant:ReiMu","MerchantsRug","YinYangSange:ReiMu","Lantern","War Paint"],"campfire_rested":0,"item_purchase_floors":[5,5,13,28,28,41,41,53,53],"current_hp_per_floor":[65,64,64,57,57,57,57,52,52,52,50,34,34,31,31,10,65,64,64,64,48,48,35,50,50,50,50,50,25,25,25,49,51,80,39,19,3,3,90,90,90,82,82,82,82,82,82,82,82,63,90,90,90,90,40],"gold":89,"neow_bonus":"BOSS_RELIC","is_daily":false,"chose_seed":false,"campfire_upgraded":3,"win_rate":0.0,"timestamp":1610873244,"path_taken":["M","M","?","?","$","R","?","E","T","?","E","?","?","M","R","BOSS","M","?","?","M","M","E","?","?","T","R","$","?","R","?","R","BOSS","M","?","M","M","?","E","$","?","T","R","?","E","?","E","R","BOSS","R","$","E","BOSS"],"items_purchased_type":["Relic","Card","Card","Relic","Card","Relic","Card","Relic","Relic"],"build_version":"2020-12-22","purchased_purges":2,"victory":true,"max_hp_per_floor":[65,65,65,65,65,65,65,65,65,65,65,65,65,65,65,65,65,65,65,65,65,65,65,80,80,80,80,80,80,80,80,80,80,80,80,80,80,80,90,90,90,90,90,90,90,90,90,90,90,90,90,90,90,90,90],"card_choices":[{"not_picked":["NineCharacters:ReiMu","Gathering:ReiMu"],"picked":"Amulet:ReiMu","floor":1.0},{"not_picked":["TightArray:ReiMu","AlertArray:ReiMu"],"picked":"LearningPray:ReiMu","floor":2},{"not_picked":["FantasyBorder:ReiMu","Meditation:ReiMu"],"picked":"PrepareRite:ReiMu","floor":8},{"not_picked":["SealNeedle:ReiMu","Amulet:ReiMu"],"picked":"Meditation:ReiMu","floor":10},{"not_picked":["EmergencyTakeOff:ReiMu","PhosphorusFlame:ReiMu"],"picked":"OrbThrow:ReiMu","floor":11},{"not_picked":["Meditation:ReiMu","AlertArray:ReiMu"],"picked":"ForcedLanding:ReiMu","floor":14},{"not_picked":["Shading:ReiMu","Authority:ReiMu"],"picked":"KyokaiOfKami:ReiMu","floor":16},{"not_picked":["Dreaming2:ReiMu","OrbThrow:ReiMu"],"picked":"MikOfLucky:ReiMu+1","floor":18},{"not_picked":["EmergencyTakeOff:ReiMu","Crusade:ReiMu"],"picked":"SpringWay:ReiMu","floor":20},{"not_picked":["OrbThrow:ReiMu","EmergencyTakeOff:ReiMu"],"picked":"AirStrike:ReiMu","floor":21},{"not_picked":["Crusade:ReiMu","Conquer:ReiMu"],"picked":"Enchanting:ReiMu+1","floor":22},{"not_picked":["FantasyBorder:ReiMu","SpreadBorder2:ReiMu"],"picked":"RunawayExorcism:ReiMu","floor":23},{"not_picked":["HakureiPhantom:ReiMu","Dreaming:ReiMu"],"picked":"CardOfSanctity:ReiMu","floor":33},{"not_picked":["AlertArray:ReiMu+1","SpreadBorder2:ReiMu+1"],"picked":"CareerPray:ReiMu","floor":35},{"not_picked":["TightArray:ReiMu","SubAcupoint:ReiMu"],"picked":"PassingAway:ReiMu","floor":36},{"not_picked":["TakeOff:ReiMu+1","SubAcupoint:ReiMu"],"picked":"FantasyBorder:ReiMu","floor":37},{"not_picked":["SpreadBorder2:ReiMu+1","WonderfulDomain:ReiMu"],"picked":"CareerPray:ReiMu+1","floor":38},{"not_picked":["AirManeuver:ReiMu+1","PhosphorusFlame:ReiMu"],"picked":"MikOfLucky:ReiMu+1","floor":40},{"not_picked":["HakureiPhantom:ReiMu","SubcavityInstant:ReiMu"],"picked":"SafetyPray:ReiMu+1","floor":42},{"not_picked":["PassingAway:ReiMu+1","PayForSelf:ReiMu"],"picked":"RunawayExorcism:ReiMu","floor":46},{"not_picked":["BlastKick2:ReiMu","SpiritualOutbreak2:ReiMu"],"picked":"RainPray2:ReiMu+1","floor":48},{"not_picked":["SubcavityInstant:ReiMu+1","ShadowOfCrow2:ReiMu+1","AirStrike:ReiMu+1"],"picked":"SKIP","floor":54}],"player_experience":197297,"relics_obtained":[{"floor":7,"key":"Bag of Marbles"},{"floor":8,"key":"Matryoshka"},{"floor":9,"key":"Replay:Multitool"},{"floor":9,"key":"Toy Ornithopter"},{"floor":11,"key":"AntiCross"},{"floor":15,"key":"HornCleat"},{"floor":23,"key":"Replay:Bottled Snecko"},{"floor":26,"key":"Omamori"},{"floor":26,"key":"ReplayFunnel"},{"floor":29,"key":"Nilry\u0027s Codex"},{"floor":36,"key":"FossilizedHelix"},{"floor":40,"key":"ReplayTheSpireMod:TigerMarble"},{"floor":46,"key":"Replay:Bottled Eggs"},{"floor":48,"key":"Replay:Rubber Ducky"},{"floor":49,"key":"White Beast Statue"},{"floor":54,"key":"ReplayTheSpireMod:Lightbulb"}],"event_choices":[{"cards_removed":["Strike_Lin:ReiMu"],"damage_healed":0,"gold_gain":0,"player_choice":"Card Removal","damage_taken":7,"max_hp_gain":0,"max_hp_loss":0,"event_name":"Golden Wing","floor":4,"gold_loss":0},{"damage_healed":0,"gold_gain":0,"player_choice":"Take Damage","damage_taken":16,"relics_obtained":["Golden Idol"],"max_hp_gain":0,"max_hp_loss":0,"event_name":"Golden Idol","floor":12,"gold_loss":0},{"damage_healed":0,"gold_gain":0,"player_choice":"Copied","damage_taken":0,"max_hp_gain":0,"max_hp_loss":0,"event_name":"Duplicator","floor":19,"gold_loss":0,"cards_obtained":["KyokaiOfKami:ReiMu"]},{"damage_healed":0,"gold_gain":0,"cards_transformed":["Strike_Lin:ReiMu","Defend_Lin:ReiMu"],"player_choice":"Became Test Subject","damage_taken":0,"max_hp_gain":0,"max_hp_loss":0,"event_name":"Drug Dealer","floor":25,"gold_loss":0,"cards_obtained":["PrayRite:ReiMu","EmergencyTakeOff:ReiMu"]},{"damage_healed":0,"gold_gain":0,"player_choice":"Obtained Book","damage_taken":16,"max_hp_gain":0,"max_hp_loss":0,"event_name":"Cursed Tome","floor":29,"gold_loss":0},{"damage_healed":0,"gold_gain":0,"player_choice":"Fight","damage_taken":0,"max_hp_gain":0,"max_hp_loss":0,"event_name":"Mysterious Sphere","floor":36,"gold_loss":0},{"cards_removed":["KyokaiOfKami:ReiMu"],"damage_healed":77,"gold_gain":0,"player_choice":"Offered Rare","damage_taken":0,"max_hp_gain":10,"max_hp_loss":0,"event_name":"Bonfire Elementals","floor":39,"gold_loss":0},{"damage_healed":0,"gold_gain":0,"player_choice":"Rummage","damage_taken":0,"relics_obtained":["WarpedTongs"],"max_hp_gain":0,"max_hp_loss":0,"event_name":"Accursed Blacksmith","floor":47,"gold_loss":0,"cards_obtained":["Pain"]}],"is_beta":false,"boss_relics":[{"not_picked":["Ectoplasm","Kintsugi"],"picked":"ReplayTheSpireMod:DimensionalGlitch"},{"not_picked":["Snecko Eye","DonationBox:ReiMu"],"picked":"RedLine:ReiMu"}],"items_purged_floors":[28,41],"is_endless":false,"potions_floor_spawned":[1,10,11,16,21,23,33,35,37,40,46,54],"ascension_level":0}}