{"host":"y3h3n3f7seyagppx","time":1610902422,"event":{"mods":["AlwaysNeverKeys","BaseMod","Better Vampires","Colored Powertips","DeckTracker","Emptier Cage","Minty Spire (QoL Compilation)","Permanent Neow","Quick Restart","Rare Cards Sparkle","Relic Sorter","Relic Stats","StSLib","Transform Curses"],"gold_per_floor":[118,132,57,57,67,67,98,98,98,131,146,177,190,208,208,281,281,301,301,315,334,345,376,376,376,449,483,502,536,536,551,551,625,625,639,639,650,408,408,441,453,486,486,519,216,216,216,229,229,229,229,229,229,37,65,65],"floor_reached":57,"language":"ENG","playtime":9114,"items_purged":["Strike_R","Strike_R"],"score":2869,"play_id":"a22468ac-8a79-472e-8447-f7639c39c7f5","local_time":"20210117115342","is_ascension_mode":true,"campfire_choices":[{"data":"Apotheosis","floor":6.0,"key":"SMITH"},{"data":"Body Slam","floor":8.0,"key":"SMITH"},{"data":"Fiend Fire","floor":15.0,"key":"SMITH"},{"data":"True Grit","floor":24.0,"key":"SMITH"},{"data":"Uppercut","floor":30.0,"key":"SMITH"},{"data":"Impervious","floor":32.0,"key":"SMITH"},{"data":"Disarm","floor":46,"key":"SMITH"},{"data":"Second Wind","floor":49,"key":"SMITH"},{"data":"Bash","floor":53,"key":"PURGE"}],"circlet_count":0,"master_deck":["AscendersBane","Defend_R","Defend_R","Defend_R","Defend_R","Apotheosis+1","Body Slam+1","Power Through","Impervious+1","Pommel Strike","Body Slam+1","Fiend Fire+1","Battle Trance","Exhume","Spot Weakness","Thunderclap","Thunderclap","True Grit+1","Reaper","Second Wind+1","Corruption+1","Power Through","Uppercut+1","Feel No Pain+1","Dropkick+1","Entrench","Impervious+1","Sword Boomerang","True Grit+1","Disarm+1","Corruption+1","Dark Shackles","Finesse","Shockwave+1","Disarm","Shrug It Off","Dual Wield"],"relics":["Burning Blood","Frozen Egg 2","Pantograph","Art of War","Blue Candle","Runic Pyramid","Centennial Puzzle","Question Card","TungstenRod","Pear","Mark of Pain","Eternal Feather","DollysMirror","Akabeko","Bottled Tornado","Peace Pipe","MawBank","Brimstone","Lantern"],"acts_visited":["Exordium","TheCity","TheBeyond","TheEnding"],"potions_floor_usage":[44,44,55],"damage_taken":[{"damage":4.0,"enemies":"Jaw Worm","floor":1.0,"turns":3.0},{"damage":3.0,"enemies":"2 Louse","floor":2.0,"turns":3.0},{"damage":0.0,"enemies":"Cultist","floor":5.0,"turns":5.0},{"damage":25.0,"enemies":"Gremlin Nob","floor":7.0,"turns":5.0},{"damage":12.0,"enemies":"Lagavulin","floor":10.0,"turns":7.0},{"damage":0.0,"enemies":"Blue Slaver","floor":11.0,"turns":2.0},{"damage":0.0,"enemies":"Gremlin Nob","floor":12.0,"turns":2.0},{"damage":0.0,"enemies":"Large Slime","floor":13.0,"turns":2.0},{"damage":0.0,"enemies":"Exordium Wildlife","floor":14.0,"turns":4.0},{"damage":38.0,"enemies":"Slime Boss","floor":16.0,"turns":8.0},{"damage":0.0,"enemies":"Chosen","floor":18.0,"turns":2.0},{"damage":0.0,"enemies":"3 Byrds","floor":20.0,"turns":4.0},{"damage":3.0,"enemies":"3 Cultists","floor":21.0,"turns":5.0},{"damage":38.0,"enemies":"Shelled Parasite and Fungi","floor":22.0,"turns":6.0},{"damage":23.0,"enemies":"Slavers","floor":23.0,"turns":7.0},{"damage":21.0,"enemies":"Book of Stabbing","floor":27.0,"turns":3.0},{"damage":23.0,"enemies":"Chosen and Byrds","floor":28.0,"turns":7.0},{"damage":8.0,"enemies":"Gremlin Leader","floor":29.0,"turns":6.0},{"damage":0.0,"enemies":"Snecko","floor":31.0,"turns":2.0},{"damage":22.0,"enemies":"Automaton","floor":33.0,"turns":11.0},{"damage":6.0,"enemies":"Orb Walker","floor":35.0,"turns":2.0},{"damage":10.0,"enemies":"3 Shapes","floor":37.0,"turns":3.0},{"damage":31.0,"enemies":"Reptomancer","floor":40.0,"turns":4.0},{"damage":3.0,"enemies":"Jaw Worm Horde","floor":41.0,"turns":4.0},{"damage":24.0,"enemies":"Nemesis","floor":42.0,"turns":5.0},{"damage":3,"enemies":"Reptomancer","floor":44,"turns":3},{"damage":6,"enemies":"4 Shapes","floor":48,"turns":3},{"damage":16,"enemies":"Time Eater","floor":50,"turns":9},{"damage":7,"enemies":"Donu and Deca","floor":51,"turns":9},{"damage":30,"enemies":"Shield and Spear","floor":55,"turns":9},{"damage":108,"enemies":"The Heart","floor":56,"turns":10}],"seed_played":"-3120446896240333563","potions_obtained":[{"floor":5.0,"key":"HeartOfIron"},{"floor":10.0,"key":"DistilledChaos"},{"floor":13.0,"key":"Explosive Potion"},{"floor":22.0,"key":"ElixirPotion"},{"floor":23.0,"key":"FearPotion"},{"floor":27.0,"key":"Regen Potion"},{"floor":28.0,"key":"Energy Potion"},{"floor":29.0,"key":"Fruit Juice"},{"floor":35.0,"key":"Ancient Potion"},{"floor":41.0,"key":"AttackPotion"}],"is_trial":false,"path_per_floor":["M","M","?","?","M","R","E","R","T","E","M","E","M","M","R","B",null,"M","?","M","M","M","E","R","?","T","E","M","E","R","M","R","B",null,"M","?","M","$","?","E","M","E","T","E","$","R","?","M","R","B","B",null,"R","$","E","B",null],"character_chosen":"IRONCLAD","items_purchased":["DollysMirror","Brimstone","Weak Potion","Disarm","BloodPotion","Shrug It Off"],"campfire_rested":0,"item_purchase_floors":[38,45,45,54,54,54],"current_hp_per_floor":[68,68,68,68,68,68,49,49,49,43,49,55,61,67,67,36,60,66,66,68,68,65,48,48,48,48,40,43,77,77,78,78,78,78,83,83,79,79,79,83,83,75,75,78,78,83,74,83,83,83,83,83,83,83,83,63],"gold":65,"neow_bonus":"RANDOM_COLORLESS_2","is_daily":false,"chose_seed":false,"campfire_upgraded":8,"win_rate":0.0,"timestamp":1610902422,"path_taken":["M","M","?","?","M","R","E","R","T","E","M","E","?","M","R","BOSS","M","?","M","M","M","E","R","?","T","E","M","E","R","M","R","BOSS","M","?","M","?","?","E","?","E","T","E","$","R","?","M","R","BOSS","BOSS","R","$","E","BOSS"],"items_purchased_type":["Relic","Relic","Potion","Card","Potion","Card"],"build_version":"2020-12-22","purchased_purges":2,"victory":true,"max_hp_per_floor":[68,68,68,68,68,68,68,68,68,68,68,68,68,68,68,68,68,68,68,68,68,68,68,68,68,68,68,68,78,78,78,78,78,78,83,83,83,83,83,83,83,83,83,83,83,83,83,83,83,83,83,83,83,83,83,83],"relic_stats":{"Peace Pipe":3,"Centennial Puzzle":[45],"counters":[31,155],"Pantograph":1,"Blue Candle":[0],"Eternal Feather":5,"Art of War":[28],"Question Card":16,"MawBank":12,"obtain_stats":[{"Lantern":55,"Pear":29,"Blue Candle":12,"Eternal Feather":36,"Frozen Egg 2":7,"Bottled Tornado":42,"Question Card":26,"MawBank":44,"Burning Blood":0,"Akabeko":40,"Peace Pipe":43,"Centennial Puzzle":23,"DollysMirror":38,"Brimstone":45,"Pantograph":9,"Mark of Pain":34,"Art of War":10,"TungstenRod":27,"Runic Pyramid":17},{"Lantern":30,"Pear":18,"Blue Candle":7,"Eternal Feather":21,"Frozen Egg 2":4,"Bottled Tornado":25,"Question Card":15,"MawBank":26,"Burning Blood":0,"Akabeko":23,"Peace Pipe":25,"Centennial Puzzle":15,"DollysMirror":22,"Brimstone":26,"Pantograph":4,"Mark of Pain":20,"Art of War":5,"TungstenRod":16,"Runic Pyramid":10},{"Lantern":145,"Pear":81,"Blue Candle":27,"Eternal Feather":96,"Frozen Egg 2":16,"Bottled Tornado":112,"Question Card":65,"MawBank":115,"Burning Blood":0,"Akabeko":103,"Peace Pipe":112,"Centennial Puzzle":65,"DollysMirror":99,"Brimstone":115,"Pantograph":16,"Mark of Pain":94,"Art of War":23,"TungstenRod":68,"Runic Pyramid":41}],"Burning Blood":123,"TungstenRod":58},"card_choices":[{"not_picked":["Secret Technique","Master of Strategy"],"picked":"Apotheosis","floor":0.0},{"not_picked":["Sword Boomerang","Headbutt"],"picked":"Body Slam","floor":1.0},{"not_picked":["Perfected Strike","Clash"],"picked":"Power Through","floor":2.0},{"not_picked":["Ghostly Armor","Wild Strike"],"picked":"Pommel Strike","floor":5.0},{"not_picked":["Rage","Cleave","Headbutt"],"picked":"SKIP","floor":7.0},{"not_picked":["Rupture+1","Anger"],"picked":"Body Slam","floor":10.0},{"not_picked":["Disarm","Armaments"],"picked":"Fiend Fire","floor":11.0},{"not_picked":["Sword Boomerang","Iron Wave","Rupture+1"],"picked":"SKIP","floor":12.0},{"not_picked":["Wild Strike","Headbutt","Perfected Strike"],"picked":"SKIP","floor":13.0},{"not_picked":["Body Slam","Havoc"],"picked":"Battle Trance","floor":14.0},{"not_picked":["Double Tap","Juggernaut+1"],"picked":"Exhume","floor":16.0},{"not_picked":["Fire Breathing+1","Infernal Blade"],"picked":"Spot Weakness","floor":18.0},{"not_picked":["Iron Wave","Headbutt"],"picked":"True Grit","floor":20.0},{"not_picked":["Searing Blow","Sever Soul"],"picked":"Reaper","floor":21.0},{"not_picked":["Havoc","Hemokinesis","Anger"],"picked":"SKIP","floor":22.0},{"not_picked":["Thunderclap","Clothesline","Sword Boomerang"],"picked":"SKIP","floor":23.0},{"not_picked":["Reaper","Uppercut","Iron Wave"],"picked":"Corruption+1","floor":27.0},{"not_picked":["True Grit+1","Second Wind","Pommel Strike"],"picked":"Power Through","floor":28.0},{"not_picked":["Clash","Pummel","Headbutt"],"picked":"Uppercut","floor":29.0},{"not_picked":["True Grit","Burning Pact","Body Slam"],"picked":"Feel No Pain+1","floor":31.0},{"not_picked":["Cleave","Armaments+1","Warcry"],"picked":"Dropkick+1","floor":35.0},{"not_picked":["Thunderclap","Headbutt","Rampage+1"],"picked":"Entrench","floor":37.0},{"not_picked":["True Grit","Perfected Strike","Clothesline+1"],"picked":"Sword Boomerang","floor":40.0},{"not_picked":["Pommel Strike","Burning Pact+1","Warcry"],"picked":"True Grit+1","floor":41.0},{"not_picked":["Double Tap","Flex","Armaments"],"picked":"Disarm","floor":42.0},{"not_picked":["Warcry+1","Sword Boomerang","True Grit+1"],"picked":"Corruption+1","floor":44},{"not_picked":["Dramatic Entrance","Discovery","The Bomb"],"picked":"Dark Shackles","floor":47},{"not_picked":["PanicButton","The Bomb","Dramatic Entrance"],"picked":"Finesse","floor":47},{"not_picked":["Shrug It Off","Sword Boomerang","Perfected Strike"],"picked":"Shockwave+1","floor":48},{"not_picked":["Seeing Red","Sever Soul+1","Feed"],"picked":"Dual Wield","floor":55}],"player_experience":21158609,"relics_obtained":[{"floor":7.0,"key":"Frozen Egg 2"},{"floor":9.0,"key":"Pantograph"},{"floor":10.0,"key":"Art of War"},{"floor":12.0,"key":"Blue Candle"},{"floor":23.0,"key":"Centennial Puzzle"},{"floor":26.0,"key":"Question Card"},{"floor":27.0,"key":"TungstenRod"},{"floor":29.0,"key":"Pear"},{"floor":40.0,"key":"Akabeko"},{"floor":42.0,"key":"Bottled Tornado"},{"floor":43.0,"key":"Peace Pipe"},{"floor":44,"key":"MawBank"},{"floor":55,"key":"Lantern"}],"event_choices":[{"cards_removed":["Strike_R"],"damage_healed":0.0,"max_hp_gain":0.0,"max_hp_loss":0.0,"gold_gain":0.0,"event_name":"The Cleric","player_choice":"Card Removal","floor":3.0,"gold_loss":75.0,"damage_taken":0.0},{"damage_healed":0.0,"max_hp_gain":0.0,"max_hp_loss":0.0,"gold_gain":0.0,"event_name":"Match and Keep!","player_choice":"1 cards matched","floor":4.0,"gold_loss":0.0,"damage_taken":0.0,"cards_obtained":["Impervious"]},{"damage_healed":0.0,"max_hp_gain":0.0,"max_hp_loss":0.0,"gold_gain":0.0,"cards_transformed":["Strike_R","Strike_R"],"event_name":"Drug Dealer","player_choice":"Became Test Subject","floor":19.0,"gold_loss":0.0,"damage_taken":0.0,"cards_obtained":["Thunderclap","Thunderclap"]},{"damage_healed":0.0,"max_hp_gain":0.0,"max_hp_loss":0.0,"gold_gain":0.0,"event_name":"The Library","player_choice":"Read","floor":25.0,"gold_loss":0.0,"damage_taken":0.0,"cards_obtained":["Second Wind"]},{"damage_healed":0.0,"max_hp_gain":0.0,"max_hp_loss":0.0,"gold_gain":0.0,"event_name":"WeMeetAgain","player_choice":"Gave Potion","floor":36.0,"gold_loss":0.0,"damage_taken":0.0,"relics_obtained":["Eternal Feather"]},{"damage_healed":0.0,"max_hp_gain":0.0,"max_hp_loss":0.0,"gold_gain":0.0,"event_name":"Upgrade Shrine","player_choice":"Upgraded","floor":39.0,"gold_loss":0.0,"damage_taken":0.0,"cards_upgraded":["Body Slam"]},{"damage_healed":0,"gold_gain":0,"player_choice":"Memory 3","damage_taken":10,"max_hp_gain":0,"max_hp_loss":0,"event_name":"SensoryStone","floor":47,"gold_loss":0}],"is_beta":false,"boss_relics":[{"not_picked":["Sozu","Velvet Choker"],"picked":"Runic Pyramid"},{"not_picked":["Tiny House","Runic Dome"],"picked":"Mark of Pain"}],"items_purged_floors":[38,45],"is_endless":false,"potions_floor_spawned":[5,10,13,16,22,23,27,28,29,35,41,42],"ascension_level":20}}