{"host":"o38gcpeyj6ycmwwf","time":1610894031,"event":{"mods":["BaseMod","Become a monster ???","Bestiary","Filter the Spire","Minty Spire (QoL Compilation)","Random Character Button","Replay The Spire","StSLib","The Alterego"],"gold_per_floor":[117,117,133,147,159,191,218,228,228,257,257,287,321,355,355,432,510,510,510,510,510,239,273,273],"floor_reached":25,"language":"ENG","playtime":1750,"items_purged":[],"score":2394,"play_id":"a3374c2a-8402-4e97-834b-131c343ef126","local_time":"20210117083351","is_ascension_mode":true,"campfire_choices":[{"data":"Searing Blow+100","floor":21,"key":"SMITH"}],"circlet_count":0,"master_deck":["Searing Blow+101","Searing Blow+102","Searing Blow+101","Searing Blow+101","Searing Blow+101","Searing Blow+101","Searing Blow+101","Searing Blow+101","Searing Blow+101","Searing Blow+101","Searing Blow+101","Searing Blow+101","Searing Blow+101","Searing Blow+101","Searing Blow+101","Searing Blow+101","Searing Blow+101","Searing Blow+101","Searing Blow+101","Searing Blow+101","Searing Blow+101","Searing Blow+101","Searing Blow+101","Searing Blow+101","Searing Blow+101","Searing Blow+101","Searing Blow+101","Searing Blow+101","Searing Blow+101","Searing Blow+101","Searing Blow+101","Searing Blow+101","Searing Blow+101","Searing Blow+101","Searing Blow+101","Searing Blow+101","Searing Blow+101","Searing Blow+101","Searing Blow+101","Searing Blow+101","Searing Blow+101","Searing Blow+101","Searing Blow+101","Searing Blow+101","Searing Blow+101","Searing Blow+101","Searing Blow+101","Searing Blow+101","Searing Blow+101","Searing Blow+101","Searing Blow+101","Searing Blow+101","Searing Blow+101","Searing Blow+101","Searing Blow+101","Searing Blow+101","Searing Blow+101","Searing Blow+101","Searing Blow+101","Searing Blow+101","Searing Blow+101","Searing Blow+101","Searing Blow+101","Searing Blow+101","Searing Blow+101","Searing Blow+101","Searing Blow+101","Searing Blow+101","Searing Blow+101","Searing Blow+101","Searing Blow+101","Searing Blow+101","Searing Blow+101","Searing Blow+101","Searing Blow+101","Searing Blow+101","Searing Blow+101","Searing Blow+101","Searing Blow+101","Searing Blow+101","Searing Blow+101","Searing Blow+101","Searing Blow+101","Searing Blow+101","Searing Blow+101","Searing Blow+101","Searing Blow+101","Searing Blow+101","Searing Blow+101","Searing Blow+101","Searing Blow+101","Searing Blow+101","Searing Blow+101","Searing Blow+101","Searing Blow+101","Searing Blow+101","Searing Blow+101","Searing Blow+101","Searing Blow+101","Searing Blow+101","Searing Blow+101","Searing Blow+101","Searing Blow+101","Searing Blow+101","Searing Blow+101","Searing Blow+101","Searing Blow+101","Searing Blow+101","Searing Blow+101","Searing Blow+101","Searing Blow+101","Searing Blow+101","Searing Blow+101","Searing Blow+101","Searing Blow+101","Searing Blow+101","Searing Blow+101","Searing Blow+101","Searing Blow+101","Searing Blow+101","Searing Blow+101","Searing Blow+101","Searing Blow+101","Searing Blow+101","Searing Blow+101","Searing Blow+101","Searing Blow+101","Searing Blow+101","Searing Blow+101","Searing Blow+101","Searing Blow+101","Searing Blow+101","Searing Blow+101","Searing Blow+101","Searing Blow+101","Searing Blow+101","Searing Blow+101","Searing Blow+101","Searing Blow+101","Searing Blow+101","Searing Blow+101","Searing Blow+101","Searing Blow+101","Searing Blow+101","Searing Blow+101","Searing Blow+101","Searing Blow+101","Searing Blow+101","Searing Blow+101","Searing Blow+101","Searing Blow+101","Searing Blow+101","Searing Blow+101","Searing Blow+101","Searing Blow+101","Searing Blow+101","Searing Blow+101","Searing Blow+101","Searing Blow+101","Searing Blow+101","Searing Blow+101","Searing Blow+101","Searing Blow+101","Searing Blow+101","Searing Blow+101","Searing Blow+101","Searing Blow+101","Searing Blow+101","Searing Blow+101","Searing Blow+101","Searing Blow+101","Searing Blow+101","Searing Blow+101","Searing Blow+101","Searing Blow+101","Searing Blow+101","Searing Blow+101","Searing Blow+101","Searing Blow+101","Searing Blow+101","Searing Blow+101","Searing Blow+101","Searing Blow+101","Searing Blow+101","Searing Blow+101","Searing Blow+101","Searing Blow+101","Searing Blow+101","Searing Blow+101","Searing Blow+101","Searing Blow+101","Searing Blow+101","Searing Blow+101","Searing Blow+101","Searing Blow+101","Searing Blow+101","Searing Blow+101","Searing Blow+101","Searing Blow+101","Searing Blow+101","Searing Blow+101","Searing Blow+101","Searing Blow+101","Searing Blow+101","Searing Blow+101","Searing Blow+101","Searing Blow+101","Searing Blow+101","Searing Blow+101","Searing Blow+101","Searing Blow+101","Searing Blow+101","Searing Blow+101","Searing Blow+101","Searing Blow+101","Searing Blow+101","Searing Blow+101","Searing Blow+101","Searing Blow+101","Searing Blow+101","Searing Blow+101","Searing Blow+101","Searing Blow+101","Searing Blow+101","Searing Blow+101","Searing Blow+101","Searing Blow+101","Searing Blow+101","Searing Blow+101","Searing Blow+101","Searing Blow+101","Searing Blow+101","Searing Blow+101","Searing Blow+101","Searing Blow+101","Searing Blow+101","Searing Blow+101","Searing Blow+101","Searing Blow+101","Searing Blow+101","Searing Blow+101","Searing Blow+101","Searing Blow+101","Searing Blow+101","Searing Blow+101","Searing Blow+101","Searing Blow+101","Searing Blow+101","Searing Blow+101","Searing Blow+101","Searing Blow+101","Searing Blow+101","Searing Blow+101","Searing Blow+101","Searing Blow+101","Searing Blow+101","Searing Blow+101","Searing Blow+101","Searing Blow+101","Searing Blow+101","Searing Blow+101","Searing Blow+101","Searing Blow+101","Searing Blow+101","Searing Blow+101","Searing Blow+101","Searing Blow+101","Searing Blow+101","Searing Blow+101","Searing Blow+101","Searing Blow+101","Searing Blow+101","Searing Blow+101","Searing Blow+101","Searing Blow+101","Searing Blow+101","Searing Blow+101","Searing Blow+101","Searing Blow+101","Searing Blow+101","Searing Blow+101","Searing Blow+101","Searing Blow+101","Searing Blow+101","Searing Blow+101","Searing Blow+101","Searing Blow+101","Searing Blow+101","Searing Blow+101","Searing Blow+101","Searing Blow+101","Searing Blow+101","Searing Blow+101","Searing Blow+101","Searing Blow+101","Searing Blow+101","Searing Blow+101","Searing Blow+101","Searing Blow+101","Searing Blow+101","Skewer+1"],"relics":["Ring of the Snake","Spirit Poop","Abe\u0027s Treasure","Ancient Tea Set","Odd Mushroom","Paper Crane","Happy Flower","Replay:Bottled Steam","Pantograph","WingedGreaves","Ginger","Kintsugi","Sozu","Replay:Bottled Eggs","Sundial"],"acts_visited":["Exordium","TheCity","TheBeyond","TheEnding"],"potions_floor_usage":[],"damage_taken":[{"damage":0.0,"enemies":"Cultist","floor":1.0,"turns":1.0},{"damage":0.0,"enemies":"2 Louse","floor":3.0,"turns":1.0},{"damage":12,"enemies":"Jaw Worm","floor":4,"turns":3},{"damage":0,"enemies":"Exordium Wildlife","floor":5,"turns":1},{"damage":0,"enemies":"Gremlin Nob","floor":6,"turns":1},{"damage":9,"enemies":"The Mushroom Lair","floor":7,"turns":2},{"damage":0,"enemies":"Blue Slaver","floor":8,"turns":1},{"damage":0,"enemies":"Lagavulin","floor":10,"turns":1},{"damage":0,"enemies":"Replay:BlueRogue","floor":12,"turns":1},{"damage":0,"enemies":"Lagavulin","floor":13,"turns":1},{"damage":0,"enemies":"Replay:BlueRogue","floor":14,"turns":1},{"damage":0,"enemies":"The Guardian","floor":16,"turns":1},{"damage":14,"enemies":"Champ","floor":17,"turns":2},{"damage":0,"enemies":"Awakened One","floor":18,"turns":1},{"damage":0,"enemies":"Replay:Hell Engine","floor":19,"turns":1},{"damage":0,"enemies":"Shield and Spear","floor":23,"turns":1},{"damage":105,"enemies":"The Heart","floor":24,"turns":4}],"seed_played":"-7502511565715082290","potions_obtained":[{"floor":3.0,"key":"ColorlessPotion"},{"floor":5,"key":"EssenceOfSteel"}],"is_trial":false,"path_per_floor":["M","?","M","M","M","E","?","M","T","E","?","E","E","E","R","B",null,null,"B",null,"R","$","E","B",null],"character_chosen":"THE_SILENT","items_purchased":["Replay:Bottled Eggs"],"campfire_rested":0,"item_purchase_floors":[22],"current_hp_per_floor":[59,59,59,47,47,999,990,990,990,990,990,990,990,990,990,999,985,999,999,999,999,999,999,894],"gold":273,"neow_bonus":"THREE_CARDS","is_daily":false,"chose_seed":false,"campfire_upgraded":1,"win_rate":0.0,"timestamp":1610894031,"path_taken":["M","?","M","M","M","E","?","?","T","E","?","E","E","E","R","BOSS","BOSS","BOSS","BOSS","R","$","E","BOSS"],"items_purchased_type":["Relic"],"build_version":"2020-12-22","purchased_purges":0,"victory":true,"max_hp_per_floor":[66,66,66,66,66,999,999,999,999,999,999,999,999,999,999,999,999,999,999,999,999,999,999,999],"card_choices":[{"not_picked":["Dodge and Roll","Deflect"],"picked":"Cloak And Dagger","floor":0.0},{"not_picked":["Outmaneuver","Well Laid Plans"],"picked":"Sneak Up","floor":1.0},{"not_picked":["Deflect","Bane"],"picked":"Flying Knee","floor":3.0},{"not_picked":["Flying Knee","Bane"],"picked":"Masterful Stab","floor":4},{"not_picked":["Masterful Stab","Blade Dance"],"picked":"Reflex","floor":5},{"not_picked":["Concentrate","Cloak And Dagger"],"picked":"ReplayTheSpireMod:Scrap Shanks","floor":6},{"not_picked":["Concentrate","Grand Finale"],"picked":"ReplayTheSpireMod:Scrap Shanks","floor":7},{"not_picked":["ReplayTheSpireMod:Shiv Toss","Heel Hook"],"picked":"Finisher","floor":8},{"not_picked":["Dagger Spray","Dash"],"picked":"Setup","floor":10},{"not_picked":["Skewer","Glass Knife"],"picked":"Toxin Wave","floor":12},{"not_picked":["Dagger Throw","Hidden Blade","Cloak And Dagger"],"picked":"SKIP","floor":13},{"not_picked":["Acrobatics","Blade Dance"],"picked":"Flying Knee","floor":14},{"not_picked":["Dodge and Roll","ReplayTheSpireMod:Tripwire+1"],"picked":"Skewer+1","floor":23}],"player_experience":634,"relics_obtained":[{"floor":6,"key":"Ancient Tea Set"},{"floor":7,"key":"Odd Mushroom"},{"floor":9,"key":"Paper Crane"},{"floor":10,"key":"Happy Flower"},{"floor":12,"key":"Replay:Bottled Steam"},{"floor":13,"key":"Pantograph"},{"floor":14,"key":"Ginger"},{"floor":23,"key":"Sundial"}],"event_choices":[{"damage_healed":0.0,"max_hp_gain":0.0,"max_hp_loss":0.0,"gold_gain":0.0,"event_name":"Liars Game","player_choice":"Ignored","floor":2.0,"gold_loss":0.0,"damage_taken":0.0},{"cards_removed":["Doubt"],"damage_healed":0.0,"max_hp_gain":0.0,"max_hp_loss":0.0,"gold_gain":0.0,"event_name":"Bonfire Elementals","player_choice":"Offered Curse","floor":2.0,"gold_loss":0.0,"damage_taken":0.0,"relics_obtained":["Spirit Poop"]},{"damage_healed":0,"gold_gain":0,"player_choice":"Fought Mushrooms","damage_taken":0,"max_hp_gain":0,"max_hp_loss":0,"event_name":"Mushrooms","floor":7,"gold_loss":0},{"damage_healed":0,"gold_gain":0,"player_choice":"Ignored","damage_taken":0,"max_hp_gain":0,"max_hp_loss":0,"event_name":"Shining Light","floor":11,"gold_loss":0}],"is_beta":false,"boss_relics":[{"not_picked":["Empty Cage","WristBlade"],"picked":"Kintsugi"},{"not_picked":["Runic Dome","Philosopher\u0027s Stone"],"picked":"Sozu"}],"items_purged_floors":[],"is_endless":false,"potions_floor_spawned":[3,5,10,12,13,14,23],"ascension_level":20}}