{"host":"8n2lgrrkrt9pi315","time":1610918373,"event":{"mods":["BaseMod","Colored Map","Downfall","Minty Spire (QoL Compilation)","StSLib","The Cursed"],"gold_per_floor":[99,118,130,130,130,130,130,141,155,175,175,201,111,129,149,254,254,254,270,270,370,383,402,402,52,72,72,72,90,90,90,110,212,212,212,225,225,239,256,256,256],"floor_reached":40,"language":"ENG","playtime":2459,"items_purged":["bronze:Strike","bronze:Strike"],"score":392,"play_id":"1e82cc5d-1354-41c0-af24-044ea5c8519e","local_time":"20210117221933","is_ascension_mode":false,"campfire_choices":[{"data":"bronze:SpaghettiCode","floor":1,"key":"SMITH"},{"data":"bronze:Separator","floor":6,"key":"SMITH"},{"data":"bronze:Verify","floor":18,"key":"SMITH"},{"data":"bronze:Constructor","floor":27,"key":"SMITH"},{"data":"bronze:Separator","floor":30,"key":"SMITH"},{"data":"bronze:ForceShield","floor":35,"key":"SMITH"}],"circlet_count":0,"master_deck":["bronze:Defend","bronze:Replicate+1","bronze:Goto+1","bronze:SpaghettiCode+1","bronze:Overload","bronze:Branch+1","bronze:Separator+1","bronze:Branch","bronze:Separator+1","bronze:WhirlingStrike+1","bronze:Branch","bronze:Fortify","bronze:Constructor+1","bronze:Verify+1","bronze:Constructor+1","bronze:Terminator+1","bronze:DelayedSlice","bronze:ForceShield+1","bronze:Assembly","bronze:HardenedForm+1","bronze:WhirlingStrike"],"relics":["bronze:BronzeCore","Regal Pillow","Pear","Orichalcum","Velvet Choker","Potion Belt","Frozen Egg 2","Happy Flower","The Courier","Empty Cage"],"acts_visited":["Exordium","TheCity","TheBeyond"],"potions_floor_usage":[16,16,16,22,33,38],"damage_taken":[{"damage":7,"enemies":"Small Slimes","floor":2,"turns":4},{"damage":3,"enemies":"Jaw Worm","floor":3,"turns":2},{"damage":0,"enemies":"Cultist","floor":8,"turns":3},{"damage":0,"enemies":"Red Slaver","floor":9,"turns":2},{"damage":2,"enemies":"Blue Slaver","floor":10,"turns":2},{"damage":5,"enemies":"3 Sentries","floor":12,"turns":5},{"damage":0,"enemies":"downfall:FleeingMerchant","floor":13,"turns":4},{"damage":0,"enemies":"Exordium Thugs","floor":14,"turns":4},{"damage":0,"enemies":"Red Slaver","floor":15,"turns":2},{"damage":33,"enemies":"SI_SHIV_ARCHETYPE","floor":16,"turns":13},{"damage":0,"enemies":"3 Byrds","floor":19,"turns":4},{"damage":16,"enemies":"downfall:LadyInBlue","floor":21,"turns":11},{"damage":10,"enemies":"Snecko","floor":22,"turns":5},{"damage":6,"enemies":"Centurion and Healer","floor":23,"turns":5},{"damage":0,"enemies":"downfall:FleeingMerchant","floor":25,"turns":4},{"damage":0,"enemies":"Cultist and Chosen","floor":26,"turns":4},{"damage":0,"enemies":"3 Cultists","floor":29,"turns":4},{"damage":9,"enemies":"Snecko","floor":32,"turns":4},{"damage":17,"enemies":"IC_MUSHROOM_ARCHETYPE","floor":33,"turns":9},{"damage":0,"enemies":"Orb Walker","floor":36,"turns":3},{"damage":57,"enemies":"3 Darklings","floor":38,"turns":6},{"damage":0,"enemies":"Transient","floor":39,"turns":5},{"damage":14,"enemies":"Nemesis","floor":40,"turns":4}],"seed_played":"-6136623552459121856","potions_obtained":[{"floor":3,"key":"Ancient Potion"},{"floor":12,"key":"Energy Potion"},{"floor":14,"key":"Block Potion"},{"floor":15,"key":"DuplicationPotion"},{"floor":16,"key":"SneckoOil"},{"floor":21,"key":"Explosive Potion"},{"floor":21,"key":"EssenceOfSteel"},{"floor":21,"key":"bronze:CleanCodePotion"},{"floor":21,"key":"Slimebound:ThreeZeroPotion"},{"floor":23,"key":"Ancient Potion"},{"floor":36,"key":"FearPotion"},{"floor":38,"key":"Strength Potion"}],"is_trial":false,"path_per_floor":["R","M","M","?","?","R","T","M","M","M","?","E","$","M","M","B",null,"R","M","?","?","M","M","T","$","M","R","?","M","R","T","M","B",null,"R","M","?","M","M","E"],"character_chosen":"THE_AUTOMATON","items_purchased":["bronze:DelayedSlice","Happy Flower","bronze:ForceShield"],"campfire_rested":0,"item_purchase_floors":[25,25,25],"current_hp_per_floor":[49,42,39,36,36,36,46,46,46,44,44,39,39,39,39,6,80,80,80,80,64,54,48,48,48,48,48,48,48,48,48,39,22,80,80,80,80,23,23,9,9],"gold":256,"neow_bonus":"TRANSFORM_TWO_CARDS","is_daily":false,"chose_seed":false,"campfire_upgraded":6,"win_rate":0.0,"timestamp":1610918373,"path_taken":["R","M","M","?","?","R","T","?","?","M","?","E","$","M","M","BOSS","R","M","?","?","?","M","T","?","?","R","?","M","R","?","M","BOSS","R","?","?","M","M","E"],"items_purchased_type":["Card","Relic","Card"],"build_version":"2020-12-22","purchased_purges":2,"victory":false,"max_hp_per_floor":[70,70,70,70,70,70,80,80,80,80,80,80,80,80,80,80,80,80,80,80,80,80,80,80,80,80,80,80,80,80,80,80,80,80,80,80,80,80,80,80,80],"card_choices":[{"not_picked":["bronze:CutThrough","bronze:Shield"],"picked":"bronze:Branch","floor":2},{"not_picked":["bronze:FineTuning","bronze:Fortify"],"picked":"bronze:Separator","floor":3},{"not_picked":["bronze:CutThrough","bronze:Philosophize"],"picked":"bronze:Branch","floor":8},{"not_picked":["bronze:Repulsor","bronze:Turbo"],"picked":"bronze:Separator","floor":9},{"not_picked":["bronze:SpaghettiCode","bronze:Constructor"],"picked":"bronze:WhirlingStrike","floor":10},{"not_picked":["bronze:ClassDefault","bronze:Shell"],"picked":"bronze:Branch","floor":12},{"not_picked":["bronze:GetLatest","bronze:CleanCode","bronze:WildBeam"],"picked":"SKIP","floor":13},{"not_picked":["bronze:Flail","bronze:GetLatest"],"picked":"bronze:Fortify","floor":14},{"not_picked":["bronze:MaxOutput","bronze:DelayedGuard"],"picked":"bronze:Constructor","floor":15},{"not_picked":["bronze:ThunderWave","bronze:Assembly"],"picked":"bronze:Verify","floor":16},{"not_picked":["bronze:Philosophize","bronze:DigitalCarnage+1","bronze:WildBeam"],"picked":"SKIP","floor":19},{"not_picked":["bronze:OilSpill","bronze:DelayedGuard"],"picked":"bronze:Constructor+1","floor":21},{"not_picked":["bronze:Shield","bronze:BugBarrage+1","bronze:BuggyMess+1"],"picked":"SKIP","floor":22},{"not_picked":["bronze:Safeguard","bronze:ForLoop+1","bronze:Return"],"picked":"SKIP","floor":23},{"not_picked":["bronze:Turbo","bronze:CutThrough"],"picked":"bronze:Terminator+1","floor":25},{"not_picked":["bronze:BugBarrage","bronze:Philosophize"],"picked":"bronze:Assembly","floor":26},{"not_picked":["bronze:BuggyMess","bronze:Frontload+1","bronze:Turbo"],"picked":"SKIP","floor":29},{"not_picked":["bronze:BitShift","bronze:HyperBeam","bronze:Invalidate"],"picked":"SKIP","floor":32},{"not_picked":["bronze:Format","bronze:AlphaBuild"],"picked":"bronze:HardenedForm+1","floor":33},{"not_picked":["bronze:ChildClass+1","bronze:Repulsor+1","bronze:Flail+1"],"picked":"SKIP","floor":36},{"not_picked":["bronze:Overheat","bronze:Frontload"],"picked":"bronze:WhirlingStrike","floor":38},{"not_picked":["bronze:WhirlingStrike","bronze:GetLatest+1","bronze:Shield+1"],"picked":"SKIP","floor":39}],"player_experience":89798,"relics_obtained":[{"floor":7,"key":"Pear"},{"floor":12,"key":"Orichalcum"},{"floor":21,"key":"Potion Belt"},{"floor":24,"key":"Frozen Egg 2"},{"floor":31,"key":"The Courier"}],"event_choices":[{"damage_healed":0,"gold_gain":0,"player_choice":"Success","damage_taken":3,"relics_obtained":["Regal Pillow"],"max_hp_gain":0,"max_hp_loss":0,"event_name":"Scrap Ooze","floor":4,"gold_loss":0},{"damage_healed":0,"gold_gain":0,"player_choice":"Grow","damage_taken":0,"max_hp_gain":0,"max_hp_loss":0,"event_name":"Living Wall","floor":5,"gold_loss":0,"cards_upgraded":["bronze:Branch"]},{"damage_healed":0,"gold_gain":0,"player_choice":"Ignored","damage_taken":0,"max_hp_gain":0,"max_hp_loss":0,"event_name":"Ghosts","floor":20,"gold_loss":0}],"is_beta":false,"boss_relics":[{"not_picked":["SacredBark","Runic Pyramid"],"picked":"Velvet Choker"},{"not_picked":["Fusion Hammer","Snecko Eye"],"picked":"Empty Cage"}],"items_purged_floors":[13,25],"is_endless":false,"potions_floor_spawned":[3,12,14,15,16,21,23,26,36,38],"killed_by":"Nemesis","ascension_level":0}}