{"host":"z34yzn8hj4ic20ef","time":1610871893,"event":{"mods":["AchievementEnabler","BaseMod","Downfall","Minty Spire (QoL Compilation)","StSLib","SuperFastMode"],"gold_per_floor":[118,118,131,149,162,162,197,197,197,197,197],"floor_reached":10,"language":"ENG","playtime":295,"items_purged":[],"score":136,"play_id":"0f90155d-1298-4dad-a06a-f8a2027a9a3c","local_time":"20210117172453","is_ascension_mode":true,"campfire_choices":[{"data":"Darkness","floor":6,"key":"SMITH"},{"data":"Fission","floor":8,"key":"SMITH"}],"circlet_count":0,"master_deck":["AscendersBane","Strike_B","Strike_B","Strike_B","Strike_B","Defend_B","Defend_B","Defend_B","Defend_B","Zap","Dualcast","Cold Snap","Darkness+1","Coolheaded","Self Repair","Fission+1"],"relics":["Sozu","The Courier","White Beast Statue"],"acts_visited":["Exordium"],"potions_floor_usage":[],"damage_taken":[{"damage":13,"enemies":"2 Louse","floor":1,"turns":3},{"damage":0,"enemies":"Cultist","floor":3,"turns":3},{"damage":0,"enemies":"Small Slimes","floor":4,"turns":4},{"damage":0,"enemies":"Exordium Wildlife","floor":5,"turns":4},{"damage":9,"enemies":"Lagavulin","floor":7,"turns":6},{"damage":76,"enemies":"Gremlin Nob","floor":10,"turns":4}],"seed_played":"-6851876755104165666","potions_obtained":[],"is_trial":false,"path_per_floor":["M","?","M","M","M","R","E","R","T","E"],"character_chosen":"DEFECT","items_purchased":[],"campfire_rested":0,"item_purchase_floors":[],"current_hp_per_floor":[51,71,71,71,71,71,69,69,69,0,0],"gold":197,"neow_bonus":"BOSS_RELIC","is_daily":false,"chose_seed":false,"campfire_upgraded":2,"win_rate":0.0,"timestamp":1610871893,"path_taken":["M","?","M","M","M","R","E","R","T","E"],"items_purchased_type":[],"build_version":"2020-12-22","purchased_purges":0,"victory":false,"max_hp_per_floor":[71,71,71,71,71,71,71,71,71,71,71],"card_choices":[{"not_picked":["Leap","Force Field"],"picked":"Cold Snap","floor":1},{"not_picked":["Lockon","Stack"],"picked":"Darkness","floor":3},{"not_picked":["Stack","Cold Snap"],"picked":"Coolheaded","floor":4},{"not_picked":["Beam Cell","Go for the Eyes"],"picked":"Self Repair","floor":5},{"not_picked":["Gash","Steam Power"],"picked":"Fission","floor":7}],"player_experience":878186,"relics_obtained":[{"floor":7,"key":"The Courier"},{"floor":9,"key":"White Beast Statue"}],"event_choices":[{"damage_healed":20,"gold_gain":0,"player_choice":"Full Heal","damage_taken":0,"max_hp_gain":0,"max_hp_loss":0,"event_name":"Wheel of Change","floor":2,"gold_loss":0}],"is_beta":false,"boss_relics":[],"items_purged_floors":[],"is_endless":false,"potions_floor_spawned":[3,4,7],"killed_by":"Gremlin Nob","ascension_level":20}}