{"host":"nnxvcju6x1qybncj","time":1610921706,"event":{"mods":["BaseMod","Displayed Cursed Tome","Downfall","Evolution","Jorbs\u0027s Wanderer Trilogy","Minty Spire (QoL Compilation)","Quick Restart","StSLib"],"gold_per_floor":[118,118,89,164,177,177,190,222,245,245,273,46,61,61,61,139,139,153,153,203,203,220,220,247,259,271,283,307,337,364,376,388,475,487,518,555,567,596,608,608],"floor_reached":39,"language":"ENG","playtime":2068,"items_purged":[],"score":765,"play_id":"f654a122-e80c-46d2-8ad7-d6858295acdc","local_time":"20210117231506","is_ascension_mode":true,"campfire_choices":[{"data":"Dark Embrace","floor":6.0,"key":"SMITH"},{"floor":10.0,"key":"REST"},{"floor":15.0,"key":"REST"},{"floor":23.0,"key":"REST"},{"floor":25.0,"key":"REST"},{"floor":32.0,"key":"REST"}],"circlet_count":0,"master_deck":["AscendersBane","Cleave","Cleave","Cleave","Cleave","Cleave","Defend_R+1","Defend_R+1","Defend_R+1","Defend_R+1","Bash","Flame Barrier+1","Shrug It Off","Dark Embrace+1","Carnage","Shockwave","Shrug It Off","Demon Form+1","Shrug It Off","Sentinel","Limit Break","Heavy Blade","Entrench","Feel No Pain","Power Through","Rampage","Evolve","Shrug It Off","Juggernaut","Rage+1","Flame Barrier","Disarm+1"],"relics":["Burning Blood","EVO:Axolotl","Omamori","Nunchaku","Juzu Bracelet","Art of War","Odd Mushroom","SacredBark","MawBank","Dream Catcher","MutagenicStrength","SlaversCollar","TungstenRod"],"acts_visited":["Exordium","TheCity","TheBeyond"],"potions_floor_usage":[35,36],"damage_taken":[{"damage":1.0,"enemies":"Cultist","floor":1.0,"turns":3.0},{"damage":8.0,"enemies":"Small Slimes","floor":5.0,"turns":3.0},{"damage":0.0,"enemies":"2 Louse","floor":7.0,"turns":2.0},{"damage":31.0,"enemies":"Lagavulin","floor":8.0,"turns":6.0},{"damage":0.0,"enemies":"The Mushroom Lair","floor":11.0,"turns":2.0},{"damage":0.0,"enemies":"Lots of Slimes","floor":13.0,"turns":1.0},{"damage":15.0,"enemies":"Slime Boss","floor":16.0,"turns":7.0},{"damage":23.0,"enemies":"Spheric Guardian","floor":18.0,"turns":7.0},{"damage":17.0,"enemies":"Shell Parasite","floor":22.0,"turns":6.0},{"damage":56.0,"enemies":"Gremlin Leader","floor":24.0,"turns":6.0},{"damage":1.0,"enemies":"Snecko","floor":28.0,"turns":6.0},{"damage":6.0,"enemies":"Snake Plant","floor":29.0,"turns":6.0},{"damage":14.0,"enemies":"Cultist and Chosen","floor":30.0,"turns":6.0},{"damage":29,"enemies":"Champ","floor":33,"turns":17},{"damage":58,"enemies":"Orb Walker","floor":35,"turns":8},{"damage":0,"enemies":"Mind Bloom Boss Battle","floor":36,"turns":5},{"damage":51,"enemies":"3 Darklings","floor":38,"turns":7},{"damage":28,"enemies":"Jaw Worm Horde","floor":39,"turns":2}],"seed_played":"-6477372668978250440","potions_obtained":[{"floor":1.0,"key":"Block Potion"},{"floor":7.0,"key":"PowerPotion"},{"floor":13.0,"key":"FairyPotion"},{"floor":22.0,"key":"Swift Potion"},{"floor":29.0,"key":"bronze:BurnAndBuffPotion"},{"floor":33,"key":"ColorlessPotion"},{"floor":35,"key":"Fire Potion"}],"is_trial":false,"path_per_floor":["M","T","$","?","M","R","M","E","T","R","?","$","M","?","R","B",null,"M","?","?","?","M","R","E","R","T","?","M","M","M","$","R","B",null,"M","?","?","M","M"],"character_chosen":"IRONCLAD","items_purchased":["Shrug It Off","Demon Form","Shrug It Off"],"campfire_rested":5,"item_purchase_floors":[3,12,12],"current_hp_per_floor":[73,73,73,62,60,60,66,41,41,63,69,69,75,52,74,65,73,56,56,56,56,45,67,17,39,39,39,44,44,36,36,58,35,65,13,19,19,20,0,0],"gold":608,"neow_bonus":"RANDOM_COMMON_RELIC","is_daily":false,"chose_seed":false,"campfire_upgraded":1,"win_rate":0.0,"timestamp":1610921706,"path_taken":["M","?","?","?","M","R","M","E","T","R","?","?","M","?","R","BOSS","M","?","?","?","M","R","E","R","T","?","M","M","M","$","R","BOSS","M","?","?","M","M"],"items_purchased_type":["Card","Card","Card"],"build_version":"2020-12-22","purchased_purges":0,"victory":false,"max_hp_per_floor":[75,75,75,75,75,75,75,75,75,75,75,75,75,75,75,75,75,75,75,75,75,75,75,75,75,75,75,75,75,75,75,75,75,75,75,75,75,75,75,75],"card_choices":[{"not_picked":["Fire Breathing","Flex"],"picked":"Flame Barrier","floor":1.0},{"not_picked":["Armaments","Disarm"],"picked":"Dark Embrace","floor":5.0},{"not_picked":["Dark Embrace","Headbutt"],"picked":"Carnage","floor":7.0},{"not_picked":["Warcry","Sword Boomerang"],"picked":"Shockwave","floor":8.0},{"not_picked":["Evolve","Uppercut"],"picked":"Shrug It Off","floor":11.0},{"not_picked":["Armaments","True Grit"],"picked":"Sentinel","floor":13.0},{"not_picked":["Brutality","Barricade"],"picked":"Limit Break","floor":16.0},{"not_picked":["Infernal Blade","Anger"],"picked":"Heavy Blade","floor":18.0},{"not_picked":["Headbutt","Rampage"],"picked":"Feel No Pain","floor":22.0},{"not_picked":["Cleave","Body Slam","Pommel Strike"],"picked":"SKIP","floor":24.0},{"not_picked":["Thunderclap","Armaments"],"picked":"Power Through","floor":28.0},{"not_picked":["Thunderclap","Cleave"],"picked":"Rampage","floor":29.0},{"not_picked":["Power Through","Flex"],"picked":"Evolve","floor":30.0},{"not_picked":["Dark Embrace","Carnage"],"picked":"Shrug It Off","floor":32.0},{"not_picked":["Exhume","Brutality"],"picked":"Juggernaut","floor":33},{"not_picked":["Havoc+1","Shrug It Off"],"picked":"Rage+1","floor":35},{"not_picked":["Metallicize","Heavy Blade"],"picked":"Flame Barrier","floor":36},{"not_picked":["True Grit","Iron Wave+1"],"picked":"Disarm+1","floor":38}],"player_experience":686422,"relics_obtained":[{"floor":2.0,"key":"Nunchaku"},{"floor":8.0,"key":"Juzu Bracelet"},{"floor":9.0,"key":"Art of War"},{"floor":11.0,"key":"Odd Mushroom"},{"floor":24.0,"key":"MawBank"},{"floor":26.0,"key":"Dream Catcher"},{"floor":36,"key":"TungstenRod"}],"event_choices":[{"damage_healed":0.0,"max_hp_gain":0.0,"max_hp_loss":0.0,"gold_gain":75.0,"event_name":"World of Goop","player_choice":"Gather Gold","floor":4.0,"gold_loss":0.0,"damage_taken":11.0},{"damage_healed":0.0,"max_hp_gain":0.0,"max_hp_loss":0.0,"gold_gain":0.0,"event_name":"Mushrooms","player_choice":"Fought Mushrooms","floor":11.0,"gold_loss":0.0,"damage_taken":0.0},{"damage_healed":0.0,"max_hp_gain":0.0,"max_hp_loss":0.0,"gold_gain":0.0,"event_name":"Shining Light","player_choice":"Entered Light","floor":14.0,"gold_loss":0.0,"damage_taken":23.0,"cards_upgraded":["Flame Barrier","Demon Form"]},{"damage_healed":0.0,"max_hp_gain":0.0,"max_hp_loss":0.0,"gold_gain":0.0,"event_name":"Back to Basics","player_choice":"Simplicity","floor":19.0,"gold_loss":0.0,"damage_taken":0.0,"cards_upgraded":["Defend_R","Defend_R","Defend_R","Defend_R"]},{"damage_healed":0.0,"max_hp_gain":0.0,"max_hp_loss":0.0,"gold_gain":50.0,"event_name":"Golden Shrine","player_choice":"Pray","floor":20.0,"gold_loss":0.0,"damage_taken":0.0},{"damage_healed":0.0,"max_hp_gain":0.0,"max_hp_loss":0.0,"gold_gain":0.0,"event_name":"The Library","player_choice":"Read","floor":21.0,"gold_loss":0.0,"damage_taken":0.0,"cards_obtained":["Entrench"]},{"damage_healed":0.0,"max_hp_gain":0.0,"max_hp_loss":0.0,"gold_gain":0.0,"event_name":"Drug Dealer","player_choice":"Inject Mutagens","floor":27.0,"gold_loss":0.0,"damage_taken":0.0,"relics_obtained":["MutagenicStrength"]},{"damage_healed":0,"gold_gain":0,"player_choice":"Fight","damage_taken":0,"max_hp_gain":0,"max_hp_loss":0,"event_name":"MindBloom","floor":36,"gold_loss":0},{"damage_healed":0,"gold_gain":0,"player_choice":"Ignored","damage_taken":0,"max_hp_gain":0,"max_hp_loss":0,"event_name":"Tomb of Lord Red Mask","floor":37,"gold_loss":0}],"is_beta":false,"boss_relics":[{"not_picked":["Snecko Eye","Empty Cage"],"picked":"SacredBark"},{"not_picked":["Mark of Pain","Astrolabe"],"picked":"SlaversCollar"}],"items_purged_floors":[],"is_endless":false,"potions_floor_spawned":[1,7,13,22,29,33,35],"killed_by":"Jaw Worm Horde","ascension_level":16}}