{"host":"8ps3pfk2b2drr3ex","time":1610923730,"event":{"mods":["2.2 Compatiblity","AchievementEnabler","Act Like it!","BaseMod","Bestiary","Better Match","BetterRewards","Colored Map","Colored Powertips","Conspire","Downfall","Evolution","GifTheSpireLib","Gold Saver","Hallownest","Hubris","Minty Spire (QoL Compilation)","Permanent Neow","Relic Filter","Shop Mod","StSLib","Stuff the Spire","The Animator"],"gold_per_floor":[1177,1177,1195,1195,704,704,779,791,691,716,447,459,490,523,539,635,635,635,648,748,748,286,299,299,395,411,446,470,497,513,256,266,371,371,271,284,284,35,35,54,54,131,161,172,190,225,125,135,155,155,155,155,155],"floor_reached":52,"language":"ENG","playtime":2975,"items_purged":["bronze:Separator","bronze:Replicate","bronze:WhirlingStrike","downfall:Haunted"],"score":910,"play_id":"dd579c9a-6f76-43fe-984b-03d4688c2fcf","local_time":"20210117174850","is_ascension_mode":false,"campfire_choices":[{"data":"bronze:Goto","floor":1.0,"key":"SMITH"},{"data":"Discovery","floor":6.0,"key":"SMITH"},{"data":"bronze:FineTuning","floor":9.0,"key":"SMITH"},{"data":"bronze:Allocate","floor":18,"key":"SMITH"},{"floor":35,"key":"RECALL"},{"data":"bronze:FineTuning","floor":47,"key":"SMITH"}],"circlet_count":0,"master_deck":["bronze:OilSpill","bronze:Constructor","bronze:Shield","bronze:Constructor","bronze:Shield","bronze:Goto+1","bronze:BurnOut","bronze:Optimize","StuffTheSpire:Innocence","Discovery+1","bronze:FineTuning+1","bronze:Iterate","bronze:Iterate","bronze:Allocate+1","bronze:Return","bronze:Break","bronze:FineTuning","bronze:DecaBeam","bronze:MaxOutput+1","bronze:FineTuning","bronze:ClassDefault","bronze:FineTuning+1","Meteor Strike","Tempest","bronze:ShipIt","StuffTheSpire:Innocence","bronze:Allocate+1","Chaos","bronze:ClassDefault+1","Capacitor"],"relics":["bronze:BronzeCore","EVO:Axolotl","Singing Bowl","downfall:HeartBlessingBlue","Tiny Chest","StuffTheSpire:Mouthbags","bronze:Timepiece","Sozu","StuffTheSpire:ForceGauntlet","hubris:DisguiseKit","Akabeko","Boot","hubris:BottledRain","hubris:SphereOfDissonance","SlaversCollar","downfall:HeartBlessingGreen","MerchantsRug","Chemical X","Bag of Preparation","conspire:DecoderRing","MealTicket","downfall:HeartBlessingRed"],"acts_visited":["Exordium","TheCity","TheBeyond","TheEnding"],"potions_floor_usage":[16,22],"damage_taken":[{"damage":0.0,"enemies":"Jaw Worm","floor":3.0,"turns":3.0},{"damage":0.0,"enemies":"downfall:FleeingMerchant","floor":5.0,"turns":4.0},{"damage":0.0,"enemies":"2 Louse","floor":8.0,"turns":3.0},{"damage":10.0,"enemies":"3 Sentries","floor":10.0,"turns":5.0},{"damage":4.0,"enemies":"downfall:FleeingMerchant","floor":11.0,"turns":4.0},{"damage":0,"enemies":"Small Slimes","floor":12,"turns":2},{"damage":2,"enemies":"conspire:MimicChest","floor":13,"turns":4},{"damage":0,"enemies":"Lagavulin","floor":14,"turns":6},{"damage":1,"enemies":"Blue Slaver","floor":15,"turns":2},{"damage":4,"enemies":"SI_SHIV_ARCHETYPE","floor":16,"turns":4},{"damage":0,"enemies":"Chosen","floor":19,"turns":3},{"damage":0,"enemies":"Chosen","floor":20,"turns":4},{"damage":0,"enemies":"downfall:FleeingMerchant","floor":22,"turns":4},{"damage":0,"enemies":"Spheric Guardian","floor":23,"turns":3},{"damage":0,"enemies":"downfall:FleeingMerchant","floor":25,"turns":1},{"damage":0,"enemies":"Snake Plant","floor":26,"turns":5},{"damage":0,"enemies":"conspire:SneckoGhost","floor":27,"turns":5},{"damage":0,"enemies":"Gremlin Leader","floor":29,"turns":3},{"damage":8,"enemies":"Snecko","floor":30,"turns":3},{"damage":1,"enemies":"Chosen and Byrds","floor":32,"turns":2},{"damage":13,"enemies":"IC_MUSHROOM_ARCHETYPE","floor":33,"turns":2},{"damage":0,"enemies":"3 Shapes","floor":36,"turns":2},{"damage":15,"enemies":"Orb Walker","floor":40,"turns":2},{"damage":9,"enemies":"Giant Head","floor":43,"turns":6},{"damage":0,"enemies":"Maw","floor":44,"turns":4},{"damage":1,"enemies":"Writhing Mass","floor":45,"turns":3},{"damage":0,"enemies":"Reptomancer","floor":46,"turns":2},{"damage":1,"enemies":"4 Shapes","floor":48,"turns":3},{"damage":8,"enemies":"Spire Growth","floor":49,"turns":3},{"damage":49,"enemies":"WA_ARCHETYPE_DIVINITY","floor":50,"turns":12},{"damage":112,"enemies":"downfall:CharBossMerchant","floor":52,"turns":6}],"seed_played":"1609264636336223704","potions_obtained":[{"floor":3.0,"key":"GamblersBrew"},{"floor":12,"key":"champ:CounterPotion"},{"floor":14,"key":"bronze:BurnAndBuffPotion"},{"floor":16,"key":"Strength Potion"}],"is_trial":false,"path_per_floor":["R","?","M","?","$","R","T","M","R","E","$","M","?","E","M","B",null,"R","M","?","T","$","M","T","$","M","E","T","E","M","$","M","B",null,"R","M","?","$","T","M","T","$","E","M","M","E","R","M","M","B",null,"E"],"character_chosen":"THE_AUTOMATON","items_purchased":["Singing Bowl","sneckomod:MuddlingPotion","Discovery","StuffTheSpire:Mouthbags","bronze:ClassDefault","StuffTheSpire:ForceGauntlet","hubris:DisguiseKit","hubris:SphereOfDissonance","MerchantsRug","Chemical X"],"campfire_rested":0,"item_purchase_floors":[5,5,5,11,22,22,25,31,38,38],"current_hp_per_floor":[70,70,70,63,63,63,63,63,73,65,61,63,61,61,62,58,86,86,86,86,86,86,88,88,88,90,92,92,94,86,86,85,72,94,94,96,96,96,96,81,81,81,74,76,77,77,77,76,70,21,104,0,0],"gold":155,"neow_bonus":"ONE_RANDOM_RARE_CARD","is_daily":false,"chose_seed":false,"campfire_upgraded":5,"win_rate":0.0,"timestamp":1610923730,"path_taken":["R","?","M","?","$","R","T","M","R","E","$","M","?","E","M","BOSS","R","M","?","?","$","M","T","$","M","E","?","E","?","$","M","BOSS","R","M","?","?","?","?","T","$","E","M","?","E","R","M","M","BOSS","E"],"items_purchased_type":["Relic","Potion","Card","Relic","Card","Relic","Relic","Relic","Relic","Relic"],"build_version":"2020-12-22","purchased_purges":4,"victory":false,"max_hp_per_floor":[70,70,70,70,70,70,70,70,80,82,82,84,84,84,86,86,86,86,86,86,86,86,88,88,88,90,92,92,94,94,94,94,94,94,94,96,96,96,96,96,96,96,98,100,102,102,102,102,104,104,104,104,104],"card_choices":[{"not_picked":["bronze:ChildClass","bronze:Overload"],"picked":"bronze:Optimize","floor":3.0},{"not_picked":["bronze:Separator","bronze:WildBeam","bronze:DelayedGuard"],"picked":"SKIP","floor":5.0},{"not_picked":["bronze:Iterate","bronze:ForLoop"],"picked":"bronze:FineTuning","floor":8.0},{"not_picked":["bronze:BitShift","bronze:Overheat","bronze:DelayedGuard"],"picked":"Singing Bowl","floor":10.0},{"not_picked":["bronze:Invalidate","bronze:CutThrough"],"picked":"bronze:Iterate","floor":11.0},{"not_picked":["bronze:FollowUp","bronze:WhirlingStrike","bronze:Backtrace"],"picked":"Singing Bowl","floor":12},{"not_picked":["bronze:Repulsor","bronze:DelayedGuard"],"picked":"bronze:Allocate","floor":13},{"not_picked":["bronze:Frontload","bronze:FollowUp"],"picked":"bronze:Return","floor":14},{"not_picked":["bronze:Flail","bronze:Assembly","bronze:BronzeArmor"],"picked":"Singing Bowl","floor":15},{"not_picked":["bronze:Virus","bronze:Assembly"],"picked":"bronze:Break","floor":16},{"not_picked":["bronze:Turbo","bronze:Refactor+1"],"picked":"bronze:FineTuning","floor":19},{"not_picked":[],"picked":"bronze:DecaBeam","floor":20},{"not_picked":["bronze:DigitalCarnage","bronze:ClassDefault"],"picked":"bronze:MaxOutput+1","floor":20},{"not_picked":["bronze:ForceShield","bronze:OilSpill"],"picked":"bronze:FineTuning","floor":22},{"not_picked":["bronze:DelayedGuard","bronze:Frontload+1","bronze:Iterate"],"picked":"Singing Bowl","floor":23},{"not_picked":["bronze:Assembly","bronze:BugBarrage+1"],"picked":"bronze:FineTuning","floor":25},{"not_picked":["bronze:Overload+1","bronze:WildBeam","bronze:CutThrough+1","Redo"],"picked":"Singing Bowl","floor":26},{"not_picked":["bronze:BitShift+1","bronze:BugBarrage+1","bronze:Fortify","StuffTheSpire:LoadUp"],"picked":"Singing Bowl","floor":27},{"not_picked":["bronze:Separator","bronze:Overload+1","bronze:CloningBeam+1","Barrage"],"picked":"Singing Bowl","floor":29},{"not_picked":["bronze:Turbo","bronze:Invalidate","bronze:FineTuning+1"],"picked":"Meteor Strike","floor":30},{"not_picked":["bronze:WildBeam","bronze:Flail","bronze:CutThrough+1"],"picked":"Tempest","floor":32},{"not_picked":["bronze:InfiniteLoop","bronze:HardenedForm","hubris:SpecializedCircuitry"],"picked":"bronze:ShipIt","floor":33},{"not_picked":["bronze:Repulsor","bronze:Overheat","bronze:Overload","StuffTheSpire:GlassShard"],"picked":"Singing Bowl","floor":36},{"not_picked":["bronze:Constructor+1","bronze:InfiniteBeams","bronze:CloningBeam+1"],"picked":"Chaos","floor":40},{"not_picked":["bronze:Overheat+1","bronze:ClassDefault","bronze:DelayedSlice+1","Barrage"],"picked":"Singing Bowl","floor":43},{"not_picked":["bronze:CutThrough+1","bronze:BugBarrage","bronze:Repulsor","Lockon"],"picked":"Singing Bowl","floor":44},{"not_picked":["bronze:Branch","bronze:Iterate","bronze:Overheat","Chill"],"picked":"Singing Bowl","floor":45},{"not_picked":["bronze:DelayedGuard+1","bronze:BugBarrage","StuffTheSpire:LoadUp"],"picked":"bronze:ClassDefault+1","floor":46},{"not_picked":["bronze:ChildClass+1","bronze:Shell+1","bronze:WhirlingStrike+1"],"picked":"Capacitor","floor":48},{"not_picked":["bronze:Constructor","bronze:BurnOut","bronze:OilSpill","Cold Snap"],"picked":"Singing Bowl","floor":49}],"player_experience":1115861,"relics_obtained":[{"floor":10.0,"key":"Tiny Chest"},{"floor":13,"key":"bronze:Timepiece"},{"floor":14,"key":"Ornamental Fan"},{"floor":21,"key":"conspire:Flyswatter"},{"floor":24,"key":"Dead Branch"},{"floor":27,"key":"Akabeko"},{"floor":28,"key":"Boot"},{"floor":29,"key":"hubris:BottledRain"},{"floor":39,"key":"hubris:Teleporter"},{"floor":41,"key":"Bag of Preparation"},{"floor":43,"key":"conspire:DecoderRing"},{"floor":46,"key":"MealTicket"}],"event_choices":[],"is_beta":false,"boss_relics":[{"not_picked":["Black Star","conspire:SeveredTorchhead"],"picked":"Sozu"},{"not_picked":["Pandora\u0027s Box","conspire:SlowCooker"],"picked":"SlaversCollar"}],"items_purged_floors":[5,11,22,38],"is_endless":false,"potions_floor_spawned":[3,12,14,16,23,26,30,32,33,40,44,48],"killed_by":"downfall:CharBossMerchant","ascension_level":0}}