{"host":"leop","time":1610877599,"event":{"mods":["ATMod(°¢èªMod)","Act Like it!","BaseMod","GifTheSpireLib","Minty Spire (QoL Compilation)","MostiFishMod","Shop Mod","Spicy Shops","StSLib","TestMod","[IsaacMod]ÒÔÈö¼âËþ","¡¾ÒÅÎï¿¨ÅÆ¡¿REMEMod"],"gold_per_floor":[115,127,139,151,178,190,190],"floor_reached":6,"language":"ZHS","playtime":112,"items_purged":[],"score":72,"play_id":"e908a3a8-1586-48a0-9b09-15dd7e350d5f","local_time":"20210117175959","is_ascension_mode":true,"campfire_choices":[],"circlet_count":0,"master_deck":["AscendersBane","Strike_P","Strike_P","Strike_P","Strike_P","Defend_P","Defend_P","Defend_P","Defend_P","Eruption","Vigilance","AT_PowerWithin","FearNoEvil","LessonLearned+1"],"relics":["PureWater","testmod-TestBox","DaveBox","REME_ComplimentaryCards","AT_ATBox","HushsDoor","NeowsBlessing","testmod-BloodSacrificeSpiritualization","Nloth\u0027s Gift","Damocles","AT_SpeedBoots","SynthV:TestCard","MawBank","Golden Idol","testmod-IndustrialRevolution"],"acts_visited":["Exordium"],"potions_floor_usage":[],"damage_taken":[{"damage":0.0,"enemies":"Small Slimes","floor":1.0,"turns":1.0},{"damage":0.0,"enemies":"Jaw Worm","floor":2.0,"turns":1.0},{"damage":0,"enemies":"Cultist","floor":5,"turns":2},{"damage":1,"enemies":"Lagavulin","floor":6,"turns":2}],"seed_played":"-7652897685971021003","potions_obtained":[{"floor":2.0,"key":"Ancient Potion"},{"floor":5,"key":"Weak Potion"}],"is_trial":false,"path_per_floor":["M","M","?","?","M","E"],"character_chosen":"WATCHER","items_purchased":[],"campfire_rested":0,"item_purchase_floors":[],"current_hp_per_floor":[61,61,61,66,66,0,0],"gold":190,"neow_bonus":"THREE_ENEMY_KILL","is_daily":false,"chose_seed":false,"campfire_upgraded":0,"win_rate":0.0,"timestamp":1610877599,"path_taken":["M","M","?","?","M","E"],"items_purchased_type":[],"build_version":"2020-12-18","purchased_purges":0,"victory":false,"max_hp_per_floor":[68,68,62,67,67,67,67],"card_choices":[{"not_picked":["WaveOfTheHand","ClearTheMind"],"picked":"FearNoEvil","floor":1.0},{"not_picked":["Consecrate","JustLucky","ThirdEye","AT_RealFormLess"],"picked":"LessonLearned","floor":2.0},{"not_picked":["REME_Repentance","EmptyBody","SashWhip","MostiFishMod:Nomercy","Nirvana"],"picked":"SKIP","floor":5}],"player_experience":1098303,"relics_obtained":[{"floor":1.0,"key":"AT_SpeedBoots"},{"floor":1.0,"key":"SynthV:TestCard"},{"floor":2.0,"key":"MawBank"},{"floor":5,"key":"testmod-IndustrialRevolution"}],"event_choices":[{"damage_healed":0.0,"max_hp_gain":0.0,"max_hp_loss":6.0,"gold_gain":0.0,"event_name":"Golden Idol","player_choice":"Lose Max HP","floor":3.0,"gold_loss":0.0,"damage_taken":0.0,"relics_obtained":["Golden Idol"]},{"damage_healed":0.0,"max_hp_gain":5.0,"max_hp_loss":0.0,"gold_gain":0.0,"event_name":"Big Fish","player_choice":"Donut","floor":4.0,"gold_loss":0.0,"damage_taken":0.0}],"is_beta":true,"boss_relics":[],"items_purged_floors":[],"is_endless":false,"potions_floor_spawned":[2,5],"killed_by":"Lagavulin","ascension_level":20}}