{"host":"9d9dhukr2jywmy0f","time":1610864980,"event":{"mods":["2.2 Compatiblity","Alarm Clock","BaseMod","Bestiary","Block Reminder","Colored Map","Colored Powertips","Curses Come First","DeckTracker","Highlight Path","Key Reminder","Minty Spire (QoL Compilation)","Quick Restart","Rare Cards Sparkle","Relic Sorter","Relic Stats","Spire Birthday Party","StSLib","SuperFastMode","Synergy Search","TestMod","Unceasing Turn Reminder","Unknown Chances"],"gold_per_floor":[110,110,110,129,179,179,179,179],"floor_reached":7,"language":"ZHS","playtime":205,"items_purged":[],"score":78,"play_id":"d3388066-0c04-4054-a636-4fa91008c6b6","local_time":"20210117142940","is_ascension_mode":true,"campfire_choices":[{"data":"Fire Breathing","floor":6.0,"key":"SMITH"}],"circlet_count":0,"master_deck":["AscendersBane","Strike_R","Strike_R","Strike_R","Strike_R","Strike_R","Defend_R","Defend_R","Defend_R","Defend_R","Bash","Fire Breathing+1"],"relics":["testmod-TestBox","testmod-Fanaticism","Golden Idol","testmod-Motorcycle"],"acts_visited":["Exordium"],"potions_floor_usage":[],"damage_taken":[{"damage":0.0,"enemies":"2 Louse","floor":1.0,"turns":2.0},{"damage":33.0,"enemies":"Jaw Worm","floor":4.0,"turns":4.0},{"damage":8,"enemies":"Gremlin Nob","floor":7,"turns":3}],"seed_played":"2859977815218698711","potions_obtained":[{"floor":1.0,"key":"GamblersBrew"}],"is_trial":false,"path_per_floor":["M","?","?","M","?","R","E"],"character_chosen":"IRONCLAD","items_purchased":[],"campfire_rested":0,"item_purchase_floors":[],"current_hp_per_floor":[68,68,68,45,39,39,31,31],"gold":179,"neow_bonus":"BOSS_RELIC","is_daily":false,"chose_seed":false,"campfire_upgraded":1,"win_rate":0.0,"timestamp":1610864980,"path_taken":["M","?","?","?","?","R","E"],"items_purchased_type":[],"build_version":"2020-11-30","purchased_purges":0,"victory":false,"max_hp_per_floor":[75,68,68,68,68,68,68,68],"relic_stats":{"counters":[3,9],"Golden Idol":4,"obtain_stats":[{"testmod-Fanaticism":0,"testmod-TestBox":0,"Golden Idol":2,"testmod-Motorcycle":3,"Burning Blood":0},{"testmod-Fanaticism":0,"testmod-TestBox":0,"Golden Idol":1,"testmod-Motorcycle":1,"Burning Blood":0},{"testmod-Fanaticism":0,"testmod-TestBox":0,"Golden Idol":2,"testmod-Motorcycle":2,"Burning Blood":0}]},"card_choices":[{"not_picked":["Spot Weakness","Wild Strike"],"picked":"Fire Breathing","floor":1.0},{"not_picked":["Combust","Wild Strike","Sword Boomerang"],"picked":"SKIP","floor":4.0}],"player_experience":833603,"relics_obtained":[],"event_choices":[{"damage_healed":0.0,"max_hp_gain":0.0,"max_hp_loss":7.0,"gold_gain":0.0,"event_name":"Golden Idol","player_choice":"Lose Max HP","floor":2.0,"gold_loss":0.0,"damage_taken":0.0,"relics_obtained":["Golden Idol"]},{"damage_healed":0.0,"max_hp_gain":0.0,"max_hp_loss":0.0,"gold_gain":0.0,"event_name":"WeMeetAgain","player_choice":"Gave Potion","floor":3.0,"gold_loss":0.0,"damage_taken":0.0,"relics_obtained":["testmod-Motorcycle"]},{"damage_healed":0.0,"max_hp_gain":0.0,"max_hp_loss":0.0,"gold_gain":50.0,"event_name":"FaceTrader","player_choice":"Touch","floor":5.0,"gold_loss":0.0,"damage_taken":6.0}],"is_beta":false,"boss_relics":[],"items_purged_floors":[],"is_endless":false,"potions_floor_spawned":[1],"killed_by":"Gremlin Nob","ascension_level":20}}