{"host":"0dsi8ju7ih3zb7n8","time":1610921057,"event":{"mods":["2.2 Compatiblity","Act Like it!","BaseMod","Downfall","Hermit","Minty Spire (QoL Compilation)","Robot Space Explorer","Spicy Shops","StSLib"],"gold_per_floor":[118,118,21,21,34,67,100,22,22,56,56,56,56,56,56,157,157,173,173,173,173,190,219,254,254,278,314,349,349,377,113,113,224,224,238,522,542,34,34,62,62,0,0,0,35,35,78,133,133,133],"floor_reached":51,"language":"ENG","playtime":2433,"items_purged":[],"score":1162,"play_id":"6f0317f2-bc46-4ef5-b2e2-587a9e0653dd","local_time":"20210117230417","daily_mods":["SealedDeck","Heirloom","Flight"],"is_ascension_mode":false,"campfire_choices":[{"floor":12,"key":"DIG"},{"floor":13,"key":"DIG"},{"floor":15,"key":"DIG"},{"floor":25,"key":"DIG"},{"floor":29,"key":"DIG"},{"floor":32,"key":"DIG"},{"floor":41,"key":"DIG"},{"floor":44,"key":"DIG"},{"floor":49,"key":"DIG"}],"circlet_count":0,"master_deck":["bronze:Terminator+1","bronze:DelayedGuard+1","bronze:Shield","bronze:DelayedSlice","bronze:ForLoop","bronze:Separator","bronze:WhirlingStrike","bronze:BronzeOrb","bronze:Iterate","bronze:FollowUp","bronze:ChildClass","bronze:Philosophize+1","bronze:HardenedForm","bronze:Iterate+1","bronze:Return","bronze:CloningBeam","bronze:HyperBeam","bronze:Verify","bronze:Break","bronze:MaxOutput","bronze:ForceShield","bronze:AlphaBuild","Regret","bronze:BronzeArmor+1","bronze:ChosenStrike+1","bronze:Verify","bronze:ClassDefault+1"],"relics":["bronze:BronzeCore","Shovel","Matryoshka","StrikeDummy","Slimebound:PreparedRelic","Toolbox","Vajra","Bottled Lightning","MealTicket","Art of War","Strawberry","Dream Catcher","Lantern","sneckomod:SneckoTalon","MutagenicStrength","Orichalcum","Question Card","Shuriken","CeramicFish","Bag of Marbles","Mummified Hand","InkBottle","Regal Pillow","bronze:ProtectiveGoggles","Sling","Bird Faced Urn","Black Star","bronze:DecasWashers","HornCleat","bronze:BottledCode","The Courier","bronze:BronzeIdol","Singing Bowl","Red Mask","Gremlin Horn","Girya","hexamod:BolsterEngine","War Paint","Happy Flower","Bronze Scales","Pear","Pocketwatch","Bottled Flame"],"acts_visited":["Exordium","TheCity","TheBeyond"],"potions_floor_usage":[24,40],"damage_taken":[{"damage":0,"enemies":"2 Louse","floor":1,"turns":3},{"damage":0,"enemies":"Cultist","floor":5,"turns":2},{"damage":9,"enemies":"3 Sentries","floor":6,"turns":4},{"damage":0,"enemies":"Lagavulin","floor":7,"turns":3},{"damage":0,"enemies":"3 Sentries","floor":10,"turns":3},{"damage":3,"enemies":"The Guardian","floor":16,"turns":5},{"damage":0,"enemies":"Shell Parasite","floor":18,"turns":3},{"damage":0,"enemies":"2 Thieves","floor":22,"turns":1},{"damage":0,"enemies":"Book of Stabbing","floor":23,"turns":3},{"damage":9,"enemies":"Gremlin Leader","floor":24,"turns":2},{"damage":0,"enemies":"Book of Stabbing","floor":27,"turns":2},{"damage":0,"enemies":"Slavers","floor":28,"turns":3},{"damage":0,"enemies":"Book of Stabbing","floor":30,"turns":3},{"damage":9,"enemies":"Champ","floor":33,"turns":5},{"damage":0,"enemies":"Orb Walker","floor":35,"turns":1},{"damage":0,"enemies":"3 Darklings","floor":37,"turns":1},{"damage":0,"enemies":"Nemesis","floor":40,"turns":1},{"damage":0,"enemies":"Giant Head","floor":45,"turns":4},{"damage":0,"enemies":"Reptomancer","floor":47,"turns":1},{"damage":1,"enemies":"2 Orb Walkers","floor":48,"turns":3},{"damage":64,"enemies":"Time Eater","floor":50,"turns":10}],"seed_played":"-7638053079854467750","potions_obtained":[{"floor":5,"key":"LiquidMemories"},{"floor":7,"key":"SmokeBomb"},{"floor":16,"key":"Energy Potion"},{"floor":22,"key":"sneckomod:MuddlingPotion"},{"floor":23,"key":"GamblersBrew"},{"floor":30,"key":"GamblersBrew"}],"is_trial":true,"path_per_floor":["M","?","$","?","M","E","E","$","T","E","?","R","R","?","R","B",null,"M","?","?","?","M","E","E","R","T","E","E","R","E","$","R","B",null,"M","?","M","$","?","E","R","?","T","R","E","T","E","?","R","B",null],"character_chosen":"THE_AUTOMATON","items_purchased":["Matryoshka","Toolbox","Sling","bronze:MaxOutput","bronze:ForceShield","bronze:DecasWashers","HornCleat"],"campfire_rested":0,"item_purchase_floors":[3,8,31,31,31,38,38],"current_hp_per_floor":[70,70,70,70,70,61,61,61,61,61,58,65,65,65,65,62,77,77,77,77,77,77,77,68,68,68,68,68,68,68,77,77,68,77,77,77,77,77,67,67,67,67,67,67,67,67,77,76,76,17],"gold":133,"neow_bonus":"","is_daily":false,"chose_seed":false,"campfire_upgraded":0,"win_rate":0.0,"timestamp":1610921057,"path_taken":["M","?","?","?","?","E","E","?","T","E","?","R","R","?","R","BOSS","M","?","?","?","?","E","E","R","T","E","E","R","E","$","R","BOSS","M","?","?","$","?","E","R","?","T","R","E","?","E","?","R","BOSS"],"items_purchased_type":["Relic","Relic","Relic","Card","Card","Relic","Relic"],"build_version":"2020-12-22","purchased_purges":0,"victory":true,"max_hp_per_floor":[70,70,70,70,70,70,70,70,70,70,70,77,77,77,77,77,77,77,77,77,77,77,77,77,77,77,77,77,77,77,77,77,77,77,77,77,77,77,67,67,67,67,67,67,67,67,77,77,77,77],"card_choices":[{"not_picked":["bronze:Frontload","bronze:FollowUp"],"picked":"bronze:ChildClass","floor":1},{"not_picked":["bronze:WildBeam","bronze:DelayedSlice","bronze:OilSpill"],"picked":"SKIP","floor":5},{"not_picked":["bronze:CutThrough","bronze:DelayedSlice"],"picked":"bronze:Philosophize","floor":6},{"not_picked":["bronze:Branch","bronze:Overheat","bronze:DelayedGuard"],"picked":"SKIP","floor":7},{"not_picked":["bronze:BugBarrage","bronze:Iterate","bronze:Branch"],"picked":"SKIP","floor":10},{"not_picked":["bronze:FindAndReplace","bronze:ThunderWave"],"picked":"bronze:HardenedForm","floor":16},{"not_picked":["bronze:WildBeam","bronze:WhirlingStrike"],"picked":"bronze:Iterate+1","floor":18},{"not_picked":["bronze:OilSpill","bronze:FineTuning","bronze:Allocate"],"picked":"SKIP","floor":22},{"not_picked":["bronze:CutThrough","bronze:Branch"],"picked":"bronze:CloningBeam","floor":23},{"not_picked":["bronze:WildBeam","bronze:Repair"],"picked":"bronze:HyperBeam","floor":24},{"not_picked":["bronze:Safeguard","bronze:BuggyMess","bronze:Optimize"],"picked":"bronze:Verify","floor":27},{"not_picked":["bronze:ForceShield+1","bronze:Overheat","bronze:OilSpill"],"picked":"bronze:Break","floor":28},{"not_picked":["bronze:ChildClass","bronze:WildBeam","bronze:Deprecate","bronze:Iterate"],"picked":"SKIP","floor":30},{"not_picked":["bronze:RecursiveStrike","bronze:CleanCode","bronze:ThunderWave"],"picked":"bronze:AlphaBuild","floor":33},{"not_picked":["bronze:Overheat","bronze:BuggyMess+1","bronze:BugBarrage+1","bronze:BitShift+1"],"picked":"SKIP","floor":35},{"not_picked":["bronze:Frontload","bronze:DelayedSlice","bronze:GetLatest"],"picked":"bronze:BronzeArmor+1","floor":37},{"not_picked":["bronze:Deprecate","bronze:Branch","bronze:Shield","bronze:Frontload"],"picked":"SKIP","floor":40},{"not_picked":["bronze:Turbo","bronze:Flail","bronze:Deprecate+1"],"picked":"bronze:ChosenStrike+1","floor":45},{"not_picked":["bronze:NullPointer","bronze:Frontload+1","bronze:CutThrough"],"picked":"bronze:Verify","floor":47},{"not_picked":["bronze:Turbo","bronze:WhirlingStrike+1","bronze:Separator"],"picked":"bronze:ClassDefault+1","floor":48}],"player_experience":825929,"relics_obtained":[{"floor":6,"key":"StrikeDummy"},{"floor":7,"key":"Slimebound:PreparedRelic"},{"floor":9,"key":"Vajra"},{"floor":9,"key":"Bottled Lightning"},{"floor":10,"key":"MealTicket"},{"floor":12,"key":"Strawberry"},{"floor":13,"key":"Dream Catcher"},{"floor":15,"key":"Lantern"},{"floor":23,"key":"Orichalcum"},{"floor":24,"key":"Question Card"},{"floor":25,"key":"Shuriken"},{"floor":26,"key":"CeramicFish"},{"floor":26,"key":"Bag of Marbles"},{"floor":27,"key":"Mummified Hand"},{"floor":28,"key":"InkBottle"},{"floor":29,"key":"Regal Pillow"},{"floor":30,"key":"bronze:ProtectiveGoggles"},{"floor":32,"key":"Bird Faced Urn"},{"floor":40,"key":"The Courier"},{"floor":40,"key":"bronze:BronzeIdol"},{"floor":41,"key":"Singing Bowl"},{"floor":43,"key":"Gremlin Horn"},{"floor":44,"key":"Girya"},{"floor":45,"key":"hexamod:BolsterEngine"},{"floor":45,"key":"War Paint"},{"floor":46,"key":"Happy Flower"},{"floor":47,"key":"Bronze Scales"},{"floor":47,"key":"Pear"},{"floor":48,"key":"Pocketwatch"},{"floor":49,"key":"Bottled Flame"}],"event_choices":[{"damage_healed":0,"gold_gain":0,"player_choice":"Ignored","damage_taken":0,"max_hp_gain":0,"max_hp_loss":0,"event_name":"NoteForYourself","floor":2,"gold_loss":0},{"cards_removed":["Pride"],"damage_healed":0,"gold_gain":0,"player_choice":"Removed Curses","damage_taken":0,"max_hp_gain":0,"max_hp_loss":0,"event_name":"Fountain of Cleansing","floor":4,"gold_loss":0},{"damage_healed":0,"gold_gain":0,"player_choice":"Success","damage_taken":3,"relics_obtained":["Art of War"],"max_hp_gain":0,"max_hp_loss":0,"event_name":"Scrap Ooze","floor":11,"gold_loss":0},{"damage_healed":0,"gold_gain":0,"player_choice":"Grow","damage_taken":0,"max_hp_gain":0,"max_hp_loss":0,"event_name":"Living Wall","floor":14,"gold_loss":0,"cards_upgraded":["bronze:Philosophize"]},{"damage_healed":0,"gold_gain":0,"player_choice":"Inject Mutagens","damage_taken":0,"relics_obtained":["MutagenicStrength"],"max_hp_gain":0,"max_hp_loss":0,"event_name":"Drug Dealer","floor":19,"gold_loss":0},{"damage_healed":0,"gold_gain":0,"player_choice":"Read","damage_taken":0,"max_hp_gain":0,"max_hp_loss":0,"event_name":"The Library","floor":20,"gold_loss":0,"cards_obtained":["bronze:Return"]},{"damage_healed":0,"gold_gain":275,"player_choice":"Desecrate","damage_taken":0,"max_hp_gain":0,"max_hp_loss":0,"event_name":"Golden Shrine","floor":36,"gold_loss":0,"cards_obtained":["Regret"]},{"damage_healed":0,"gold_gain":0,"player_choice":"Paid","damage_taken":0,"relics_obtained":["Red Mask"],"max_hp_gain":0,"max_hp_loss":0,"event_name":"Tomb of Lord Red Mask","floor":42,"gold_loss":62},{"damage_healed":0,"gold_gain":0,"player_choice":"Fight","damage_taken":0,"max_hp_gain":0,"max_hp_loss":0,"event_name":"Mysterious Sphere","floor":48,"gold_loss":0}],"is_beta":false,"boss_relics":[{"not_picked":["Snecko Eye","SacredBark"],"picked":"sneckomod:SneckoTalon"},{"not_picked":["Busted Crown","Runic Dome"],"picked":"Black Star"}],"items_purged_floors":[],"is_endless":false,"potions_floor_spawned":[5,7,16,22,23,30,35],"ascension_level":0}}