{"host":"sct5htsgcw1q318k","time":1610914303,"event":{"mods":["BaseMod","Colored Map","Minty Spire (QoL Compilation)","Permanent Neow"],"gold_per_floor":[109,122,297,15,34,34,50,50,50,50,65,65,91,16,16,88,88,105,90,103,116,215,215,241,241,294,319,234,42,60,10,10,85,85,101,0,18,34,34,34,64,83,83,110,110,143,48,48,48,48],"floor_reached":51,"language":"ENG","playtime":5128,"items_purged":["Strike_G","Strike_G"],"score":1527,"play_id":"628ac44a-7881-4259-9466-823e4053e09a","local_time":"20210117141143","is_ascension_mode":true,"campfire_choices":[{"data":"Neutralize","floor":6.0,"key":"SMITH"},{"data":"Bouncing Flask","floor":10.0,"key":"SMITH"},{"floor":12.0,"key":"REST"},{"data":"Deadly Poison","floor":15.0,"key":"SMITH"},{"data":"Strike_G","floor":23.0,"key":"PURGE"},{"data":"Footwork","floor":25.0,"key":"SMITH"},{"data":"Strike_G","floor":32.0,"key":"PURGE"},{"data":"Strike_G","floor":40.0,"key":"PURGE"},{"data":"Crippling Poison","floor":45.0,"key":"SMITH"},{"data":"Defend_G","floor":49.0,"key":"PURGE"}],"circlet_count":0,"master_deck":["AscendersBane","Defend_G","Defend_G","Defend_G","Survivor","Neutralize+1","Noxious Fumes","Bouncing Flask+1","Deadly Poison+1","Catalyst","Escape Plan","Wraith Form v2","Escape Plan","Crippling Poison+1","Escape Plan","Footwork+1","Apotheosis+1","Venomology+1","PiercingWail+1","Finesse+1"],"relics":["Ring of the Snake","HornCleat","InkBottle","Peace Pipe","Runic Pyramid","Smiling Mask","MealTicket","Ninja Scroll","Toxic Egg 2","SlaversCollar","Red Mask","Meat on the Bone","Eternal Feather","White Beast Statue","Nunchaku","Bottled Lightning","Omamori"],"acts_visited":["TheCity","TheBeyond"],"potions_floor_usage":[50,50],"damage_taken":[{"damage":4.0,"enemies":"2 Louse","floor":1.0,"turns":3.0},{"damage":0.0,"enemies":"Jaw Worm","floor":2.0,"turns":4.0},{"damage":8.0,"enemies":"Small Slimes","floor":5.0,"turns":4.0},{"damage":14.0,"enemies":"Exordium Wildlife","floor":7.0,"turns":5.0},{"damage":3.0,"enemies":"Lots of Slimes","floor":11.0,"turns":2.0},{"damage":16.0,"enemies":"3 Sentries","floor":13.0,"turns":6.0},{"damage":8.0,"enemies":"The Guardian","floor":16.0,"turns":8.0},{"damage":0.0,"enemies":"Shell Parasite","floor":18.0,"turns":3.0},{"damage":4.0,"enemies":"2 Thieves","floor":19.0,"turns":5.0},{"damage":3.0,"enemies":"Centurion and Healer","floor":20.0,"turns":8.0},{"damage":4.0,"enemies":"Shelled Parasite and Fungi","floor":21.0,"turns":4.0},{"damage":6.0,"enemies":"Gremlin Leader","floor":24.0,"turns":7.0},{"damage":24.0,"enemies":"Slavers","floor":27.0,"turns":6.0},{"damage":0.0,"enemies":"Chosen and Byrds","floor":30.0,"turns":4.0},{"damage":0.0,"enemies":"Automaton","floor":33.0,"turns":7.0},{"damage":2.0,"enemies":"3 Shapes","floor":35.0,"turns":6.0},{"damage":0.0,"enemies":"3 Darklings","floor":37.0,"turns":6.0},{"damage":11.0,"enemies":"Jaw Worm Horde","floor":38.0,"turns":5.0},{"damage":0.0,"enemies":"Reptomancer","floor":41.0,"turns":6.0},{"damage":0.0,"enemies":"Maw","floor":42.0,"turns":6.0},{"damage":0.0,"enemies":"Giant Head","floor":44.0,"turns":8.0},{"damage":1.0,"enemies":"Reptomancer","floor":46.0,"turns":7.0},{"damage":0,"enemies":"Donu and Deca","floor":50,"turns":8}],"seed_played":"-6658796210412723892","potions_obtained":[{"floor":2.0,"key":"Explosive Potion"},{"floor":7.0,"key":"Fire Potion"},{"floor":13.0,"key":"LiquidBronze"},{"floor":16.0,"key":"Fire Potion"},{"floor":18.0,"key":"PowerPotion"},{"floor":24.0,"key":"DuplicationPotion"},{"floor":30.0,"key":"SpeedPotion"},{"floor":37.0,"key":"FairyPotion"},{"floor":44.0,"key":"EntropicBrew"},{"floor":46.0,"key":"FearPotion"}],"is_trial":false,"path_per_floor":["M","M","?","$","M","R","M","?","T","R","M","R","E","$","R","B",null,"M","M","M","M","?","R","E","R","T","E","?","$","M","$","R","B",null,"M","?","M","M","T","R","E","M","T","E","R","E","$","T","R","B",null],"character_chosen":"THE_SILENT","items_purchased":["Catalyst","HornCleat","Apotheosis+1","Finesse+1"],"campfire_rested":1,"item_purchase_floors":[4,4,29,47],"current_hp_per_floor":[55,55,55,55,47,47,33,33,33,33,30,49,33,33,33,25,56,56,52,49,45,45,45,39,39,39,15,15,30,30,45,45,45,61,59,59,59,48,48,48,48,48,48,48,60,59,66,66,66,66],"gold":48,"neow_bonus":"TRANSFORM_CARD","is_daily":false,"chose_seed":false,"campfire_upgraded":5,"win_rate":0.0,"timestamp":1610914303,"path_taken":["M","M","?","$","M","R","M","?","T","R","M","R","E","$","R","BOSS","M","M","M","M","?","R","E","R","T","E","?","?","M","$","R","BOSS","M","?","M","M","?","R","E","M","T","E","R","E","$","?","R","BOSS"],"items_purchased_type":["Card","Relic","Card","Card"],"build_version":"2020-12-22","purchased_purges":2,"victory":true,"max_hp_per_floor":[66,66,66,66,66,66,66,66,66,66,66,66,66,66,66,66,66,66,66,66,66,66,66,66,66,66,66,66,66,66,66,66,66,66,66,66,66,66,66,66,66,66,66,66,66,66,66,66,66,66],"card_choices":[{"not_picked":["PiercingWail","Prepared"],"picked":"Bouncing Flask","floor":1.0},{"not_picked":["Bane","Sucker Punch"],"picked":"Deadly Poison","floor":2.0},{"not_picked":["Slice","Setup","Heel Hook"],"picked":"SKIP","floor":5.0},{"not_picked":["All Out Attack","Choke"],"picked":"Escape Plan","floor":7.0},{"not_picked":["Prepared","Dodge and Roll","Flying Knee"],"picked":"SKIP","floor":11.0},{"not_picked":["Cloak And Dagger","Poisoned Stab","Dodge and Roll"],"picked":"SKIP","floor":13.0},{"not_picked":["Night Terror","Envenom"],"picked":"Wraith Form v2","floor":16.0},{"not_picked":["Slice+1","Blade Dance","Quick Slash"],"picked":"SKIP","floor":18.0},{"not_picked":["Prepared","Slice"],"picked":"Escape Plan","floor":19.0},{"not_picked":["Distraction","Underhanded Strike"],"picked":"Crippling Poison","floor":20.0},{"not_picked":["Sucker Punch","Quick Slash"],"picked":"Escape Plan","floor":21.0},{"not_picked":["Cloak And Dagger","Accuracy"],"picked":"Footwork","floor":24.0},{"not_picked":["Underhanded Strike","Tools of the Trade","Flying Knee"],"picked":"SKIP","floor":27.0},{"not_picked":["Bane","Cloak And Dagger+1","Prepared+1"],"picked":"SKIP","floor":30.0},{"not_picked":["Unload","Die Die Die"],"picked":"Venomology+1","floor":33.0},{"not_picked":["Eviscerate","Slice","Blade Dance+1"],"picked":"SKIP","floor":35.0},{"not_picked":["Poisoned Stab+1","Slice","Deadly Poison+1"],"picked":"SKIP","floor":37.0},{"not_picked":["Outmaneuver+1","Blade Dance+1","Prepared+1"],"picked":"SKIP","floor":38.0},{"not_picked":["Phantasmal Killer+1","Slice","Calculated Gamble+1"],"picked":"SKIP","floor":41.0},{"not_picked":["Cloak And Dagger+1","Noxious Fumes+1"],"picked":"PiercingWail+1","floor":42.0},{"not_picked":["Phantasmal Killer+1","Prepared+1","Heel Hook"],"picked":"SKIP","floor":44.0},{"not_picked":["Slice","PiercingWail+1","Backstab+1"],"picked":"SKIP","floor":46.0}],"player_experience":838645,"relics_obtained":[{"floor":9.0,"key":"InkBottle"},{"floor":13.0,"key":"Peace Pipe"},{"floor":24.0,"key":"Smiling Mask"},{"floor":26.0,"key":"MealTicket"},{"floor":27.0,"key":"Ninja Scroll"},{"floor":39.0,"key":"Meat on the Bone"},{"floor":41.0,"key":"Eternal Feather"},{"floor":43.0,"key":"White Beast Statue"},{"floor":44.0,"key":"Nunchaku"},{"floor":46.0,"key":"Bottled Lightning"},{"floor":48.0,"key":"Omamori"}],"event_choices":[{"damage_healed":0.0,"max_hp_gain":0.0,"max_hp_loss":0.0,"gold_gain":175.0,"event_name":"Liars Game","player_choice":"AGREE","floor":3.0,"gold_loss":0.0,"damage_taken":0.0,"cards_obtained":["Doubt"]},{"cards_removed":["Doubt"],"damage_healed":0.0,"max_hp_gain":0.0,"max_hp_loss":0.0,"gold_gain":0.0,"event_name":"Living Wall","player_choice":"Forget","floor":8.0,"gold_loss":0.0,"damage_taken":0.0},{"damage_healed":0.0,"max_hp_gain":0.0,"max_hp_loss":0.0,"gold_gain":99.0,"event_name":"Nest","player_choice":"Stole From Cult","floor":22.0,"gold_loss":0.0,"damage_taken":0.0},{"damage_healed":0.0,"max_hp_gain":0.0,"max_hp_loss":0.0,"gold_gain":0.0,"event_name":"Addict","player_choice":"Obtained Relic","floor":28.0,"gold_loss":85.0,"damage_taken":0.0,"relics_obtained":["Toxic Egg 2"]},{"damage_healed":0.0,"max_hp_gain":0.0,"max_hp_loss":0.0,"gold_gain":0.0,"event_name":"Tomb of Lord Red Mask","player_choice":"Paid","floor":36.0,"gold_loss":101.0,"damage_taken":0.0,"relics_obtained":["Red Mask"]}],"is_beta":false,"boss_relics":[{"not_picked":["Cursed Key","Astrolabe"],"picked":"Runic Pyramid"},{"not_picked":["Pandora\u0027s Box","Calling Bell"],"picked":"SlaversCollar"}],"items_purged_floors":[14,31],"is_endless":false,"potions_floor_spawned":[2,7,13,16,18,19,20,24,30,35,37,44,46],"ascension_level":14}}