{"host":"d1za9dvx43o9v494","time":1610906025,"event":{"mods":["2.2 Compatiblity","BaseMod","Better-Laid Plans","Displayed Cursed Tome","Downfall","Emptier Cage","Marked Mod","Minty Spire (QoL Compilation)","Permanent Neow","Relic Sorter","StSLib"],"gold_per_floor":[99,99,99,63,63,94,94,94,112,112,127,127,160,180,196,295,295,195,211,211,225,248,258,306,334,331,343,355,167,210,222,248,365,377,377],"floor_reached":34,"language":"ENG","playtime":4412,"items_purged":[],"score":448,"play_id":"6f46617b-c88c-4dd0-afc8-a17f7fa83d26","local_time":"20210117205345","is_ascension_mode":true,"campfire_choices":[{"data":"sneckomod:Unknown","floor":1.0,"key":"SMITH"},{"data":"sneckomod:UnendingSupply","floor":8.0,"key":"SMITH"},{"floor":18,"key":"RECALL"},{"data":"sneckomod:UnlimitedRolls","floor":29,"key":"SMITH"}],"circlet_count":0,"master_deck":["sneckomod:Strike","sneckomod:Strike","sneckomod:Strike","sneckomod:Defend","sneckomod:Defend","sneckomod:Defend","sneckomod:TailWhip","sneckomod:SnekBite","sneckomod:Unknown+1","sneckomod:Unknown","sneckomod:RainOfDice","sneckomod:UnendingSupply+1","sneckomod:IronFang","sneckomod:UnknownWeak","sneckomod:WideSting","sneckomod:UnknownWeak","sneckomod:UnknownUncommonAttack","sneckomod:UnknownBlock","sneckomod:UnlimitedRolls+1","sneckomod:WideSting","sneckomod:UnendingSupply+1","sneckomod:UnknownDexterity","sneckomod:UnknownUncommonAttack","Writhe","CurseOfTheBell"],"relics":["sneckomod:SneckoSoul","downfall:HeartsMalice","Juzu Bracelet","Matryoshka","MealTicket","Torii","Snecko Eye","downfall:HeartBlessingGreen","Akabeko","Art of War","MawBank","Oddly Smooth Stone","downfall:HeartBlessingRed","downfall:HeartBlessingBlue","Centennial Puzzle","Blue Candle","Calling Bell","Blood Vial","Kunai","Peace Pipe"],"acts_visited":["Exordium","TheCity","TheBeyond"],"potions_floor_usage":[19,30,33,33],"damage_taken":[{"damage":0.0,"enemies":"2 Louse","floor":2.0,"turns":1.0},{"damage":0.0,"enemies":"downfall:FleeingMerchant","floor":4.0,"turns":1.0},{"damage":0.0,"enemies":"Small Slimes","floor":5.0,"turns":1.0},{"damage":15.0,"enemies":"Lagavulin","floor":6.0,"turns":7.0},{"damage":0.0,"enemies":"Cultist","floor":9.0,"turns":2.0},{"damage":21.0,"enemies":"Red Slaver","floor":11.0,"turns":4.0},{"damage":6.0,"enemies":"3 Sentries","floor":13.0,"turns":7.0},{"damage":1.0,"enemies":"Blue Slaver","floor":14.0,"turns":2.0},{"damage":7.0,"enemies":"Exordium Thugs","floor":15.0,"turns":4.0},{"damage":31.0,"enemies":"IC_STATUS_ARCHETYPE","floor":16.0,"turns":13.0},{"damage":22,"enemies":"Spheric Guardian","floor":19,"turns":5},{"damage":18,"enemies":"Shell Parasite","floor":21,"turns":4},{"damage":22,"enemies":"Snake Plant","floor":23,"turns":4},{"damage":6,"enemies":"Centurion and Healer","floor":25,"turns":4},{"damage":3,"enemies":"downfall:FleeingMerchant","floor":26,"turns":4},{"damage":20,"enemies":"Book of Stabbing","floor":30,"turns":5},{"damage":8,"enemies":"Snecko","floor":32,"turns":3},{"damage":16,"enemies":"SI_MIRROR_ARCHETYPE","floor":33,"turns":8}],"seed_played":"-5031254837999039315","potions_obtained":[{"floor":9.0,"key":"Swift Potion"},{"floor":13.0,"key":"SkillPotion"},{"floor":14.0,"key":"Fire Potion"},{"floor":16.0,"key":"sneckomod:DiceRollPotion"},{"floor":23,"key":"AttackPotion"},{"floor":25,"key":"Dexterity Potion"},{"floor":27,"key":"CultistPotion"},{"floor":33,"key":"FairyPotion"}],"is_trial":false,"path_per_floor":["R","M","?","$","M","E","T","R","M","?","M","?","E","M","M","B",null,"R","M","?","M","T","M","T","M","$","?","?","R","E","T","M","B",null],"character_chosen":"THE_SNECKO","items_purchased":["sneckomod:UnendingSupply"],"campfire_rested":0,"item_purchase_floors":[4],"current_hp_per_floor":[90,90,95,95,95,80,80,80,80,77,56,56,50,49,42,18,95,95,73,73,55,55,33,33,27,39,39,39,49,29,29,23,7,105,105],"gold":377,"neow_bonus":"THREE_ENEMY_KILL","is_daily":false,"chose_seed":false,"campfire_upgraded":3,"win_rate":0.0,"timestamp":1610906025,"path_taken":["R","M","?","$","M","E","T","R","M","?","M","?","E","M","M","BOSS","R","M","?","M","?","M","T","M","$","?","?","R","E","?","M","BOSS"],"items_purchased_type":["Card"],"build_version":"2020-12-22","purchased_purges":0,"victory":false,"max_hp_per_floor":[90,90,95,95,95,95,95,95,95,95,95,95,95,95,95,95,95,95,95,95,95,95,95,95,95,95,95,95,105,105,105,105,105,105,105],"card_choices":[{"not_picked":["sneckomod:UnknownStrike","sneckomod:DiceCrush"],"picked":"sneckomod:RainOfDice","floor":2.0},{"not_picked":["sneckomod:MasterEye","sneckomod:UnknownDraw","sneckomod:DiceBoulder"],"picked":"SKIP","floor":4.0},{"not_picked":["sneckomod:DiceBoulder","sneckomod:SoulRoll"],"picked":"sneckomod:IronFang","floor":5.0},{"not_picked":["sneckomod:Memorize","sneckomod:SoulCleanse"],"picked":"sneckomod:UnknownWeak","floor":6.0},{"not_picked":["sneckomod:Unknown1Cost","sneckomod:SoulDraw"],"picked":"sneckomod:WideSting","floor":9.0},{"not_picked":["sneckomod:TrashToTreasure","sneckomod:DiceCrush"],"picked":"sneckomod:UnknownWeak","floor":11.0},{"not_picked":["sneckomod:UnknownDexterity","sneckomod:UnknownDraw","sneckomod:SnekBeam"],"picked":"SKIP","floor":13.0},{"not_picked":["sneckomod:UnknownUncommonSkill","sneckomod:Nope"],"picked":"sneckomod:UnknownUncommonAttack","floor":14.0},{"not_picked":["sneckomod:DiceCrush","sneckomod:MasterEye"],"picked":"sneckomod:UnknownBlock","floor":15.0},{"not_picked":["sneckomod:MorePower","sneckomod:GlitteringGambit"],"picked":"sneckomod:UnlimitedRolls","floor":16.0},{"not_picked":["sneckomod:Nope","sneckomod:Unknown1Cost"],"picked":"sneckomod:WideSting","floor":19},{"not_picked":["sneckomod:UnknownDraw","sneckomod:UnknownCommonAttack+1","sneckomod:SoulRoll"],"picked":"SKIP","floor":21},{"not_picked":["sneckomod:UnknownCommonAttack+1","sneckomod:UnknownColorless","sneckomod:IronFang"],"picked":"SKIP","floor":23},{"not_picked":["sneckomod:MixItUp","sneckomod:DiceCrush"],"picked":"sneckomod:UnknownDexterity","floor":25},{"not_picked":["sneckomod:SerpentIdol","sneckomod:UnknownBlock"],"picked":"sneckomod:UnknownUncommonAttack","floor":26},{"not_picked":["sneckomod:UnknownBoss","sneckomod:DiceCrush","sneckomod:Nope"],"picked":"SKIP","floor":30},{"not_picked":["sneckomod:SoulCleanse","sneckomod:UnknownCommonSkill","sneckomod:SoulDraw"],"picked":"SKIP","floor":32}],"player_experience":719113,"relics_obtained":[{"floor":6.0,"key":"Juzu Bracelet"},{"floor":7.0,"key":"Matryoshka"},{"floor":13.0,"key":"Torii"},{"floor":22,"key":"Akabeko"},{"floor":24,"key":"Art of War"},{"floor":24,"key":"MawBank"},{"floor":30,"key":"Centennial Puzzle"},{"floor":31,"key":"Blue Candle"},{"floor":34,"key":"Blood Vial"},{"floor":34,"key":"Kunai"},{"floor":34,"key":"Peace Pipe"}],"event_choices":[{"damage_healed":0.0,"max_hp_gain":5.0,"max_hp_loss":0.0,"gold_gain":0.0,"event_name":"Big Fish","player_choice":"Donut","floor":3.0,"gold_loss":0.0,"damage_taken":0.0},{"damage_healed":0.0,"max_hp_gain":0.0,"max_hp_loss":0.0,"gold_gain":0.0,"event_name":"Scrap Ooze","player_choice":"Success","floor":10.0,"gold_loss":0.0,"damage_taken":3.0,"relics_obtained":["MealTicket"]},{"damage_healed":0.0,"max_hp_gain":0.0,"max_hp_loss":0.0,"gold_gain":0.0,"event_name":"NoteForYourself","player_choice":"Ignored","floor":12.0,"gold_loss":0.0,"damage_taken":0.0}],"is_beta":false,"boss_relics":[{"not_picked":["Coffee Dripper","Philosopher\u0027s Stone"],"picked":"Snecko Eye"},{"not_picked":["Pandora\u0027s Box","Black Star"],"picked":"Calling Bell"}],"items_purged_floors":[],"is_endless":false,"potions_floor_spawned":[9,13,14,16,23,25,33],"ascension_level":1}}