{"host":"r53pw7z744tg3fxg","time":1610899252,"event":{"mods":["AchievementEnabler","BaseMod","Colored Map","Colored Powertips","Highlight Path","Minty Spire (QoL Compilation)","Quick Restart","Transform Curses"],"gold_per_floor":[114,114,128,138,148,148,148,148,148,148,183,183,214,225,225,299,299,311,311,311,311,21,52,52,17,43,43,53,83,83,101,101,178,178,194,194,194],"floor_reached":36,"language":"ENG","playtime":1468,"items_purged":["Writhe"],"score":758,"play_id":"ad98beba-8aa2-438b-bbde-55071f374fed","local_time":"20210117090052","is_ascension_mode":true,"campfire_choices":[{"data":"Wallop","floor":6.0,"key":"SMITH"},{"floor":8.0,"key":"REST"},{"data":"PathToVictory","floor":10.0,"key":"SMITH"},{"data":"CarveReality","floor":12.0,"key":"SMITH"},{"floor":15.0,"key":"REST"},{"floor":24.0,"key":"REST"},{"data":"Devotion","floor":27.0,"key":"SMITH"},{"floor":30.0,"key":"REST"},{"floor":32.0,"key":"REST"}],"circlet_count":0,"master_deck":["AscendersBane","Strike_P","Strike_P+1","Strike_P","Strike_P","Defend_P+1","Defend_P","Defend_P","Defend_P","Eruption+1","Vigilance","CarveReality+1","Wallop+1","CutThroughFate+1","PathToVictory+1","WindmillStrike","FearNoEvil","Devotion+1","FollowUp+1","Apotheosis+1","DeceiveReality+1","EmptyBody+1","BattleHymn","Prostrate+1","Halt+1","Brilliance","CurseOfTheBell","Consecrate"],"relics":["PureWater","MealTicket","StrikeDummy","Sundial","Black Star","Toxic Egg 2","Nilry\u0027s Codex","Mummified Hand","Question Card","Whetstone","Centennial Puzzle","Damaru","Calling Bell","Oddly Smooth Stone","Pantograph","WingedGreaves"],"acts_visited":["Exordium","TheCity","TheBeyond"],"potions_floor_usage":[35],"damage_taken":[{"damage":3.0,"enemies":"2 Louse","floor":1.0,"turns":4.0},{"damage":0.0,"enemies":"Cultist","floor":3.0,"turns":2.0},{"damage":0.0,"enemies":"Jaw Worm","floor":4.0,"turns":3.0},{"damage":3.0,"enemies":"Exordium Thugs","floor":5.0,"turns":3.0},{"damage":0.0,"enemies":"Gremlin Nob","floor":11.0,"turns":2.0},{"damage":14.0,"enemies":"3 Sentries","floor":13.0,"turns":9.0},{"damage":1.0,"enemies":"Blue Slaver","floor":14.0,"turns":3.0},{"damage":20.0,"enemies":"The Guardian","floor":16.0,"turns":9.0},{"damage":3.0,"enemies":"Spheric Guardian","floor":18.0,"turns":3.0},{"damage":32.0,"enemies":"Gremlin Leader","floor":23.0,"turns":5.0},{"damage":9.0,"enemies":"2 Thieves","floor":28.0,"turns":3.0},{"damage":43.0,"enemies":"Book of Stabbing","floor":29.0,"turns":6.0},{"damage":15.0,"enemies":"3 Cultists","floor":31.0,"turns":6.0},{"damage":37.0,"enemies":"Automaton","floor":33.0,"turns":8.0},{"damage":11,"enemies":"3 Shapes","floor":35,"turns":4},{"damage":51,"enemies":"2 Orb Walkers","floor":36,"turns":3}],"seed_played":"-5769385649936981752","potions_obtained":[{"floor":1.0,"key":"BottledMiracle"},{"floor":3.0,"key":"StancePotion"},{"floor":11.0,"key":"SkillPotion"},{"floor":16.0,"key":"Weak Potion"},{"floor":29.0,"key":"SteroidPotion"},{"floor":33,"key":"AttackPotion"}],"is_trial":false,"path_per_floor":["M","?","M","M","M","R","?","R","T","R","E","R","E","M","R","B",null,"M","?","?","?","$","E","R","$","T","R","M","E","R","M","R","B",null,"M","?"],"character_chosen":"WATCHER","items_purchased":["Apotheosis+1","DeceiveReality+1","BattleHymn"],"campfire_rested":5,"item_purchase_floors":[22,22,25],"current_hp_per_floor":[64,64,64,64,61,61,39,61,61,61,61,61,47,46,68,48,68,65,65,65,44,59,27,49,64,64,64,55,12,34,19,41,4,57,46,0,0],"gold":194,"neow_bonus":"TEN_PERCENT_HP_BONUS","is_daily":false,"chose_seed":false,"campfire_upgraded":4,"win_rate":0.0,"timestamp":1610899252,"path_taken":["M","?","M","M","?","R","?","R","T","R","E","R","E","M","R","BOSS","M","?","?","?","$","E","R","?","T","R","M","E","R","M","R","BOSS","BOSS","M","?"],"items_purchased_type":["Card","Card","Card"],"build_version":"2020-12-22","purchased_purges":1,"victory":false,"max_hp_per_floor":[74,74,74,74,74,74,74,74,74,74,74,74,74,74,74,74,74,74,74,74,74,74,74,74,74,74,74,74,74,74,74,74,74,74,74,74,74],"card_choices":[{"not_picked":["Halt","Meditate"],"picked":"CarveReality","floor":1.0},{"not_picked":["CrushJoints","CutThroughFate"],"picked":"Wallop","floor":3.0},{"not_picked":["WaveOfTheHand","TalkToTheHand"],"picked":"CutThroughFate","floor":4.0},{"not_picked":["CrushJoints","SashWhip"],"picked":"PathToVictory","floor":5.0},{"not_picked":["Crescendo","Nirvana","Indignation"],"picked":"SKIP","floor":11.0},{"not_picked":["WreathOfFlame","JustLucky"],"picked":"WindmillStrike","floor":13.0},{"not_picked":["Wireheading","Halt"],"picked":"FearNoEvil","floor":14.0},{"not_picked":["Judgement","SpiritShield"],"picked":"Devotion","floor":16.0},{"not_picked":["FlurryOfBlows","CutThroughFate"],"picked":"FollowUp","floor":18.0},{"not_picked":["FlurryOfBlows","ConjureBlade+1"],"picked":"EmptyBody+1","floor":23.0},{"not_picked":["FlurryOfBlows","CutThroughFate","ThirdEye+1"],"picked":"Prostrate+1","floor":28.0},{"not_picked":["Wallop","Scrawl+1","SignatureMove","Adaptation+1"],"picked":"SKIP","floor":29.0},{"not_picked":["DeceiveReality+1","Weave","JustLucky"],"picked":"Halt+1","floor":31.0},{"not_picked":["LessonLearned","Blasphemy+1","Omniscience+1"],"picked":"Brilliance","floor":33},{"not_picked":["Weave","SignatureMove","EmptyBody+1"],"picked":"Consecrate","floor":35}],"player_experience":1283335,"relics_obtained":[{"floor":9.0,"key":"MealTicket"},{"floor":11.0,"key":"StrikeDummy"},{"floor":13.0,"key":"Sundial"},{"floor":21.0,"key":"Nilry\u0027s Codex"},{"floor":23.0,"key":"Mummified Hand"},{"floor":23.0,"key":"Question Card"},{"floor":26.0,"key":"Whetstone"},{"floor":29.0,"key":"Centennial Puzzle"},{"floor":29.0,"key":"Damaru"},{"floor":34,"key":"Oddly Smooth Stone"},{"floor":34,"key":"Pantograph"},{"floor":34,"key":"WingedGreaves"}],"event_choices":[{"damage_healed":0.0,"max_hp_gain":0.0,"max_hp_loss":0.0,"gold_gain":0.0,"event_name":"Upgrade Shrine","player_choice":"Upgraded","floor":2.0,"gold_loss":0.0,"damage_taken":0.0,"cards_upgraded":["Eruption"]},{"damage_healed":0.0,"max_hp_gain":0.0,"max_hp_loss":0.0,"gold_gain":0.0,"event_name":"Shining Light","player_choice":"Entered Light","floor":7.0,"gold_loss":0.0,"damage_taken":22.0,"cards_upgraded":["Defend_P","CutThroughFate"]},{"damage_healed":0.0,"max_hp_gain":0.0,"max_hp_loss":0.0,"gold_gain":0.0,"event_name":"The Mausoleum","player_choice":"Opened","floor":19.0,"gold_loss":0.0,"damage_taken":0.0,"relics_obtained":["Toxic Egg 2"],"cards_obtained":["Writhe"]},{"damage_healed":0.0,"max_hp_gain":0.0,"max_hp_loss":0.0,"gold_gain":0.0,"event_name":"Vampires","player_choice":"Ignored","floor":20.0,"gold_loss":0.0,"damage_taken":0.0},{"damage_healed":0.0,"max_hp_gain":0.0,"max_hp_loss":0.0,"gold_gain":0.0,"event_name":"Cursed Tome","player_choice":"Obtained Book","floor":21.0,"gold_loss":0.0,"damage_taken":21.0},{"damage_healed":0,"gold_gain":0,"player_choice":"Fight","damage_taken":0,"max_hp_gain":0,"max_hp_loss":0,"event_name":"Mysterious Sphere","floor":36,"gold_loss":0}],"is_beta":false,"boss_relics":[{"not_picked":["Snecko Eye","Fusion Hammer"],"picked":"Black Star"},{"not_picked":["Sozu","Philosopher\u0027s Stone"],"picked":"Calling Bell"}],"items_purged_floors":[22],"is_endless":false,"potions_floor_spawned":[1,3,11,16,23,29,33],"killed_by":"2 Orb Walkers","ascension_level":15}}