{"host":"CK","time":1610847122,"event":{"mods":["2.2 Compatiblity","BaseMod","Bestiary","Block Reminder","Colored Powertips","DeckTracker","Displayed Cursed Tome","Minty Spire (QoL Compilation)","Permanent Neow","Slay-I","Unknown Chances"],"gold_per_floor":[109,109,184,184,284,322,322,366,389,403,403,416,434,448,448,537,537,551,766,766,787,801,801,321,321,321,364,364,364],"floor_reached":28,"language":"ENG","playtime":1512,"items_purged":["Strike_B"],"score":640,"play_id":"d91de47f-dc9c-41ad-894e-a74729e2a6b9","local_time":"20210116173202","is_ascension_mode":true,"campfire_choices":[{"data":"Zap","floor":7,"key":"SMITH"},{"data":"Darkness","floor":11,"key":"SMITH"},{"data":"Sunder","floor":15,"key":"SMITH"},{"floor":23,"key":"REST"},{"data":"Loop","floor":25,"key":"SMITH"}],"circlet_count":0,"master_deck":["AscendersBane","Strike_B","Strike_B+1","Strike_B","Defend_B","Defend_B","Defend_B","Defend_B","Zap+1","Dualcast","Sweeping Beam+1","Glacier","Reboot","Darkness+1","Sunder+1","Machine Learning","Cold Snap+1","Capacitor","Darkness+1","Loop+1","Reboot"],"relics":["Cracked Core","NeowsBlessing","Golden Idol","White Beast Statue","PreservedInsect","DataDisk","Ancient Tea Set","SlaversCollar","Old Coin","Pocketwatch","Bag of Preparation","DollysMirror","Whetstone"],"acts_visited":["TheCity"],"potions_floor_usage":[14,16,18,22,28],"damage_taken":[{"damage":0,"enemies":"Jaw Worm","floor":1,"turns":1},{"damage":0,"enemies":"Lagavulin","floor":6,"turns":1},{"damage":0,"enemies":"Gremlin Nob","floor":8,"turns":1},{"damage":1,"enemies":"Small Slimes","floor":10,"turns":4},{"damage":0,"enemies":"2 Louse","floor":12,"turns":3},{"damage":5,"enemies":"Red Slaver","floor":13,"turns":4},{"damage":8,"enemies":"3 Louse","floor":14,"turns":2},{"damage":0,"enemies":"Slime Boss","floor":16,"turns":5},{"damage":33,"enemies":"2 Thieves","floor":18,"turns":3},{"damage":10,"enemies":"3 Byrds","floor":21,"turns":5},{"damage":21,"enemies":"Snake Plant","floor":22,"turns":3},{"damage":30,"enemies":"Gremlin Leader","floor":27,"turns":4},{"damage":10,"enemies":"Centurion and Healer","floor":28,"turns":4}],"seed_played":"2689884389561296862","potions_obtained":[{"floor":1,"key":"DuplicationPotion"},{"floor":6,"key":"SkillPotion"},{"floor":12,"key":"EssenceOfDarkness"},{"floor":13,"key":"Fruit Juice"},{"floor":14,"key":"Fire Potion"},{"floor":16,"key":"FairyPotion"},{"floor":18,"key":"CultistPotion"},{"floor":21,"key":"EssenceOfDarkness"},{"floor":22,"key":"BlessingOfTheForge"},{"floor":27,"key":"Fire Potion"}],"is_trial":false,"path_per_floor":["M","?","?","T","?","E","R","E","T","M","R","M","M","M","R","B",null,"M","?","T","M","M","R","$","R","T","E","M"],"character_chosen":"DEFECT","items_purchased":["Bag of Preparation","DollysMirror","Loop"],"campfire_rested":1,"item_purchase_floors":[24,24,24],"current_hp_per_floor":[64,64,53,53,53,53,53,53,53,52,52,52,47,44,44,44,63,30,30,30,20,20,40,40,40,40,10,0,0],"gold":364,"neow_bonus":"THREE_ENEMY_KILL","is_daily":false,"chose_seed":false,"campfire_upgraded":4,"win_rate":0.0,"timestamp":1610847122,"path_taken":["M","?","?","?","?","E","R","E","T","M","R","?","M","M","R","BOSS","M","?","?","M","?","R","$","R","T","E","M"],"items_purchased_type":["Relic","Relic","Card"],"build_version":"2020-12-18","purchased_purges":1,"victory":false,"max_hp_per_floor":[71,64,64,64,64,64,64,64,64,64,64,64,64,69,69,69,69,69,69,69,69,69,69,69,69,69,69,69,69],"card_choices":[{"not_picked":["Defragment","Barrage","Sweeping Beam"],"picked":"SKIP","floor":1},{"not_picked":["Defragment","Barrage"],"picked":"Sweeping Beam","floor":1},{"not_picked":["Hologram","Streamline"],"picked":"Glacier","floor":6},{"not_picked":["Cold Snap","Storm"],"picked":"Reboot","floor":8},{"not_picked":["Leap","Steam Power"],"picked":"Darkness","floor":10},{"not_picked":["Redo","Sweeping Beam"],"picked":"Sunder","floor":12},{"not_picked":["Streamline","Coolheaded","Gash"],"picked":"SKIP","floor":13},{"not_picked":["Coolheaded","Stack","Hello World"],"picked":"SKIP","floor":14},{"not_picked":["All For One","Thunder Strike"],"picked":"Machine Learning","floor":16},{"not_picked":["Rebound","Coolheaded"],"picked":"Cold Snap+1","floor":18},{"not_picked":["Leap+1","Coolheaded"],"picked":"Capacitor","floor":21},{"not_picked":["Redo","Heatsinks+1","Force Field"],"picked":"SKIP","floor":22},{"not_picked":["Chaos","Go for the Eyes"],"picked":"Reboot","floor":27}],"player_experience":1143866,"relics_obtained":[{"floor":4,"key":"White Beast Statue"},{"floor":6,"key":"PreservedInsect"},{"floor":8,"key":"DataDisk"},{"floor":9,"key":"Ancient Tea Set"},{"floor":20,"key":"Pocketwatch"},{"floor":27,"key":"Whetstone"}],"event_choices":[{"damage_healed":0,"gold_gain":0,"player_choice":"Lose Max HP","damage_taken":0,"relics_obtained":["Golden Idol"],"max_hp_gain":0,"max_hp_loss":7,"event_name":"Golden Idol","floor":2,"gold_loss":0},{"damage_healed":0,"gold_gain":75,"player_choice":"Gather Gold","damage_taken":11,"max_hp_gain":0,"max_hp_loss":0,"event_name":"World of Goop","floor":3,"gold_loss":0},{"damage_healed":0,"gold_gain":100,"player_choice":"Gold","damage_taken":0,"max_hp_gain":0,"max_hp_loss":0,"event_name":"Wheel of Change","floor":5,"gold_loss":0},{"damage_healed":0,"gold_gain":0,"player_choice":"Obtained Relic","damage_taken":0,"relics_obtained":["Old Coin"],"max_hp_gain":0,"max_hp_loss":0,"event_name":"Addict","floor":19,"gold_loss":85}],"is_beta":true,"boss_relics":[{"not_picked":["FrozenCore","Coffee Dripper"],"picked":"SlaversCollar"}],"items_purged_floors":[24],"is_endless":false,"potions_floor_spawned":[1,6,8,10,12,13,14,16,18,21,22,27],"killed_by":"Centurion and Healer","ascension_level":17}}