{"host":"ndpbn7fqb3wjbd7p","time":1610843782,"event":{"mods":["AchievementEnabler","Act Like it!","AlwaysNeverKeys","BaseMod","Better Vampires","Block Reminder","Colored Powertips","DeckTracker","Defuse TimeMaze Blight","Friendly Minions","Hallownest","Hermit","Highlight Path","MarisaÅiñ∂âJÅ@ñÇóùçπÅj","Minty Spire (QoL Compilation)","Permanent Neow","Shade Mod","StSLib","SuperFastMode","Synergy Search","The Mystic","Unceasing Turn Reminder","Wandering Minibosses","egg"],"gold_per_floor":[111,36,50,69,88,88,88,88],"floor_reached":7,"language":"ENG","playtime":669,"items_purged":["Defend_G"],"score":75,"play_id":"25d84245-dd77-45c0-9a6b-b5f5139d8c0b","local_time":"20210117013622","is_ascension_mode":true,"campfire_choices":[{"data":"Outmaneuver","floor":6,"key":"SMITH"}],"circlet_count":0,"master_deck":["AscendersBane","Strike_G","Strike_G","Strike_G","Strike_G","Strike_G","Defend_G","Defend_G","Defend_G","Defend_G","Survivor","Neutralize","Deflect","Outmaneuver+1","Cloak And Dagger","Well Laid Plans"],"relics":["Ring of the Snake","Snake Skull"],"acts_visited":["Exordium"],"potions_floor_usage":[5],"damage_taken":[{"damage":0,"enemies":"Hallownest:2_MossCreeps","floor":1,"turns":9},{"damage":3,"enemies":"Hallownest:2_Tiktiks_and_1_Crawlid","floor":3,"turns":7},{"damage":1,"enemies":"Hallownest:2_Baldur","floor":4,"turns":7},{"damage":40,"enemies":"Hallownest:MossCreep_and_Mosskin","floor":5,"turns":13},{"damage":18,"enemies":"Hallownest:eliteCrystalGuardian","floor":7,"turns":6}],"seed_played":"5867561896103061648","potions_obtained":[{"floor":4,"key":"SneckoOil"}],"is_trial":false,"path_per_floor":["M","$","M","M","M","R","E"],"character_chosen":"THE_SILENT","items_purchased":[],"campfire_rested":0,"item_purchase_floors":[],"current_hp_per_floor":[59,59,56,55,15,15,0,0],"gold":88,"neow_bonus":"RANDOM_COMMON_RELIC","is_daily":false,"chose_seed":false,"campfire_upgraded":1,"win_rate":0.0,"timestamp":1610843782,"path_taken":["M","$","M","?","M","R","E"],"items_purchased_type":[],"build_version":"2020-12-22","purchased_purges":1,"victory":false,"max_hp_per_floor":[66,66,66,66,66,66,66,66],"card_choices":[{"not_picked":["Dagger Spray","Choke"],"picked":"Deflect","floor":1},{"not_picked":["Sucker Punch","Dagger Spray"],"picked":"Outmaneuver","floor":3},{"not_picked":["Riddle With Holes","Quick Slash"],"picked":"Cloak And Dagger","floor":4},{"not_picked":["Sucker Punch","Skewer"],"picked":"Well Laid Plans","floor":5}],"player_experience":1139836,"relics_obtained":[],"event_choices":[],"is_beta":false,"boss_relics":[],"items_purged_floors":[2],"is_endless":false,"potions_floor_spawned":[4],"killed_by":"Hallownest:eliteCrystalGuardian","ascension_level":15}}