{"host":"3jpwrwmmgyabjceh","time":1610914754,"event":{"mods":["AchievementEnabler","BaseMod","Colored Map","Colored Powertips","Highlight Path","Minty Spire (QoL Compilation)","Quick Restart","Relic Stats","StSLib","SuperFastMode"],"gold_per_floor":[18,18,28,45,62,92,92,108,134,166,166,196,215,226,226,322,322,337,352,379,392,51,51,79,79,104,104,139,139,139,167,167,264,264,281,295,64,76,122,122,154,254,254,254,8,8,36,56,56,56,56,56,36,64,64,64],"floor_reached":55,"language":"ENG","playtime":1846,"items_purged":["Bite"],"score":1019,"play_id":"6e426485-9181-4de0-8d82-9e6b26219fcd","local_time":"20210117231914","is_ascension_mode":true,"campfire_choices":[{"data":"Bash","floor":7.0,"key":"SMITH"},{"data":"Pommel Strike","floor":11.0,"key":"SMITH"},{"data":"Inflame","floor":15.0,"key":"SMITH"},{"data":"Spot Weakness","floor":23.0,"key":"SMITH"},{"data":"True Grit","floor":25.0,"key":"SMITH"},{"data":"Feed","floor":30.0,"key":"SMITH"},{"data":"Pommel Strike","floor":32.0,"key":"SMITH"},{"floor":44.0,"key":"RECALL"},{"floor":46.0,"key":"REST"},{"data":"Inflame","floor":49.0,"key":"SMITH"},{"data":"Disarm","floor":52.0,"key":"SMITH"}],"circlet_count":0,"master_deck":["Defend_R+1","Defend_R+1","Defend_R","Defend_R","Bash+1","Shrug It Off","Pommel Strike+1","Cleave","Inflame+1","Shrug It Off","Dropkick","Heavy Blade","Thunderclap","Pommel Strike+1","Fiend Fire+1","True Grit+1","Clothesline+1","Battle Trance+1","Spot Weakness+1","Anger+1","Flame Barrier+1","Bite","Bite","Bite","Bite","Feed+1","Pommel Strike+1","Immolate","Inflame+1","True Grit+1","Armaments+1","Disarm+1","Anger","True Grit+1"],"relics":["Burning Blood","Mango","Anchor","Toy Ornithopter","War Paint","Omamori","Philosopher\u0027s Stone","Red Mask","Ornamental Fan","Juzu Bracelet","Vajra","Pen Nib","The Courier","SlaversCollar","Bag of Marbles","Lantern","StoneCalendar","Centennial Puzzle","Whetstone","Gremlin Horn","Boot"],"acts_visited":["Exordium","TheCity","TheBeyond","TheEnding"],"potions_floor_usage":[55,55,55],"damage_taken":[{"damage":10.0,"enemies":"2 Louse","floor":1.0,"turns":3.0},{"damage":10.0,"enemies":"Cultist","floor":3.0,"turns":4.0},{"damage":1.0,"enemies":"Small Slimes","floor":4.0,"turns":3.0},{"damage":14.0,"enemies":"3 Louse","floor":5.0,"turns":4.0},{"damage":32.0,"enemies":"Gremlin Nob","floor":6.0,"turns":4.0},{"damage":0.0,"enemies":"Large Slime","floor":8.0,"turns":4.0},{"damage":16.0,"enemies":"Lagavulin","floor":10.0,"turns":5.0},{"damage":12.0,"enemies":"Gremlin Nob","floor":12.0,"turns":4.0},{"damage":10.0,"enemies":"Lots of Slimes","floor":13.0,"turns":5.0},{"damage":1.0,"enemies":"Looter","floor":14.0,"turns":2.0},{"damage":29.0,"enemies":"The Guardian","floor":16.0,"turns":11.0},{"damage":0.0,"enemies":"Chosen","floor":18.0,"turns":3.0},{"damage":33.0,"enemies":"3 Byrds","floor":19.0,"turns":6.0},{"damage":0.0,"enemies":"Masked Bandits","floor":20.0,"turns":2.0},{"damage":55.0,"enemies":"Centurion and Healer","floor":21.0,"turns":6.0},{"damage":0.0,"enemies":"Slavers","floor":24.0,"turns":4.0},{"damage":14.0,"enemies":"Book of Stabbing","floor":28.0,"turns":4.0},{"damage":26.0,"enemies":"Gremlin Leader","floor":31.0,"turns":5.0},{"damage":49.0,"enemies":"Champ","floor":33.0,"turns":9.0},{"damage":0.0,"enemies":"Orb Walker","floor":35.0,"turns":2.0},{"damage":10.0,"enemies":"3 Shapes","floor":36.0,"turns":4.0},{"damage":11.0,"enemies":"Jaw Worm Horde","floor":38.0,"turns":5.0},{"damage":25.0,"enemies":"2 Orb Walkers","floor":39.0,"turns":5.0},{"damage":36.0,"enemies":"Nemesis","floor":41.0,"turns":5.0},{"damage":0.0,"enemies":"Reptomancer","floor":47.0,"turns":4.0},{"damage":4.0,"enemies":"Maw","floor":48.0,"turns":6.0},{"damage":48.0,"enemies":"Donu and Deca","floor":50.0,"turns":6.0},{"damage":7.0,"enemies":"Shield and Spear","floor":54.0,"turns":4.0},{"damage":75,"enemies":"The Heart","floor":55,"turns":6}],"seed_played":"-7011408910750250269","potions_obtained":[{"floor":3.0,"key":"Energy Potion"},{"floor":4.0,"key":"BlessingOfTheForge"},{"floor":6.0,"key":"DistilledChaos"},{"floor":10.0,"key":"Weak Potion"},{"floor":13.0,"key":"BlessingOfTheForge"},{"floor":18.0,"key":"Ancient Potion"},{"floor":19.0,"key":"BloodPotion"},{"floor":21.0,"key":"DistilledChaos"},{"floor":33.0,"key":"Ancient Potion"},{"floor":38.0,"key":"Fire Potion"},{"floor":41.0,"key":"LiquidBronze"},{"floor":47.0,"key":"Block Potion"},{"floor":54.0,"key":"Swift Potion"}],"is_trial":false,"path_per_floor":["M","?","M","M","M","E","R","M","T","E","R","E","M","M","R","B",null,"M","M","?","M","$","R","E","R","T","?","E","?","R","E","R","B",null,"M","M","$","M","?","?","E","?","T","R","$","R","E","M","R","B",null,"R","$","E","B"],"character_chosen":"IRONCLAD","items_purchased":["Spot Weakness","Ornamental Fan","Anger","Bag of Marbles","Lantern","Whetstone","Disarm","Anger"],"campfire_rested":1,"item_purchase_floors":[22,22,22,37,37,45,45,53],"current_hp_per_floor":[90,90,86,91,83,57,57,63,63,58,58,57,53,58,58,35,94,94,67,78,52,52,52,63,63,63,63,59,59,59,47,47,14,65,65,63,63,62,51,51,27,27,27,27,27,46,61,66,66,32,70,70,70,73,0,0],"gold":64,"neow_bonus":"ONE_RARE_RELIC","is_daily":false,"chose_seed":false,"campfire_upgraded":9,"win_rate":0.0,"timestamp":1610914754,"path_taken":["M","?","M","?","M","E","R","?","T","E","R","E","M","M","R","BOSS","M","M","?","M","$","R","E","R","T","?","E","?","R","E","R","BOSS","M","M","$","M","?","?","E","?","T","R","$","R","E","M","R","BOSS","R","$","E","BOSS"],"items_purchased_type":["Card","Relic","Card","Relic","Relic","Relic","Card","Card"],"build_version":"2020-12-22","purchased_purges":1,"victory":false,"max_hp_per_floor":[94,94,94,94,94,94,94,94,94,94,94,94,94,94,94,94,94,94,94,94,94,94,94,94,94,94,65,65,65,65,65,65,65,65,65,65,65,65,69,66,66,66,66,66,66,66,66,66,66,70,70,70,70,74,74,74],"relic_stats":{"Gremlin Horn":[1,2],"counters":[29,135],"StoneCalendar":[0],"Pen Nib":[14],"Juzu Bracelet":0,"Whetstone":["Anger","Fiend Fire"],"War Paint":["Defend_R","Defend_R"],"Boot":[0],"Burning Blood":153,"Centennial Puzzle":[12],"Ornamental Fan":[128],"obtain_stats":[{"Lantern":37,"Gremlin Horn":47,"Vajra":26,"Mango":0,"StoneCalendar":39,"Pen Nib":28,"The Courier":31,"Omamori":12,"Juzu Bracelet":24,"Whetstone":45,"War Paint":10,"Boot":54,"Burning Blood":0,"SlaversCollar":34,"Anchor":6,"Centennial Puzzle":41,"Ornamental Fan":22,"Philosopher\u0027s Stone":17,"Red Mask":20,"Bag of Marbles":37,"Toy Ornithopter":9},{"Lantern":21,"Gremlin Horn":25,"Vajra":16,"Mango":0,"StoneCalendar":23,"Pen Nib":17,"The Courier":18,"Omamori":8,"Juzu Bracelet":16,"Whetstone":24,"War Paint":7,"Boot":28,"Burning Blood":0,"SlaversCollar":19,"Anchor":5,"Centennial Puzzle":24,"Ornamental Fan":15,"Philosopher\u0027s Stone":11,"Red Mask":14,"Bag of Marbles":21,"Toy Ornithopter":6},{"Lantern":94,"Gremlin Horn":113,"Vajra":70,"Mango":0,"StoneCalendar":104,"Pen Nib":74,"The Courier":79,"Omamori":31,"Juzu Bracelet":70,"Whetstone":109,"War Paint":27,"Boot":129,"Burning Blood":0,"SlaversCollar":88,"Anchor":18,"Centennial Puzzle":109,"Ornamental Fan":66,"Philosopher\u0027s Stone":49,"Red Mask":60,"Bag of Marbles":94,"Toy Ornithopter":22}],"Toy Ornithopter":31},"card_choices":[{"not_picked":["Fire Breathing","Seeing Red"],"picked":"Shrug It Off","floor":1.0},{"not_picked":["Dual Wield","Intimidate"],"picked":"Pommel Strike","floor":3.0},{"not_picked":["Thunderclap","Headbutt","Infernal Blade"],"picked":"SKIP","floor":4.0},{"not_picked":["Iron Wave","Heavy Blade"],"picked":"Cleave","floor":5.0},{"not_picked":["Entrench","Pommel Strike"],"picked":"Inflame","floor":6.0},{"not_picked":["Fire Breathing","Sentinel"],"picked":"Shrug It Off","floor":8.0},{"not_picked":["Iron Wave","Feel No Pain"],"picked":"Dropkick","floor":10.0},{"not_picked":["Bludgeon","Headbutt"],"picked":"Heavy Blade","floor":12.0},{"not_picked":["Perfected Strike","Shrug It Off"],"picked":"Thunderclap","floor":13.0},{"not_picked":["Perfected Strike","Shrug It Off"],"picked":"Pommel Strike","floor":14.0},{"not_picked":["Double Tap","Limit Break"],"picked":"Fiend Fire","floor":16.0},{"not_picked":["Dual Wield","Thunderclap+1","Shrug It Off"],"picked":"SKIP","floor":18.0},{"not_picked":["Shrug It Off","Anger"],"picked":"True Grit","floor":19.0},{"not_picked":["Anger","Headbutt+1"],"picked":"Clothesline+1","floor":20.0},{"not_picked":["Pummel","Uppercut"],"picked":"Battle Trance+1","floor":21.0},{"not_picked":["Wild Strike","Flex+1"],"picked":"Flame Barrier+1","floor":24.0},{"not_picked":["Havoc+1","Blood for Blood"],"picked":"Feed","floor":28.0},{"not_picked":["Metallicize","Cleave"],"picked":"Pommel Strike+1","floor":31.0},{"not_picked":["Barricade","Exhume"],"picked":"Immolate","floor":33.0},{"not_picked":["Headbutt+1","Iron Wave+1"],"picked":"Inflame","floor":35.0},{"not_picked":["Seeing Red","Fire Breathing+1","Sentinel"],"picked":"SKIP","floor":36.0},{"not_picked":["Pommel Strike+1","Wild Strike+1"],"picked":"True Grit+1","floor":38.0},{"not_picked":["Rupture","True Grit"],"picked":"Armaments+1","floor":41.0},{"not_picked":["Cleave+1","Sever Soul","Headbutt+1"],"picked":"SKIP","floor":47.0},{"not_picked":["Body Slam+1","Headbutt","True Grit"],"picked":"SKIP","floor":48.0},{"not_picked":["Disarm","Pommel Strike+1"],"picked":"True Grit+1","floor":54.0}],"player_experience":247059,"relics_obtained":[{"floor":6.0,"key":"Anchor"},{"floor":9.0,"key":"Toy Ornithopter"},{"floor":10.0,"key":"War Paint"},{"floor":12.0,"key":"Omamori"},{"floor":20.0,"key":"Red Mask"},{"floor":24.0,"key":"Juzu Bracelet"},{"floor":26.0,"key":"Vajra"},{"floor":28.0,"key":"Pen Nib"},{"floor":31.0,"key":"The Courier"},{"floor":39.0,"key":"StoneCalendar"},{"floor":41.0,"key":"Centennial Puzzle"},{"floor":47.0,"key":"Gremlin Horn"},{"floor":54.0,"key":"Boot"}],"event_choices":[{"cards_removed":["Strike_R"],"damage_healed":0.0,"max_hp_gain":0.0,"max_hp_loss":0.0,"gold_gain":0.0,"event_name":"Bonfire Elementals","player_choice":"Offered Basic","floor":2.0,"gold_loss":0.0,"damage_taken":0.0},{"damage_healed":0.0,"max_hp_gain":0.0,"max_hp_loss":0.0,"gold_gain":0.0,"event_name":"Masked Bandits","player_choice":"Fought Bandits","floor":20.0,"gold_loss":0.0,"damage_taken":0.0},{"damage_healed":0.0,"max_hp_gain":0.0,"max_hp_loss":29.0,"gold_gain":0.0,"event_name":"Vampires","player_choice":"Became a vampire","floor":27.0,"gold_loss":0.0,"damage_taken":0.0,"cards_obtained":["Bite","Bite","Bite","Bite","Bite"]},{"damage_healed":0.0,"max_hp_gain":0.0,"max_hp_loss":0.0,"gold_gain":0.0,"event_name":"Ghosts","player_choice":"Ignored","floor":29.0,"gold_loss":0.0,"damage_taken":0.0},{"damage_healed":0.0,"max_hp_gain":0.0,"max_hp_loss":0.0,"gold_gain":0.0,"event_name":"Mysterious Sphere","player_choice":"Fight","floor":39.0,"gold_loss":0.0,"damage_taken":0.0},{"damage_healed":0.0,"max_hp_gain":0.0,"max_hp_loss":3.0,"gold_gain":0.0,"event_name":"Winding Halls","player_choice":"Max HP","floor":40.0,"gold_loss":0.0,"damage_taken":0.0},{"damage_healed":0.0,"max_hp_gain":0.0,"max_hp_loss":0.0,"gold_gain":100.0,"event_name":"Golden Shrine","player_choice":"Pray","floor":42.0,"gold_loss":0.0,"damage_taken":0.0}],"is_beta":false,"boss_relics":[{"not_picked":["Ectoplasm","Runic Dome"],"picked":"Philosopher\u0027s Stone"},{"not_picked":["Busted Crown","Fusion Hammer"],"picked":"SlaversCollar"}],"items_purged_floors":[45],"is_endless":false,"potions_floor_spawned":[3,4,6,10,13,18,19,21,33,38,41,47,54],"killed_by":"The Heart","ascension_level":4}}