{"host":"qgrlfjrqk9z96gfi","time":1610923397,"event":{"mods":["BaseMod","Block Reminder","Colored Map","Custom Start","DeckTracker","Minty Spire (QoL Compilation)"],"gold_per_floor":[116,16,16,97,115,115,144,144,144,163,178,178,210,210,210,299,299,320,120,120,120,120,120,149,149,172,199,215,215,242,292,292,369,369,388,406,456,466,486,486,515,57,57,57,82,82,97,124,124,124,124,124],"floor_reached":51,"language":"ENG","playtime":2441,"items_purged":["Strike_G","Parasite","Quick Slash"],"score":1644,"play_id":"95f6dcc3-9b7b-4caf-8b73-6a0e00ab8d03","local_time":"20210117124317","is_ascension_mode":true,"campfire_choices":[{"data":"Neutralize","floor":6.0,"key":"SMITH"},{"data":"Underhanded Strike","floor":8.0,"key":"SMITH"},{"data":"Eviscerate","floor":15.0,"key":"SMITH"},{"data":"Ghostly","floor":23.0,"key":"SMITH"},{"data":"Ghostly","floor":25.0,"key":"SMITH"},{"data":"Wraith Form v2","floor":29.0,"key":"SMITH"},{"data":"Well Laid Plans","floor":32.0,"key":"SMITH"},{"data":"Catalyst","floor":40.0,"key":"SMITH"},{"floor":44.0,"key":"RECALL"},{"data":"Wraith Form v2","floor":49.0,"key":"SMITH"}],"circlet_count":0,"master_deck":["AscendersBane","Survivor","Neutralize+1","Flying Knee","Underhanded Strike+1","Dagger Throw","Eviscerate+1","Calculated Gamble","Concentrate","Die Die Die","Corpse Explosion","Well Laid Plans+1","Glass Knife","Crippling Poison","Glass Knife","Envenom","Adrenaline","Calculated Gamble","Bane","Dash","Cloak And Dagger","Heel Hook","Ghostly+1","Ghostly+1","Ghostly","Wraith Form v2+1","Leg Sweep+1","Wraith Form v2+1","Escape Plan+1","Noxious Fumes+1","Catalyst+1","Tools of the Trade","Catalyst+1"],"relics":["Ring of the Snake","NeowsBlessing","HornCleat","Mercury Hourglass","The Specimen","Singing Bowl","Bloody Idol","Pandora\u0027s Box","Mango","Omamori","Dream Catcher","Pantograph","Philosopher\u0027s Stone","Question Card","PreservedInsect","Meat on the Bone","Pen Nib"],"acts_visited":["Exordium","TheCity","TheBeyond"],"potions_floor_usage":[51],"damage_taken":[{"damage":0.0,"enemies":"Jaw Worm","floor":1.0,"turns":1.0},{"damage":0.0,"enemies":"Small Slimes","floor":5.0,"turns":1.0},{"damage":0.0,"enemies":"Gremlin Nob","floor":7.0,"turns":1.0},{"damage":0.0,"enemies":"2 Louse","floor":10.0,"turns":2.0},{"damage":0.0,"enemies":"Large Slime","floor":11.0,"turns":4.0},{"damage":7.0,"enemies":"3 Sentries","floor":13.0,"turns":5.0},{"damage":18.0,"enemies":"Hexaghost","floor":16.0,"turns":9.0},{"damage":18.0,"enemies":"3 Byrds","floor":18.0,"turns":2.0},{"damage":0.0,"enemies":"Gremlin Leader","floor":24.0,"turns":5.0},{"damage":3.0,"enemies":"Slavers","floor":27.0,"turns":2.0},{"damage":0.0,"enemies":"2 Thieves","floor":28.0,"turns":2.0},{"damage":6.0,"enemies":"Gremlin Leader","floor":30.0,"turns":7.0},{"damage":15.0,"enemies":"Collector","floor":33.0,"turns":7.0},{"damage":3.0,"enemies":"Orb Walker","floor":35.0,"turns":4.0},{"damage":5.0,"enemies":"3 Darklings","floor":36.0,"turns":4.0},{"damage":7.0,"enemies":"Maw","floor":38.0,"turns":8.0},{"damage":4.0,"enemies":"Spire Growth","floor":39.0,"turns":6.0},{"damage":4.0,"enemies":"Nemesis","floor":41.0,"turns":9.0},{"damage":4.0,"enemies":"Reptomancer","floor":45.0,"turns":4.0},{"damage":9.0,"enemies":"Jaw Worm Horde","floor":47.0,"turns":4.0},{"damage":6.0,"enemies":"Giant Head","floor":48.0,"turns":7.0},{"damage":26.0,"enemies":"Donu and Deca","floor":50.0,"turns":8.0},{"damage":53,"enemies":"Awakened One","floor":51,"turns":8}],"seed_played":"6786854541249620832","potions_obtained":[{"floor":7.0,"key":"LiquidMemories"},{"floor":10.0,"key":"Poison Potion"},{"floor":16.0,"key":"Poison Potion"},{"floor":18.0,"key":"GamblersBrew"},{"floor":28.0,"key":"FearPotion"},{"floor":30.0,"key":"Strength Potion"},{"floor":35.0,"key":"AttackPotion"},{"floor":47.0,"key":"Fire Potion"}],"is_trial":false,"path_per_floor":["M","$","?","T","M","R","E","R","T","M","M","?","E","?","R","B",null,"M","$","?","$","?","R","E","R","T","E","M","R","E","?","R","B",null,"M","M","?","M","M","R","E","$","T","R","E","$","M","E","R","B","B"],"character_chosen":"THE_SILENT","items_purchased":["Quick Slash","Cloak And Dagger","Heel Hook","Tools of the Trade","PreservedInsect"],"campfire_rested":0,"item_purchase_floors":[2,19,19,42,42],"current_hp_per_floor":[59,59,39,39,39,39,39,39,39,39,39,55,48,48,48,30,53,35,35,28,28,28,28,44,44,44,44,44,44,45,46,46,36,44,46,48,48,46,47,47,50,50,50,50,50,50,48,49,49,28,0,0],"gold":124,"neow_bonus":"THREE_ENEMY_KILL","is_daily":false,"chose_seed":false,"campfire_upgraded":9,"win_rate":0.0,"timestamp":1610923397,"path_taken":["M","$","?","?","?","R","E","R","T","M","M","?","E","?","R","BOSS","M","$","?","?","?","R","E","R","T","E","M","R","E","?","R","BOSS","M","M","?","?","M","R","E","?","T","R","E","$","M","E","R","BOSS","BOSS"],"items_purchased_type":["Card","Card","Card","Card","Relic"],"build_version":"2020-12-22","purchased_purges":3,"victory":false,"max_hp_per_floor":[66,66,66,66,66,66,66,66,66,66,66,66,66,60,60,60,60,60,57,28,28,28,28,44,44,44,44,44,44,46,46,46,46,46,46,48,48,48,48,48,50,50,50,50,50,50,52,54,54,54,54,54],"card_choices":[{"not_picked":["Prepared","Well Laid Plans"],"picked":"Flying Knee","floor":1.0},{"not_picked":["Acrobatics","Slice"],"picked":"Underhanded Strike","floor":5.0},{"not_picked":["Underhanded Strike","Sucker Punch"],"picked":"Dagger Throw","floor":7.0},{"not_picked":["Blur","Outmaneuver"],"picked":"Eviscerate","floor":10.0},{"not_picked":["Underhanded Strike","Well Laid Plans"],"picked":"Calculated Gamble","floor":11.0},{"not_picked":["Storm of Steel","Expertise"],"picked":"Concentrate","floor":13.0},{"not_picked":["Bullet Time","After Image"],"picked":"Die Die Die","floor":16.0},{"not_picked":["All Out Attack+1","Backstab"],"picked":"Dash","floor":18.0},{"not_picked":["Cloak And Dagger","Poisoned Stab","Endless Agony"],"picked":"Singing Bowl","floor":24.0},{"not_picked":["All Out Attack","Flying Knee"],"picked":"Wraith Form v2","floor":27.0},{"not_picked":["Flechettes","Deflect"],"picked":"Leg Sweep+1","floor":28.0},{"not_picked":["Flechettes+1","Underhanded Strike","Envenom"],"picked":"Singing Bowl","floor":30.0},{"not_picked":["Venomology","Malaise"],"picked":"Wraith Form v2","floor":33.0},{"not_picked":["Expertise","Deflect"],"picked":"Escape Plan+1","floor":35.0},{"not_picked":["Quick Slash","Cloak And Dagger+1","Deflect"],"picked":"Singing Bowl","floor":36.0},{"not_picked":["Deflect","Crippling Poison"],"picked":"Noxious Fumes+1","floor":38.0},{"not_picked":["PiercingWail+1","Quick Slash"],"picked":"Catalyst","floor":39.0},{"not_picked":["Expertise","Bouncing Flask","Backflip+1"],"picked":"Singing Bowl","floor":41.0},{"not_picked":["Storm of Steel","Concentrate","Flying Knee+1"],"picked":"Catalyst+1","floor":45.0},{"not_picked":["Footwork","Flying Knee","Crippling Poison","Deadly Poison"],"picked":"Singing Bowl","floor":47.0},{"not_picked":["Flechettes","Escape Plan","Dodge and Roll","Blade Dance+1"],"picked":"Singing Bowl","floor":48.0}],"player_experience":1017829,"relics_obtained":[{"floor":4.0,"key":"HornCleat"},{"floor":7.0,"key":"Mercury Hourglass"},{"floor":9.0,"key":"The Specimen"},{"floor":13.0,"key":"Singing Bowl"},{"floor":24.0,"key":"Mango"},{"floor":26.0,"key":"Omamori"},{"floor":27.0,"key":"Dream Catcher"},{"floor":30.0,"key":"Pantograph"},{"floor":41.0,"key":"Question Card"},{"floor":45.0,"key":"Meat on the Bone"},{"floor":48.0,"key":"Pen Nib"}],"event_choices":[{"damage_healed":0.0,"max_hp_gain":0.0,"max_hp_loss":0.0,"gold_gain":0.0,"event_name":"Shining Light","player_choice":"Entered Light","floor":3.0,"gold_loss":0.0,"damage_taken":20.0,"cards_upgraded":["Defend_G","Strike_G"]},{"damage_healed":16.0,"max_hp_gain":0.0,"max_hp_loss":0.0,"gold_gain":0.0,"event_name":"Mushrooms","player_choice":"Healed and dodged fight","floor":12.0,"gold_loss":0.0,"damage_taken":0.0,"cards_obtained":["Parasite"]},{"damage_healed":0.0,"max_hp_gain":0.0,"max_hp_loss":6.0,"gold_gain":0.0,"event_name":"Golden Idol","player_choice":"Lose Max HP","floor":14.0,"gold_loss":0.0,"damage_taken":0.0,"relics_obtained":["Golden Idol"]},{"damage_healed":0.0,"max_hp_gain":0.0,"max_hp_loss":29.0,"gold_gain":0.0,"event_name":"Ghosts","player_choice":"Became a Ghost","floor":20.0,"gold_loss":0.0,"damage_taken":0.0,"cards_obtained":["Ghostly","Ghostly","Ghostly"]},{"damage_healed":0.0,"max_hp_gain":0.0,"max_hp_loss":0.0,"gold_gain":0.0,"event_name":"Forgotten Altar","player_choice":"Gave Idol","floor":22.0,"relics_lost":["Golden Idol"],"gold_loss":0.0,"damage_taken":0.0,"relics_obtained":["Bloody Idol"]},{"damage_healed":0.0,"max_hp_gain":0.0,"max_hp_loss":0.0,"gold_gain":50.0,"event_name":"Nest","player_choice":"Stole From Cult","floor":31.0,"gold_loss":0.0,"damage_taken":0.0},{"damage_healed":0.0,"max_hp_gain":0.0,"max_hp_loss":0.0,"gold_gain":50.0,"event_name":"Golden Shrine","player_choice":"Pray","floor":37.0,"gold_loss":0.0,"damage_taken":0.0}],"is_beta":false,"boss_relics":[{"not_picked":["Black Star","WristBlade"],"picked":"Pandora\u0027s Box"},{"not_picked":["Runic Dome","Sozu"],"picked":"Philosopher\u0027s Stone"}],"items_purged_floors":[2,19,42],"is_endless":false,"potions_floor_spawned":[7,10,16,18,28,30,35,36,39,41,47],"killed_by":"Awakened One","ascension_level":20}}