{"host":"8lgo2trwv2o0qyml","time":1610892678,"event":{"mods":["BaseMod","Colored Map","Colored Powertips","DeckTracker","Highlight Path","Hubris","Infinite Spire","Minty Spire (QoL Compilation)","Quick Restart","Random Character Button","Relic Sorter","Replay The Spire","StSLib","SuperFastMode","Synergy Search"],"gold_per_floor":[112,187,203,203,214,214,227,238,307,341,341,361,361,390,390,390,390],"floor_reached":16,"playtime":877,"items_purged":[],"score":112,"play_id":"253a8f48-8acd-4a4f-b88c-b70f16c8d48c","local_time":"20210117091118","is_ascension_mode":false,"campfire_choices":[{"data":"Rage","floor":11,"key":"SMITH"},{"data":"Feel No Pain","floor":13,"key":"SMITH"},{"floor":15,"key":"REST"}],"circlet_count":0,"master_deck":["Strike_R","Strike_R","Strike_R","Strike_R","Strike_R","Defend_R","Defend_R","Defend_R","Defend_R","Bash","Ghostly Armor","Rage+1","hubris:ReadiedAction","Feel No Pain+1","Abandon","ReplayTheSpireMod:LeadingStrike","Headbutt","Demonic Infusion"],"relics":["Burning Blood","NeowsBlessing","HornCleat","Replay:Bottled Flurry","Du-Vu Doll","Meat on the Bone"],"acts_visited":["Exordium"],"potions_floor_usage":[16],"damage_taken":[{"damage":0,"enemies":"2 Louse","floor":1,"turns":1},{"damage":0,"enemies":"Jaw Worm","floor":3,"turns":1},{"damage":0,"enemies":"Cultist","floor":5,"turns":1},{"damage":3,"enemies":"Gremlin Gang","floor":7,"turns":6},{"damage":3,"enemies":"Red Slaver","floor":8,"turns":6},{"damage":25,"enemies":"3 Sentries","floor":10,"turns":17},{"damage":0,"enemies":"3 Louse","floor":12,"turns":4},{"damage":44,"enemies":"Lagavulin","floor":14,"turns":10},{"damage":57,"enemies":"Slime Boss","floor":16,"turns":10}],"seed_played":"6404560920309301556","potions_obtained":[{"floor":1,"key":"ElixirPotion"},{"floor":5,"key":"Reflective Coating"},{"floor":8,"key":"Languid Potion"}],"is_trial":false,"path_per_floor":["M","?","M","?","M","T","M","M","T","E","R","M","R","E","R","B"],"character_chosen":"IRONCLAD","items_purchased":[],"campfire_rested":1,"item_purchase_floors":[],"current_hp_per_floor":[80,69,75,75,80,80,80,80,80,61,61,67,67,29,53,0,0],"gold":390,"neow_bonus":"THREE_ENEMY_KILL","is_daily":false,"chose_seed":false,"campfire_upgraded":2,"win_rate":0.0,"timestamp":1610892678,"path_taken":["M","?","M","?","M","?","M","?","T","E","R","M","R","E","R","BOSS"],"items_purchased_type":[],"build_version":"2020-12-22","purchased_purges":0,"victory":false,"max_hp_per_floor":[80,80,80,80,80,80,80,80,80,80,80,80,80,80,80,80,80],"card_choices":[{"not_picked":["Sword Boomerang","Havoc"],"picked":"Ghostly Armor","floor":1},{"not_picked":["Life Link","Clothesline"],"picked":"Rage","floor":3},{"not_picked":["True Grit","Second Wind"],"picked":"hubris:ReadiedAction","floor":5},{"not_picked":["ReplayTheSpireMod:Muscle Training","Pommel Strike"],"picked":"Feel No Pain","floor":7},{"not_picked":["True Grit","Clash"],"picked":"Abandon","floor":8},{"not_picked":["hubris:StunningStrike","Body Slam"],"picked":"ReplayTheSpireMod:LeadingStrike","floor":10},{"not_picked":["Pommel Strike","True Grit"],"picked":"Headbutt","floor":12},{"not_picked":["Carnage","ReplayTheSpireMod:Strike From Hell"],"picked":"Demonic Infusion","floor":14}],"player_experience":81927,"relics_obtained":[{"floor":6,"key":"HornCleat"},{"floor":9,"key":"Replay:Bottled Flurry"},{"floor":10,"key":"Du-Vu Doll"},{"floor":14,"key":"Meat on the Bone"}],"event_choices":[{"damage_healed":0,"gold_gain":75,"player_choice":"Gather Gold","damage_taken":11,"max_hp_gain":0,"max_hp_loss":0,"event_name":"World of Goop","floor":2,"gold_loss":0},{"damage_healed":0,"gold_gain":0,"player_choice":"Ignored","damage_taken":0,"max_hp_gain":0,"max_hp_loss":0,"event_name":"Golden Wing","floor":4,"gold_loss":0}],"is_beta":false,"boss_relics":[],"items_purged_floors":[],"is_endless":false,"potions_floor_spawned":[1,5,8],"killed_by":"Slime Boss","ascension_level":0}}