{"host":"k7udt7atmcuzf6l0","time":1610885641,"event":{"mods":["AchievementEnabler","BaseMod","Colored Map","Colored Powertips","Highlight Path","Minty Spire (QoL Compilation)","Quick Restart","Rare Cards Sparkle","StSLib","UnlockEverythingMod"],"gold_per_floor":[114,114,127,4,14,14,25,25,73,101,101,136,156,182,182,288,288,315,315,246,271,294,294,251,251,287,325,352,394,394,394,394,394,394],"floor_reached":33,"language":"ZHT","playtime":809,"items_purged":[],"score":287,"play_id":"95832584-8eaf-44a0-a47d-30775667b183","local_time":"20210117201401","is_ascension_mode":false,"campfire_choices":[{"data":"Warcry","floor":6.0,"key":"SMITH"},{"data":"Pommel Strike","floor":8.0,"key":"SMITH"},{"data":"Spot Weakness","floor":11.0,"key":"SMITH"},{"data":"Shockwave","floor":15.0,"key":"SMITH"},{"data":"Inflame","floor":23.0,"key":"SMITH"},{"data":"Flex","floor":25.0,"key":"SMITH"},{"data":"Offering","floor":30.0,"key":"SMITH"},{"data":"Armaments","floor":32.0,"key":"SMITH"}],"circlet_count":0,"master_deck":["Strike_R","Strike_R","Strike_R","Strike_R","Strike_R","Defend_R","Defend_R","Defend_R","Defend_R","Bash","Whirlwind+1","Pommel Strike+1","Warcry+1","Seeing Red","Thunderclap","Spot Weakness+1","Shockwave+1","Pummel","Battle Trance","Reaper","Shrug It Off+1","Inflame+1","Pommel Strike+1","Warcry+1","Flex+1","Shame","Armaments+1","Intimidate+1","Offering+1"],"relics":["Burning Blood","NeowsBlessing","CeramicFish","Regal Pillow","Cursed Key","FaceOfCleric","Potion Belt","Matryoshka","Lantern"],"acts_visited":["Exordium","TheCity"],"potions_floor_usage":[33,33,33],"damage_taken":[{"damage":0.0,"enemies":"Small Slimes","floor":1.0,"turns":1.0},{"damage":0.0,"enemies":"Cultist","floor":3.0,"turns":1.0},{"damage":0.0,"enemies":"Jaw Worm","floor":5.0,"turns":1.0},{"damage":0.0,"enemies":"3 Louse","floor":7.0,"turns":1.0},{"damage":13.0,"enemies":"Red Slaver","floor":10.0,"turns":2.0},{"damage":18.0,"enemies":"Gremlin Nob","floor":12.0,"turns":3.0},{"damage":4.0,"enemies":"2 Fungi Beasts","floor":13.0,"turns":2.0},{"damage":4.0,"enemies":"Exordium Wildlife","floor":14.0,"turns":2.0},{"damage":13.0,"enemies":"Slime Boss","floor":16.0,"turns":8.0},{"damage":10.0,"enemies":"Chosen","floor":18.0,"turns":3.0},{"damage":14.0,"enemies":"Spheric Guardian","floor":21.0,"turns":4.0},{"damage":33.0,"enemies":"Centurion and Healer","floor":22.0,"turns":4.0},{"damage":23.0,"enemies":"Slavers","floor":27.0,"turns":4.0},{"damage":7.0,"enemies":"Snake Plant","floor":28.0,"turns":4.0},{"damage":43.0,"enemies":"Book of Stabbing","floor":29.0,"turns":5.0},{"damage":79,"enemies":"Automaton","floor":33,"turns":8}],"seed_played":"7623886401817133814","potions_obtained":[{"floor":1.0,"key":"GamblersBrew"},{"floor":5.0,"key":"EntropicBrew"},{"floor":12.0,"key":"BloodPotion"},{"floor":14.0,"key":"SpeedPotion"},{"floor":22.0,"key":"PowerPotion"},{"floor":27.0,"key":"Strength Potion"},{"floor":29.0,"key":"GamblersBrew"}],"is_trial":false,"path_per_floor":["M","?","M","$","M","R","M","R","T","M","R","E","M","M","R","B",null,"M","?","$","M","M","R","$","R","T","E","M","E","R","?","R","B"],"character_chosen":"IRONCLAD","items_purchased":["Warcry","Seeing Red","Inflame","Flex"],"campfire_rested":0,"item_purchase_floors":[4,4,20,24],"current_hp_per_floor":[80,80,80,80,80,80,80,80,80,73,73,61,63,65,65,58,80,80,80,80,78,52,52,52,52,52,73,75,52,52,52,52,0,0],"gold":394,"neow_bonus":"THREE_ENEMY_KILL","is_daily":false,"chose_seed":false,"campfire_upgraded":8,"win_rate":0.0,"timestamp":1610885641,"path_taken":["M","?","M","?","?","R","M","R","T","M","R","E","M","M","R","BOSS","M","?","$","M","M","R","$","R","T","E","?","E","R","?","R","BOSS"],"items_purchased_type":["Card","Card","Card","Card"],"build_version":"2020-12-22","purchased_purges":0,"victory":false,"max_hp_per_floor":[80,80,80,80,80,80,80,80,80,80,80,80,80,80,80,80,80,80,80,80,81,82,82,82,82,82,83,84,85,85,85,85,85,85],"card_choices":[{"not_picked":["Feel No Pain","Pommel Strike"],"picked":"Whirlwind","floor":1.0},{"not_picked":["True Grit","Dropkick"],"picked":"Pommel Strike","floor":3.0},{"not_picked":["Headbutt","Warcry"],"picked":"Thunderclap","floor":5.0},{"not_picked":["Cleave","Havoc","Whirlwind"],"picked":"SKIP","floor":7.0},{"not_picked":["Cleave","Limit Break"],"picked":"Spot Weakness","floor":10.0},{"not_picked":["Battle Trance","Dual Wield"],"picked":"Shockwave","floor":12.0},{"not_picked":["Ghostly Armor","Pommel Strike"],"picked":"Pummel","floor":13.0},{"not_picked":["Dual Wield","Bloodletting"],"picked":"Battle Trance","floor":14.0},{"not_picked":["Fiend Fire","Feed"],"picked":"Reaper","floor":16.0},{"not_picked":["Dark Embrace","Wild Strike"],"picked":"Shrug It Off+1","floor":18.0},{"not_picked":["Power Through","Entrench+1"],"picked":"Pommel Strike+1","floor":21.0},{"not_picked":["Feel No Pain","Bloodletting"],"picked":"Warcry+1","floor":22.0},{"not_picked":["Flame Barrier+1","Shrug It Off+1"],"picked":"Armaments","floor":27.0},{"not_picked":["Cleave","True Grit+1"],"picked":"Intimidate+1","floor":28.0},{"not_picked":["Ghostly Armor","Warcry"],"picked":"Offering","floor":29.0}],"player_experience":77435,"relics_obtained":[{"floor":9.0,"key":"CeramicFish"},{"floor":12.0,"key":"Regal Pillow"},{"floor":26.0,"key":"Potion Belt"},{"floor":27.0,"key":"Matryoshka"},{"floor":29.0,"key":"Lantern"}],"event_choices":[{"damage_healed":0.0,"max_hp_gain":0.0,"max_hp_loss":0.0,"gold_gain":0.0,"event_name":"Upgrade Shrine","player_choice":"Upgraded","floor":2.0,"gold_loss":0.0,"damage_taken":0.0,"cards_upgraded":["Whirlwind"]},{"damage_healed":0.0,"max_hp_gain":0.0,"max_hp_loss":0.0,"gold_gain":0.0,"event_name":"FaceTrader","player_choice":"Trade","floor":19.0,"gold_loss":0.0,"damage_taken":0.0,"relics_obtained":["FaceOfCleric"]},{"damage_healed":0.0,"max_hp_gain":0.0,"max_hp_loss":0.0,"gold_gain":0.0,"event_name":"The Mausoleum","player_choice":"Ignored","floor":31.0,"gold_loss":0.0,"damage_taken":0.0}],"is_beta":false,"boss_relics":[{"not_picked":["Ectoplasm","Pandora\u0027s Box"],"picked":"Cursed Key"}],"items_purged_floors":[],"is_endless":false,"potions_floor_spawned":[1,5,12,14,22,27,29],"killed_by":"Automaton","ascension_level":0}}