{"host":"og6lam4kt3nibbw0","time":1610897559,"event":{"mods":["AchievementEnabler","BaseMod","Colored Map","DeckTracker","Highlight Path","Keyboard Shortcuts","Minty Spire (QoL Compilation)","Permanent Neow","Quick Restart","StSLib","SuperFastMode"],"gold_per_floor":[116,41,41,55,74,74,101,101,183,183,203,228,228,228,228,228,228],"floor_reached":16,"language":"KOR","playtime":466,"items_purged":[],"score":196,"play_id":"5e7ad665-f139-4ca6-8ffa-8f2108d94586","local_time":"20210118003239","is_ascension_mode":true,"campfire_choices":[{"data":"Headbutt","floor":6.0,"key":"SMITH"},{"data":"Rage","floor":8.0,"key":"SMITH"},{"data":"Cleave","floor":10.0,"key":"SMITH"},{"data":"Bash","floor":13,"key":"SMITH"},{"floor":15,"key":"REST"}],"circlet_count":0,"master_deck":["AscendersBane","Strike_R","Strike_R","Defend_R","Defend_R","Defend_R","Defend_R","Bash+1","Cleave+1","Headbutt+1","Rage+1","Thunderclap"],"relics":["Burning Blood","Art of War","Singing Bowl","Odd Mushroom"],"acts_visited":["Exordium"],"potions_floor_usage":[15,16],"damage_taken":[{"damage":26.0,"enemies":"Jaw Worm","floor":1.0,"turns":6.0},{"damage":2.0,"enemies":"2 Louse","floor":4.0,"turns":3.0},{"damage":4.0,"enemies":"Small Slimes","floor":5.0,"turns":4.0},{"damage":40.0,"enemies":"3 Sentries","floor":7.0,"turns":7.0},{"damage":1.0,"enemies":"2 Fungi Beasts","floor":11.0,"turns":4.0},{"damage":6,"enemies":"The Mushroom Lair","floor":12,"turns":3},{"damage":67,"enemies":"Hexaghost","floor":16,"turns":10}],"seed_played":"5429557908318134651","potions_obtained":[{"floor":4.0,"key":"ColorlessPotion"},{"floor":7.0,"key":"Swift Potion"},{"floor":11.0,"key":"Fruit Juice"}],"is_trial":false,"path_per_floor":["M","?","?","M","M","R","E","R","T","R","M","?","R","?","R","B"],"character_chosen":"IRONCLAD","items_purchased":[],"campfire_rested":1,"item_purchase_floors":[],"current_hp_per_floor":[48,48,53,57,59,59,25,25,25,25,32,34,34,34,64,0,0],"gold":228,"neow_bonus":"REMOVE_CARD","is_daily":false,"chose_seed":false,"campfire_upgraded":4,"win_rate":0.0,"timestamp":1610897559,"path_taken":["M","?","?","M","M","R","E","R","T","R","M","?","R","?","R","BOSS"],"items_purchased_type":[],"build_version":"2020-12-22","purchased_purges":0,"victory":false,"max_hp_per_floor":[75,75,80,80,80,80,80,80,80,80,82,84,84,84,89,89,89],"card_choices":[{"not_picked":["Warcry","Metallicize"],"picked":"Cleave","floor":1.0},{"not_picked":["Perfected Strike","Cleave","Clothesline"],"picked":"SKIP","floor":4.0},{"not_picked":["Whirlwind","Dropkick"],"picked":"Headbutt","floor":5.0},{"not_picked":["Rupture","Wild Strike"],"picked":"Rage","floor":7.0},{"not_picked":["Metallicize","Feel No Pain","Thunderclap"],"picked":"Singing Bowl","floor":11.0},{"not_picked":["Twin Strike","Heavy Blade","Brutality"],"picked":"Singing Bowl","floor":12}],"player_experience":915172,"relics_obtained":[{"floor":7.0,"key":"Art of War"},{"floor":9.0,"key":"Singing Bowl"},{"floor":12,"key":"Odd Mushroom"}],"event_choices":[{"cards_removed":["Strike_R"],"damage_healed":0.0,"max_hp_gain":0.0,"max_hp_loss":0.0,"gold_gain":0.0,"event_name":"The Cleric","player_choice":"Card Removal","floor":2.0,"gold_loss":75.0,"damage_taken":0.0},{"damage_healed":0.0,"max_hp_gain":5.0,"max_hp_loss":0.0,"gold_gain":0.0,"event_name":"Big Fish","player_choice":"Donut","floor":3.0,"gold_loss":0.0,"damage_taken":0.0},{"damage_healed":0,"gold_gain":0,"player_choice":"Fought Mushrooms","damage_taken":0,"max_hp_gain":0,"max_hp_loss":0,"event_name":"Mushrooms","floor":12,"gold_loss":0},{"damage_healed":0,"gold_gain":0,"cards_transformed":["Strike_R"],"player_choice":"Change","damage_taken":0,"max_hp_gain":0,"max_hp_loss":0,"event_name":"Living Wall","floor":14,"gold_loss":0,"cards_obtained":["Thunderclap"]}],"is_beta":false,"boss_relics":[],"items_purged_floors":[],"is_endless":false,"potions_floor_spawned":[4,7,11],"killed_by":"Hexaghost","ascension_level":20}}