{"host":"xy1hv1rgvrf7f9nu","time":1610914006,"event":{"mods":["BaseMod","Fox Events","Koishi","Minty Spire (QoL Compilation)","StSLib"],"gold_per_floor":[115,133,93,44,44,71,71,87,87,107,137,137,148,205,205,300,300,320,320,339,368,368,368,368],"floor_reached":23,"language":"FRA","playtime":1928,"items_purged":[],"score":224,"play_id":"ae3bc63c-40aa-43d9-b5de-f4b740811e68","local_time":"20210117210645","is_ascension_mode":false,"campfire_choices":[{"data":"BattleHymn","floor":7.0,"key":"SMITH"},{"floor":15.0,"key":"REST"}],"circlet_count":0,"master_deck":["Strike_P+1","Strike_P+1","Strike_P+1","Strike_P","Defend_P","Defend_P","Defend_P+1","Defend_P+1","Eruption+1","Vigilance","Swivel","InnerPeace","BattleHymn+1","EmptyFist","Clumsy","LessonLearned","FollowUp","Evaluate","DeusExMachina","EmptyMind","Adaptation","DevaForm","ClearTheMind+1","CrushJoints","EmptyBody"],"relics":["PureWater","NeowsBlessing","Eternal Feather","The Courier","Dream Catcher","VioletLotus","Red Mask"],"acts_visited":["Exordium","TheCity"],"potions_floor_usage":[23],"damage_taken":[{"damage":0.0,"enemies":"Cultist","floor":1.0,"turns":1.0},{"damage":0.0,"enemies":"Small Slimes","floor":2.0,"turns":1.0},{"damage":0.0,"enemies":"3 Sentries","floor":6.0,"turns":2.0},{"damage":3.0,"enemies":"Jaw Worm","floor":8.0,"turns":4.0},{"damage":14.0,"enemies":"Exordium Wildlife","floor":10.0,"turns":3.0},{"damage":16.0,"enemies":"Gremlin Nob","floor":11.0,"turns":3.0},{"damage":5.0,"enemies":"3 Louse","floor":13.0,"turns":5.0},{"damage":27.0,"enemies":"Slime Boss","floor":16.0,"turns":5.0},{"damage":26.0,"enemies":"2 Thieves","floor":18.0,"turns":4.0},{"damage":18.0,"enemies":"3 Byrds","floor":20.0,"turns":6.0},{"damage":12.0,"enemies":"Masked Bandits","floor":21.0,"turns":3.0},{"damage":2,"enemies":"Book of Stabbing","floor":23,"turns":2}],"seed_played":"-1247248921191802572","potions_obtained":[{"floor":2.0,"key":"SteroidPotion"},{"floor":6.0,"key":"CultistPotion"},{"floor":11.0,"key":"LiquidMemories"},{"floor":16.0,"key":"BlessingOfTheForge"},{"floor":18.0,"key":"SteroidPotion"}],"is_trial":false,"path_per_floor":["M","M","$","$","?","E","R","M","T","M","E","?","M","?","R","B",null,"M","?","M","?","?","E"],"character_chosen":"WATCHER","items_purchased":["BattleHymn","EmptyFist"],"campfire_rested":1,"item_purchase_floors":[3,4],"current_hp_per_floor":[72,72,72,72,79,79,79,76,76,62,46,46,41,41,76,49,79,53,53,35,23,23,21,21],"gold":368,"neow_bonus":"THREE_ENEMY_KILL","is_daily":false,"chose_seed":false,"campfire_upgraded":1,"win_rate":0.0,"timestamp":1610914005,"path_taken":["M","M","?","$","?","E","R","M","T","M","E","?","?","?","R","BOSS","M","?","M","?","?","E"],"items_purchased_type":["Card","Card"],"build_version":"2020-12-22","purchased_purges":0,"victory":false,"max_hp_per_floor":[72,72,72,72,79,79,79,79,79,79,79,79,79,79,79,79,79,79,79,79,79,67,67,67],"card_choices":[{"not_picked":["JustLucky","BowlingBash"],"picked":"Swivel","floor":1.0},{"not_picked":["CrushJoints","FlurryOfBlows"],"picked":"InnerPeace","floor":2.0},{"not_picked":["ThirdEye","Consecrate"],"picked":"LessonLearned","floor":6.0},{"not_picked":["Crescendo","EmptyFist"],"picked":"FollowUp","floor":8.0},{"not_picked":["PathToVictory","Halt"],"picked":"Evaluate","floor":10.0},{"not_picked":["Sanctity","ThirdEye"],"picked":"DeusExMachina","floor":11.0},{"not_picked":["Adaptation","EmptyFist"],"picked":"EmptyMind","floor":13.0},{"not_picked":["SignatureMove","SashWhip"],"picked":"Adaptation","floor":15.0},{"not_picked":["Judgement","ConjureBlade"],"picked":"DevaForm","floor":16.0},{"not_picked":["Swivel","PathToVictory+1"],"picked":"ClearTheMind+1","floor":18.0},{"not_picked":["Halt","SignatureMove"],"picked":"CrushJoints","floor":20.0},{"not_picked":["Pray","Consecrate"],"picked":"EmptyBody","floor":21.0}],"player_experience":263169,"relics_obtained":[{"floor":6.0,"key":"Eternal Feather"},{"floor":9.0,"key":"The Courier"},{"floor":11.0,"key":"Dream Catcher"},{"floor":21.0,"key":"Red Mask"}],"event_choices":[{"damage_healed":0.0,"max_hp_gain":0.0,"max_hp_loss":0.0,"gold_gain":0.0,"event_name":"The Cleric","player_choice":"Leave","floor":12.0,"gold_loss":0.0,"damage_taken":0.0},{"damage_healed":0.0,"max_hp_gain":0.0,"max_hp_loss":0.0,"gold_gain":57.0,"event_name":"Golden Wing","player_choice":"Gained Gold","floor":14.0,"gold_loss":0.0,"damage_taken":0.0},{"damage_healed":0.0,"max_hp_gain":0.0,"max_hp_loss":0.0,"gold_gain":0.0,"event_name":"Vampires","player_choice":"Ignored","floor":19.0,"gold_loss":0.0,"damage_taken":0.0},{"damage_healed":0.0,"max_hp_gain":0.0,"max_hp_loss":0.0,"gold_gain":0.0,"event_name":"Masked Bandits","player_choice":"Fought Bandits","floor":21.0,"gold_loss":0.0,"damage_taken":0.0}],"is_beta":false,"boss_relics":[{"not_picked":["Sozu","Velvet Choker"],"picked":"VioletLotus"}],"items_purged_floors":[],"is_endless":false,"potions_floor_spawned":[2,6,11,16,18],"killed_by":"Book of Stabbing","ascension_level":0}}