{"host":"a0d98l75j0h1o085","time":1610913263,"event":{"mods":["AlwaysNeverKeys","BaseMod","Downfall","Highlight Path","Minty Spire (QoL Compilation)","StSLib"],"gold_per_floor":[1627,1641,1661,1687,1044,1060,1060,1060,1060,1092,1110,1110,1125,1216,1230,1335,1335,1335,1347,1347,1347,1347,1359,1382,1382,1397,1427,1427,1427,1427],"floor_reached":28,"language":"ENG","playtime":2063,"items_purged":["Slimebound:Strike_Slimebound","Slimebound:Defend_Slimebound","Slimebound:Defend_Slimebound","Slimebound:Strike_Slimebound","Slimebound:Defend_Slimebound"],"score":238,"play_id":"b99db144-c405-42d3-9db5-c47ec5caef64","local_time":"20210117195423","is_ascension_mode":false,"campfire_choices":[{"data":"Slimebound:Split","floor":1.0,"key":"SMITH"},{"data":"Slimebound:SelfFormingGoo","floor":8.0,"key":"SMITH"},{"data":"Slimebound:AcidTongue","floor":18.0,"key":"SMITH"},{"data":"Slimebound:SplitAcid","floor":21.0,"key":"SMITH"},{"data":"expansioncontent:DashGenerateEvil","floor":25.0,"key":"SMITH"}],"circlet_count":7,"master_deck":["Slimebound:Strike_Slimebound","Slimebound:Tackle","Slimebound:Defend_Slimebound","Slimebound:Split+1","Slimebound:CorrosiveSpit+1","Slimebound:MinionMaster+1","Slimebound:Recollect","Slimebound:SelfFormingGoo+1","Slimebound:SamplingLick","expansioncontent:DashGenerateEvil+1","Mayhem+1","Slimebound:SlimeTap+1","Slimebound:AcidTongue+1","Slimebound:TagTeam","Slimebound:Teamwork+1","Slimebound:SplitAcid+1","Shame","Slimebound:LevelUp","Slimebound:RejuvenatingLick"],"relics":["Slimebound:AbsorbEndCombat","Boot","Circlet"],"acts_visited":[],"potions_floor_usage":[],"damage_taken":[{"damage":10.0,"enemies":"Cultist","floor":2.0,"turns":4.0},{"damage":15.0,"enemies":"2 Louse","floor":3.0,"turns":3.0},{"damage":16.0,"enemies":"downfall:FleeingMerchant","floor":5.0,"turns":4.0},{"damage":16.0,"enemies":"Small Slimes","floor":6.0,"turns":3.0},{"damage":21.0,"enemies":"Lagavulin","floor":10.0,"turns":5.0},{"damage":12.0,"enemies":"Gremlin Gang","floor":11.0,"turns":2.0},{"damage":19.0,"enemies":"3 Louse","floor":13.0,"turns":4.0},{"damage":16.0,"enemies":"Blue Slaver","floor":15.0,"turns":3.0},{"damage":42.0,"enemies":"downfall:CharBossSilent","floor":16.0,"turns":5.0},{"damage":18.0,"enemies":"Spheric Guardian","floor":19.0,"turns":4.0},{"damage":8.0,"enemies":"3 Byrds","floor":23.0,"turns":4.0},{"damage":40.0,"enemies":"Snake Plant","floor":26.0,"turns":3.0},{"damage":35.0,"enemies":"Gremlin Leader","floor":27.0,"turns":5.0},{"damage":0,"enemies":"Book of Stabbing","floor":28,"turns":1}],"seed_played":"-5446622535658656396","potions_obtained":[{"floor":3.0,"key":"ColorlessPotion"},{"floor":11.0,"key":"blueLaboratory:PhilterOfMotion"},{"floor":13.0,"key":"Slimebound:SlimedPotion"},{"floor":15.0,"key":"Reflective Coating"},{"floor":22.0,"key":"blueLaboratory:FruitPreserves"},{"floor":22.0,"key":"Guardian:BlockOnCardUsePotion"}],"is_trial":false,"path_per_floor":["R","M","M","T","$","M","T","R","?","E","M","?","M","?","M","B",null,"R","M","?","R","?","M","T","R","M","E","E"],"character_chosen":"SLIMEBOUND","items_purchased":["StuffTheSpire:ForceGauntlet","ReplayTheSpireMod:ShopPack","Slimebound:SelfFormingGoo","Slimebound:SamplingLick","SkillPotion"],"campfire_rested":0,"item_purchase_floors":[5,5,5,5,5],"current_hp_per_floor":[60,58,55,55,60,60,60,60,60,62,64,29,38,40,44,28,68,68,60,62,62,62,74,74,74,54,57,57,57,57],"gold":1427,"neow_bonus":"ONE_RANDOM_RARE_CARD","is_daily":false,"chose_seed":false,"campfire_upgraded":5,"win_rate":0.0,"timestamp":1610913263,"path_taken":["R","M","?","?","$","?","T","R","?","E","M","?","M","?","M","BOSS","R","?","?","R","?","M","T","R","?","E","M"],"items_purchased_type":["Undefined","Undefined","Card","Card","Potion"],"build_version":"2020-12-22","purchased_purges":5,"victory":false,"max_hp_per_floor":[60,60,60,60,60,60,60,60,60,62,64,64,64,66,66,68,68,68,70,72,72,72,74,74,74,74,76,76,76,76],"card_choices":[{"not_picked":["Slimebound:Schlurp","Slimebound:HungryTackle","Slimebound:DivideAndConquer"],"picked":"SKIP","floor":2.0},{"not_picked":["Slimebound:GoopSpray","Slimebound:ServeAndProtect"],"picked":"Slimebound:Recollect","floor":3.0},{"not_picked":["Transmutation","Metamorphosis"],"picked":"expansioncontent:DashGenerateEvil","floor":5.0},{"not_picked":["Apotheosis","expansioncontent:GuardianWhirl"],"picked":"Mayhem","floor":5.0},{"not_picked":["Slimebound:DivideAndConquer","Slimebound:LivingWall","Slimebound:ItLooksTasty"],"picked":"SKIP","floor":6.0},{"not_picked":["Slimebound:ForwardTackle","Slimebound:Equalize"],"picked":"Slimebound:SlimeTap","floor":10.0},{"not_picked":["Slimebound:GrowthPunch","Slimebound:LeechEnergy"],"picked":"Slimebound:AcidTongue","floor":11.0},{"not_picked":["Slimebound:AcidTongue","Slimebound:ViciousTackle","Slimebound:CheckThePlaybook"],"picked":"SKIP","floor":13.0},{"not_picked":["Slimebound:PressTheAttack","Slimebound:ForwardTackle","Slimebound:GoopSpray"],"picked":"SKIP","floor":15.0},{"not_picked":["Slimebound:DuplicatedForm","Slimebound:WasteNot"],"picked":"Slimebound:Teamwork","floor":16.0},{"not_picked":["Slimebound:GrowthPunch","Slimebound:ServeAndProtect"],"picked":"Slimebound:SplitAcid","floor":19.0},{"not_picked":["Slimebound:RollThrough","Slimebound:ViciousTackle+1"],"picked":"Slimebound:LevelUp","floor":23.0},{"not_picked":["Slimebound:Dissolve","Slimebound:GoopSpray","Slimebound:DivideAndConquer"],"picked":"SKIP","floor":26.0},{"not_picked":["Slimebound:Prepare","Slimebound:Nibble"],"picked":"Slimebound:RejuvenatingLick","floor":27.0}],"player_experience":727403,"relics_obtained":[{"floor":4.0,"key":"Boot"},{"floor":7.0,"key":"Mirror"},{"floor":9.0,"key":"Ring of Peace"},{"floor":10.0,"key":"vexMod:CardConverter"},{"floor":27.0,"key":"ReplayTheSpireMod:Lightbulb"}],"event_choices":[{"damage_healed":0.0,"max_hp_gain":0.0,"max_hp_loss":0.0,"gold_gain":0.0,"event_name":"Addict","player_choice":"Stole Relic","floor":20.0,"gold_loss":0.0,"damage_taken":0.0,"relics_obtained":["Quantum Egg"],"cards_obtained":["Shame"]},{"damage_healed":0.0,"max_hp_gain":0.0,"max_hp_loss":0.0,"gold_gain":0.0,"event_name":"Lab","player_choice":"Got Potions","floor":22.0,"gold_loss":0.0,"damage_taken":0.0}],"is_beta":false,"boss_relics":[{"not_picked":["ChewingGum","Replay:Ancient Bell"],"picked":"vexMod:ImprovementManual"}],"items_purged_floors":[5,5,5,5,5],"is_endless":false,"potions_floor_spawned":[3,11,13,15,16,23],"killed_by":"Book of Stabbing","ascension_level":0}}