{"host":"v9oq5ccz01n9mezq","time":1610846561,"event":{"mods":["BaseMod","Colored Map","Minty Spire (QoL Compilation)"],"gold_per_floor":[115,135,148,72,82,82,110,110,110,145,145,180,201,239,239,360,360,373,38,38,61,88,123,123,147,147,162,203,203,217,235,235,358,358,381,444,15,15,31,31,74,74,74,74,93,93,93,129,129,129],"floor_reached":51,"language":"ENG","playtime":4411,"items_purged":["Strike_P","Strike_P"],"score":880,"play_id":"6fb3490f-633a-41a7-badf-493608519788","local_time":"20210116202241","is_ascension_mode":true,"campfire_choices":[{"data":"EmptyFist","floor":6,"key":"SMITH"},{"data":"Conclude","floor":8,"key":"SMITH"},{"data":"Evaluate","floor":15,"key":"SMITH"},{"data":"Wallop","floor":24,"key":"SMITH"},{"data":"Tantrum","floor":29,"key":"SMITH"},{"data":"Study","floor":32,"key":"SMITH"},{"data":"CutThroughFate","floor":40,"key":"SMITH"},{"data":"Halt","floor":42,"key":"SMITH"},{"data":"LessonLearned","floor":44,"key":"SMITH"},{"data":"Strike_P","floor":47,"key":"SMITH"},{"floor":49,"key":"RECALL"}],"circlet_count":0,"master_deck":["Strike_P+1","Strike_P+1","Defend_P+1","Defend_P+1","Eruption+1","Vigilance+1","EmptyFist+1","FollowUp+1","Conclude+1","EmptyFist+1","SashWhip+1","Tantrum+1","EmptyBody+1","Halt+1","Evaluate+1","Wallop+1","LessonLearned+1","EmptyBody+1","Swivel+1","Omniscience+1","Halt+1","FlurryOfBlows+1","Protect+1","Judgement+1","CutThroughFate+1","WheelKick+1","Forethought+1"],"relics":["PureWater","Ornamental Fan","Eternal Feather","Singing Bowl","Golden Idol","Odd Mushroom","White Beast Statue","Velvet Choker","Toxic Egg 2","MutagenicStrength","Pen Nib","Orichalcum","Letter Opener","Pantograph","Empty Cage","Ginger","Gremlin Horn","Kunai","GoldenEye","Frozen Egg 2"],"acts_visited":["Exordium","TheCity","TheBeyond"],"potions_floor_usage":[14,18,23,23,23,28,30,30,33,41,41,45,48,50,50],"damage_taken":[{"damage":5,"enemies":"Small Slimes","floor":1,"turns":4},{"damage":2,"enemies":"2 Louse","floor":2,"turns":3},{"damage":0,"enemies":"Jaw Worm","floor":3,"turns":1},{"damage":4,"enemies":"Blue Slaver","floor":5,"turns":2},{"damage":0,"enemies":"Gremlin Nob","floor":7,"turns":2},{"damage":0,"enemies":"3 Sentries","floor":10,"turns":4},{"damage":0,"enemies":"The Mushroom Lair","floor":12,"turns":1},{"damage":0,"enemies":"Looter","floor":13,"turns":4},{"damage":0,"enemies":"Lagavulin","floor":14,"turns":4},{"damage":18,"enemies":"The Guardian","floor":16,"turns":9},{"damage":0,"enemies":"2 Thieves","floor":18,"turns":3},{"damage":0,"enemies":"Chosen","floor":21,"turns":4},{"damage":4,"enemies":"Slavers","floor":23,"turns":3},{"damage":0,"enemies":"Snecko","floor":25,"turns":2},{"damage":0,"enemies":"Shelled Parasite and Fungi","floor":27,"turns":3},{"damage":1,"enemies":"Book of Stabbing","floor":28,"turns":4},{"damage":38,"enemies":"Snake Plant","floor":30,"turns":3},{"damage":0,"enemies":"Cultist and Chosen","floor":31,"turns":6},{"damage":15,"enemies":"Automaton","floor":33,"turns":8},{"damage":0,"enemies":"3 Shapes","floor":35,"turns":3},{"damage":0,"enemies":"Mind Bloom Boss Battle","floor":36,"turns":6},{"damage":0,"enemies":"3 Darklings","floor":39,"turns":5},{"damage":4,"enemies":"Giant Head","floor":41,"turns":8},{"damage":14,"enemies":"Writhing Mass","floor":45,"turns":4},{"damage":0,"enemies":"Reptomancer","floor":48,"turns":4},{"damage":47,"enemies":"Time Eater","floor":50,"turns":15}],"seed_played":"8147334415839781154","potions_obtained":[{"floor":1,"key":"GamblersBrew"},{"floor":5,"key":"Ancient Potion"},{"floor":12,"key":"AttackPotion"},{"floor":16,"key":"SteroidPotion"},{"floor":18,"key":"Weak Potion"},{"floor":23,"key":"Swift Potion"},{"floor":25,"key":"Fire Potion"},{"floor":27,"key":"Dexterity Potion"},{"floor":28,"key":"PowerPotion"},{"floor":30,"key":"Energy Potion"},{"floor":31,"key":"FairyPotion"},{"floor":33,"key":"Energy Potion"},{"floor":35,"key":"PowerPotion"},{"floor":39,"key":"StancePotion"},{"floor":41,"key":"PowerPotion"},{"floor":45,"key":"AttackPotion"},{"floor":48,"key":"BlessingOfTheForge"}],"is_trial":false,"path_per_floor":["M","M","M","$","M","R","E","R","T","E","?","?","M","E","R","B",null,"M","$","?","M","T","E","R","M","T","M","E","R","M","M","R","B",null,"M","?","$","?","M","R","E","R","T","R","M","?","R","E","R","B",null],"character_chosen":"WATCHER","items_purchased":["EmptyFist","SashWhip","Toxic Egg 2","Gremlin Horn","DistilledChaos"],"campfire_rested":0,"item_purchase_floors":[4,4,19,37,37],"current_hp_per_floor":[67,65,65,65,61,61,61,61,61,61,61,61,63,63,69,51,69,69,69,69,69,69,65,69,69,69,69,68,69,31,33,48,56,71,71,71,71,71,73,73,71,75,75,75,63,63,77,79,79,32],"gold":129,"neow_bonus":"UPGRADE_CARD","is_daily":false,"chose_seed":false,"campfire_upgraded":10,"win_rate":0.0,"timestamp":1610846561,"path_taken":["M","M","M","$","M","R","E","R","T","E","?","?","M","E","R","BOSS","M","$","?","M","?","E","R","M","T","M","E","R","M","M","R","BOSS","M","?","$","?","M","R","E","R","T","R","?","?","R","E","R","BOSS"],"items_purchased_type":["Card","Card","Relic","Relic","Potion"],"build_version":"2020-12-22","purchased_purges":2,"victory":true,"max_hp_per_floor":[72,72,72,72,72,72,72,72,72,72,67,67,69,69,69,69,69,69,69,69,69,69,69,69,69,69,69,69,69,69,71,71,71,71,71,71,71,71,73,73,75,75,75,75,77,77,77,79,79,79],"card_choices":[{"not_picked":["Sanctity","FlyingSleeves"],"picked":"EmptyFist","floor":1},{"not_picked":["SashWhip","Wallop"],"picked":"FollowUp","floor":2},{"not_picked":["ThirdEye","BowlingBash"],"picked":"Conclude","floor":3},{"not_picked":["Meditate","MasterReality"],"picked":"Tantrum","floor":5},{"not_picked":["MentalFortress","FlurryOfBlows"],"picked":"EmptyBody","floor":7},{"not_picked":["SashWhip","FollowUp"],"picked":"Halt","floor":10},{"not_picked":["ClearTheMind","MasterReality"],"picked":"Evaluate","floor":12},{"not_picked":["Tantrum","BowlingBash","JustLucky"],"picked":"Singing Bowl","floor":13},{"not_picked":["SashWhip","Pray"],"picked":"Wallop","floor":14},{"not_picked":["Ragnarok","Scrawl"],"picked":"LessonLearned","floor":16},{"not_picked":["FlyingSleeves","FollowUp"],"picked":"EmptyBody+1","floor":18},{"not_picked":["CrushJoints","PathToVictory+1"],"picked":"Swivel+1","floor":21},{"not_picked":["WindmillStrike","Nirvana"],"picked":"Omniscience+1","floor":23},{"not_picked":["FlyingSleeves","CrushJoints"],"picked":"Halt+1","floor":25},{"not_picked":["Evaluate+1","FlurryOfBlows"],"picked":"Study","floor":27},{"not_picked":["Consecrate","EmptyBody+1"],"picked":"FlurryOfBlows+1","floor":28},{"not_picked":["Tantrum","Conclude"],"picked":"Protect+1","floor":30},{"not_picked":["Indignation+1","JustLucky","FlyingSleeves+1"],"picked":"Singing Bowl","floor":31},{"not_picked":["Brilliance","MasterReality"],"picked":"Judgement+1","floor":33},{"not_picked":["LikeWater","Nirvana"],"picked":"CutThroughFate","floor":35},{"not_picked":["Protect+1","Crescendo+1"],"picked":"WheelKick+1","floor":36},{"not_picked":["Adaptation","Halt+1","ClearTheMind+1"],"picked":"Singing Bowl","floor":39},{"not_picked":["Halt+1","FlyingSleeves","Weave+1"],"picked":"Singing Bowl","floor":41},{"not_picked":["Crescendo+1","Prostrate+1","BowlingBash"],"picked":"Singing Bowl","floor":45},{"not_picked":["Blind+1","Mayhem"],"picked":"Forethought+1","floor":46},{"not_picked":["FlurryOfBlows","Study+1","JustLucky+1"],"picked":"Singing Bowl","floor":48}],"player_experience":95566,"relics_obtained":[{"floor":7,"key":"Ornamental Fan"},{"floor":9,"key":"Eternal Feather"},{"floor":10,"key":"Singing Bowl"},{"floor":12,"key":"Odd Mushroom"},{"floor":14,"key":"White Beast Statue"},{"floor":22,"key":"Pen Nib"},{"floor":23,"key":"Orichalcum"},{"floor":26,"key":"Letter Opener"},{"floor":28,"key":"Pantograph"},{"floor":36,"key":"Ginger"},{"floor":41,"key":"Kunai"},{"floor":43,"key":"GoldenEye"},{"floor":48,"key":"Frozen Egg 2"}],"event_choices":[{"damage_healed":0,"gold_gain":0,"player_choice":"Lose Max HP","damage_taken":0,"relics_obtained":["Golden Idol"],"max_hp_gain":0,"max_hp_loss":5,"event_name":"Golden Idol","floor":11,"gold_loss":0},{"damage_healed":0,"gold_gain":0,"player_choice":"Fought Mushrooms","damage_taken":0,"max_hp_gain":0,"max_hp_loss":0,"event_name":"Mushrooms","floor":12,"gold_loss":0},{"damage_healed":0,"gold_gain":0,"player_choice":"Inject Mutagens","damage_taken":0,"relics_obtained":["MutagenicStrength"],"max_hp_gain":0,"max_hp_loss":0,"event_name":"Drug Dealer","floor":20,"gold_loss":0},{"damage_healed":0,"gold_gain":0,"player_choice":"Fight","damage_taken":0,"max_hp_gain":0,"max_hp_loss":0,"event_name":"MindBloom","floor":36,"gold_loss":0},{"cards_removed":["Study"],"damage_healed":0,"gold_gain":0,"player_choice":"Removed Power","damage_taken":0,"max_hp_gain":0,"max_hp_loss":0,"event_name":"Falling","floor":38,"gold_loss":0},{"damage_healed":0,"gold_gain":0,"player_choice":"Memory 1","damage_taken":0,"max_hp_gain":0,"max_hp_loss":0,"event_name":"SensoryStone","floor":46,"gold_loss":0}],"is_beta":false,"boss_relics":[{"not_picked":["Ectoplasm","Cursed Key"],"picked":"Velvet Choker"},{"not_picked":["SacredBark","Calling Bell"],"picked":"Empty Cage"}],"items_purged_floors":[19,37],"is_endless":false,"potions_floor_spawned":[1,5,12,16,18,21,23,25,27,28,30,31,33,35,36,39,41,45,48],"ascension_level":1}}