{"host":"hjw1ay65n7jm40lc","time":1610919310,"event":{"mods":["AchievementEnabler","BaseMod","Block Reminder","Colored Map","Colored Powertips","Curses Come First","Downfall","Googly Eyes","Hermit","Highlight Path","Minty Spire (QoL Compilation)","Quick Restart","Relic Stats","StSLib"],"gold_per_floor":[99,118,2,16,28,38,64,64,99,44,64,78,96,124,143,243,243,243,263,280,6,206,212,238,248,259,293,193,206,206,218,234,331,331,331,346,366,366,382,416,484,484,484,484,509,409,437,239,250,250],"floor_reached":51,"language":"ENG","playtime":15651,"items_purged":["bronze:Strike","bronze:Strike"],"score":1480,"play_id":"3fd8ec75-ad47-41e4-a6de-5acfa7f1bd57","local_time":"20210117163510","is_ascension_mode":true,"campfire_choices":[{"data":"bronze:Replicate","floor":1,"key":"SMITH"},{"data":"bronze:HardenedForm","floor":8,"key":"SMITH"},{"data":"bronze:Format","floor":18,"key":"SMITH"},{"data":"bronze:Invalidate","floor":28,"key":"SMITH"},{"data":"bronze:Optimize","floor":30,"key":"SMITH"},{"data":"bronze:Library","floor":35,"key":"SMITH"},{"data":"bronze:Shell","floor":46,"key":"SMITH"}],"circlet_count":0,"master_deck":["bronze:Strike","bronze:Defend","bronze:Defend","bronze:Defend","bronze:Defend","bronze:Replicate+1","bronze:Goto","bronze:Frontload","bronze:FollowUp","bronze:Iterate","bronze:HardenedForm+1","bronze:Invalidate+1","bronze:Shell+1","bronze:Format+1","bronze:Optimize+1","bronze:ChosenStrike","bronze:Library+1","bronze:Flail+1","bronze:HardenedForm+1","bronze:DelayedGuard","bronze:Assembly"],"relics":["bronze:PlatinumCore","Bag of Preparation","Regal Pillow","Bag of Marbles","Sundial","Busted Crown","Mummified Hand","Dead Branch","Vajra","White Beast Statue","downfall:HeartBlessingGreen","HornCleat","CeramicFish","Bronze Scales","downfall:HeartBlessingBlue","MawBank"],"acts_visited":["Exordium","TheCity","TheBeyond"],"potions_floor_usage":[13,16,16,20,23,26,27,27,33,39,47,50,50,50],"damage_taken":[{"damage":0,"enemies":"Cultist","floor":2,"turns":3},{"damage":0,"enemies":"downfall:FleeingMerchant","floor":3,"turns":4},{"damage":0,"enemies":"Jaw Worm","floor":4,"turns":2},{"damage":2,"enemies":"2 Louse","floor":5,"turns":2},{"damage":11,"enemies":"Lots of Slimes","floor":6,"turns":4},{"damage":10,"enemies":"3 Sentries","floor":9,"turns":9},{"damage":0,"enemies":"downfall:FleeingMerchant","floor":10,"turns":4},{"damage":0,"enemies":"Blue Slaver","floor":11,"turns":4},{"damage":0,"enemies":"3 Louse","floor":12,"turns":3},{"damage":6,"enemies":"2 Fungi Beasts","floor":13,"turns":3},{"damage":0,"enemies":"Gremlin Nob","floor":14,"turns":4},{"damage":1,"enemies":"Exordium Wildlife","floor":15,"turns":3},{"damage":9,"enemies":"SI_SHIV_ARCHETYPE","floor":16,"turns":6},{"damage":0,"enemies":"Spheric Guardian","floor":19,"turns":3},{"damage":0,"enemies":"Centurion and Healer","floor":20,"turns":3},{"damage":0,"enemies":"downfall:FleeingMerchant","floor":21,"turns":4},{"damage":8,"enemies":"downfall:FleeingMerchant","floor":23,"turns":3},{"damage":7,"enemies":"Cultist and Chosen","floor":25,"turns":3},{"damage":0,"enemies":"3 Cultists","floor":26,"turns":4},{"damage":7,"enemies":"Slavers","floor":27,"turns":3},{"damage":0,"enemies":"Shelled Parasite and Fungi","floor":29,"turns":2},{"damage":0,"enemies":"Centurion and Healer","floor":31,"turns":3},{"damage":0,"enemies":"3 Cultists","floor":32,"turns":3},{"damage":6,"enemies":"WA_ARCHETYPE_CALM","floor":33,"turns":4},{"damage":4,"enemies":"3 Shapes","floor":36,"turns":2},{"damage":0,"enemies":"Orb Walker","floor":37,"turns":1},{"damage":0,"enemies":"Transient","floor":39,"turns":5},{"damage":7,"enemies":"Nemesis","floor":40,"turns":3},{"damage":0,"enemies":"Giant Head","floor":45,"turns":5},{"damage":4,"enemies":"Nemesis","floor":47,"turns":5},{"damage":0,"enemies":"4 Shapes","floor":49,"turns":4},{"damage":0,"enemies":"IC_BLOCK_ARCHETYPE","floor":50,"turns":6}],"seed_played":"-8258073656024309380","potions_obtained":[{"floor":4,"key":"Weak Potion"},{"floor":9,"key":"Regen Potion"},{"floor":11,"key":"LiquidMemories"},{"floor":14,"key":"BlessingOfTheForge"},{"floor":15,"key":"bronze:FreeFunctionsPotion"},{"floor":16,"key":"BlessingOfTheForge"},{"floor":19,"key":"Explosive Potion"},{"floor":25,"key":"Regen Potion"},{"floor":26,"key":"EssenceOfSteel"},{"floor":29,"key":"DistilledChaos"},{"floor":31,"key":"Strength Potion"},{"floor":33,"key":"LiquidMemories"},{"floor":39,"key":"Fire Potion"},{"floor":40,"key":"AttackPotion"},{"floor":47,"key":"Block Potion"}],"is_trial":false,"path_per_floor":["R","M","$","M","M","M","T","R","E","$","M","M","M","E","M","B",null,"R","M","M","$","?","$","T","M","M","E","R","M","R","M","M","B",null,"R","M","M","?","M","E","T","?","?","T","E","R","E","$","M","B",null],"character_chosen":"THE_AUTOMATON","items_purchased":["bronze:Iterate","bronze:Optimize","Mummified Hand","Dead Branch","bronze:FreeFunctionsPotion","bronze:Assembly","SteroidPotion"],"campfire_rested":0,"item_purchase_floors":[3,10,21,23,23,48,48],"current_hp_per_floor":[70,70,70,70,68,57,57,57,47,47,47,47,50,50,49,40,70,70,70,70,70,70,62,62,55,67,60,60,60,60,60,60,54,70,70,66,66,66,66,59,59,59,59,59,59,69,65,65,65,65],"gold":250,"neow_bonus":"RANDOM_COMMON_RELIC","is_daily":false,"chose_seed":false,"campfire_upgraded":7,"win_rate":0.0,"timestamp":1610919310,"path_taken":["R","M","?","M","M","M","T","R","E","$","M","M","M","E","M","BOSS","R","M","M","$","?","$","T","M","?","E","R","M","R","M","M","BOSS","R","M","M","?","?","E","T","?","?","?","E","R","E","$","M","BOSS"],"items_purchased_type":["Card","Card","Relic","Relic","Potion","Card","Potion"],"build_version":"2020-12-22","purchased_purges":2,"victory":true,"max_hp_per_floor":[70,70,70,70,70,70,70,70,70,70,70,70,70,70,70,70,70,70,70,70,70,70,70,70,70,70,70,70,70,70,70,70,70,70,70,70,70,70,70,70,70,70,70,70,70,80,80,80,80,80],"relic_stats":{"Regal Pillow":0,"Busted Crown":36,"counters":[32,117],"Sundial":[6],"Mummified Hand":[43],"Dead Branch":[19],"CeramicFish":9,"Bronze Scales":[34],"Bag of Preparation":[64],"MawBank":12,"obtain_stats":[{"bronze:PlatinumCore":34,"Regal Pillow":7,"bronze:BronzeCore":0,"Dead Branch":23,"CeramicFish":44,"Vajra":24,"downfall:HeartBlessingGreen":28,"Bag of Preparation":0,"MawBank":47,"White Beast Statue":27,"Busted Crown":17,"HornCleat":40,"Sundial":14,"Mummified Hand":21,"downfall:HeartBlessingBlue":46,"Bronze Scales":45,"Bag of Marbles":9},{"bronze:PlatinumCore":24,"Regal Pillow":5,"bronze:BronzeCore":0,"Dead Branch":17,"CeramicFish":28,"Vajra":17,"downfall:HeartBlessingGreen":20,"Bag of Preparation":0,"MawBank":30,"White Beast Statue":20,"Busted Crown":13,"HornCleat":28,"Sundial":11,"Mummified Hand":16,"downfall:HeartBlessingBlue":29,"Bronze Scales":29,"Bag of Marbles":6},{"bronze:PlatinumCore":86,"Regal Pillow":15,"bronze:BronzeCore":0,"Dead Branch":64,"CeramicFish":97,"Vajra":64,"downfall:HeartBlessingGreen":74,"Bag of Preparation":0,"MawBank":107,"White Beast Statue":74,"Busted Crown":51,"HornCleat":97,"Sundial":42,"Mummified Hand":61,"downfall:HeartBlessingBlue":102,"Bronze Scales":102,"Bag of Marbles":24}]},"card_choices":[{"not_picked":["bronze:BugBarrage","bronze:Deprecate"],"picked":"bronze:Frontload","floor":2},{"not_picked":["bronze:ForLoop","bronze:CutThrough"],"picked":"bronze:FollowUp","floor":3},{"not_picked":["bronze:Optimize","bronze:Repulsor"],"picked":"bronze:HardenedForm","floor":4},{"not_picked":["bronze:Boost","bronze:Safeguard","bronze:BuggyMess"],"picked":"SKIP","floor":5},{"not_picked":["bronze:BitShift","bronze:BronzeOrb"],"picked":"bronze:Invalidate","floor":6},{"not_picked":["bronze:FineTuning","bronze:Iterate"],"picked":"bronze:Shell","floor":9},{"not_picked":["bronze:BronzeArmor","bronze:Repair"],"picked":"bronze:Format","floor":10},{"not_picked":["bronze:BitShift","bronze:Fortify","bronze:Refactor"],"picked":"SKIP","floor":11},{"not_picked":["bronze:InfiniteBeams","bronze:Terminator"],"picked":"bronze:ChosenStrike","floor":12},{"not_picked":["bronze:Separator","bronze:Philosophize","bronze:WhirlingStrike"],"picked":"SKIP","floor":13},{"not_picked":["bronze:Invalidate","bronze:WildBeam","bronze:Frontload"],"picked":"SKIP","floor":14},{"not_picked":["bronze:Iterate","bronze:Shield","bronze:ChosenStrike"],"picked":"SKIP","floor":15},{"not_picked":["bronze:ThunderWave","bronze:InfiniteLoop"],"picked":"bronze:Library","floor":16},{"not_picked":[],"picked":"bronze:Flail+1","floor":19},{"not_picked":["bronze:GetLatest"],"picked":"SKIP","floor":20},{"not_picked":["bronze:Optimize"],"picked":"SKIP","floor":21},{"not_picked":["bronze:BugBarrage"],"picked":"SKIP","floor":23},{"not_picked":["bronze:CloningBeam"],"picked":"SKIP","floor":25},{"not_picked":["bronze:WhirlingStrike"],"picked":"SKIP","floor":26},{"not_picked":["bronze:OilSpill"],"picked":"SKIP","floor":27},{"not_picked":["bronze:Overheat"],"picked":"SKIP","floor":29},{"not_picked":["bronze:Deprecate+1"],"picked":"SKIP","floor":31},{"not_picked":["bronze:Separator+1"],"picked":"SKIP","floor":32},{"not_picked":["bronze:DigitalCarnage"],"picked":"SKIP","floor":36},{"not_picked":["bronze:Invalidate+1"],"picked":"SKIP","floor":37},{"not_picked":["bronze:Separator"],"picked":"SKIP","floor":39},{"not_picked":["bronze:OilSpill+1"],"picked":"SKIP","floor":40},{"not_picked":["bronze:ItsAFeature"],"picked":"SKIP","floor":45},{"not_picked":["bronze:Safeguard+1"],"picked":"SKIP","floor":47},{"not_picked":["bronze:Constructor+1"],"picked":"SKIP","floor":49}],"player_experience":907985,"relics_obtained":[{"floor":7,"key":"Regal Pillow"},{"floor":9,"key":"Bag of Marbles"},{"floor":14,"key":"Sundial"},{"floor":24,"key":"Vajra"},{"floor":27,"key":"White Beast Statue"},{"floor":40,"key":"HornCleat"},{"floor":44,"key":"CeramicFish"},{"floor":45,"key":"Bronze Scales"},{"floor":47,"key":"MawBank"}],"event_choices":[],"is_beta":false,"boss_relics":[{"not_picked":["expansioncontent:StudyCardRelic","Fusion Hammer"],"picked":"Busted Crown"},{"not_picked":["SacredBark","Coffee Dripper"],"picked":"bronze:PlatinumCore"}],"items_purged_floors":[3,48],"is_endless":false,"potions_floor_spawned":[4,9,11,14,15,16,19,25,26,29,31,32,33,36,37,39,40,45,47,49],"ascension_level":2}}