{"host":"4cz9gr89nglr7k8k","time":1610841612,"event":{"mods":["BaseMod","Minty Spire (QoL Compilation)","Relic Stats","Slay-I"],"gold_per_floor":[18,18,28,28,28,59,79,79,102,102,132,282,282,295,295,369,369,369,369],"floor_reached":18,"language":"DEU","playtime":503,"items_purged":[],"score":336,"play_id":"d7333030-bebc-48a5-8b1c-097e78f166a7","local_time":"20210117010012","is_ascension_mode":true,"campfire_choices":[{"floor":8,"key":"REST"},{"data":"Cleave","floor":10,"key":"SMITH"},{"floor":15,"key":"REST"}],"circlet_count":0,"master_deck":["AscendersBane","Strike_R+1","Strike_R+1","Strike_R","Strike_R","Strike_R","Defend_R","Defend_R","Defend_R","Defend_R","Bash","Immolate+1","Clash","Thunderclap","Cleave+1","Heavy Blade","Doubt","Thunderclap","Impervious"],"relics":["Burning Blood","Regal Pillow","Ancient Tea Set","Whetstone","Turnip","SlaversCollar"],"acts_visited":["Exordium","TheCity"],"potions_floor_usage":[16,16],"damage_taken":[{"damage":0,"enemies":"Cultist","floor":1,"turns":3},{"damage":0,"enemies":"2 Louse","floor":3,"turns":1},{"damage":45,"enemies":"3 Sentries","floor":6,"turns":7},{"damage":7,"enemies":"Small Slimes","floor":7,"turns":2},{"damage":34,"enemies":"Gremlin Nob","floor":11,"turns":4},{"damage":26,"enemies":"3 Louse","floor":14,"turns":4},{"damage":44,"enemies":"Slime Boss","floor":16,"turns":9},{"damage":67,"enemies":"Spheric Guardian","floor":18,"turns":7}],"seed_played":"-4337420216113788698","potions_obtained":[{"floor":7,"key":"AttackPotion"},{"floor":11,"key":"SneckoOil"},{"floor":16,"key":"LiquidBronze"}],"is_trial":false,"path_per_floor":["M","?","M","?","$","E","M","R","T","R","E","?","?","M","R","B",null,"M"],"character_chosen":"IRONCLAD","items_purchased":[],"campfire_rested":2,"item_purchase_floors":[],"current_hp_per_floor":[74,74,75,75,75,36,35,72,72,72,44,44,33,13,50,12,59,0,0],"gold":369,"neow_bonus":"THREE_RARE_CARDS","is_daily":false,"chose_seed":false,"campfire_upgraded":1,"win_rate":0.0,"timestamp":1610841612,"path_taken":["M","?","?","?","$","E","?","R","T","R","E","?","?","?","R","BOSS","M"],"items_purchased_type":[],"build_version":"2020-12-22","purchased_purges":0,"victory":false,"max_hp_per_floor":[75,75,75,75,75,75,75,75,75,75,75,75,75,75,75,75,75,75,75],"relic_stats":{"Regal Pillow":30,"counters":[8,37],"Turnip":[8],"Whetstone":["Strike_R","Strike_R"],"obtain_stats":[{"SlaversCollar":17,"Regal Pillow":4,"Turnip":11,"Whetstone":9,"Ancient Tea Set":6,"Burning Blood":0},{"SlaversCollar":7,"Regal Pillow":2,"Turnip":5,"Whetstone":4,"Ancient Tea Set":3,"Burning Blood":0},{"SlaversCollar":30,"Regal Pillow":4,"Turnip":17,"Whetstone":13,"Ancient Tea Set":11,"Burning Blood":0}],"Burning Blood":37},"card_choices":[{"not_picked":["Barricade","Fiend Fire"],"picked":"Immolate","floor":0},{"not_picked":["Sword Boomerang","Cleave"],"picked":"Uppercut","floor":1},{"not_picked":["Fire Breathing","Flame Barrier"],"picked":"Clash","floor":3},{"not_picked":["Pommel Strike","Shrug It Off"],"picked":"Thunderclap","floor":6},{"not_picked":["Blood for Blood","Havoc"],"picked":"Cleave","floor":7},{"not_picked":["Power Through","Barricade"],"picked":"Heavy Blade","floor":11},{"not_picked":["Evolve","Heavy Blade"],"picked":"Thunderclap","floor":14},{"not_picked":["Reaper","Brutality"],"picked":"Impervious","floor":16}],"player_experience":1507099,"relics_obtained":[{"floor":6,"key":"Ancient Tea Set"},{"floor":9,"key":"Whetstone"},{"floor":11,"key":"Turnip"}],"event_choices":[{"damage_healed":0,"gold_gain":0,"player_choice":"Forge","damage_taken":0,"max_hp_gain":0,"max_hp_loss":0,"event_name":"Accursed Blacksmith","floor":2,"gold_loss":0,"cards_upgraded":["Immolate"]},{"cards_removed":["Uppercut"],"damage_healed":0,"gold_gain":0,"player_choice":"Gave Card","damage_taken":0,"relics_obtained":["Regal Pillow"],"max_hp_gain":0,"max_hp_loss":0,"event_name":"WeMeetAgain","floor":4,"gold_loss":0},{"damage_healed":0,"gold_gain":150,"player_choice":"AGREE","damage_taken":0,"max_hp_gain":0,"max_hp_loss":0,"event_name":"Liars Game","floor":12,"gold_loss":0,"cards_obtained":["Doubt"]},{"damage_healed":0,"gold_gain":0,"player_choice":"Damaged","damage_taken":11,"max_hp_gain":0,"max_hp_loss":0,"event_name":"Wheel of Change","floor":13,"gold_loss":0}],"is_beta":false,"boss_relics":[{"not_picked":["Runic Pyramid","Calling Bell"],"picked":"SlaversCollar"}],"items_purged_floors":[],"is_endless":false,"potions_floor_spawned":[7,11,16],"killed_by":"Spheric Guardian","ascension_level":20}}