{"host":"byo4257mpp7krjml","time":1610864096,"event":{"mods":["BaseMod","Beaked The Cultist","Colored Map","Dio Mod","Googly Eyes","Hermit","Infinite Spire","Mad Scientist","Minty Spire (QoL Compilation)","Replay The Spire","StSLib","The Hayseed","The IronCluck","The Mystic"],"gold_per_floor":[114,132,132,142,152,152,181,181,253,36,36,55,89,7,7,109,109,123,135,154,8,8,40,40,73,73,104,132,132,132,146,146,242,242,257,257,267,297,316,316,326,355,355,386,406,406,440,451,451,556,556,543,533,533,534,534,535,524,502,554,554,554,862,894,912,924,1011,1023,1038,1050,977,988,1012,1038,1050,1084,1151,1180,1198,1210,1203,1279,1291,1383,1395,1415,1423,1496,1453,1456,1473,1485,1488,1524,1543,1555,1567,1579,1592,1604,1676,1688,1688],"floor_reached":102,"language":"ENG","playtime":11149,"items_purged":[],"score":2974,"play_id":"6c3c40b1-efe1-4e40-9ee5-eb7c17888ee1","local_time":"20210117011456","is_ascension_mode":true,"campfire_choices":[{"data":"beaked:MimicWarrior","floor":6.0,"key":"SMITH"},{"data":"beaked:Flinch","floor":8.0,"key":"SMITH"},{"data":"Midas Touch","floor":11.0,"key":"SMITH"},{"data":"beaked:Insight","floor":15.0,"key":"SMITH"},{"data":"beaked:AwakenedForm","floor":29.0,"key":"SMITH"},{"data":"beaked:Foresight","floor":32.0,"key":"SMITH"},{"data":"beaked:MachineEssence","floor":40.0,"key":"SMITH"},{"data":"beaked:AwakenedForm","floor":46.0,"key":"SMITH"},{"floor":49.0,"key":"DIG"},{"data":"Pot Of Greed","floor":66.0,"key":"SMITH"},{"floor":75.0,"key":"DIG"},{"floor":80.0,"key":"DIG"},{"data":"beaked:CrazyRituals","floor":83.0,"key":"SMITH"},{"data":"J.A.X.","floor":83.0,"key":"SMITH"},{"data":"beaked:AwakenedForm","floor":92.0,"key":"SMITH"},{"data":"Pot Of Greed","floor":92.0,"key":"SMITH"},{"data":"beaked:Windmill","floor":98,"key":"SMITH"},{"data":"beaked:Foresight","floor":98,"key":"SMITH"},{"floor":100,"key":"DIG"}],"circlet_count":0,"master_deck":["beaked:Strike_Y+1","beaked:Strike_Y+1","beaked:Strike_Y+1","beaked:Strike_Y+1","beaked:Strike_Y+1","beaked:Defend_Y+1","beaked:Defend_Y+1","beaked:Defend_Y+1","beaked:Defend_Y+1","beaked:Ceremony","beaked:Ceremony","beaked:Ceremony","beaked:Windmill+1","beaked:MimicWarrior+1","beaked:Flinch+1","Midas Touch+1","beaked:Insight+1","beaked:CrazyRituals+1","beaked:Insight+1","beaked:Windmill+1","beaked:AwakenedForm+1","beaked:Windmill+1","beaked:Foresight+1","beaked:Brace+1","J.A.X.+1","beaked:WarriorSpirit","beaked:MachineEssence+1","beaked:Foresight+1","beaked:MaddeningMurmurs+1","beaked:AwakenedForm+1","Pot Of Greed+1","Pot Of Greed+1","Pot Of Greed+1","ReplayTheSpireMod:Black Plague","beaked:AwakenedForm+1","Pot Of Greed+1","beaked:BraceForImpact+1","beaked:Foresight+1","beaked:Overpower+1","beaked:Ceremony"],"relics":["beaked:MendingPlumage","TungstenRod","Singing Bowl","Omamori","beaked:SacrificeDoll","Medical Kit","ReplayFunnel","infinitespire:ShieldingShard","beaked:MawFillet","Snack Pack","Replay:Accelerometer","beaked:ShinyBauble","Black Star","Divine Protection","Replay:Ringing Soul","Smiling Mask","Sundial","Pantograph","Onion Ring","Replay:Mystery Machine","Replay:Baseball","StoneCalendar","ReplayTheSpireMod:Ninjato","SacredBark","Ginger","Grinning Jar","Blood Vial","Torii","Replay:Bottled Snecko","Bottled Flame","Lantern","infinitespire:CheckeredPen","Replay:Bandana","MawBank","Shovel","Old Coin","Coffee Dripper","Molten Egg 2","ReplayTheSpireMod:Lightbulb","infinitespire:Eraser","MealTicket","Oddly Smooth Stone","infinitespire:Golems Mask","Replay:PocketPolymizer","FossilizedHelix","War Paint","Dream Catcher","White Beast Statue","infinitespire:Magic Flask","Replay:Wax Seal","infinitespire:Bottled Soul","beaked:ThroatLozenge","Replay:Arrowhead","Ice Cream","Garlic","Pet Ghost","Shuriken","infinitespire:Midas Blood","Anchor","infinitespire:Lucky Rock","Thread and Needle","Happy Flower","Centennial Puzzle","ChewingGum"],"acts_visited":["Exordium","TheCity","TheBeyond","Exordium","TheCity","TheBeyond","Exordium"],"potions_floor_usage":[],"damage_taken":[{"damage":10.0,"enemies":"Jaw Worm","floor":1.0,"turns":5.0},{"damage":13.0,"enemies":"Cultist","floor":2.0,"turns":6.0},{"damage":8.0,"enemies":"Small Slimes","floor":4.0,"turns":4.0},{"damage":27.0,"enemies":"Exordium Wildlife","floor":5.0,"turns":4.0},{"damage":21.0,"enemies":"Lagavulin","floor":7.0,"turns":5.0},{"damage":11.0,"enemies":"3 Louse","floor":12.0,"turns":2.0},{"damage":21.0,"enemies":"Gremlin Nob","floor":13.0,"turns":5.0},{"damage":15.0,"enemies":"Slime Boss","floor":16.0,"turns":6.0},{"damage":40.0,"enemies":"Chosen","floor":18.0,"turns":8.0},{"damage":0.0,"enemies":"Spheric Guardian","floor":19.0,"turns":3.0},{"damage":0.0,"enemies":"Snake Plant","floor":20.0,"turns":2.0},{"damage":54.0,"enemies":"Nightmare","floor":23.0,"turns":8.0},{"damage":0.0,"enemies":"Gremlin Leader","floor":25.0,"turns":1.0},{"damage":41.0,"enemies":"Slavers","floor":27.0,"turns":5.0},{"damage":28.0,"enemies":"Gremlin Leader","floor":28.0,"turns":7.0},{"damage":12.0,"enemies":"Centurion and Healer","floor":31.0,"turns":4.0},{"damage":25.0,"enemies":"Collector","floor":33.0,"turns":7.0},{"damage":23.0,"enemies":"3 Shapes","floor":35.0,"turns":4.0},{"damage":6.0,"enemies":"3 Darklings","floor":37.0,"turns":6.0},{"damage":3.0,"enemies":"Giant Head","floor":38.0,"turns":9.0},{"damage":9.0,"enemies":"Sphere and 2 Shapes","floor":39.0,"turns":5.0},{"damage":12.0,"enemies":"Transient","floor":41.0,"turns":5.0},{"damage":62.0,"enemies":"Reptomancer","floor":42.0,"turns":7.0},{"damage":5.0,"enemies":"Nemesis","floor":44.0,"turns":5.0},{"damage":20.0,"enemies":"Jaw Worm Horde","floor":45.0,"turns":5.0},{"damage":0.0,"enemies":"Giant Head","floor":47.0,"turns":7.0},{"damage":1.0,"enemies":"Spire Growth","floor":48.0,"turns":5.0},{"damage":47.0,"enemies":"infinitespire:MassOfShapes","floor":50.0,"turns":6.0},{"damage":16.0,"enemies":"2 Louse","floor":52.0,"turns":4.0},{"damage":0.0,"enemies":"Lagavulin","floor":53.0,"turns":5.0},{"damage":7.0,"enemies":"Small Slimes","floor":55.0,"turns":2.0},{"damage":70.0,"enemies":"Gremlin Nob","floor":57.0,"turns":5.0},{"damage":0.0,"enemies":"Cultist","floor":58.0,"turns":4.0},{"damage":2.0,"enemies":"3 Sentries","floor":59.0,"turns":7.0},{"damage":10.0,"enemies":"Gremlin Nob","floor":61.0,"turns":4.0},{"damage":2.0,"enemies":"3 Sentries","floor":63.0,"turns":7.0},{"damage":8.0,"enemies":"Exordium Thugs","floor":64.0,"turns":2.0},{"damage":0.0,"enemies":"Exordium Wildlife","floor":65.0,"turns":4.0},{"damage":0.0,"enemies":"Slime Boss","floor":67.0,"turns":5.0},{"damage":14.0,"enemies":"2 Thieves","floor":69.0,"turns":3.0},{"damage":0.0,"enemies":"Shell Parasite","floor":72.0,"turns":3.0},{"damage":27.0,"enemies":"Slavers","floor":73.0,"turns":4.0},{"damage":0.0,"enemies":"Gremlin Leader","floor":74.0,"turns":3.0},{"damage":8.0,"enemies":"Slavers","floor":76.0,"turns":3.0},{"damage":2.0,"enemies":"Gremlin Leader","floor":78.0,"turns":2.0},{"damage":0.0,"enemies":"Replay:Snechameleon","floor":79.0,"turns":4.0},{"damage":103.0,"enemies":"Nightmare_Alpha","floor":81.0,"turns":8.0},{"damage":0.0,"enemies":"Colosseum Slavers","floor":82.0,"turns":3.0},{"damage":56.0,"enemies":"Colosseum Nobs","floor":82.0,"turns":4.0},{"damage":0.0,"enemies":"StardustCrusaders","floor":84.0,"turns":3.0},{"damage":0.0,"enemies":"Orb Walker","floor":86.0,"turns":2.0},{"damage":0.0,"enemies":"3 Darklings","floor":87.0,"turns":3.0},{"damage":0.0,"enemies":"Transient","floor":89.0,"turns":5.0},{"damage":0.0,"enemies":"Maw","floor":90.0,"turns":4.0},{"damage":15.0,"enemies":"Reptomancer","floor":91.0,"turns":5.0},{"damage":0.0,"enemies":"R_Hoarder","floor":93.0,"turns":5.0},{"damage":0,"enemies":"Giant Head","floor":95,"turns":3},{"damage":0,"enemies":"Writhing Mass","floor":99,"turns":4},{"damage":0,"enemies":"Donu and Deca","floor":101,"turns":4}],"seed_played":"7006346267976435941","potions_obtained":[{"floor":2.0,"key":"BlessingOfTheForge"},{"floor":5.0,"key":"BlessingOfTheForge"},{"floor":12.0,"key":"DuplicationPotion"},{"floor":27.0,"key":"Explosive Potion"},{"floor":39.0,"key":"GamblersBrew"},{"floor":42.0,"key":"LiquidBronze"},{"floor":58.0,"key":"AttackPotion"},{"floor":63.0,"key":"Dexterity Potion"},{"floor":87.0,"key":"Death Potion"},{"floor":91.0,"key":"DistilledChaos"}],"is_trial":false,"path_per_floor":["M","M","?","M","M","R","E","R","T","$","R","M","E","$","R","B",null,"M","M","M","$","?","NM","AVR","E","T","E","E","R","?","M","R","B",null,"M","?","M","E","M","R","M","E","T","E","M","R","E","M","R_BF","B",null,"M","E","?","M","?","E","M","E","T","E","?","E","M","M","R","B",null,"M","?","?","M","E","E","R","E","T","E","E","R","NM","?","R","B",null,"M","M","?","M","M","E","R","E","T","E","?","?","R","M","R","B",null],"character_chosen":"BEAKED_THE_CULTIST","items_purchased":["Midas Touch","beaked:Insight","beaked:Insight+1","beaked:Windmill","Medical Kit"],"campfire_rested":0,"item_purchase_floors":[10,10,14,14,21],"current_hp_per_floor":[55,49,49,52,38,38,31,31,31,31,31,27,24,24,24,38,60,37,63,63,63,63,27,27,32,32,33,70,70,70,72,72,72,72,68,70,78,81,86,86,83,91,91,100,102,102,102,104,104,106,106,111,116,116,118,112,70,99,127,127,129,129,131,133,135,135,143,143,145,145,145,147,149,151,151,153,153,154,160,163,143,131,134,176,176,178,180,139,185,187,189,192,195,195,198,198,201,201,205,205,208,210,210],"gold":1688,"neow_bonus":"TEN_PERCENT_HP_BONUS","is_daily":false,"chose_seed":false,"campfire_upgraded":15,"win_rate":0.0,"timestamp":1610864096,"path_taken":["M","M","?","?","?","R","E","R","T","$","R","M","E","?","R","BOSS","M","M","M","$","?","NM","AVR","E","T","E","E","R","?","M","R","BOSS","M","?","M","E","M","R","M","E","T","E","M","R","E","M","R_BF","BOSS","M","E","?","?","?","E","M","E","T","E","?","E","M","?","R","BOSS","BOSS","M","?","?","M","E","E","R","E","T","E","E","R","NM","?","R","BOSS","BOSS","M","M","?","M","?","E","R","E","T","E","?","?","R","?","R","BOSS"],"items_purchased_type":["Card","Card","Card","Card","Relic"],"build_version":"2020-12-22","purchased_purges":0,"victory":false,"max_hp_per_floor":[55,55,55,55,55,55,55,55,55,55,55,58,60,60,60,60,60,63,63,63,63,63,66,66,68,68,68,70,70,70,72,72,72,72,74,76,78,81,86,86,91,97,97,100,102,102,102,104,104,106,106,111,116,116,118,118,123,125,127,127,129,129,131,133,135,135,143,143,145,145,145,147,149,151,151,153,153,158,160,163,165,170,173,176,176,178,180,183,185,187,189,192,195,195,200,200,203,203,205,205,210,210,210],"card_choices":[{"not_picked":["beaked:StunningBlow","beaked:Overexert","beaked:HuntressEssence"],"picked":"SKIP","floor":1.0},{"not_picked":["beaked:Flinch","beaked:BraceForImpact"],"picked":"beaked:Windmill","floor":2.0},{"not_picked":["beaked:RitualOfBody","beaked:Overexert"],"picked":"beaked:MimicWarrior","floor":4.0},{"not_picked":["beaked:Tradeoff","beaked:CursingBlood","beaked:Resilience"],"picked":"SKIP","floor":5.0},{"not_picked":["beaked:CursingBlood","beaked:DarkPact"],"picked":"beaked:Flinch","floor":7.0},{"not_picked":["beaked:Flinch","beaked:TuckingFeathers"],"picked":"beaked:CrazyRituals","floor":12.0},{"not_picked":["beaked:DigDeep","beaked:BloodForTheGods","beaked:FakeOut"],"picked":"Singing Bowl","floor":13.0},{"not_picked":["beaked:SacrificialScars","beaked:Caw"],"picked":"beaked:AwakenedForm","floor":16.0},{"not_picked":["beaked:Tweet+1","beaked:CursingBlood"],"picked":"beaked:Windmill+1","floor":18.0},{"not_picked":["beaked:Tradeoff","beaked:BraceForImpact"],"picked":"beaked:Foresight","floor":19.0},{"not_picked":["beaked:Evade","beaked:BraceForImpact"],"picked":"beaked:Brace+1","floor":20.0},{"not_picked":["beaked:CheekyTricks","beaked:DigDeep"],"picked":"beaked:WarriorSpirit","floor":23.0},{"not_picked":["beaked:Tradeoff","beaked:CursingBlood+1","beaked:Replenish"],"picked":"Singing Bowl","floor":25.0},{"not_picked":["beaked:Caw","beaked:BloodRitual"],"picked":"beaked:MimicHuntress+1","floor":27.0},{"not_picked":["beaked:Resilience","beaked:SacrificialScars","beaked:Hexing+1"],"picked":"Singing Bowl","floor":28.0},{"not_picked":["beaked:CursingBlood+1","beaked:Evade+1","beaked:Insight"],"picked":"Singing Bowl","floor":31.0},{"not_picked":["beaked:SacrificialScars","beaked:Caw"],"picked":"beaked:MachineEssence","floor":33.0},{"not_picked":["beaked:Resilience","beaked:Daydream","beaked:BloodRitual"],"picked":"Singing Bowl","floor":35.0},{"not_picked":["Flash of Steel","Impatience","Dramatic Entrance"],"picked":"Singing Bowl","floor":36.0},{"not_picked":["beaked:Daydream","beaked:BounceBack+1","ReplayTheSpireMod:Wings of Steel"],"picked":"Singing Bowl","floor":37.0},{"not_picked":["beaked:WildInstinct","beaked:Brace"],"picked":"beaked:Foresight+1","floor":38.0},{"not_picked":["beaked:Daydream","beaked:Insight","beaked:SacrificialAttack"],"picked":"Singing Bowl","floor":39.0},{"not_picked":["beaked:StickSmack+1","beaked:DigDeep","beaked:WindBringer+1"],"picked":"Singing Bowl","floor":41.0},{"not_picked":["beaked:BounceBack","beaked:Pecker"],"picked":"beaked:MaddeningMurmurs+1","floor":42.0},{"not_picked":["ReplayTheSpireMod:Prepare the Ceremony+1","beaked:Brace+1"],"picked":"beaked:AwakenedForm","floor":44.0},{"not_picked":["beaked:FeelMyPain+1","beaked:Poke","beaked:Windmill+1"],"picked":"Singing Bowl","floor":45.0},{"not_picked":["beaked:MimicMachine","beaked:Foresight","beaked:BounceBack+1"],"picked":"SKIP","floor":47.0},{"not_picked":["beaked:Windmill+1","beaked:WarriorEssence","beaked:Evade+1"],"picked":"Singing Bowl","floor":48.0},{"not_picked":["beaked:DarkTribute","ReplayTheSpireMod:Owlgaze","beaked:FullHouse"],"picked":"Singing Bowl","floor":50.0},{"not_picked":["beaked:DigDeep","beaked:SacrificialAttack","beaked:CrazyRituals"],"picked":"Singing Bowl","floor":52.0},{"not_picked":["beaked:Windmill","beaked:WarriorSpirit","beaked:Flinch"],"picked":"Singing Bowl","floor":53.0},{"not_picked":["beaked:Pecker","beaked:Tweet","beaked:Redirect"],"picked":"Singing Bowl","floor":55.0},{"not_picked":["beaked:Cower","beaked:Insight","beaked:BounceBack"],"picked":"Singing Bowl","floor":57.0},{"not_picked":["beaked:MachineSpirit","beaked:Tradeoff","beaked:Cower"],"picked":"Singing Bowl","floor":58.0},{"not_picked":["beaked:MimicMachine","beaked:Windmill","beaked:WarriorEssence"],"picked":"Singing Bowl","floor":59.0},{"not_picked":["beaked:Tweet","beaked:ScreechingChant","beaked:DigDeep"],"picked":"Singing Bowl","floor":61.0},{"not_picked":["beaked:Redirect","beaked:Resilience","beaked:Insight"],"picked":"Singing Bowl","floor":63.0},{"not_picked":["beaked:Evade","beaked:Replenish","beaked:Redirect"],"picked":"Singing Bowl","floor":64.0},{"not_picked":["beaked:MimicHuntress","beaked:MimicMachine","beaked:TuckingFeathers"],"picked":"Singing Bowl","floor":65.0},{"not_picked":["beaked:Sacrifice","ReplayTheSpireMod:Owlgaze","beaked:ScreechingChant"],"picked":"Singing Bowl","floor":67.0},{"not_picked":["infinitespire:Menacing","ReplayTheSpireMod:??????????????????????"],"picked":"ReplayTheSpireMod:Black Plague","floor":67.0},{"not_picked":["beaked:Redirect+1","beaked:TuckingFeathers","beaked:Evade"],"picked":"Singing Bowl","floor":69.0},{"not_picked":["beaked:Poke+1","beaked:SurvivalInstinct","beaked:Flinch+1"],"picked":"Singing Bowl","floor":72.0},{"not_picked":["beaked:DigDeep","beaked:StunningBlow+1","beaked:Evade+1"],"picked":"Singing Bowl","floor":73.0},{"not_picked":["beaked:BraceForImpact","beaked:VigorBurst","beaked:Devastation"],"picked":"Singing Bowl","floor":74.0},{"not_picked":["beaked:FullHouse","beaked:Evade","beaked:StickSmack+1"],"picked":"Singing Bowl","floor":76.0},{"not_picked":["beaked:WindBringer+1","beaked:Insight","beaked:WildInstinct+1"],"picked":"Singing Bowl","floor":78.0},{"not_picked":["beaked:MaddeningMurmurs","beaked:Resilience+1","beaked:DesperateSwing+1"],"picked":"Singing Bowl","floor":79.0},{"not_picked":["beaked:Negation","beaked:SurvivalInstinct","beaked:Roost"],"picked":"Singing Bowl","floor":81.0},{"not_picked":["beaked:Tradeoff","beaked:Evade","beaked:FeelMyPain"],"picked":"Singing Bowl","floor":82.0},{"not_picked":["beaked:ScreechingChant","beaked:ShadowFade"],"picked":"beaked:AwakenedForm","floor":84.0},{"not_picked":["beaked:MaddeningMurmurs+1","beaked:Windmill+1","beaked:WarriorSpirit"],"picked":"Singing Bowl","floor":86.0},{"not_picked":["beaked:FeelMyPain+1","beaked:Cower+1","beaked:Flinch+1"],"picked":"Singing Bowl","floor":87.0},{"not_picked":["beaked:Insight","beaked:Overexert"],"picked":"beaked:BraceForImpact+1","floor":88.0},{"not_picked":["beaked:Foresight","beaked:DigDeep+1","beaked:TuckingFeathers+1"],"picked":"Singing Bowl","floor":89.0},{"not_picked":["beaked:FeelMyPain+1","beaked:BounceBack+1","beaked:DigDeeper+1"],"picked":"Singing Bowl","floor":90.0},{"not_picked":["beaked:Resilience+1","beaked:VolatileMisfortune","beaked:TuckingFeathers"],"picked":"Singing Bowl","floor":91.0},{"not_picked":["beaked:StickSmack+1","beaked:WindBringer+1"],"picked":"beaked:Overpower+1","floor":93},{"not_picked":["beaked:Insight+1","beaked:BounceBack","beaked:Sacrifice+1"],"picked":"Singing Bowl","floor":95},{"not_picked":["beaked:Tweet+1","beaked:Overpower+1","beaked:Insight+1"],"picked":"Singing Bowl","floor":99},{"not_picked":["beaked:KnowThyFoe","beaked:ShadowFade","beaked:Brainwash"],"picked":"Singing Bowl","floor":101}],"player_experience":139748,"relics_obtained":[{"floor":7.0,"key":"TungstenRod"},{"floor":9.0,"key":"Singing Bowl"},{"floor":13.0,"key":"Omamori"},{"floor":23.0,"key":"ReplayFunnel"},{"floor":25.0,"key":"Snack Pack"},{"floor":27.0,"key":"Replay:Accelerometer"},{"floor":28.0,"key":"beaked:ShinyBauble"},{"floor":38.0,"key":"Divine Protection"},{"floor":38.0,"key":"Replay:Ringing Soul"},{"floor":42.0,"key":"Smiling Mask"},{"floor":42.0,"key":"Sundial"},{"floor":43.0,"key":"Pantograph"},{"floor":44.0,"key":"Onion Ring"},{"floor":44.0,"key":"Replay:Mystery Machine"},{"floor":47.0,"key":"Replay:Baseball"},{"floor":47.0,"key":"StoneCalendar"},{"floor":49.0,"key":"ReplayTheSpireMod:Ninjato"},{"floor":53.0,"key":"Ginger"},{"floor":53.0,"key":"Grinning Jar"},{"floor":57.0,"key":"Blood Vial"},{"floor":57.0,"key":"Torii"},{"floor":59.0,"key":"Replay:Bottled Snecko"},{"floor":59.0,"key":"Bottled Flame"},{"floor":60.0,"key":"Lantern"},{"floor":61.0,"key":"infinitespire:CheckeredPen"},{"floor":61.0,"key":"Replay:Bandana"},{"floor":63.0,"key":"Shovel"},{"floor":63.0,"key":"Old Coin"},{"floor":73.0,"key":"ReplayTheSpireMod:Lightbulb"},{"floor":73.0,"key":"infinitespire:Eraser"},{"floor":74.0,"key":"MealTicket"},{"floor":74.0,"key":"Oddly Smooth Stone"},{"floor":75.0,"key":"infinitespire:Golems Mask"},{"floor":76.0,"key":"Replay:PocketPolymizer"},{"floor":76.0,"key":"FossilizedHelix"},{"floor":77.0,"key":"War Paint"},{"floor":78.0,"key":"Dream Catcher"},{"floor":78.0,"key":"White Beast Statue"},{"floor":79.0,"key":"infinitespire:Magic Flask"},{"floor":79.0,"key":"Replay:Wax Seal"},{"floor":80.0,"key":"infinitespire:Bottled Soul"},{"floor":81.0,"key":"beaked:ThroatLozenge"},{"floor":81.0,"key":"Replay:Arrowhead"},{"floor":82.0,"key":"Ice Cream"},{"floor":82.0,"key":"Garlic"},{"floor":91.0,"key":"Pet Ghost"},{"floor":91.0,"key":"Shuriken"},{"floor":93,"key":"infinitespire:Midas Blood"},{"floor":93,"key":"Anchor"},{"floor":94,"key":"infinitespire:Lucky Rock"},{"floor":95,"key":"Thread and Needle"},{"floor":95,"key":"Happy Flower"},{"floor":100,"key":"Centennial Puzzle"}],"event_choices":[{"damage_healed":0.0,"max_hp_gain":0.0,"max_hp_loss":0.0,"gold_gain":0.0,"event_name":"Accursed Blacksmith","player_choice":"Forge","floor":3.0,"gold_loss":0.0,"damage_taken":0.0,"cards_upgraded":["beaked:Windmill"]},{"damage_healed":0.0,"max_hp_gain":0.0,"max_hp_loss":0.0,"gold_gain":0.0,"event_name":"Drug Dealer","player_choice":"Obtain J.A.X.","floor":22.0,"gold_loss":0.0,"damage_taken":0.0,"cards_obtained":["J.A.X."]},{"damage_healed":0.0,"max_hp_gain":0.0,"max_hp_loss":0.0,"gold_gain":0.0,"event_name":"Back to Basics","player_choice":"Simplicity","floor":30.0,"gold_loss":0.0,"damage_taken":0.0,"cards_upgraded":["beaked:Strike_Y","beaked:Strike_Y","beaked:Strike_Y","beaked:Strike_Y","beaked:Strike_Y","beaked:Strike_Y","beaked:Defend_Y","beaked:Defend_Y","beaked:Defend_Y","beaked:Defend_Y"]},{"damage_healed":0.0,"max_hp_gain":0.0,"max_hp_loss":0.0,"gold_gain":0.0,"event_name":"SensoryStone","player_choice":"Memory 1","floor":36.0,"gold_loss":0.0,"damage_taken":0.0},{"damage_healed":0.0,"max_hp_gain":0.0,"max_hp_loss":0.0,"gold_gain":0.0,"event_name":"Match and Keep!","player_choice":"0 cards matched","floor":54.0,"gold_loss":0.0,"damage_taken":0.0,"cards_obtained":[]},{"cards_removed":["beaked:MimicHuntress"],"damage_healed":0.0,"max_hp_gain":0.0,"max_hp_loss":0.0,"gold_gain":0.0,"event_name":"Golden Wing","player_choice":"Card Removal","floor":56.0,"gold_loss":0.0,"damage_taken":7.0},{"damage_healed":0.0,"max_hp_gain":0.0,"max_hp_loss":0.0,"gold_gain":0.0,"event_name":"WeMeetAgain","player_choice":"Gave Potion","floor":62.0,"gold_loss":0.0,"damage_taken":0.0,"relics_obtained":["MawBank"]},{"damage_healed":0.0,"max_hp_gain":0.0,"max_hp_loss":0.0,"gold_gain":0.0,"event_name":"Beggar","player_choice":"Ignored","floor":70.0,"gold_loss":0.0,"damage_taken":0.0},{"damage_healed":0.0,"max_hp_gain":0.0,"max_hp_loss":0.0,"gold_gain":0.0,"event_name":"Addict","player_choice":"Obtained Relic","floor":71.0,"gold_loss":85.0,"damage_taken":0.0,"relics_obtained":["Molten Egg 2"]},{"damage_healed":0.0,"max_hp_gain":0.0,"max_hp_loss":0.0,"gold_gain":0.0,"event_name":"Colosseum","player_choice":"Fight","floor":82.0,"gold_loss":0.0,"damage_taken":0.0},{"damage_healed":0.0,"max_hp_gain":0.0,"max_hp_loss":0.0,"gold_gain":0.0,"event_name":"Colosseum","player_choice":"Fought Nobs","floor":82.0,"gold_loss":0.0,"damage_taken":0.0},{"damage_healed":0,"gold_gain":0,"player_choice":"Ignored","damage_taken":0,"max_hp_gain":0,"max_hp_loss":0,"event_name":"Tomb of Lord Red Mask","floor":96,"gold_loss":0},{"damage_healed":0,"gold_gain":0,"player_choice":"1 cards matched","damage_taken":0,"max_hp_gain":0,"max_hp_loss":0,"event_name":"Match and Keep!","floor":97,"gold_loss":0,"cards_obtained":["beaked:Ceremony"]}],"is_beta":false,"boss_relics":[{"not_picked":["Sozu","Astrolabe"],"picked":"beaked:SacrificeDoll"},{"not_picked":["beaked:FlawlessSticks","Velvet Choker"],"picked":"Black Star"},{"not_picked":["Cursed Key","ReplayTheSpireMod:DimensionalGlitch"],"picked":"SacredBark"},{"not_picked":["Sozu","Fusion Hammer"],"picked":"Coffee Dripper"},{"not_picked":["Velvet Choker","Runic Dome","Runic Pyramid"]},{"not_picked":["Honey Jar","Replay:Bronze Core"],"picked":"ChewingGum"}],"items_purged_floors":[],"is_endless":true,"potions_floor_spawned":[2,5,12,16,18,20,27,28,33,38,39,42,44,45,47,48,57,58,59,63,64,67,76,78,79,81,82,82,84,86,87,89,90,91,93,95,99,101],"ascension_level":1}}