{"host":"vyjryxuuuxkt43k4","time":1610875344,"event":{"mods":["AchievementEnabler","BaseMod","Colored Map","DeckTracker","Keyboard Shortcuts","Minty Spire (QoL Compilation)","Permanent Neow","Quick Restart","StSLib","SuperFastMode","everything is the same but u backflip on backflip"],"gold_per_floor":[11,31,31,31,51,51,72,72,72,105,105,38,78,109,109,232,232,248,262,277,277,300,331,331,256,256,256,256,256,294,315,315,436,436,454,454,554,579,105,145,161,205,283,324,351,351,414,443,443,443,443,443,184,224,224,224],"floor_reached":55,"language":"KOR","playtime":4253,"items_purged":["Strike_G","Strike_G","Defend_G"],"score":1104,"play_id":"fc5cee87-854a-4200-bb83-057d5aab64b3","local_time":"20210117182224","is_ascension_mode":true,"campfire_choices":[{"data":"Predator","floor":6.0,"key":"SMITH"},{"data":"Neutralize","floor":8.0,"key":"SMITH"},{"data":"Dash","floor":11.0,"key":"SMITH"},{"data":"Footwork","floor":15.0,"key":"SMITH"},{"floor":28,"key":"REST"},{"floor":32,"key":"RECALL"},{"floor":46,"key":"REST"},{"floor":49,"key":"REST"},{"floor":52,"key":"REST"}],"circlet_count":0,"master_deck":["Strike_G+1","Defend_G","Defend_G","Defend_G","Defend_G","Survivor","Neutralize+1","Predator+1","Quick Slash+1","Dash+1","Backflip","Footwork+1","Cloak And Dagger","Dodge and Roll","Die Die Die","PiercingWail","Footwork","Deflect+1","Noxious Fumes+1","Footwork+1","Sadistic Nature","Footwork+1","Acrobatics+1","Noxious Fumes+1","Dodge and Roll+1"],"relics":["Ring of the Snake","Incense Burner","Golden Idol","Pantograph","Ancient Tea Set","HornCleat","Regal Pillow","Odd Mushroom","Fusion Hammer","Eternal Feather","Nilry\u0027s Codex","Thread and Needle","Blood Vial","Philosopher\u0027s Stone","Membership Card","Mummified Hand","Akabeko","Whetstone","CeramicFish","Lantern","Bird Faced Urn","Anchor","Toy Ornithopter","Pear"],"acts_visited":["Exordium","TheCity","TheBeyond","TheEnding"],"potions_floor_usage":[16,22,31,33,38,40,41,44,44,44,44,48,55],"damage_taken":[{"damage":3.0,"enemies":"Small Slimes","floor":1.0,"turns":5.0},{"damage":0.0,"enemies":"2 Louse","floor":2.0,"turns":2.0},{"damage":1.0,"enemies":"Cultist","floor":5.0,"turns":3.0},{"damage":0.0,"enemies":"Blue Slaver","floor":7.0,"turns":3.0},{"damage":12.0,"enemies":"Gremlin Nob","floor":10.0,"turns":5.0},{"damage":13.0,"enemies":"Lagavulin","floor":13.0,"turns":5.0},{"damage":1.0,"enemies":"The Mushroom Lair","floor":14.0,"turns":5.0},{"damage":50,"enemies":"Hexaghost","floor":16,"turns":20},{"damage":6,"enemies":"3 Byrds","floor":18,"turns":6},{"damage":0,"enemies":"Spheric Guardian","floor":19,"turns":4},{"damage":0,"enemies":"Centurion and Healer","floor":20,"turns":11},{"damage":1,"enemies":"Snecko","floor":22,"turns":9},{"damage":22,"enemies":"Slavers","floor":23,"turns":12},{"damage":0,"enemies":"Gremlin Leader","floor":30,"turns":12},{"damage":12,"enemies":"Chosen and Byrds","floor":31,"turns":8},{"damage":0,"enemies":"Automaton","floor":33,"turns":21},{"damage":7,"enemies":"Orb Walker","floor":35,"turns":5},{"damage":0,"enemies":"3 Shapes","floor":38,"turns":4},{"damage":1,"enemies":"Reptomancer","floor":40,"turns":9},{"damage":36,"enemies":"Sphere and 2 Shapes","floor":41,"turns":7},{"damage":0,"enemies":"Nemesis","floor":42,"turns":7},{"damage":31,"enemies":"Reptomancer","floor":44,"turns":8},{"damage":0,"enemies":"Maw","floor":45,"turns":7},{"damage":21,"enemies":"2 Orb Walkers","floor":47,"turns":4},{"damage":0,"enemies":"Jaw Worm Horde","floor":48,"turns":4},{"damage":49,"enemies":"Time Eater","floor":50,"turns":15},{"damage":16,"enemies":"Shield and Spear","floor":54,"turns":8},{"damage":136,"enemies":"The Heart","floor":55,"turns":11}],"seed_played":"-1656982454306027126","potions_obtained":[{"floor":1.0,"key":"Explosive Potion"},{"floor":2.0,"key":"BlessingOfTheForge"},{"floor":10.0,"key":"Poison Potion"},{"floor":13.0,"key":"SmokeBomb"},{"floor":18,"key":"Energy Potion"},{"floor":23,"key":"Dexterity Potion"},{"floor":30,"key":"AttackPotion"},{"floor":33,"key":"EntropicBrew"},{"floor":40,"key":"EntropicBrew"},{"floor":44,"key":"Strength Potion"},{"floor":47,"key":"BlessingOfTheForge"},{"floor":48,"key":"Fruit Juice"}],"is_trial":false,"path_per_floor":["M","M","?","?","M","R","M","R","T","E","R","$","E","?","R","B",null,"M","M","M","?","M","E","?","$","T","?","R","?","E","M","R","B",null,"M","?","?","M","$","E","M","E","T","E","M","R","?","M","R","B",null,"R","$","E","B"],"character_chosen":"THE_SILENT","items_purchased":["Footwork","Membership Card","Mummified Hand","Akabeko","Sadistic Nature","FairyPotion","Anchor","Toy Ornithopter"],"campfire_rested":4,"item_purchase_floors":[12,39,39,39,39,53,53,53],"current_hp_per_floor":[67,67,65,62,61,61,61,61,61,49,49,49,36,35,35,10,65,59,59,59,59,58,36,20,20,20,20,65,65,65,53,65,65,65,58,58,58,60,60,61,35,37,37,23,25,62,41,62,67,30,67,67,67,69,0,0],"gold":224,"neow_bonus":"ONE_RARE_RELIC","is_daily":false,"chose_seed":false,"campfire_upgraded":4,"win_rate":0.0,"timestamp":1610875344,"path_taken":["M","M","?","?","M","R","M","R","T","E","R","$","E","?","R","BOSS","M","M","M","?","?","E","?","$","T","?","R","?","E","M","R","BOSS","M","?","?","M","$","E","M","E","T","E","?","R","?","M","R","BOSS","R","$","E","BOSS"],"items_purchased_type":["Card","Relic","Relic","Relic","Card","Potion","Relic","Relic"],"build_version":"2020-12-22","purchased_purges":3,"victory":false,"max_hp_per_floor":[70,70,65,65,65,65,65,65,65,65,65,65,65,65,65,65,65,65,65,65,65,65,65,65,65,65,65,65,65,65,65,65,65,65,65,62,62,62,62,62,62,62,62,62,62,62,62,67,67,67,67,67,67,77,77,77],"card_choices":[{"not_picked":["Slice","All Out Attack"],"picked":"Predator","floor":1.0},{"not_picked":["Sucker Punch","Deflect","Bane"],"picked":"SKIP","floor":2.0},{"not_picked":["Acrobatics","Deadly Poison"],"picked":"Quick Slash","floor":5.0},{"not_picked":["Cloak And Dagger","Deflect"],"picked":"Dash","floor":7.0},{"not_picked":["Choke","All Out Attack"],"picked":"Backflip","floor":10.0},{"not_picked":["Dagger Spray","Deadly Poison"],"picked":"Cloak And Dagger","floor":13.0},{"not_picked":["Sucker Punch","Dagger Throw"],"picked":"Dodge and Roll","floor":14.0},{"not_picked":["Tools of the Trade","Unload"],"picked":"Die Die Die","floor":16},{"not_picked":["Eviscerate","Deflect","Choke"],"picked":"SKIP","floor":18},{"not_picked":["Underhanded Strike","All Out Attack+1"],"picked":"PiercingWail","floor":19},{"not_picked":["Sucker Punch+1","Acrobatics"],"picked":"Footwork","floor":20},{"not_picked":["Cloak And Dagger","Quick Slash+1"],"picked":"Deflect+1","floor":22},{"not_picked":["Grand Finale","Deflect","Flying Knee"],"picked":"SKIP","floor":23},{"not_picked":["Quick Slash","PiercingWail","Choke"],"picked":"SKIP","floor":30},{"not_picked":["Sucker Punch","PiercingWail","Quick Slash"],"picked":"SKIP","floor":31},{"not_picked":["Backflip+1","Accuracy+1"],"picked":"Noxious Fumes+1","floor":35},{"not_picked":["Sucker Punch","Eviscerate"],"picked":"Footwork+1","floor":38},{"not_picked":["Dagger Spray+1","Endless Agony+1","Dodge and Roll"],"picked":"SKIP","floor":40},{"not_picked":["Sucker Punch+1","Quick Slash","Bullet Time"],"picked":"SKIP","floor":41},{"not_picked":["Acrobatics","Backflip+1"],"picked":"Footwork+1","floor":42},{"not_picked":["Tactician","Poisoned Stab+1","Infinite Blades"],"picked":"SKIP","floor":44},{"not_picked":["Terror+1","Dagger Throw+1"],"picked":"Acrobatics+1","floor":45},{"not_picked":["Infinite Blades","Footwork"],"picked":"Noxious Fumes+1","floor":48},{"not_picked":["Acrobatics+1","Sucker Punch+1"],"picked":"Dodge and Roll+1","floor":54}],"player_experience":399446,"relics_obtained":[{"floor":9.0,"key":"Ancient Tea Set"},{"floor":10.0,"key":"HornCleat"},{"floor":13.0,"key":"Regal Pillow"},{"floor":14.0,"key":"Odd Mushroom"},{"floor":23,"key":"Eternal Feather"},{"floor":24,"key":"Nilry\u0027s Codex"},{"floor":26,"key":"Thread and Needle"},{"floor":30,"key":"Blood Vial"},{"floor":40,"key":"Whetstone"},{"floor":42,"key":"CeramicFish"},{"floor":44,"key":"Lantern"},{"floor":47,"key":"Bird Faced Urn"},{"floor":54,"key":"Pear"}],"event_choices":[{"damage_healed":0.0,"max_hp_gain":0.0,"max_hp_loss":5.0,"gold_gain":0.0,"event_name":"Golden Idol","player_choice":"Lose Max HP","floor":3.0,"gold_loss":0.0,"damage_taken":0.0,"relics_obtained":["Golden Idol"]},{"damage_healed":0.0,"max_hp_gain":0.0,"max_hp_loss":0.0,"gold_gain":0.0,"event_name":"Scrap Ooze","player_choice":"Success","floor":4.0,"gold_loss":0.0,"damage_taken":3.0,"relics_obtained":["Pantograph"]},{"damage_healed":0.0,"max_hp_gain":0.0,"max_hp_loss":0.0,"gold_gain":0.0,"event_name":"Mushrooms","player_choice":"Fought Mushrooms","floor":14.0,"gold_loss":0.0,"damage_taken":0.0},{"cards_removed":["Strike_G"],"damage_healed":0,"gold_gain":0,"player_choice":"Offered Basic","damage_taken":0,"max_hp_gain":0,"max_hp_loss":0,"event_name":"Bonfire Elementals","floor":21,"gold_loss":0},{"damage_healed":0,"gold_gain":0,"player_choice":"Obtained Book","damage_taken":16,"max_hp_gain":0,"max_hp_loss":0,"event_name":"Cursed Tome","floor":24,"gold_loss":0},{"cards_removed":["Strike_G"],"damage_healed":0,"gold_gain":0,"player_choice":"Elegance","damage_taken":0,"max_hp_gain":0,"max_hp_loss":0,"event_name":"Back to Basics","floor":27,"gold_loss":0},{"damage_healed":0,"gold_gain":0,"player_choice":"Ignored","damage_taken":0,"max_hp_gain":0,"max_hp_loss":0,"event_name":"N\u0027loth","floor":29,"gold_loss":0},{"damage_healed":0,"gold_gain":0,"player_choice":"Max HP","damage_taken":0,"max_hp_gain":0,"max_hp_loss":3,"event_name":"Winding Halls","floor":36,"gold_loss":0},{"damage_healed":0,"gold_gain":100,"player_choice":"Pray","damage_taken":0,"max_hp_gain":0,"max_hp_loss":0,"event_name":"Golden Shrine","floor":37,"gold_loss":0},{"damage_healed":0,"gold_gain":0,"player_choice":"Fight","damage_taken":0,"max_hp_gain":0,"max_hp_loss":0,"event_name":"Mysterious Sphere","floor":47,"gold_loss":0}],"is_beta":false,"boss_relics":[{"not_picked":["Busted Crown","Velvet Choker"],"picked":"Fusion Hammer"},{"not_picked":["Snecko Eye","Runic Dome"],"picked":"Philosopher\u0027s Stone"}],"items_purged_floors":[25,39,53],"is_endless":false,"potions_floor_spawned":[1,2,10,13,18,23,30,33,40,44,47,48],"killed_by":"The Heart","ascension_level":4}}