{"host":"j6mgjir4ee1lqn1j","time":1610855526,"event":{"mods":["BaseMod","Colored Map","Colored Powertips","DeckTracker","Highlight Path","Keyboard Shortcuts","Minty Spire (QoL Compilation)","Permanent Neow","Quick Restart","Rare Cards Sparkle","Shop Mod","StSLib","SuperFastMode"],"gold_per_floor":[112,112,124,137,62,96,96,113,136,155,181,215,233,183,183,278,278,296,746,760,675,675,675,456,456,482,516,532,548,575,310,310,410,410,424,424,24,24,39,39,89,40,40,72,3,35,52,65,65,65],"floor_reached":51,"language":"ENG","playtime":5082,"items_purged":["Strike_G","Strike_G","Defend_G"],"score":933,"play_id":"128d3b56-a349-420a-9330-3596d2949fe9","local_time":"20210116225206","is_ascension_mode":false,"campfire_choices":[{"data":"Neutralize","floor":7,"key":"SMITH"},{"data":"Terror","floor":15,"key":"SMITH"},{"data":"Envenom","floor":23,"key":"SMITH"},{"data":"Prepared","floor":25,"key":"SMITH"},{"data":"Blade Dance","floor":32,"key":"SMITH"},{"data":"Blade Dance","floor":40,"key":"SMITH"},{"data":"Adrenaline","floor":49,"key":"SMITH"}],"circlet_count":0,"master_deck":["Defend_G","Defend_G","Defend_G","Defend_G","Survivor","Neutralize+1","Blade Dance+1","Infinite Blades","Acrobatics","Footwork","Terror+1","Blade Dance+1","Blade Dance+1","Envenom+1","Backflip","Adrenaline+1","Prepared+1","Backflip+1","Tactician+1","Acrobatics+1","Outmaneuver+1","Sadistic Nature","Infinite Blades+1","Blade Dance+1","Backflip+1","Sadistic Nature","Terror+1","Calculated Gamble+1","Apotheosis+1","Blade Dance+1","Impatience+1","Prepared+1","Prepared+1","Backflip+1"],"relics":["Ring of the Snake","Kunai","Odd Mushroom","WristBlade","MerchantsRug","Toxic Egg 2","SlaversCollar","Sundial","Nunchaku","Ice Cream","Gremlin Horn","Kunai"],"acts_visited":["Exordium","TheCity","TheBeyond"],"potions_floor_usage":[6,11,27,41,50],"damage_taken":[{"damage":0,"enemies":"2 Louse","floor":1,"turns":5},{"damage":0,"enemies":"Cultist","floor":3,"turns":3},{"damage":0,"enemies":"Small Slimes","floor":4,"turns":3},{"damage":2,"enemies":"3 Sentries","floor":6,"turns":8},{"damage":0,"enemies":"Red Slaver","floor":8,"turns":4},{"damage":0,"enemies":"Blue Slaver","floor":10,"turns":3},{"damage":0,"enemies":"The Mushroom Lair","floor":11,"turns":6},{"damage":0,"enemies":"Lagavulin","floor":12,"turns":7},{"damage":0,"enemies":"Looter","floor":13,"turns":3},{"damage":8,"enemies":"Slime Boss","floor":16,"turns":13},{"damage":0,"enemies":"Chosen","floor":18,"turns":3},{"damage":0,"enemies":"Shell Parasite","floor":20,"turns":4},{"damage":0,"enemies":"Slavers","floor":27,"turns":5},{"damage":1,"enemies":"3 Cultists","floor":28,"turns":4},{"damage":0,"enemies":"Shelled Parasite and Fungi","floor":29,"turns":3},{"damage":0,"enemies":"Automaton","floor":33,"turns":4},{"damage":4,"enemies":"3 Darklings","floor":35,"turns":4},{"damage":0,"enemies":"3 Shapes","floor":39,"turns":3},{"damage":0,"enemies":"2 Orb Walkers","floor":41,"turns":4},{"damage":0,"enemies":"Reptomancer","floor":44,"turns":3},{"damage":0,"enemies":"Nemesis","floor":46,"turns":3},{"damage":0,"enemies":"Jaw Worm Horde","floor":47,"turns":2},{"damage":9,"enemies":"Spire Growth","floor":48,"turns":3},{"damage":29,"enemies":"Time Eater","floor":50,"turns":5}],"seed_played":"4431513175818981561","potions_obtained":[{"floor":1,"key":"Block Potion"},{"floor":2,"key":"Ancient Potion"},{"floor":2,"key":"Explosive Potion"},{"floor":2,"key":"Fire Potion"},{"floor":8,"key":"Dexterity Potion"},{"floor":11,"key":"EssenceOfSteel"},{"floor":16,"key":"DistilledChaos"},{"floor":20,"key":"CunningPotion"},{"floor":29,"key":"Block Potion"},{"floor":44,"key":"CunningPotion"}],"is_trial":false,"path_per_floor":["M","?","M","M","$","E","R","M","T","M","?","E","M","?","R","B",null,"M","?","M","?","?","R","$","R","T","E","M","M","T","$","R","B",null,"M","?","$","?","M","R","?","$","T","E","$","E","M","M","R","B",null],"character_chosen":"THE_SILENT","items_purchased":["Footwork","MerchantsRug","Prepared","Outmaneuver+1","Sadistic Nature","Nunchaku","Blade Dance+1","Backflip+1","DollysMirror","Calculated Gamble+1","Apotheosis+1","Impatience+1","Prepared+1"],"campfire_rested":0,"item_purchase_floors":[5,24,24,31,31,37,37,37,37,42,42,45,45],"current_hp_per_floor":[49,49,49,49,49,47,47,47,47,47,47,47,47,47,47,39,70,70,24,24,24,24,24,24,24,24,29,28,28,28,28,28,30,70,66,66,66,66,68,68,70,70,70,70,70,70,70,61,61,32],"gold":65,"neow_bonus":"REMOVE_TWO","is_daily":false,"chose_seed":false,"campfire_upgraded":7,"win_rate":0.0,"timestamp":1610855526,"path_taken":["M","?","?","?","?","E","R","M","T","M","?","E","M","?","R","BOSS","M","?","?","?","?","R","$","R","T","E","M","M","?","$","R","BOSS","M","?","?","?","?","R","?","$","T","E","?","E","M","?","R","BOSS"],"items_purchased_type":["Card","Relic","Card","Card","Card","Relic","Card","Card","Relic","Card","Card","Card","Card"],"build_version":"2020-12-13","purchased_purges":3,"victory":true,"max_hp_per_floor":[70,70,70,70,70,70,70,70,70,70,70,70,70,70,70,70,70,70,70,70,70,70,70,70,70,70,70,70,70,70,70,70,70,70,70,70,70,70,70,70,70,70,70,70,70,70,70,70,70,70],"card_choices":[{"not_picked":["PiercingWail","Backstab"],"picked":"Blade Dance","floor":1},{"not_picked":["PiercingWail","Quick Slash"],"picked":"Infinite Blades","floor":3},{"not_picked":["Bouncing Flask","Leg Sweep"],"picked":"Acrobatics","floor":4},{"not_picked":["Flechettes","Slice"],"picked":"Terror","floor":6},{"not_picked":["Deadly Poison","Dagger Throw","Terror"],"picked":"SKIP","floor":8},{"not_picked":["Slice","Bane","Dagger Throw"],"picked":"SKIP","floor":10},{"not_picked":["Infinite Blades","Dagger Spray"],"picked":"Blade Dance","floor":12},{"not_picked":["Footwork","Dagger Throw"],"picked":"Blade Dance","floor":13},{"not_picked":["Unload","Phantasmal Killer"],"picked":"Envenom","floor":16},{"not_picked":["Flying Knee","Poisoned Stab"],"picked":"Backflip","floor":18},{"not_picked":["Skewer+1","Riddle With Holes","Dagger Throw+1"],"picked":"SKIP","floor":20},{"not_picked":["Predator","Acrobatics+1"],"picked":"Backflip+1","floor":27},{"not_picked":["Quick Slash+1","Reflex+1"],"picked":"Tactician+1","floor":28},{"not_picked":["Sucker Punch","Heel Hook"],"picked":"Acrobatics+1","floor":29},{"not_picked":["Eviscerate","Dodge and Roll+1"],"picked":"Infinite Blades+1","floor":35},{"not_picked":["Slice","Crippling Poison+1","Underhanded Strike"],"picked":"SKIP","floor":39},{"not_picked":["Dodge and Roll+1","PiercingWail+1"],"picked":"Terror+1","floor":41},{"not_picked":["Flying Knee","Acrobatics+1"],"picked":"Blade Dance+1","floor":44},{"not_picked":["PiercingWail+1","Catalyst+1"],"picked":"Prepared+1","floor":46},{"not_picked":["Distraction+1","Dash"],"picked":"Backflip+1","floor":47},{"not_picked":["Dagger Throw+1","Bouncing Flask+1","Sucker Punch+1"],"picked":"SKIP","floor":48}],"player_experience":15544,"relics_obtained":[{"floor":6,"key":"Smiling Mask"},{"floor":9,"key":"Ancient Tea Set"},{"floor":11,"key":"Odd Mushroom"},{"floor":12,"key":"Toy Ornithopter"},{"floor":26,"key":"Orichalcum"},{"floor":27,"key":"Toxic Egg 2"},{"floor":30,"key":"Blood Vial"},{"floor":36,"key":"Sundial"},{"floor":41,"key":"Ice Cream"},{"floor":43,"key":"Gremlin Horn"},{"floor":44,"key":"Darkstone Periapt"},{"floor":46,"key":"Kunai"}],"event_choices":[{"damage_healed":0,"gold_gain":0,"player_choice":"Got Potions","damage_taken":0,"max_hp_gain":0,"max_hp_loss":0,"event_name":"Lab","floor":2,"gold_loss":0},{"damage_healed":0,"gold_gain":0,"player_choice":"Fought Mushrooms","damage_taken":0,"max_hp_gain":0,"max_hp_loss":0,"event_name":"Mushrooms","floor":11,"gold_loss":0},{"cards_removed":["Strike_G"],"damage_healed":0,"gold_gain":0,"player_choice":"Card Removal","damage_taken":0,"max_hp_gain":0,"max_hp_loss":0,"event_name":"The Cleric","floor":14,"gold_loss":50},{"damage_healed":0,"gold_gain":450,"player_choice":"GOLD GOLD GOLD GOLD GOLD ","damage_taken":46,"max_hp_gain":0,"max_hp_loss":0,"event_name":"Knowing Skull","floor":19,"potions_obtained":[],"gold_loss":0,"cards_obtained":[]},{"damage_healed":0,"gold_gain":0,"player_choice":"Obtained Relic","damage_taken":0,"relics_obtained":["Centennial Puzzle"],"max_hp_gain":0,"max_hp_loss":0,"event_name":"Addict","floor":21,"gold_loss":85},{"damage_healed":0,"gold_gain":0,"player_choice":"Read","damage_taken":0,"max_hp_gain":0,"max_hp_loss":0,"event_name":"The Library","floor":22,"gold_loss":0,"cards_obtained":["Adrenaline"]},{"damage_healed":0,"gold_gain":0,"player_choice":"Relic","damage_taken":0,"max_hp_gain":0,"max_hp_loss":0,"event_name":"Wheel of Change","floor":36,"gold_loss":0},{"damage_healed":0,"gold_gain":0,"player_choice":"Upgraded","damage_taken":0,"max_hp_gain":0,"max_hp_loss":0,"event_name":"Upgrade Shrine","floor":38,"gold_loss":0,"cards_upgraded":["Blade Dance"]},{"damage_healed":0,"gold_gain":0,"player_choice":"Fight","damage_taken":0,"max_hp_gain":0,"max_hp_loss":0,"event_name":"Mysterious Sphere","floor":41,"gold_loss":0}],"is_beta":false,"boss_relics":[{"not_picked":["SacredBark","Ectoplasm"],"picked":"WristBlade"},{"not_picked":["Coffee Dripper","Sozu"],"picked":"SlaversCollar"}],"items_purged_floors":[24,31,37],"is_endless":false,"potions_floor_spawned":[1,8,11,13,16,20,29,44,48],"ascension_level":0}}