{"host":"43gh4c2f6tt319we","time":1610876986,"event":{"mods":["ATMod(∞¢Ë™Mod)","Act Like it!","BaseMod","Gensokyo","Hallownest","KinomotoSakuraMod(ƒæ÷Æ±æ”£)","Lobotomy","Minty Spire (QoL Compilation)","Pale of the Ancients","Reimu£®≤©¿ˆ¡È√Œ£©","Remilia£®¿Ÿ√◊¿Ú—«£©","StSLib","The Alterego","The Bug Knight","Youmu£®ªÍ∆«—˝√Œ£©"],"gold_per_floor":[999,1011,1011,623,623,635,666,666,526,553,553,568,580,580,609,609,707,707,718,718,733,78,91,91,108,108,157,189,189,216,236,248,248,348,348,364,364,364,364,389,424,106,126,177,197,49,49,61,78,78,78,89,101,101,101,101,111,111,11,11,11],"floor_reached":112,"language":"ZHS","playtime":9332,"items_purged":["Strike_YM","BodiesMountain"],"score":1856,"play_id":"08c31fed-1417-480c-a364-abf7fc3bba1c","local_time":"20210117184946","is_ascension_mode":false,"campfire_choices":[{"data":"AT_DrawKnifeCut","floor":66.0,"key":"SMITH"},{"data":"Gensokyo:FourOfAKind","floor":74.0,"key":"SMITH"},{"data":"Gensokyo:FourOfAKind","floor":83.0,"key":"SMITH"},{"data":"HumanGodSword","floor":97.0,"key":"SMITH"},{"floor":100.0,"key":"RECALL"},{"data":"Gensokyo:FourOfAKind","floor":106,"key":"SMITH"},{"data":"FourBirthsSword","floor":108,"key":"SMITH"}],"circlet_count":0,"master_deck":["Strike_YM","Strike_YM","HereticApostle","Defend_YM+1","Defend_YM","Defend_YM+1","Defend_YM","SlashOfPresentWorld+1","AT_DrawKnifeCut+1","CrescentMoonSlash","SuddenPhantomFormationSlashOfKarmicWind","FlashingScatteredFlowers","Pain","CherryBlossomFlashing","SuddenPhantomFormationSlashOfKarmicWind","HumanRealmSword","WhiteNight","IrresoluteSoul","CurseOfTheBell","Gensokyo:FourOfAKind+1","Gensokyo:FourOfAKind+1","Gensokyo:FourOfAKind+1","Gensokyo:FourOfAKind+1","HellGodSword","HumanGodSword","Sadistic Nature","LotusPostureSlash","FourBirthsSword+1","SwordExtraction","HumanGodSword+1","Gensokyo:MenInBlack","MatsuyoiReflectingSatelliteSlash","HumanGodSword+1","Gensokyo:ShootingStar","StrangeHalfBody","ObsessionSword","AsuraSword","EchoesOfTheInclemencyOfAllBeings","HumanGodSword+1","DoubleWheelOfPain+1","PretaSword+1","SlashOfTheEternalFuture"],"relics":["HalfPhantom","AT_ATBox","CogitoBucket","Gensokyo:Justice","Roukanken","Whetstone","Pear","Oddly Smooth Stone","Gensokyo:YoukaiFlower","Calipers","War Paint","Gensokyo:LunaticRedEyes","RuthlessExorcism:ReiMu","Calling Bell","Toy Ornithopter","FencingExperience","Gambling Chip","AT_RedNoBalance","Gensokyo:RedStar","AT_ChloranthyRing","Strawberry","SlaversCollar","Wakizashi","Blood Vial","Mango","Pear","AtMidnight","Pen Nib","AT_SunfireAegis","paleoftheancients:Timepiece","paleoftheancients:KeyRelic","Sozu","paleoftheancients:SoulOfTheIroncluck","Bag of Marbles"],"acts_visited":["Exordium","Gensokyo:Gensokyo","Gensokyo:Gensokyoer","Gensokyo:Gensokyoest"],"potions_floor_usage":[],"damage_taken":[{"damage":0.0,"enemies":"Gensokyo:Gryphon","floor":52.0,"turns":4.0},{"damage":3.0,"enemies":"Gensokyo:2_Kodama","floor":56.0,"turns":2.0},{"damage":4.0,"enemies":"Gensokyo:Aya","floor":57.0,"turns":3.0},{"damage":0.0,"enemies":"Gensokyo:Python","floor":62.0,"turns":1.0},{"damage":1.0,"enemies":"Gensokyo:2_Rabbits","floor":63.0,"turns":1.0},{"damage":1.0,"enemies":"Gensokyo:Mamizou","floor":65.0,"turns":4.0},{"damage":12.0,"enemies":"Gensokyo:Yukari","floor":67.0,"turns":9.0},{"damage":0.0,"enemies":"Gensokyo:AngelMirror","floor":69.0,"turns":1.0},{"damage":3.0,"enemies":"Gensokyo:CosmicMonolith","floor":71.0,"turns":3.0},{"damage":4.0,"enemies":"Gensokyo:Swordslinger","floor":73.0,"turns":2.0},{"damage":1.0,"enemies":"Gensokyo:3_Gloops","floor":75.0,"turns":2.0},{"damage":4.0,"enemies":"Gensokyo:Reisen","floor":78.0,"turns":6.0},{"damage":10.0,"enemies":"Gensokyo:Tenshi","floor":80.0,"turns":3.0},{"damage":0.0,"enemies":"Gensokyo:Wraith","floor":81.0,"turns":2.0},{"damage":5.0,"enemies":"Gensokyo:Monolith_and_Dog","floor":82.0,"turns":2.0},{"damage":28.0,"enemies":"Gensokyo:Eiki","floor":84.0,"turns":9.0},{"damage":0.0,"enemies":"Gensokyo:AncientGuardian","floor":86.0,"turns":3.0},{"damage":54.0,"enemies":"Gensokyo:Marisa","floor":91.0,"turns":5.0},{"damage":21.0,"enemies":"Gensokyo:3_Boulders","floor":93.0,"turns":6.0},{"damage":9.0,"enemies":"Gensokyo:SeedOfUnknown","floor":95.0,"turns":4.0},{"damage":19.0,"enemies":"Gensokyo:Rafflesia","floor":98.0,"turns":6.0},{"damage":1.0,"enemies":"Gensokyo:Dusk_and_Dawn","floor":99.0,"turns":2.0},{"damage":16.0,"enemies":"Gensokyo:Shinki","floor":101.0,"turns":10.0},{"damage":1,"enemies":"Gensokyo:Shinki","floor":102,"turns":7},{"damage":0,"enemies":"Gensokyo:Shinki","floor":103,"turns":4},{"damage":0,"enemies":"Gensokyo:Shinki","floor":107,"turns":4},{"damage":26,"enemies":"paleoftheancients:N","floor":111,"turns":5}],"seed_played":"-6112908515657907557","potions_obtained":[{"floor":52.0,"key":"Dexterity Potion"},{"floor":63.0,"key":"AttackPotion"},{"floor":73.0,"key":"SpeedPotion"},{"floor":78.0,"key":"ZuzhouPotion:ReiMu"},{"floor":84.0,"key":"Regen Potion"},{"floor":95.0,"key":"FearPotion"},{"floor":98.0,"key":"Explosive Potion"}],"is_trial":false,"path_per_floor":["M","?","$","?","M","E","?","?","T","?","M","M","?","E","R","B",null,"M","?","M","$","M","R","M","?","T","E","?","E","M","M","R","B",null,"M","?","?","?","T","E","$","M","T","M","$","R","M","M","R","B","M","M","?","T","R","M","R","$","?","B",null],"character_chosen":"YOUMU","items_purchased":["Roukanken","SuddenPhantomFormationSlashOfKarmicWind","Whetstone","FlashingScatteredFlowers","HumanGodSword","AT_SilverBalance","Sadistic Nature","LotusPostureSlash","EchoesOfTheInclemencyOfAllBeings","Pear","AT_SunfireAegis"],"campfire_rested":0,"item_purchase_floors":[54,54,54,54,72,72,72,72,92,92,96],"current_hp_per_floor":[75,75,75,75,70,67,63,63,63,63,63,63,62,62,61,61,97,97,105,74,74,74,51,51,55,55,55,74,67,67,74,74,74,37,37,74,74,45,45,45,21,21,68,68,86,86,86,98,98,98,98,98,98,98,98,98,98,98,98,98,98],"gold":11,"neow_bonus":"","is_daily":false,"chose_seed":false,"campfire_upgraded":6,"win_rate":0.0,"timestamp":1610876986,"path_taken":["M","?","$","?","?","E","?","?","T","?","M","M","?","E","R","BOSS","M","?","M","$","?","R","M","?","T","E","?","E","M","?","R","BOSS","M","?","?","?","?","E","$","M","T","?","?","R","M","M","R","BOSS","M","M","?","T","R","M","R","$","?","BOSS"],"items_purchased_type":["Relic","Card","Relic","Card","Card","Relic","Card","Card","Card","Relic","Relic"],"build_version":"2020-12-22","purchased_purges":2,"victory":true,"max_hp_per_floor":[95,95,95,95,105,105,105,105,105,105,105,105,105,105,105,105,105,105,105,74,74,74,74,74,74,74,74,74,67,74,74,74,74,74,74,74,74,74,74,74,88,98,98,98,98,98,98,98,98,98,98,98,98,98,98,98,98,98,98,98,98],"card_choices":[{"not_picked":["PhosphoricSlash","HumanKnowledgeSword"],"picked":"CrescentMoonSlash","floor":52.0},{"not_picked":["LowerRealmReflectionSlash","TwoHundredYojanaInOneSlash","SwordOfBindingDesires"],"picked":"SKIP","floor":56.0},{"not_picked":["LowerRealmReflectionSlash","ThreeKonsSevenHakus"],"picked":"SlashOfAscensionToBuddhahood","floor":57.0},{"not_picked":["LowerRealmReflectionSlash","TwoHundredYojanaInOneSlash"],"picked":"CherryBlossomFlashing","floor":62.0},{"not_picked":["FantasyOfEnteringEnlightenment","WickedSoul","FlashingScatteredFlowers"],"picked":"SKIP","floor":63.0},{"not_picked":["SanzenSekai","ThoughtCuttingSword"],"picked":"SuddenPhantomFormationSlashOfKarmicWind","floor":64.0},{"not_picked":["ConstancyOfTheConventionalTruth","ThreeKonsSevenHakus"],"picked":"HumanRealmSword","floor":64.0},{"not_picked":["Rudolta","Funeral"],"picked":"WhiteNight","floor":65.0},{"not_picked":["FourBirthsSword","PreachingAvici","CrescentMoonSlash"],"picked":"SKIP","floor":65.0},{"not_picked":["GreatEnlightenmentAppearingAndDisappearing","CelestialStarSword"],"picked":"IrresoluteSoul","floor":67.0},{"not_picked":["TwoHundredYojanaInOneSlash","LifeCuttingSword"],"picked":"BloodOfAsura+1","floor":69.0},{"not_picked":["GhostSword+1","SpiderLilyBurial"],"picked":"HellGodSword","floor":71.0},{"not_picked":["FlashingScatteredFlowers+1","SpiritCuttingSword"],"picked":"FourBirthsSword","floor":73.0},{"not_picked":["SpiritCuttingSword","LowerRealmReflectionSlash"],"picked":"SwordExtraction","floor":75.0},{"not_picked":["KarmicPunishmentOfTheIdleAndUnfocused","LifeCuttingSword"],"picked":"HumanGodSword+1","floor":78.0},{"not_picked":["Gensokyo:Kunekune","Gensokyo:RedCapeBlueCape"],"picked":"Gensokyo:MenInBlack","floor":79.0},{"not_picked":["GreatEnlightenmentAppearingAndDisappearing","LotusPostureSlash"],"picked":"MatsuyoiReflectingSatelliteSlash","floor":80.0},{"not_picked":["KarmicPunishmentOfTheIdleAndUnfocused+1","HellGodSword"],"picked":"HumanGodSword","floor":81.0},{"not_picked":["PretaSword+1","LowerRealmReflectionSlash","SlashOfMeditation"],"picked":"SKIP","floor":82.0},{"not_picked":[],"picked":"Gensokyo:ShootingStar","floor":84.0},{"not_picked":["FastingOfTheYoungPreta","CelestialStarSword"],"picked":"StrangeHalfBody","floor":84.0},{"not_picked":["KarmicPunishmentOfTheIdleAndUnfocused","SwordOfBindingDesires"],"picked":"ObsessionSword","floor":86.0},{"not_picked":["ThoughtCuttingSword","PretaSword","ObsessionWithThePresentWorld+1"],"picked":"SKIP","floor":91.0},{"not_picked":["SuddenPhantomFormationSlashOfKarmicWind","SanzenSekai+1"],"picked":"HumanGodSword+1","floor":93.0},{"not_picked":["LifeCuttingSword","GhostSword+1"],"picked":"DoubleWheelOfPain+1","floor":95.0},{"not_picked":["PhosphoricSlash+1","HellGodSword"],"picked":"PretaSword+1","floor":98.0},{"not_picked":["LowerRealmReflectionSlash","GreatEnlightenmentAppearingAndDisappearing","TwoHundredYojanaInOneSlash"],"picked":"SKIP","floor":99.0},{"not_picked":["BizarrenessOfSixRealms","HellGodSword","SpiritCuttingSword"],"picked":"SKIP","floor":102},{"not_picked":["ObsessionWithThePresentWorld","TransmigrationSlash+1"],"picked":"SlashOfTheEternalFuture","floor":103},{"not_picked":["MeltingLove","SilentOrchestra"],"picked":"BodiesMountain","floor":107},{"not_picked":["SlashOfDelusionalInnerEye","SlashOfAscensionToBuddhahood","ThreeKonsSevenHakus+1"],"picked":"SKIP","floor":107},{"not_picked":["SlashOfDelusionalInnerEye","SlashOfAscensionToBuddhahood","ThreeKonsSevenHakus+1"],"picked":"SKIP","floor":107}],"player_experience":452052,"relics_obtained":[{"floor":57.0,"key":"Oddly Smooth Stone"},{"floor":60.0,"key":"War Paint"},{"floor":65.0,"key":"RuthlessExorcism:ReiMu"},{"floor":68.0,"key":"Toy Ornithopter"},{"floor":68.0,"key":"FencingExperience"},{"floor":68.0,"key":"Gambling Chip"},{"floor":78.0,"key":"AT_ChloranthyRing"},{"floor":80.0,"key":"Strawberry"},{"floor":90.0,"key":"Blood Vial"},{"floor":91.0,"key":"Mango"},{"floor":93.0,"key":"AtMidnight"},{"floor":94.0,"key":"Pen Nib"},{"floor":102,"key":"paleoftheancients:SoulOfTheIroncluck"},{"floor":105,"key":"Bag of Marbles"}],"event_choices":[{"damage_healed":0,"gold_gain":0,"player_choice":"Upgraded","damage_taken":0,"max_hp_gain":0,"max_hp_loss":0,"event_name":"Upgrade Shrine","floor":104,"gold_loss":0,"cards_upgraded":["Gensokyo:FourOfAKind"]}],"is_beta":false,"boss_relics":[{"not_picked":["Astrolabe","Runic Pyramid"],"picked":"Calling Bell"},{"not_picked":["Busted Crown","SacredBark"],"picked":"SlaversCollar"}],"items_purged_floors":[72,109],"is_endless":false,"potions_floor_spawned":[52,63,73,78,81,82,84,95,98,103,107],"ascension_level":0}}