{"host":"oeeu8njhzvf3llor","time":1610908999,"event":{"mods":["BaseMod","Better Match","Better Note","Better Skull","Better Third Choice","Colored Map","Hubris","Minty Spire (QoL Compilation)","Rare Cards Sparkle","Replay The Spire","Shop Mod","Spicy Shops","StSLib","Swap Starting Deck Mod"],"gold_per_floor":[113,130,130,146,146,146,163,193,193,221,236,236,236,248,248,343,343,363,382,103,120,120,120,145,41,110,138,138,138,167,167,167,270,270,280,296,91,91,27,27,57,81,81,2,20,53,53,71,71,71,71,71,13,39,39,39],"floor_reached":55,"language":"ENG","playtime":2715,"items_purged":["Writhe","Delirium"],"score":747,"play_id":"76695cef-4dce-4f2d-b340-5a5e22bd3dd9","local_time":"20210117134319","is_ascension_mode":true,"campfire_choices":[{"data":"Clothesline","floor":6.0,"key":"SMITH"},{"data":"Feel No Pain","floor":13.0,"key":"SMITH"},{"data":"Barricade","floor":23,"key":"SMITH"},{"data":"Eclipse","floor":28,"key":"SMITH"},{"floor":32,"key":"REST"},{"data":"Eclipse","floor":40,"key":"SMITH"},{"floor":49,"key":"RECALL"},{"data":"Feel No Pain","floor":52,"key":"SMITH"}],"circlet_count":0,"master_deck":["Strike_R","Strike_R","Strike_R","Strike_R","Defend_R","Defend_R","Defend_R","Defend_R","Bash","Sword Boomerang","Shrug It Off","Sword Boomerang+1","Clothesline+1","Feel No Pain+1","Pummel","Eclipse+1","Shockwave","Hemokinesis","Feel No Pain","True Grit","Replay:Parry","Barricade+1","Dark Embrace","Feel No Pain+1","Ghostly Armor","Ghostly Armor","Shockwave","Feel No Pain+1","Disarm+1","Eclipse+1","Havoc+1","Defy Death+1","True Grit","Uppercut+1","hubris:Gluttony","hubris:Despair","hubris:Sloth","Spot Weakness","Entrench+1"],"relics":["Burning Blood","hubris:Towel","Mummified Hand","The Courier","Singing Bowl","Cursed Key","Bronze Scales","Iron Hammer","Molten Egg 2","Toy Ornithopter","Dead Branch","MerchantsRug","Ring of Searing","Dream Catcher","Ornamental Fan","Mercury Hourglass","Oddly Smooth Stone","Lantern"],"acts_visited":["Exordium","TheCity","TheBeyond","TheEnding"],"potions_floor_usage":[24,27,30,50,50,50],"damage_taken":[{"damage":10.0,"enemies":"Small Slimes","floor":1.0,"turns":3.0},{"damage":0.0,"enemies":"Jaw Worm","floor":2.0,"turns":4.0},{"damage":1.0,"enemies":"Cultist","floor":4.0,"turns":4.0},{"damage":22.0,"enemies":"Exordium Wildlife","floor":7.0,"turns":5.0},{"damage":33.0,"enemies":"Gremlin Nob","floor":8.0,"turns":5.0},{"damage":38.0,"enemies":"Lagavulin","floor":10.0,"turns":10.0},{"damage":15.0,"enemies":"3 Louse","floor":11.0,"turns":4.0},{"damage":12.0,"enemies":"Blue Slaver","floor":14.0,"turns":3.0},{"damage":45.0,"enemies":"Fading Forest","floor":16.0,"turns":11.0},{"damage":9,"enemies":"Chosen","floor":18,"turns":5},{"damage":0,"enemies":"Spheric Guardian","floor":19,"turns":3},{"damage":38,"enemies":"Shelled Parasite and Fungi","floor":21,"turns":8},{"damage":17,"enemies":"Slavers","floor":24,"turns":8},{"damage":49,"enemies":"Gremlin Leader","floor":27,"turns":5},{"damage":49,"enemies":"Book of Stabbing","floor":30,"turns":7},{"damage":11,"enemies":"Automaton","floor":33,"turns":14},{"damage":0,"enemies":"Orb Walker","floor":35,"turns":3},{"damage":17,"enemies":"3 Darklings","floor":36,"turns":7},{"damage":31,"enemies":"Nemesis","floor":41,"turns":9},{"damage":6,"enemies":"Sphere and 2 Shapes","floor":45,"turns":3},{"damage":3,"enemies":"Giant Head","floor":46,"turns":8},{"damage":2,"enemies":"Jaw Worm Horde","floor":48,"turns":6},{"damage":47,"enemies":"Replay:Hell Engine","floor":50,"turns":12},{"damage":59,"enemies":"Shield and Spear","floor":54,"turns":5},{"damage":49,"enemies":"The Heart","floor":55,"turns":2}],"seed_played":"7580271736822920246","potions_obtained":[{"floor":2.0,"key":"BloodPotion"},{"floor":7.0,"key":"Energy Potion"},{"floor":8.0,"key":"Elixir"},{"floor":16.0,"key":"Elixir"},{"floor":18,"key":"BloodPotion"},{"floor":19,"key":"SteroidPotion"},{"floor":24,"key":"Toxic Potion"},{"floor":35,"key":"SpeedPotion"},{"floor":36,"key":"LiquidMemories"},{"floor":45,"key":"GamblersBrew"},{"floor":48,"key":"Weak Potion"}],"is_trial":false,"path_per_floor":["M","M","?","M","?","R","M","E","T","E","M","?","R","M","R","B",null,"M","M","$","M","?","R","E","$","T","E","R","?","E","?","R","B",null,"M","M","$","?","$","R","E","T","T","?","M","E","T","M","R","B",null,"R","$","E","B"],"character_chosen":"IRONCLAD","items_purchased":["Hemokinesis","Feel No Pain","True Grit","Replay:Parry","Feel No Pain","Ghostly Armor","MerchantsRug","True Grit","Uppercut+1","Oddly Smooth Stone","Spot Weakness"],"campfire_rested":1,"item_purchase_floors":[20,20,20,20,25,25,37,37,37,53,53],"current_hp_per_floor":[76,80,80,80,80,80,64,41,41,25,28,54,54,50,74,57,82,84,84,84,52,94,94,83,83,83,40,40,40,15,15,43,38,94,94,83,83,83,83,83,60,60,60,60,62,67,67,73,73,59,102,102,102,49,0,0],"gold":39,"neow_bonus":"THREE_CARDS","is_daily":false,"chose_seed":false,"campfire_upgraded":6,"win_rate":0.0,"timestamp":1610908999,"path_taken":["M","M","?","M","?","R","M","E","T","E","?","?","R","M","R","BOSS","M","M","$","M","?","R","E","$","T","E","R","?","E","?","R","BOSS","M","M","$","?","$","R","E","?","T","?","?","E","?","M","R","BOSS","R","$","E","BOSS"],"items_purchased_type":["Card","Card","Card","Card","Card","Card","Relic","Card","Card","Relic","Card"],"build_version":"2020-12-22","purchased_purges":2,"victory":false,"max_hp_per_floor":[80,80,80,80,80,80,80,80,80,80,80,80,80,82,82,82,82,84,84,84,84,94,94,94,94,94,94,94,94,94,94,94,94,94,94,94,94,94,94,94,96,96,96,96,98,100,100,102,102,102,102,102,102,102,102,102],"card_choices":[{"not_picked":["Flex","Sever Soul"],"picked":"Sword Boomerang","floor":0.0},{"not_picked":["Rampage","Infernal Blade"],"picked":"Shrug It Off","floor":1.0},{"not_picked":["Massacre","Infernal Blade"],"picked":"Sword Boomerang","floor":2.0},{"not_picked":["Warcry","hubris:ReadiedAction"],"picked":"Clothesline","floor":4.0},{"not_picked":["Fire Breathing","Sword Boomerang"],"picked":"Reaper","floor":7.0},{"not_picked":["ReplayReversal","Searing Blow","Clash"],"picked":"SKIP","floor":8.0},{"not_picked":["Rage","Headbutt"],"picked":"Feel No Pain","floor":10.0},{"not_picked":["Infernal Blade","Sword Boomerang"],"picked":"Pummel","floor":11.0},{"not_picked":["Headbutt","hubris:ReadiedAction","Cleave"],"picked":"Singing Bowl","floor":14.0},{"not_picked":["Exhume","Feed"],"picked":"Eclipse","floor":16.0},{"not_picked":["Iron Wave","Rampage","Clash+1"],"picked":"Singing Bowl","floor":18},{"not_picked":["Pummel","Headbutt"],"picked":"Shockwave","floor":19},{"not_picked":["Armaments+1","Abandon"],"picked":"Barricade","floor":21},{"not_picked":["Wild Strike+1","Havoc"],"picked":"Dark Embrace","floor":24},{"not_picked":["Headbutt+1","Clash+1"],"picked":"Shockwave","floor":27},{"not_picked":["Havoc","Shrug It Off"],"picked":"Disarm+1","floor":30},{"not_picked":["Berserk","Double Tap"],"picked":"Eclipse","floor":33},{"not_picked":["Twin Strike+1","Warcry+1"],"picked":"Havoc+1","floor":35},{"not_picked":["Flex","Thunderclap+1"],"picked":"Defy Death+1","floor":36},{"not_picked":["Evolve","Perfected Strike+1","Disarm+1"],"picked":"Singing Bowl","floor":41},{"not_picked":["Carnage+1","ReplayReversal+1","Body Slam+1"],"picked":"Singing Bowl","floor":45},{"not_picked":["Shrug It Off+1","Dark Embrace","hubris:ReadiedAction+1"],"picked":"Singing Bowl","floor":46},{"not_picked":["Body Slam+1","Hemokinesis+1","Abandon+1"],"picked":"Singing Bowl","floor":48},{"not_picked":["Bludgeon+1","Dark Embrace"],"picked":"Entrench+1","floor":54}],"player_experience":496896,"relics_obtained":[{"floor":8.0,"key":"Mummified Hand"},{"floor":9.0,"key":"The Courier"},{"floor":10.0,"key":"Singing Bowl"},{"floor":24,"key":"Bronze Scales"},{"floor":26,"key":"Iron Hammer"},{"floor":27,"key":"Molten Egg 2"},{"floor":30,"key":"Toy Ornithopter"},{"floor":38,"key":"Ring of Searing"},{"floor":41,"key":"hubris:Reverence"},{"floor":42,"key":"Dream Catcher"},{"floor":43,"key":"Ornamental Fan"},{"floor":46,"key":"Mercury Hourglass"},{"floor":54,"key":"Lantern"}],"event_choices":[{"cards_removed":["Strike_R"],"damage_healed":0.0,"max_hp_gain":0.0,"max_hp_loss":0.0,"gold_gain":0.0,"event_name":"Purifier","player_choice":"Purged","floor":5.0,"gold_loss":0.0,"damage_taken":0.0},{"damage_healed":26.0,"max_hp_gain":0.0,"max_hp_loss":0.0,"gold_gain":0.0,"event_name":"Big Fish","player_choice":"Banana","floor":12.0,"gold_loss":0.0,"damage_taken":0.0},{"cards_removed":["Reaper"],"damage_healed":32,"gold_gain":0,"player_choice":"Offered Rare","damage_taken":0,"max_hp_gain":10,"max_hp_loss":0,"event_name":"Bonfire Elementals","floor":22,"gold_loss":0},{"damage_healed":0,"gold_gain":0,"player_choice":"Copied","damage_taken":0,"max_hp_gain":0,"max_hp_loss":0,"event_name":"Duplicator","floor":29,"gold_loss":0,"cards_obtained":["Feel No Pain"]},{"cards_removed":["Strike_R"],"damage_healed":0,"gold_gain":0,"player_choice":"Give","damage_taken":0,"max_hp_gain":0,"max_hp_loss":0,"event_name":"betterNote:BetterNote","floor":31,"gold_loss":0,"cards_obtained":["Strike_G"]},{"damage_healed":0,"gold_gain":0,"player_choice":"Paid Gold","damage_taken":0,"relics_obtained":["Pocketwatch"],"max_hp_gain":0,"max_hp_loss":0,"event_name":"WeMeetAgain","floor":44,"gold_loss":79}],"is_beta":false,"boss_relics":[{"not_picked":["Runic Dome","Runic Cube"],"picked":"Cursed Key"},{"not_picked":["Black Blood","Busted Crown"],"picked":"hubris:Backtick"}],"items_purged_floors":[37,39],"is_endless":false,"potions_floor_spawned":[2,7,8,16,18,19,24,35,36,45,48],"killed_by":"The Heart","ascension_level":1}}