{"host":"qswkx8hggytna0kc","time":1610877483,"event":{"mods":["Aspiration","BaseMod","BetterRewards","Colored Map","Colored Powertips","Highlight Path","Hubris","Mimic Mod","Minty Spire (QoL Compilation)","MostiFishMod","Quick Restart","Replay The Spire","StSLib","SuperFastMode"],"gold_per_floor":[113,133,58,58,58,58,73,93,130,130,145,162,162,162,162,252,252,270,293,318,332,347,347,361,361,361,400,415,454,454,487,487,580,580,599,46,46,69,82,117,138,156,156,196,196,235,235,269,269,269,269,269,301,373,461],"floor_reached":56,"language":"ZHS","playtime":2812,"items_purged":["Strike_G","Pain"],"score":2986,"play_id":"2d1eadc7-9ea3-4983-a8e5-88363beac659","local_time":"20210117175803","is_ascension_mode":true,"campfire_choices":[{"data":"Slice","floor":6.0,"key":"SMITH"},{"data":"Hidden Blade","floor":10.0,"key":"SMITH"},{"data":"MostiFishMod:Neurotoxin","floor":23.0,"key":"SMITH"},{"data":"Prepared","floor":25.0,"key":"SMITH"},{"data":"Acrobatics","floor":32,"key":"SMITH"},{"data":"Tactician","floor":45,"key":"SMITH"},{"floor":49,"key":"RECALL"},{"data":"Adrenaline","floor":52,"key":"SMITH"}],"circlet_count":0,"master_deck":["AscendersBane","Strike_G","Strike_G","Strike_G","Defend_G+1","Defend_G+1","Defend_G+1","Defend_G+1","Defend_G+1","Survivor+1","Neutralize+1","Slice+1","Headbutt+1","Tactician+1","Hidden Blade+1","Eviscerate","Acrobatics+1","MostiFishMod:Neurotoxin+1","Prepared+1","Slice+1","Calculated Gamble+1","Acrobatics+1","Hidden Blade","Endless Agony","Underhanded Strike","Adrenaline+1","Acrobatics+1","MostiFishMod:PreservedThorns+1","Hidden Blade+1","MostiFishMod:InvigoratingSolution","Prepared+1","MostiFishMod:PreservedThorns","MostiFishMod:PreservedThorns+1","Acrobatics+1","Secret Technique","Prepared+1"],"relics":["Ring of the Snake","DaveBox","aspiration:Nostalgia","Replay:M_SmolderingBlood","ImprovedEquipment","SynthV:TestCard","Strawberry","Golden Idol","hubris:Backtick","Civilization","StoneCalendar","Sundial","Replay:Bottled Eggs","aspiration:Lifesprig","WristBlade","ReplayTheSpireMod:Ninjato","Shuriken","Replay:Wax Seal","Replay:Baseball","hubris:BottledRain","WarpedTongs","aspiration:SeaSaltIceCream","DiscerningMonocle","TheAbacus","War Paint","Replay:Bandana","hubris:NiceRug","HornCleat"],"acts_visited":["Exordium","TheCity","TheBeyond","TheEnding"],"potions_floor_usage":[53],"damage_taken":[{"damage":3.0,"enemies":"Cultist","floor":1.0,"turns":4.0},{"damage":0.0,"enemies":"2 Louse","floor":2.0,"turns":2.0},{"damage":0.0,"enemies":"Small Slimes","floor":7.0,"turns":3.0},{"damage":0.0,"enemies":"2 Fungi Beasts","floor":8.0,"turns":4.0},{"damage":10.0,"enemies":"Looter","floor":9.0,"turns":10.0},{"damage":0.0,"enemies":"Looter","floor":11.0,"turns":2.0},{"damage":9.0,"enemies":"Exordium Thugs","floor":12.0,"turns":6.0},{"damage":27.0,"enemies":"Slime Boss","floor":16.0,"turns":11.0},{"damage":14.0,"enemies":"Chosen","floor":18.0,"turns":5.0},{"damage":0.0,"enemies":"Spheric Guardian","floor":19.0,"turns":3.0},{"damage":9.0,"enemies":"Shelled Parasite and Fungi","floor":20.0,"turns":6.0},{"damage":1.0,"enemies":"Chosen and Byrds","floor":21.0,"turns":4.0},{"damage":8.0,"enemies":"Snake Plant","floor":22.0,"turns":3.0},{"damage":0.0,"enemies":"Sentry and Sphere","floor":24.0,"turns":2.0},{"damage":9,"enemies":"Slavers","floor":27,"turns":5},{"damage":0,"enemies":"Chosen and Byrds","floor":28,"turns":3},{"damage":2,"enemies":"Book of Stabbing","floor":29,"turns":3},{"damage":0,"enemies":"Replay:Snechameleon","floor":31,"turns":2},{"damage":0,"enemies":"Automaton","floor":33,"turns":4},{"damage":0,"enemies":"Orb Walker","floor":35,"turns":2},{"damage":0,"enemies":"3 Darklings","floor":38,"turns":1},{"damage":5,"enemies":"4 Shapes","floor":39,"turns":2},{"damage":0,"enemies":"R_Hoarder","floor":40,"turns":3},{"damage":0,"enemies":"Sphere and 2 Shapes","floor":41,"turns":1},{"damage":0,"enemies":"Spire Growth","floor":42,"turns":2},{"damage":0,"enemies":"Nemesis","floor":44,"turns":3},{"damage":0,"enemies":"Giant Head","floor":46,"turns":2},{"damage":11,"enemies":"R_Hoarder","floor":48,"turns":2},{"damage":2,"enemies":"Donu and Deca","floor":50,"turns":2},{"damage":0,"enemies":"hubris:Merchant","floor":53,"turns":2},{"damage":0,"enemies":"Shield and Spear","floor":54,"turns":1},{"damage":0,"enemies":"The Heart","floor":55,"turns":3}],"seed_played":"6782484560691756283","potions_obtained":[{"floor":11.0,"key":"Strength Potion"},{"floor":12.0,"key":"Swift Potion"},{"floor":20.0,"key":"Block Potion"},{"floor":24.0,"key":"Toxic Potion"}],"is_trial":false,"path_per_floor":["M","M","$","?","?","R","M","M","MIM","R","M","M","?","?","R_BF","B",null,"M","M","M","M","M","R","M","R","T","E","M","E","?","E","R","B",null,"M","$","?","M","M","E","M","M","T","E","R","E","?","E","R","B",null,"R","$","E","B",null],"character_chosen":"THE_SILENT","items_purchased":["ReplayTheSpireMod:Ninjato","Shuriken","TheAbacus","War Paint","Replay:Bandana","Secret Technique","LiquidBronze","Fruit Juice","SpeedPotion"],"campfire_rested":0,"item_purchase_floors":[36,36,53,53,53,53,53,53,53],"current_hp_per_floor":[56,56,56,56,56,56,56,56,53,53,53,44,44,44,63,36,59,46,48,43,47,44,44,49,49,49,45,50,53,53,58,58,63,101,106,106,106,111,111,116,121,126,126,131,131,136,136,138,138,141,158,158,168,173,178],"gold":461,"neow_bonus":"NOSTALGIA","is_daily":false,"chose_seed":false,"campfire_upgraded":7,"win_rate":0.0,"timestamp":1610877483,"path_taken":["M","?","?","?","?","R","M","M","MIM","R","?","M","?","?","R_BF","BOSS","M","M","M","M","M","R","M","R","T","E","?","E","?","E","R","BOSS","M","$","?","M","M","E","?","M","T","E","R","E","?","E","R","BOSS","R","$","E","BOSS"],"items_purchased_type":["Relic","Relic","Relic","Relic","Relic","Card","Potion","Potion","Potion"],"build_version":"2020-12-22","purchased_purges":2,"victory":true,"max_hp_per_floor":[66,66,66,66,66,66,66,66,73,73,73,73,66,66,66,66,66,67,69,73,78,83,83,88,88,88,93,98,103,103,108,108,113,113,118,118,118,123,128,133,138,143,143,148,148,153,153,158,158,163,163,163,173,178,183],"card_choices":[{"not_picked":["MostiFishMod:InvigoratingSolution","Flying Knee"],"picked":"Slice","floor":1.0},{"not_picked":["EmptyFist","Footwork","Crescendo","Predator"],"picked":"Headbutt","floor":2.0},{"not_picked":["Heel Hook","Dodge and Roll","Hidden Blade","MostiFishMod:FrostNova"],"picked":"Tactician","floor":7.0},{"not_picked":["PiercingWail","Halt","Flying Knee","Ragnarok","BowlingBash"],"picked":"SKIP","floor":8.0},{"not_picked":["Masterful Stab","Footwork","Halt","Infinite Blades"],"picked":"Hidden Blade","floor":9.0},{"not_picked":["Halt","ReachHeaven","Carnage","Dagger Spray"],"picked":"Eviscerate","floor":11.0},{"not_picked":["Outmaneuver","Fluid Movement","CrushJoints","Bane"],"picked":"Acrobatics","floor":12.0},{"not_picked":["Adrenaline","ReplayTheSpireMod:From All Sides","Wraith Form v2","Doppelganger"],"picked":"MostiFishMod:Neurotoxin","floor":16.0},{"not_picked":["Concentrate","Deadly Poison","ReplayTheSpireMod:Shiv Toss","Dagger Spray"],"picked":"Prepared","floor":18.0},{"not_picked":["Sucker Punch","Backflip+1","Masterful Stab","Caltrops+1","Skewer"],"picked":"SKIP","floor":19.0},{"not_picked":["Blade Dance","Backflip","Dagger Spray","Outmaneuver"],"picked":"Slice+1","floor":20.0},{"not_picked":["Hidden Blade","Underhanded Strike","Prepared","Blade Dance"],"picked":"Calculated Gamble+1","floor":21.0},{"not_picked":["ReplayTheSpireMod:Necrosis","Blade Dance","Flying Knee","Leg Sweep"],"picked":"Acrobatics+1","floor":22.0},{"not_picked":["Riddle With Holes","Underhanded Strike","Sneak Up","Dagger Spray"],"picked":"Hidden Blade","floor":24.0},{"not_picked":["Phantasmal Killer","Venomology","FlyingSleeves","Choke"],"picked":"Endless Agony","floor":27},{"not_picked":["Whirlwind+1","Clash","EmptyFist","Searing Blow"],"picked":"Underhanded Strike","floor":28},{"not_picked":["MostiFishMod:SpreadingSpore","Finisher","Sneak Up","FlyingSleeves","Toxin Wave"],"picked":"SKIP","floor":29},{"not_picked":["Backflip","CrushJoints","MostiFishMod:FrostNova+1","Clash","Bane"],"picked":"SKIP","floor":31},{"not_picked":["Venomology","MostiFishMod:Wind","Replay:Bag of Tricks","Glass Knife"],"picked":"Adrenaline","floor":33},{"not_picked":["Bane","Sucker Punch+1","Dodge and Roll+1","Well Laid Plans","Leg Sweep"],"picked":"SKIP","floor":35},{"not_picked":["Replay:Poison Smokescreen","Outmaneuver","Blur+1","Deflect"],"picked":"MostiFishMod:PreservedThorns+1","floor":38},{"not_picked":["PiercingWail","ReplayTheSpireMod:Exploit Weakness","Dagger Throw","Corpse Explosion"],"picked":"Hidden Blade+1","floor":39},{"not_picked":["Sucker Punch","Endless Agony","PiercingWail","Poisoned Stab"],"picked":"MostiFishMod:InvigoratingSolution","floor":40},{"not_picked":["Crippling Poison","MostiFishMod:PreservedThorns","Poisoned Stab","Sucker Punch"],"picked":"Prepared+1","floor":41},{"not_picked":["Dagger Spray+1","Backstab","Outmaneuver+1","Leg Sweep"],"picked":"MostiFishMod:PreservedThorns","floor":42},{"not_picked":["Acrobatics+1","Masterful Stab","Unload","Sucker Punch+1"],"picked":"MostiFishMod:PreservedThorns","floor":44},{"not_picked":["Hidden Blade","Skewer+1","Quick Slash","MostiFishMod:FullyArmed"],"picked":"Acrobatics+1","floor":46},{"not_picked":["MostiFishMod:PoisonShield","Hidden Blade","MostiFishMod:PerfectParry","Dagger Throw","Bane"],"picked":"SKIP","floor":48},{"not_picked":["Bane"],"picked":"SKIP","floor":53},{"not_picked":["Flying Knee"],"picked":"SKIP","floor":53},{"not_picked":["Deflect"],"picked":"SKIP","floor":53},{"not_picked":["ReplayTheSpireMod:Shiv Toss"],"picked":"SKIP","floor":53},{"not_picked":["Well Laid Plans"],"picked":"SKIP","floor":53},{"not_picked":["ReplayTheSpireMod:Trickstab"],"picked":"SKIP","floor":53},{"not_picked":["Quick Slash+1","MostiFishMod:WinterMarkForm","Slice","Dagger Throw+1"],"picked":"Prepared+1","floor":54}],"player_experience":336229,"relics_obtained":[{"floor":1.0,"key":"SynthV:TestCard"},{"floor":9.0,"key":"Strawberry"},{"floor":26.0,"key":"StoneCalendar"},{"floor":27,"key":"Sundial"},{"floor":29,"key":"Replay:Bottled Eggs"},{"floor":31,"key":"aspiration:Lifesprig"},{"floor":40,"key":"Replay:Wax Seal"},{"floor":44,"key":"Replay:Baseball"},{"floor":46,"key":"hubris:BottledRain"},{"floor":48,"key":"aspiration:SeaSaltIceCream"},{"floor":54,"key":"HornCleat"}],"event_choices":[{"damage_healed":0.0,"max_hp_gain":0.0,"max_hp_loss":0.0,"gold_gain":0.0,"event_name":"The Cleric","player_choice":"Leave","floor":5.0,"gold_loss":0.0,"damage_taken":0.0},{"damage_healed":0.0,"max_hp_gain":0.0,"max_hp_loss":7.0,"gold_gain":0.0,"event_name":"Golden Idol","player_choice":"Lose Max HP","floor":13.0,"gold_loss":0.0,"damage_taken":0.0,"relics_obtained":["Golden Idol"]},{"cards_removed":["Strike_G"],"damage_healed":0.0,"max_hp_gain":0.0,"max_hp_loss":0.0,"gold_gain":0.0,"event_name":"Purifier","player_choice":"Purged","floor":14.0,"gold_loss":0.0,"damage_taken":0.0},{"damage_healed":0,"gold_gain":0,"player_choice":"Ignored","damage_taken":0,"max_hp_gain":0,"max_hp_loss":0,"event_name":"Ghosts","floor":30,"gold_loss":0},{"damage_healed":0,"gold_gain":0,"player_choice":"Copied","damage_taken":0,"max_hp_gain":0,"max_hp_loss":0,"event_name":"Duplicator","floor":37,"gold_loss":0,"cards_obtained":["Acrobatics"]},{"damage_healed":0,"gold_gain":0,"player_choice":"Rummage","damage_taken":0,"relics_obtained":["WarpedTongs"],"max_hp_gain":0,"max_hp_loss":0,"event_name":"Accursed Blacksmith","floor":47,"gold_loss":0,"cards_obtained":["Pain"]}],"is_beta":false,"boss_relics":[{"not_picked":["Cursed Key","Replay:Wanted Poster"],"picked":"hubris:Backtick"},{"not_picked":["hubris:VirtuousBlindfold","NightmareShop"],"picked":"WristBlade"}],"items_purged_floors":[3,53],"is_endless":false,"potions_floor_spawned":[11,12,20,24,28,29,31,38,40,41,42],"ascension_level":17}}