{"host":"y76clbnovzmw9ubx","time":1610856505,"event":{"mods":["AchievementEnabler","BaseMod","Minty Spire (QoL Compilation)","Permanent Neow","Relic Stats"],"gold_per_floor":[12,28,47,62,62,95,95,110,137,164,164,199,217,251,251,326,326,337,5,5,25,43,43,43],"floor_reached":23,"language":"ENG","playtime":1241,"items_purged":[],"score":521,"play_id":"b28443f9-24e7-4359-8981-d73641821388","local_time":"20210116230825","is_ascension_mode":true,"campfire_choices":[{"floor":7.0,"key":"REST"},{"data":"Footwork","floor":15.0,"key":"SMITH"}],"circlet_count":0,"master_deck":["AscendersBane","Strike_G","Strike_G","Strike_G","Strike_G","Strike_G","Defend_G","Defend_G","Defend_G","Defend_G","Defend_G","Survivor","Neutralize","Deflect","Dagger Throw","Footwork+1","Dagger Spray","Footwork","Catalyst","Blade Dance","Footwork+1","Blade Dance","Concentrate","Corpse Explosion","CurseOfTheBell","Bouncing Flask","Night Terror","Deadly Poison","Deflect","Dodge and Roll","Blade Dance","PiercingWail","Footwork","Noxious Fumes"],"relics":["Ring of the Snake","Tough Bandages","Ornamental Fan","Boot","Lantern","Toy Ornithopter","Matryoshka","Calling Bell","Happy Flower","Singing Bowl","Gambling Chip","Orrery"],"acts_visited":["Exordium","TheCity"],"potions_floor_usage":[23],"damage_taken":[{"damage":1.0,"enemies":"2 Louse","floor":1.0,"turns":3.0},{"damage":1.0,"enemies":"Cultist","floor":2.0,"turns":4.0},{"damage":2.0,"enemies":"Jaw Worm","floor":3.0,"turns":5.0},{"damage":0.0,"enemies":"2 Fungi Beasts","floor":4.0,"turns":4.0},{"damage":50.0,"enemies":"Gremlin Nob","floor":6.0,"turns":5.0},{"damage":0.0,"enemies":"Gremlin Gang","floor":8.0,"turns":3.0},{"damage":3.0,"enemies":"Lagavulin","floor":10.0,"turns":9.0},{"damage":0.0,"enemies":"3 Sentries","floor":12.0,"turns":6.0},{"damage":0.0,"enemies":"3 Louse","floor":13.0,"turns":3.0},{"damage":3.0,"enemies":"Gremlin Nob","floor":14.0,"turns":4.0},{"damage":19.0,"enemies":"Slime Boss","floor":16.0,"turns":10.0},{"damage":9.0,"enemies":"2 Thieves","floor":18.0,"turns":3.0},{"damage":18.0,"enemies":"Chosen","floor":21.0,"turns":6.0},{"damage":10.0,"enemies":"Snecko","floor":22.0,"turns":6.0},{"damage":22,"enemies":"Book of Stabbing","floor":23,"turns":7}],"seed_played":"2919179841700257889","potions_obtained":[{"floor":1.0,"key":"EntropicBrew"},{"floor":3.0,"key":"Swift Potion"},{"floor":6.0,"key":"SneckoOil"},{"floor":12.0,"key":"AttackPotion"},{"floor":14.0,"key":"SteroidPotion"},{"floor":22.0,"key":"FearPotion"}],"is_trial":false,"path_per_floor":["M","M","M","M","?","E","R","M","T","E","?","E","M","E","R","B",null,"M","$","?","M","M","E"],"character_chosen":"THE_SILENT","items_purchased":["Night Terror","Orrery"],"campfire_rested":1,"item_purchase_floors":[19,19],"current_hp_per_floor":[58,57,55,55,55,5,24,24,24,21,21,21,21,23,23,9,52,43,43,43,25,17,0,0],"gold":43,"neow_bonus":"ONE_RARE_RELIC","is_daily":false,"chose_seed":false,"campfire_upgraded":1,"win_rate":0.0,"timestamp":1610856505,"path_taken":["M","M","M","M","?","E","R","M","T","E","?","E","M","E","R","BOSS","M","$","?","M","M","E"],"items_purchased_type":["Card","Relic"],"build_version":"2020-12-22","purchased_purges":0,"victory":false,"max_hp_per_floor":[66,66,66,66,66,66,66,66,66,66,66,66,66,66,66,66,66,66,66,66,66,68,68,68],"relic_stats":{"Tough Bandages":[138],"Happy Flower":[7],"Singing Bowl":2,"counters":[15,78],"Ornamental Fan":[112],"Gambling Chip":[11],"Boot":[124],"obtain_stats":[{"Calling Bell":17,"Tough Bandages":0,"Lantern":10,"Matryoshka":14,"Happy Flower":17,"Singing Bowl":17,"Ornamental Fan":6,"Gambling Chip":17,"Orrery":19,"Boot":9,"Toy Ornithopter":12,"Ring of the Snake":0},{"Calling Bell":11,"Tough Bandages":0,"Lantern":7,"Matryoshka":10,"Happy Flower":11,"Singing Bowl":11,"Ornamental Fan":5,"Gambling Chip":11,"Orrery":12,"Boot":6,"Toy Ornithopter":8,"Ring of the Snake":0},{"Calling Bell":56,"Tough Bandages":0,"Lantern":33,"Matryoshka":46,"Happy Flower":56,"Singing Bowl":56,"Ornamental Fan":21,"Gambling Chip":56,"Orrery":59,"Boot":24,"Toy Ornithopter":39,"Ring of the Snake":0}],"Toy Ornithopter":15,"Ring of the Snake":[30]},"card_choices":[{"not_picked":["Heel Hook","Outmaneuver"],"picked":"Deflect","floor":1.0},{"not_picked":["Acrobatics","Riddle With Holes"],"picked":"Dagger Throw","floor":2.0},{"not_picked":["Slice","Deadly Poison"],"picked":"Footwork","floor":3.0},{"not_picked":["Well Laid Plans","Slice"],"picked":"Dagger Spray","floor":4.0},{"not_picked":["Deflect","Masterful Stab"],"picked":"Footwork","floor":6.0},{"not_picked":["Dagger Throw","Outmaneuver"],"picked":"Catalyst","floor":8.0},{"not_picked":["Dagger Throw","Dash"],"picked":"Blade Dance","floor":10.0},{"not_picked":["PiercingWail","After Image"],"picked":"Footwork","floor":12.0},{"not_picked":["Predator","Dodge and Roll"],"picked":"Blade Dance","floor":13.0},{"not_picked":["Reflex","Phantasmal Killer"],"picked":"Concentrate","floor":14.0},{"not_picked":["Grand Finale","A Thousand Cuts"],"picked":"Corpse Explosion","floor":16.0},{"not_picked":["Sucker Punch","Masterful Stab"],"picked":"Bouncing Flask","floor":18.0},{"not_picked":["Doppelganger","Finisher"],"picked":"Deadly Poison","floor":19.0},{"not_picked":["Finisher","PiercingWail"],"picked":"Deflect","floor":19.0},{"not_picked":["Finisher","Choke"],"picked":"Dodge and Roll","floor":19.0},{"not_picked":["Slice","Dagger Spray"],"picked":"Blade Dance","floor":19.0},{"not_picked":["Prepared","Reflex"],"picked":"PiercingWail","floor":19.0},{"not_picked":["Acrobatics","Tactician"],"picked":"Noxious Fumes","floor":21.0},{"not_picked":["Caltrops","Deadly Poison","Infinite Blades"],"picked":"Singing Bowl","floor":22.0}],"player_experience":3071429,"relics_obtained":[{"floor":6.0,"key":"Ornamental Fan"},{"floor":9.0,"key":"Boot"},{"floor":10.0,"key":"Lantern"},{"floor":12.0,"key":"Toy Ornithopter"},{"floor":14.0,"key":"Matryoshka"},{"floor":17.0,"key":"Happy Flower"},{"floor":17.0,"key":"Singing Bowl"},{"floor":17.0,"key":"Gambling Chip"}],"event_choices":[{"damage_healed":0.0,"max_hp_gain":0.0,"max_hp_loss":0.0,"gold_gain":0.0,"event_name":"Living Wall","player_choice":"Grow","floor":5.0,"gold_loss":0.0,"damage_taken":0.0,"cards_upgraded":["Footwork"]},{"damage_healed":0.0,"max_hp_gain":0.0,"max_hp_loss":0.0,"gold_gain":0.0,"event_name":"Liars Game","player_choice":"Ignored","floor":11.0,"gold_loss":0.0,"damage_taken":0.0},{"damage_healed":0.0,"max_hp_gain":0.0,"max_hp_loss":0.0,"gold_gain":0.0,"event_name":"The Library","player_choice":"Read","floor":20.0,"gold_loss":0.0,"damage_taken":0.0,"cards_obtained":["Footwork"]}],"is_beta":false,"boss_relics":[{"not_picked":["Tiny House","Ring of the Serpent"],"picked":"Calling Bell"}],"items_purged_floors":[],"is_endless":false,"potions_floor_spawned":[1,3,6,12,14,22],"killed_by":"Book of Stabbing","ascension_level":20}}