{"host":"wg29woj1pduqw9vg","time":1610868011,"event":{"mods":["BaseMod","Bestiary","Better Third Choice","Colored Map","Downfall","Highlight Path","Minty Spire (QoL Compilation)","Quick Restart","StSLib"],"gold_per_floor":[99,116,132,132,149,149,149,167,4,4,38,48,48,66,83,184,184,184,198,213,35,55,55,80,105,55,55,55,55,75,95,105,202,202,202,221,1,19,4,38,65,65,65,273,288,302,330,30,44,44,44,44],"floor_reached":50,"language":"ENG","playtime":3758,"items_purged":[],"score":654,"play_id":"112a9881-a58d-4205-94ec-78df226a4f15","local_time":"20210116232011","is_ascension_mode":true,"campfire_choices":[{"data":"Slimebound:CorrosiveSpit","floor":1.0,"key":"SMITH"},{"data":"Slimebound:DuplicatedForm","floor":6.0,"key":"SMITH"},{"data":"Slimebound:MassFeed","floor":18.0,"key":"SMITH"},{"data":"Slimebound:GoopSpray","floor":23.0,"key":"SMITH"},{"data":"Slimebound:Grow","floor":27.0,"key":"SMITH"},{"data":"Slimebound:Split","floor":29.0,"key":"SMITH"},{"floor":35,"key":"RECALL"},{"data":"Slimebound:TongueLash","floor":48,"key":"SMITH"}],"circlet_count":0,"master_deck":["Slimebound:Strike_Slimebound","Slimebound:Strike_Slimebound","Slimebound:Tackle","Slimebound:Defend_Slimebound","Slimebound:Defend_Slimebound","Slimebound:Defend_Slimebound","Slimebound:Defend_Slimebound","Slimebound:Split+1","Slimebound:DuplicatedForm+1","Slimebound:PressTheAttack+1","Slimebound:GoopSpray+1","Slimebound:ItLooksTasty+1","Slimebound:Prepare","Slimebound:MassFeed+1","Slimebound:Grow+1","Slimebound:TongueLash+1","Slimebound:Schlurp+1","Slimebound:SamplingLick","Slimebound:Schlurp+1","Slimebound:SplitMire+1","Slimebound:LevelUp+1","Slimebound:Prepare+1","Slimebound:LeechEnergy+1"],"relics":["Slimebound:AbsorbEndCombat","Meat on the Bone","Bronze Scales","Potion Belt","Coffee Dripper","Toy Ornithopter","Ornamental Fan","Philosopher\u0027s Stone","Juzu Bracelet","Nunchaku","Whetstone","Molten Egg 2","downfall:HeartBlessingRed","downfall:HeartBlessingGreen","downfall:HeartBlessingBlue"],"acts_visited":["Exordium","TheCity","TheBeyond"],"potions_floor_usage":[43,47,47,50,50],"damage_taken":[{"damage":15.0,"enemies":"Small Slimes","floor":2.0,"turns":4.0},{"damage":15.0,"enemies":"Cultist","floor":3.0,"turns":4.0},{"damage":16.0,"enemies":"Jaw Worm","floor":5.0,"turns":3.0},{"damage":15.0,"enemies":"Large Slime","floor":8.0,"turns":8.0},{"damage":15.0,"enemies":"downfall:FleeingMerchant","floor":9.0,"turns":4.0},{"damage":15.0,"enemies":"Lagavulin","floor":11.0,"turns":6.0},{"damage":1.0,"enemies":"Red Slaver","floor":12.0,"turns":4.0},{"damage":2.0,"enemies":"Blue Slaver","floor":14.0,"turns":3.0},{"damage":16.0,"enemies":"Large Slime","floor":15.0,"turns":5.0},{"damage":24.0,"enemies":"SI_SHIV_ARCHETYPE","floor":16.0,"turns":7.0},{"damage":0.0,"enemies":"3 Byrds","floor":19.0,"turns":3.0},{"damage":15.0,"enemies":"Shell Parasite","floor":20.0,"turns":4.0},{"damage":23.0,"enemies":"downfall:FleeingMerchant","floor":21.0,"turns":4.0},{"damage":30.0,"enemies":"Snecko","floor":22.0,"turns":4.0},{"damage":38.0,"enemies":"Slavers","floor":25.0,"turns":6.0},{"damage":24.0,"enemies":"Sentry and Sphere","floor":30.0,"turns":5.0},{"damage":35.0,"enemies":"Snake Plant","floor":31.0,"turns":3.0},{"damage":17.0,"enemies":"3 Cultists","floor":32.0,"turns":5.0},{"damage":39.0,"enemies":"DF_ARCHETYPE_CLAW","floor":33.0,"turns":8.0},{"damage":16,"enemies":"3 Darklings","floor":36,"turns":6},{"damage":15,"enemies":"downfall:FleeingMerchant","floor":37,"turns":4},{"damage":0,"enemies":"Orb Walker","floor":38,"turns":3},{"damage":0,"enemies":"downfall:FleeingMerchant","floor":39,"turns":4},{"damage":32,"enemies":"Giant Head","floor":40,"turns":8},{"damage":23,"enemies":"Giant Head","floor":43,"turns":5},{"damage":0,"enemies":"downfall:FleeingMerchant","floor":44,"turns":1},{"damage":19,"enemies":"Transient","floor":45,"turns":5},{"damage":17,"enemies":"Writhing Mass","floor":46,"turns":5},{"damage":31,"enemies":"Nemesis","floor":47,"turns":5},{"damage":31,"enemies":"Sphere and 2 Shapes","floor":49,"turns":4},{"damage":153,"enemies":"WA_ARCHETYPE_DIVINITY","floor":50,"turns":7}],"seed_played":"7197820102277621379","potions_obtained":[{"floor":2.0,"key":"ColorlessPotion"},{"floor":11.0,"key":"AttackPotion"},{"floor":14.0,"key":"SteroidPotion"},{"floor":15.0,"key":"Swift Potion"},{"floor":16.0,"key":"ColorlessPotion"},{"floor":20.0,"key":"hexamod:SoulburnPotion"},{"floor":30.0,"key":"Strength Potion"},{"floor":32.0,"key":"champ:CounterPotion"},{"floor":38,"key":"Fire Potion"},{"floor":40,"key":"Dexterity Potion"},{"floor":45,"key":"Block Potion"},{"floor":47,"key":"FearPotion"},{"floor":49,"key":"AttackPotion"}],"is_trial":false,"path_per_floor":["R","M","M","?","M","R","T","M","$","?","E","M","?","M","M","B",null,"R","M","M","$","M","R","T","E","?","R","?","R","M","M","M","B",null,"R","M","$","M","$","E","T","?","?","$","M","M","E","R","M","B"],"character_chosen":"SLIMEBOUND","items_purchased":["Bronze Scales","Slimebound:TongueLash","FairyPotion","Juzu Bracelet","SpeedPotion","Whetstone"],"campfire_rested":0,"item_purchase_floors":[9,21,21,37,37,44],"current_hp_per_floor":[65,51,53,53,54,54,54,58,62,62,65,65,65,64,65,64,65,65,73,77,71,62,62,62,49,80,80,68,68,65,66,70,70,89,89,89,89,93,93,87,87,87,91,91,93,91,85,95,84,0,0,0],"gold":44,"neow_bonus":"ONE_RANDOM_RARE_CARD","is_daily":false,"chose_seed":false,"campfire_upgraded":7,"win_rate":0.0,"timestamp":1610868011,"path_taken":["R","M","M","?","M","R","T","M","$","?","E","?","?","M","M","BOSS","R","M","M","$","M","R","T","E","?","R","?","R","M","M","M","BOSS","R","M","$","M","?","E","T","?","?","$","M","M","E","R","M","BOSS"],"items_purchased_type":["Relic","Card","Potion","Relic","Potion","Relic"],"build_version":"2020-12-22","purchased_purges":0,"victory":false,"max_hp_per_floor":[65,65,65,65,65,65,65,65,65,65,65,65,65,65,65,65,65,65,73,77,77,81,81,81,85,85,85,85,85,85,85,85,89,89,89,89,89,93,93,93,93,93,93,93,93,93,93,103,103,103,103,103],"card_choices":[{"not_picked":["Slimebound:BestDefense","Slimebound:GoopTackle","Slimebound:SplitBruiser"],"picked":"SKIP","floor":2.0},{"not_picked":["Slimebound:SplitBruiser","Slimebound:Chomp"],"picked":"Slimebound:PressTheAttack","floor":3.0},{"not_picked":["Slimebound:GoopTackle","Slimebound:FinishingTackle"],"picked":"Slimebound:GoopSpray","floor":5.0},{"not_picked":["Slimebound:SplitSpecialist","Slimebound:SplitAcid","Slimebound:ViciousTackle"],"picked":"SKIP","floor":8.0},{"not_picked":["Slimebound:HauntingLick","Slimebound:RainOfGoop"],"picked":"Slimebound:ItLooksTasty","floor":9.0},{"not_picked":["Slimebound:LevelUp","Slimebound:PrepareCrush","Slimebound:LeechEnergy"],"picked":"SKIP","floor":11.0},{"not_picked":["Slimebound:GrowthPunch","Slimebound:FlameTackle","Slimebound:FinishingTackle"],"picked":"SKIP","floor":12.0},{"not_picked":["Slimebound:Schlurp","Slimebound:LeechingTouch"],"picked":"Slimebound:Prepare","floor":14.0},{"not_picked":["Slimebound:FinishingTackle","Slimebound:FlameTackle","Slimebound:ForwardTackle"],"picked":"SKIP","floor":15.0},{"not_picked":["Slimebound:Recycling","Slimebound:TagTeam"],"picked":"Slimebound:MassFeed","floor":16.0},{"not_picked":["Slimebound:FinishingTackle","Slimebound:Prepare","Slimebound:RainOfGoop"],"picked":"SKIP","floor":19.0},{"not_picked":["Slimebound:PressTheAttack","Slimebound:ItLooksTasty"],"picked":"Slimebound:Grow","floor":20.0},{"not_picked":["Slimebound:DuplicatedForm","Slimebound:Schlurp","Slimebound:LeadByExample"],"picked":"SKIP","floor":21.0},{"not_picked":["Slimebound:ItLooksTasty","Slimebound:Equalize"],"picked":"Slimebound:Schlurp+1","floor":22.0},{"not_picked":["Slimebound:Replication","Slimebound:LeechEnergy+1"],"picked":"Slimebound:SamplingLick","floor":25.0},{"not_picked":["Slimebound:GoopTackle","Slimebound:HauntingLick","Slimebound:SlimeBarrage"],"picked":"SKIP","floor":30.0},{"not_picked":["Slimebound:DuplicatedForm","Slimebound:Schlurp","Slimebound:SplitAcid"],"picked":"SKIP","floor":31.0},{"not_picked":["Slimebound:FlameTackle+1","Slimebound:ForwardTackle+1","Slimebound:ItLooksTasty"],"picked":"SKIP","floor":32.0},{"not_picked":["Slimebound:Gluttony+1","Slimebound:LeechingTouch+1"],"picked":"Slimebound:Schlurp+1","floor":36},{"not_picked":["Slimebound:SplitBruiser","Slimebound:LeechEnergy","Slimebound:HungryTackle+1"],"picked":"SKIP","floor":37},{"not_picked":["Slimebound:GrowthPunch+1","Slimebound:LevelUp","Slimebound:SplitAcid"],"picked":"SKIP","floor":38},{"not_picked":["Slimebound:Replication","Slimebound:SlimeSpikes","Slimebound:SlimeTap+1"],"picked":"SKIP","floor":39},{"not_picked":["Slimebound:LeechingTouch","Slimebound:SlimeSpikes+1"],"picked":"Slimebound:SplitMire+1","floor":40},{"not_picked":["Slimebound:GoopTackle+1","Slimebound:ItLooksTasty+1"],"picked":"Slimebound:LevelUp+1","floor":43},{"not_picked":["Slimebound:RainOfGoop+1","Slimebound:Prepare","Slimebound:GoopSpray"],"picked":"SKIP","floor":44},{"not_picked":["Slimebound:ItLooksTasty+1","Slimebound:OozeBath","Slimebound:FinishingTackle"],"picked":"SKIP","floor":45},{"not_picked":["Slimebound:Repurpose+1","Slimebound:SplitMire+1"],"picked":"Slimebound:Prepare+1","floor":46},{"not_picked":["Slimebound:ItLooksTasty+1","Slimebound:PressTheAttack+1","Slimebound:SplitLeeching+1"],"picked":"SKIP","floor":47},{"not_picked":["Slimebound:ComboTackle+1","Slimebound:GoopTackle+1"],"picked":"Slimebound:LeechEnergy+1","floor":49}],"player_experience":47971,"relics_obtained":[{"floor":7.0,"key":"Meat on the Bone"},{"floor":11.0,"key":"Potion Belt"},{"floor":24.0,"key":"Toy Ornithopter"},{"floor":25.0,"key":"Ornamental Fan"},{"floor":40,"key":"Nunchaku"},{"floor":47,"key":"Molten Egg 2"}],"event_choices":[{"cards_removed":["Slimebound:CorrosiveSpit"],"damage_healed":0,"gold_gain":0,"player_choice":"Removed Skill","damage_taken":0,"max_hp_gain":0,"max_hp_loss":0,"event_name":"Falling","floor":42,"gold_loss":0}],"is_beta":false,"boss_relics":[{"not_picked":["Black Star","Cursed Key"],"picked":"Coffee Dripper"},{"not_picked":["Sozu","Calling Bell"],"picked":"Philosopher\u0027s Stone"}],"items_purged_floors":[],"is_endless":false,"potions_floor_spawned":[2,11,14,15,16,20,30,32,38,40,45,46,47,49],"killed_by":"WA_ARCHETYPE_DIVINITY","ascension_level":1}}