{"host":"h4qgcirtxz6qax9j","time":1610863506,"event":{"mods":["AchievementEnabler","Astrologer","BaseMod","Colored Powertips","Minty Spire (QoL Compilation)","StSLib","SuperFastMode","The Cursed"],"gold_per_floor":[115,115,115,115,138,138,149,149,176,192,192,192],"floor_reached":11,"language":"KOR","playtime":207,"items_purged":[],"score":61,"play_id":"6a2851c3-6dd4-4a08-a886-43e345113c61","local_time":"20210117150506","is_ascension_mode":false,"campfire_choices":[{"data":"astrologer:TheFool","floor":6,"key":"SMITH"},{"data":"astrologer:NorthStar","floor":8,"key":"SMITH"}],"circlet_count":0,"master_deck":["astrologer:Strike","astrologer:Strike","astrologer:Strike","astrologer:Strike","astrologer:Defend","astrologer:Defend","astrologer:Defend","astrologer:Defend","astrologer:NorthStar+1","astrologer:TheFool+1","astrologer:FrozenStar","astrologer:TheMoon","astrologer:SpaceDust"],"relics":["astrologer:SkyMirror","Juzu Bracelet","Strawberry"],"acts_visited":["Exordium"],"potions_floor_usage":[11],"damage_taken":[{"damage":7,"enemies":"2 Louse","floor":1,"turns":3},{"damage":2,"enemies":"Jaw Worm","floor":7,"turns":6},{"damage":0,"enemies":"Cultist","floor":10,"turns":4},{"damage":78,"enemies":"Gremlin Nob","floor":11,"turns":6}],"seed_played":"-7611511340552994942","potions_obtained":[{"floor":7,"key":"PowerPotion"}],"is_trial":false,"path_per_floor":["M","$","?","?","T","R","M","R","T","M","E"],"character_chosen":"ASTROLOGER","items_purchased":[],"campfire_rested":0,"item_purchase_floors":[],"current_hp_per_floor":[63,63,68,68,68,68,66,66,73,73,0,0],"gold":192,"neow_bonus":"THREE_CARDS","is_daily":false,"chose_seed":false,"campfire_upgraded":2,"win_rate":0.0,"timestamp":1610863506,"path_taken":["M","$","?","?","?","R","M","R","T","M","E"],"items_purchased_type":[],"build_version":"2020-12-22","purchased_purges":0,"victory":false,"max_hp_per_floor":[70,70,75,75,75,75,75,75,82,82,82,82],"card_choices":[{"not_picked":["astrologer:Radiance","astrologer:Observe"],"picked":"astrologer:FrozenStar","floor":0},{"not_picked":["astrologer:Stardust","astrologer:MeteorShower"],"picked":"astrologer:TheMoon","floor":1},{"not_picked":["astrologer:Observe","astrologer:Temperance","astrologer:Stardust"],"picked":"SKIP","floor":7},{"not_picked":["astrologer:Conjunction","astrologer:Stardust"],"picked":"astrologer:SpaceDust","floor":10}],"player_experience":60164,"relics_obtained":[{"floor":5,"key":"Juzu Bracelet"},{"floor":9,"key":"Strawberry"}],"event_choices":[{"damage_healed":0,"gold_gain":0,"player_choice":"Donut","damage_taken":0,"max_hp_gain":5,"max_hp_loss":0,"event_name":"Big Fish","floor":3,"gold_loss":0},{"damage_healed":0,"gold_gain":0,"player_choice":"Ignored","damage_taken":0,"max_hp_gain":0,"max_hp_loss":0,"event_name":"Liars Game","floor":4,"gold_loss":0}],"is_beta":false,"boss_relics":[],"items_purged_floors":[],"is_endless":false,"potions_floor_spawned":[7],"killed_by":"Gremlin Nob","ascension_level":0}}