{"host":"gvmmh8a4dbuurnvz","time":1610882126,"event":{"mods":["AchievementEnabler","Ascension Reborn","Aspiration","BaseMod","Better Vampires","BetterRewards","Colored Powertips","Highlight Path","Minty Spire (QoL Compilation)","MostiFishMod","Spicy Shops","StSLib","¡¾ÒÅÎï¿¨ÅÆ¡¿REMEMod"],"gold_per_floor":[121,133,151,165,4,38,38,91,91,91,181,203,220,35,35,183,183,202,232,232,232,232,273,296,40,71,102,102,116,158,181,181,655,655,669,464,487,511,511,543,173,207,235,254,268,37,37,37,37,37],"floor_reached":51,"language":"ZHS","playtime":1006,"items_purged":["Strike_R+1","Strike_R+1","Regret","Whirlwind","Whirlwind+1","Defend_R+1","Strike_R+1","Bash+1"],"score":275,"play_id":"a25cf779-c97f-422a-89cc-21559ee45311","local_time":"20210117191526","is_ascension_mode":true,"campfire_choices":[{"data":"MostiFishMod:RacingGame","floor":15,"key":"SMITH"},{"data":"Pommel Strike","floor":32,"key":"SMITH"},{"data":"MostiFishMod:Mottled+1","floor":49,"key":"SMITH"}],"circlet_count":0,"master_deck":["Strike_R+1","Defend_R+1","MostiFishMod:RacingGame+1","MostiFishMod:Mottled+2","Pommel Strike+1","Uppercut+1","MostiFishMod:FlyOverUtopia+1"],"relics":["Burning Blood","REME_ComplimentaryCards","DaveBox","PatriotShield","Brimstone","Lantern","aspiration:StickyExplosives_weak","Pen Nib","SynthV:TestCard","Darkstone Periapt","aspiration:Lifesprig","Membership Card","Eternal Feather","Bloody Idol","Mango","Sundial","Kunai","Ice Cream","Matryoshka","DianDianMeat","SlaversCollar","Bag of Preparation","MutagenicStrength","Oddly Smooth Stone","Technique","Mummified Hand","REME_LimitBreaker","Ancient Tea Set","Art of War","MealTicket","SynthV:C4","Dream Catcher","Old Coin","Empty Cage","PreservedInsect","Akabeko","War Paint","Happy Flower","Anchor","Strawberry","Pear","Shuriken","ChiLing","Chi","Ling","Civilization"],"acts_visited":["Exordium","TheCity","TheBeyond"],"potions_floor_usage":[3,8,8,16,27,33,33,41],"damage_taken":[{"damage":0,"enemies":"Jaw Worm","floor":1,"turns":1},{"damage":0,"enemies":"2 Louse","floor":2,"turns":1},{"damage":0,"enemies":"Small Slimes","floor":3,"turns":1},{"damage":0,"enemies":"Red Slaver","floor":4,"turns":1},{"damage":0,"enemies":"Gremlin Nob","floor":6,"turns":1},{"damage":0,"enemies":"3 Louse","floor":8,"turns":1},{"damage":0,"enemies":"Looter","floor":12,"turns":1},{"damage":0,"enemies":"Exordium Thugs","floor":13,"turns":1},{"damage":0,"enemies":"Slime Boss","floor":16,"turns":1},{"damage":0,"enemies":"Spheric Guardian","floor":18,"turns":1},{"damage":0,"enemies":"Shell Parasite","floor":19,"turns":1},{"damage":0,"enemies":"Book of Stabbing","floor":23,"turns":2},{"damage":0,"enemies":"3 Cultists","floor":24,"turns":1},{"damage":0,"enemies":"Slavers","floor":27,"turns":1},{"damage":0,"enemies":"Snake Plant","floor":29,"turns":1},{"damage":0,"enemies":"REME_1_Revenger","floor":30,"turns":1},{"damage":0,"enemies":"Centurion and Healer","floor":31,"turns":1},{"damage":0,"enemies":"Automaton","floor":33,"turns":1},{"damage":0,"enemies":"3 Shapes","floor":35,"turns":1},{"damage":0,"enemies":"Orb Walker","floor":37,"turns":1},{"damage":0,"enemies":"Spire Growth","floor":38,"turns":1},{"damage":0,"enemies":"Reptomancer","floor":40,"turns":1},{"damage":0,"enemies":"Giant Head","floor":42,"turns":1},{"damage":0,"enemies":"4 Shapes","floor":44,"turns":1},{"damage":0,"enemies":"3 Darklings","floor":45,"turns":1},{"damage":7,"enemies":"Time Eater","floor":50,"turns":1}],"seed_played":"-4802818989165285778","potions_obtained":[{"floor":1,"key":"Ancient Potion"},{"floor":1,"key":"PowerPotion"},{"floor":3,"key":"REME_GoldPotion"},{"floor":8,"key":"CultistPotion"},{"floor":12,"key":"SpeedPotion"},{"floor":16,"key":"Dexterity Potion"},{"floor":23,"key":"Fire Potion"},{"floor":27,"key":"ColorlessPotion"},{"floor":30,"key":"HeartOfIron"},{"floor":33,"key":"LiquidMemories"},{"floor":35,"key":"Weak Potion"},{"floor":42,"key":"Strength Potion"}],"is_trial":false,"path_per_floor":["M","M","M","M","$","E","?","M","T","?","?","M","M","$","R","B",null,"M","M","?","?","?","E","M","$","T","E","?","M","E","M","R","B",null,"M","$","M","M","?","E","$","E","T","M","M","$","?","?","R","B",null],"character_chosen":"IRONCLAD","items_purchased":["Brimstone","Lantern","aspiration:StickyExplosives_weak","MostiFishMod:Mottled","Pen Nib","DuplicationPotion","Membership Card","Ice Cream","Matryoshka","Technique","Akabeko","Happy Flower","REME_GoldPotion","Shuriken","ChiLing","Civilization","MostiFishMod:FlyOverUtopia"],"campfire_rested":0,"item_purchase_floors":[0,0,0,0,0,0,5,14,14,25,36,41,41,46,46,46,46],"current_hp_per_floor":[85,85,85,85,85,85,64,72,92,100,89,97,105,105,105,110,110,110,110,110,110,111,111,111,111,111,111,111,111,111,111,111,116,116,116,116,116,116,116,116,116,116,123,133,133,135,135,135,135,141],"gold":37,"neow_bonus":"","is_daily":false,"chose_seed":false,"campfire_upgraded":3,"win_rate":0.0,"timestamp":1610882126,"path_taken":["M","M","M","M","$","E","?","M","T","?","?","M","M","$","R","BOSS","M","M","?","?","?","E","M","$","T","E","?","M","E","M","R","BOSS","M","$","M","M","?","E","$","E","T","M","M","$","?","?","R","BOSS"],"items_purchased_type":["Relic","Relic","Relic","Card","Relic","Potion","Relic","Relic","Relic","Relic","Relic","Relic","Potion","Relic","Relic","Relic","Card"],"build_version":"2020-12-22","purchased_purges":8,"victory":true,"max_hp_per_floor":[85,85,85,85,85,85,85,85,99,105,105,105,105,105,105,110,110,110,110,110,110,111,111,111,111,111,111,111,111,111,111,111,116,116,116,116,116,116,116,116,116,116,123,133,133,135,135,135,135,141],"card_choices":[{"not_picked":["Combust+1","Iron Wave","Intimidate"],"picked":"SKIP","floor":1},{"not_picked":["Clothesline","Rampage","Cleave","Power Through","Clash+1"],"picked":"SKIP","floor":2},{"not_picked":["Cleave","Infernal Blade","Fire Breathing","Clash+1","Searing Blow"],"picked":"SKIP","floor":3},{"not_picked":["Infernal Blade","Feel No Pain","Rampage","Metallicize"],"picked":"Pommel Strike","floor":4},{"not_picked":["Clothesline+1","Armaments","Headbutt","Thunderclap+1","Rage"],"picked":"SKIP","floor":6},{"not_picked":["Sentinel","Inflame","Headbutt","Pommel Strike","MostiFishMod:Chiaki"],"picked":"SKIP","floor":6},{"not_picked":["Flex","REME_SingleHolding+1","Wild Strike","Twin Strike","Entrench"],"picked":"SKIP","floor":8},{"not_picked":["Perfected Strike","Clash","Infernal Blade+1","Shrug It Off"],"picked":"Whirlwind","floor":12},{"not_picked":["Anger","Dual Wield","Sentinel","Wild Strike"],"picked":"Whirlwind+1","floor":13},{"not_picked":["Second Wind","Headbutt","Twin Strike","MostiFishMod:#F4004","Sword Boomerang"],"picked":"SKIP","floor":18},{"not_picked":["Twin Strike+1","Searing Blow+1","Havoc","Evolve","Flex+1"],"picked":"SKIP","floor":19},{"not_picked":["Dropkick","Power Through","Hemokinesis","MostiFishMod:PerfectStrikeMKII","Body Slam"],"picked":"SKIP","floor":23},{"not_picked":["Shrug It Off","Seeing Red","Anger+1","Perfected Strike","Flex"],"picked":"SKIP","floor":24},{"not_picked":["Blood for Blood+1","Heavy Blade","Perfected Strike+1","Sword Boomerang+1","Battle Trance+1"],"picked":"SKIP","floor":27},{"not_picked":["Dropkick+1","Armaments+1","Havoc+1","Headbutt","Disarm"],"picked":"SKIP","floor":29},{"not_picked":["Pommel Strike+1","Thunderclap+1","Warcry+1","Combust+1","Feed"],"picked":"SKIP","floor":30},{"not_picked":["Cleave+1","Perfected Strike+1","REME_FearOfPain+1","Clash+1","REME_Fury"],"picked":"SKIP","floor":31},{"not_picked":["Cleave+1","Battle Trance+1","Carnage+1","Thunderclap+1","Armaments+1"],"picked":"SKIP","floor":35},{"not_picked":["Perfected Strike+1","Iron Wave+1","Dual Wield+1","Twin Strike+1","Anger+1"],"picked":"SKIP","floor":37},{"not_picked":["Clash+1","REME_SingleHolding+1","Clothesline+1","Anger+1","Shrug It Off"],"picked":"SKIP","floor":38},{"not_picked":["Headbutt","Wild Strike+1","Rupture","Pommel Strike+1","Clash+1"],"picked":"SKIP","floor":40},{"not_picked":["REME_TheLastStrike","Intimidate+1","Perfected Strike+1","Anger","Clash+1"],"picked":"SKIP","floor":42},{"not_picked":["Dropkick+1","Carnage+1","Wild Strike+1","Shockwave+1","Iron Wave+1"],"picked":"SKIP","floor":44},{"not_picked":["Havoc+1","Clash+1","Searing Blow+1","Feel No Pain+1","Thunderclap+1"],"picked":"SKIP","floor":45}],"player_experience":277301,"relics_obtained":[{"floor":1,"key":"SynthV:TestCard"},{"floor":2,"key":"Darkstone Periapt"},{"floor":4,"key":"aspiration:Lifesprig"},{"floor":6,"key":"Eternal Feather"},{"floor":9,"key":"Mango"},{"floor":13,"key":"Kunai"},{"floor":16,"key":"DianDianMeat"},{"floor":18,"key":"Bag of Preparation"},{"floor":23,"key":"Oddly Smooth Stone"},{"floor":26,"key":"Mummified Hand"},{"floor":26,"key":"REME_LimitBreaker"},{"floor":26,"key":"Ancient Tea Set"},{"floor":27,"key":"Art of War"},{"floor":29,"key":"MealTicket"},{"floor":30,"key":"SynthV:C4"},{"floor":31,"key":"Dream Catcher"},{"floor":33,"key":"Old Coin"},{"floor":35,"key":"PreservedInsect"},{"floor":40,"key":"War Paint"},{"floor":43,"key":"Anchor"},{"floor":43,"key":"Strawberry"},{"floor":44,"key":"Pear"}],"event_choices":[{"damage_healed":0,"gold_gain":0,"player_choice":"Take Damage","damage_taken":21,"relics_obtained":["Golden Idol"],"max_hp_gain":0,"max_hp_loss":0,"event_name":"Golden Idol","floor":7,"gold_loss":0},{"damage_healed":0,"gold_gain":0,"player_choice":"Box","damage_taken":0,"relics_obtained":["Sundial"],"max_hp_gain":0,"max_hp_loss":0,"event_name":"Big Fish","floor":10,"gold_loss":0,"cards_obtained":["Regret"]},{"damage_healed":0,"gold_gain":75,"player_choice":"Gather Gold","damage_taken":11,"max_hp_gain":0,"max_hp_loss":0,"event_name":"World of Goop","floor":11,"gold_loss":0},{"damage_healed":0,"gold_gain":0,"player_choice":"Gave Idol","damage_taken":0,"relics_obtained":["Bloody Idol"],"max_hp_gain":0,"max_hp_loss":0,"event_name":"Forgotten Altar","floor":20,"relics_lost":["Golden Idol"],"gold_loss":0},{"damage_healed":0,"gold_gain":0,"player_choice":"Inject Mutagens","damage_taken":0,"relics_obtained":["MutagenicStrength"],"max_hp_gain":0,"max_hp_loss":0,"event_name":"Drug Dealer","floor":21,"gold_loss":0},{"damage_healed":0,"gold_gain":0,"player_choice":"Read","damage_taken":0,"max_hp_gain":0,"max_hp_loss":0,"event_name":"The Library","floor":22,"gold_loss":0,"cards_obtained":["Uppercut"]},{"damage_healed":0,"gold_gain":0,"player_choice":"Ignored","damage_taken":0,"max_hp_gain":0,"max_hp_loss":0,"event_name":"N\u0027loth","floor":28,"gold_loss":0},{"cards_removed":["Defend_R"],"damage_healed":0,"gold_gain":0,"player_choice":"Removed Skill","damage_taken":0,"max_hp_gain":0,"max_hp_loss":0,"event_name":"Falling","floor":47,"gold_loss":0},{"damage_healed":0,"gold_gain":0,"player_choice":"Forge","damage_taken":0,"max_hp_gain":0,"max_hp_loss":0,"event_name":"Accursed Blacksmith","floor":48,"gold_loss":0,"cards_upgraded":["MostiFishMod:FlyOverUtopia"]}],"is_beta":false,"boss_relics":[{"not_picked":["Pandora\u0027s Box","aspiration:RitualDagger"],"picked":"SlaversCollar"},{"not_picked":["ShadowXiaoBlade","Astrolabe"],"picked":"Empty Cage"}],"items_purged_floors":[0,5,14,25,25,36,41,41],"is_endless":false,"potions_floor_spawned":[1,2,4,6,16,23,27,30,37,38,40,45],"ascension_level":-20}}