{"host":"s35zr3gblm7slh1q","time":1610897695,"event":{"mods":["BaseMod","Colored Powertips","Downfall","Hermit","Highlight Path","Marisa????????","Minty Spire (QoL Compilation)","Permanent Neow","StSLib"],"gold_per_floor":[99,199,199,349,8,82,82,82,120,154,154,254,294,355,398,494,494,494,536,596,596,640,640,640,640,640,32,76,113,113,113,149,245,245,245,259,67,82,94,94,140,154,154,199,218,218,218,230,242,242],"floor_reached":51,"language":"ENG","playtime":3227,"items_purged":[],"score":674,"play_id":"ecdc4e59-e21f-46f4-b7f5-f3194bdf3d80","local_time":"20210117103455","is_ascension_mode":false,"campfire_choices":[{"data":"bronze:Replicate","floor":1,"key":"SMITH"},{"floor":8,"key":"REST"},{"data":"HandOfGreed","floor":11,"key":"SMITH"},{"data":"bronze:RecursiveStrike","floor":18,"key":"SMITH"},{"floor":23,"key":"REST"},{"data":"bronze:BronzeOrb","floor":26,"key":"SMITH"},{"data":"expansioncontent:DashGenerateEvil","floor":30,"key":"SMITH"},{"data":"bronze:Verify","floor":35,"key":"SMITH"},{"floor":40,"key":"REST"},{"data":"expansioncontent:QuickStudy","floor":43,"key":"SMITH"},{"floor":46,"key":"REST"}],"circlet_count":0,"master_deck":["bronze:Defend","bronze:Defend","bronze:Defend","bronze:Defend","bronze:Replicate+1","bronze:Goto","bronze:Frontload","HandOfGreed+1","bronze:BronzeOrb+1","bronze:Branch","bronze:WhirlingStrike","bronze:ChosenStrike","bronze:ChildClass","bronze:FineTuning","bronze:RecursiveStrike+1","bronze:CutThrough","Slimebound:Tackle+1","Slimebound:Tackle+1","Slimebound:Tackle+1","bronze:ClassDefault+1","bronze:Flail+1","expansioncontent:DashGenerateEvil+1","bronze:Iterate","bronze:GetLatest+1","bronze:Iterate","bronze:Verify+1","bronze:Branch+1","bronze:Branch+1","expansioncontent:QuickStudy+1","bronze:Shell+1","bronze:CloningBeam+1","expansioncontent:DashGenerateEvil+1","bronze:BronzeOrb","bronze:Verify+1","bronze:Frontload","bronze:FineTuning+1","Parasite","bronze:Repair","expansioncontent:PrepareCrush","bronze:ForceShield","bronze:SpaghettiCode"],"relics":["bronze:BronzeCore","Strawberry","Anchor","Mummified Hand","Shuriken","downfall:GremlinWheel","SacredBark","Orichalcum","Vajra","InkBottle","SlaversCollar","DollysMirror","Regal Pillow","CatCart"],"acts_visited":["Exordium","TheCity","TheBeyond"],"potions_floor_usage":[15,16,22,44,44,44,50,50,50],"damage_taken":[{"damage":0,"enemies":"downfall:FleeingMerchant","floor":5,"turns":4},{"damage":20,"enemies":"3 Sentries","floor":6,"turns":10},{"damage":4,"enemies":"Jaw Worm","floor":9,"turns":4},{"damage":0,"enemies":"2 Louse","floor":10,"turns":2},{"damage":20,"enemies":"2 Louse","floor":12,"turns":5},{"damage":0,"enemies":"Cultist","floor":13,"turns":2},{"damage":0,"enemies":"Large Slime","floor":14,"turns":4},{"damage":0,"enemies":"2 Fungi Beasts","floor":15,"turns":2},{"damage":51,"enemies":"WA_ARCHETYPE_RETAIN","floor":16,"turns":10},{"damage":0,"enemies":"Spheric Guardian","floor":19,"turns":3},{"damage":12,"enemies":"Shelled Parasite and Fungi","floor":20,"turns":7},{"damage":13,"enemies":"Snecko","floor":22,"turns":5},{"damage":0,"enemies":"downfall:FleeingMerchant","floor":27,"turns":4},{"damage":0,"enemies":"Centurion and Healer","floor":28,"turns":3},{"damage":3,"enemies":"3 Cultists","floor":29,"turns":3},{"damage":0,"enemies":"Snake Plant","floor":32,"turns":3},{"damage":44,"enemies":"DF_ARCHETYPE_CLAW","floor":33,"turns":6},{"damage":0,"enemies":"Orb Walker","floor":36,"turns":2},{"damage":0,"enemies":"downfall:FleeingMerchant","floor":37,"turns":4},{"damage":10,"enemies":"3 Shapes","floor":38,"turns":3},{"damage":6,"enemies":"downfall:FleeingMerchant","floor":39,"turns":3},{"damage":3,"enemies":"Sphere and 2 Shapes","floor":42,"turns":4},{"damage":32,"enemies":"Orin","floor":44,"turns":11},{"damage":21,"enemies":"Writhing Mass","floor":45,"turns":5},{"damage":0,"enemies":"Transient","floor":48,"turns":5},{"damage":0,"enemies":"3 Darklings","floor":49,"turns":1},{"damage":88,"enemies":"SI_POISON_ARCHETYPE","floor":50,"turns":7}],"seed_played":"-711182308551694613","potions_obtained":[{"floor":6,"key":"Ancient Potion"},{"floor":15,"key":"sneckomod:MuddlingPotion"},{"floor":16,"key":"Regen Potion"},{"floor":19,"key":"sneckomod:MuddlingPotion"},{"floor":20,"key":"bronze:CleanCodePotion"},{"floor":33,"key":"EssenceOfSteel"},{"floor":38,"key":"DuplicationPotion"},{"floor":44,"key":"DuplicationPotion"},{"floor":45,"key":"hexamod:SoulburnPotion"},{"floor":48,"key":"Energy Potion"}],"is_trial":false,"path_per_floor":["R","?","?","?","$","E","T","R","M","M","R","?","M","M","M","B",null,"R","M","M","?","M","R","T","?","R","$","M","M","R","?","M","B",null,"R","M","$","M","$","R","T","M","R","?","M","R","?","M","M","B",null],"character_chosen":"THE_AUTOMATON","items_purchased":["HandOfGreed","Anchor","Vajra","InkBottle","expansioncontent:DashGenerateEvil","expansioncontent:QuickStudy","expansioncontent:DashGenerateEvil+1","bronze:BronzeOrb","DollysMirror"],"campfire_rested":4,"item_purchase_floors":[5,5,27,27,27,37,39,39,39],"current_hp_per_floor":[77,77,82,82,82,62,62,82,78,78,78,58,58,58,58,7,82,82,82,70,70,57,81,81,81,81,81,81,78,78,78,78,34,82,82,82,82,72,66,82,82,79,79,66,45,82,82,82,82,18],"gold":242,"neow_bonus":"RANDOM_COMMON_RELIC","is_daily":false,"chose_seed":false,"campfire_upgraded":7,"win_rate":0.0,"timestamp":1610897695,"path_taken":["R","?","?","?","?","E","T","R","M","M","R","?","M","?","M","BOSS","R","M","M","?","M","R","T","?","R","$","M","M","R","?","M","BOSS","R","M","$","M","$","R","T","M","R","?","M","R","?","M","M","BOSS"],"items_purchased_type":["Card","Relic","Relic","Relic","Card","Card","Card","Card","Relic"],"build_version":"2020-12-22","purchased_purges":0,"victory":true,"max_hp_per_floor":[77,77,82,82,82,82,82,82,82,82,82,82,82,82,82,82,82,82,82,82,82,82,82,82,82,82,82,82,82,82,82,82,82,82,82,82,82,82,82,82,82,82,82,82,82,82,82,82,82,82],"card_choices":[{"not_picked":["bronze:BuggyMess","bronze:BugBarrage"],"picked":"bronze:Frontload","floor":5},{"not_picked":["bronze:Branch","bronze:FineTuning"],"picked":"bronze:BronzeOrb","floor":6},{"not_picked":["bronze:MaxOutput","bronze:BronzeArmor"],"picked":"bronze:Branch","floor":9},{"not_picked":["bronze:Overload","bronze:MaxOutput"],"picked":"bronze:WhirlingStrike","floor":10},{"not_picked":["bronze:Branch","bronze:DelayedSlice"],"picked":"bronze:ChosenStrike","floor":13},{"not_picked":["bronze:BitShift","bronze:Safeguard"],"picked":"bronze:ChildClass","floor":14},{"not_picked":["bronze:Shield","bronze:BugBarrage"],"picked":"bronze:FineTuning","floor":15},{"not_picked":["bronze:Break","bronze:AlphaBuild"],"picked":"bronze:RecursiveStrike","floor":16},{"not_picked":["bronze:NullPointer","bronze:OilSpill+1","bronze:Backtrace+1"],"picked":"SKIP","floor":19},{"not_picked":["bronze:WildBeam","bronze:BugBarrage"],"picked":"bronze:CutThrough","floor":20},{"not_picked":["bronze:CutThrough","bronze:Return+1"],"picked":"bronze:ClassDefault+1","floor":22},{"not_picked":["bronze:Return+1","bronze:Branch"],"picked":"bronze:Flail+1","floor":27},{"not_picked":["bronze:ChildClass","bronze:DigitalCarnage"],"picked":"bronze:Iterate","floor":28},{"not_picked":["bronze:BugBarrage","bronze:OilSpill"],"picked":"bronze:GetLatest+1","floor":29},{"not_picked":["bronze:Shield","bronze:CutThrough"],"picked":"bronze:Iterate","floor":32},{"not_picked":["bronze:HyperBeam","bronze:ShipIt"],"picked":"bronze:Verify","floor":33},{"not_picked":["bronze:Philosophize+1","bronze:Deprecate"],"picked":"bronze:Branch+1","floor":36},{"not_picked":["bronze:Shield","bronze:Iterate"],"picked":"bronze:Branch+1","floor":37},{"not_picked":["bronze:DigitalCarnage","bronze:BuggyMess+1"],"picked":"bronze:Shell+1","floor":38},{"not_picked":["bronze:Mutator","bronze:OilSpill"],"picked":"bronze:CloningBeam+1","floor":39},{"not_picked":["bronze:ItsAFeature","bronze:Shell+1"],"picked":"bronze:Frontload","floor":42},{"not_picked":["bronze:Turbo","bronze:Invalidate"],"picked":"bronze:FineTuning+1","floor":44},{"not_picked":["bronze:Invalidate","bronze:Backtrace"],"picked":"bronze:Repair","floor":45},{"not_picked":["expansioncontent:AwakenDeath","expansioncontent:LastStand"],"picked":"expansioncontent:PrepareCrush","floor":47},{"not_picked":["bronze:Invalidate","bronze:Shield+1"],"picked":"bronze:ForceShield","floor":48},{"not_picked":["bronze:Return","bronze:BuggyMess+1"],"picked":"bronze:SpaghettiCode","floor":49}],"player_experience":352786,"relics_obtained":[{"floor":6,"key":"Mummified Hand"},{"floor":7,"key":"Shuriken"},{"floor":12,"key":"downfall:GremlinWheel"},{"floor":24,"key":"Orichalcum"},{"floor":41,"key":"Regal Pillow"},{"floor":44,"key":"CatCart"}],"event_choices":[{"damage_healed":0,"gold_gain":0,"player_choice":"Donut","damage_taken":0,"max_hp_gain":5,"max_hp_loss":0,"event_name":"Big Fish","floor":3,"gold_loss":0},{"cards_removed":["downfall:Icky"],"damage_healed":0,"gold_gain":0,"player_choice":"Card Removal","damage_taken":0,"max_hp_gain":0,"max_hp_loss":0,"event_name":"Wheel of Change","floor":18,"gold_loss":0},{"damage_healed":0,"gold_gain":0,"player_choice":"Ignored","damage_taken":0,"max_hp_gain":0,"max_hp_loss":0,"event_name":"Vampires","floor":31,"gold_loss":0},{"damage_healed":0,"gold_gain":0,"player_choice":"Fight","damage_taken":0,"max_hp_gain":0,"max_hp_loss":0,"event_name":"OrinTheCat","floor":44,"gold_loss":0}],"is_beta":false,"boss_relics":[{"not_picked":["bronze:MakeshiftBattery","Sozu"],"picked":"SacredBark"},{"not_picked":["Philosopher\u0027s Stone","Tiny House"],"picked":"SlaversCollar"}],"items_purged_floors":[],"is_endless":false,"potions_floor_spawned":[6,15,16,19,20,33,38,42,44,45,48],"ascension_level":0}}