{"host":"Zandorum","time":1610879713,"event":{"mods":["100% Spire Juice","2.2 Compatiblity","Act Like it!","Bard","BaseMod","Better Note","Hermit","Hubris","Jorbs\u0027s Wanderer Trilogy","Mimic Mod","Minty Spire (QoL Compilation)","Quick Restart","Rare Cards Sparkle","Reorder Act Four","Somnambulant","StSLib","The Cursed","The Disciple","The Hierophant","The Jungle","The Runesmith","TheVacant"],"gold_per_floor":[110,385,397,157,169,169,16,16,16,16,48,67,78,95,95,200,200,220,220,220,231,31,44,44,44,44,64,81,81,111,31,31,126,176,188,203,203,0,0,0,0,0,0],"floor_reached":42,"language":"ENG","playtime":1156,"items_purged":["Regret","Strike_B","Strike_B"],"score":436,"play_id":"fd3bdc7c-dbcf-46b6-aed4-5c4dffefd60c","local_time":"20210117023513","is_ascension_mode":false,"campfire_choices":[{"data":"Zap","floor":6,"key":"SMITH"},{"floor":15,"key":"REST"},{"floor":29,"key":"REST"},{"floor":32,"key":"REST"},{"data":"Seek","floor":40,"key":"SMITH"}],"circlet_count":0,"master_deck":["Strike_B","Strike_B+1","Defend_B","Defend_B","Defend_B","Defend_B","Zap+1","Dualcast","Madness","Tempest","Hologram+1","Thunder Strike","Redo","Ball Lightning","Redo","Chaos","Electrodynamics","Seek+1","Loop","Ball Lightning+1","Reboot+1","Turbo","Tempest","Genetic Algorithm+1","Conserve Battery+1"],"relics":["Cracked Core","Nunchaku","Meat on the Bone","Shuriken","Inserter","Mummified Hand","Juzu Bracelet","Tiny House","Red Mask","hubris:Icosahedron"],"acts_visited":["Exordium","TheCity","TheBeyond"],"potions_floor_usage":[11,16,23,25,30,33,35,42],"damage_taken":[{"damage":1,"enemies":"Cultist","floor":1,"turns":3},{"damage":14,"enemies":"Small Slimes","floor":3,"turns":3},{"damage":6,"enemies":"Jaw Worm","floor":5,"turns":3},{"damage":22,"enemies":"3 Sentries","floor":11,"turns":3},{"damage":10,"enemies":"Red Slaver","floor":12,"turns":3},{"damage":5,"enemies":"Looter","floor":13,"turns":2},{"damage":15,"enemies":"Exordium Thugs","floor":14,"turns":3},{"damage":45,"enemies":"Hexaghost","floor":16,"turns":7},{"damage":40,"enemies":"Shell Parasite","floor":18,"turns":4},{"damage":15,"enemies":"3 Byrds","floor":21,"turns":3},{"damage":5,"enemies":"Sentry and Sphere","floor":23,"turns":3},{"damage":0,"enemies":"Book of Stabbing","floor":25,"turns":1},{"damage":15,"enemies":"Snecko","floor":27,"turns":3},{"damage":20,"enemies":"Centurion and Healer","floor":28,"turns":4},{"damage":24,"enemies":"Gremlin Leader","floor":30,"turns":5},{"damage":29,"enemies":"Collector","floor":33,"turns":5},{"damage":24,"enemies":"3 Darklings","floor":35,"turns":4},{"damage":24,"enemies":"3 Shapes","floor":36,"turns":3},{"damage":44,"enemies":"Nemesis","floor":42,"turns":5}],"seed_played":"-3896909871865841766","potions_obtained":[{"floor":1,"key":"SkillPotion"},{"floor":13,"key":"Swift Potion"},{"floor":16,"key":"SmokeBomb"},{"floor":21,"key":"LiquidMemories"},{"floor":27,"key":"Block Potion"},{"floor":30,"key":"Dexterity Potion"},{"floor":33,"key":"SkillPotion"},{"floor":34,"key":"Dexterity Potion"}],"is_trial":false,"path_per_floor":["M","?","M","$","M","R","$","T","T","$","E","M","M","M","R","B",null,"M","?","?","M","$","M","?","E","T","M","M","R","E","$","R","B",null,"M","M","?","?","$","R","?","E"],"character_chosen":"DEFECT","items_purchased":["Thunder Strike","Redo","Redo","Reboot","Tempest"],"campfire_rested":3,"item_purchase_floors":[4,4,7,22,31],"current_hp_per_floor":[74,74,60,60,54,54,54,54,54,54,44,46,41,38,60,27,75,47,47,47,44,44,39,39,39,39,36,28,50,38,38,60,43,80,56,44,44,44,44,44,44,0,0],"gold":0,"neow_bonus":"RANDOM_COLORLESS","is_daily":false,"chose_seed":false,"campfire_upgraded":2,"win_rate":0.0,"timestamp":1610879713,"path_taken":["M","?","M","?","?","R","?","?","T","$","E","M","M","M","R","BOSS","M","?","?","M","?","?","?","E","T","M","M","R","E","$","R","BOSS","M","M","?","?","?","R","?","E"],"items_purchased_type":["Card","Card","Card","Card","Card"],"build_version":"2020-12-18","purchased_purges":3,"victory":false,"max_hp_per_floor":[75,75,75,75,75,75,75,75,75,75,75,75,75,75,75,75,75,75,75,75,75,75,75,75,75,75,75,75,75,75,75,75,75,80,80,80,80,80,80,80,80,80,80],"card_choices":[{"not_picked":["Blind","Dark Shackles"],"picked":"Madness","floor":0},{"not_picked":["Recycle","Barrage"],"picked":"Tempest","floor":1},{"not_picked":["Rebound","Coolheaded"],"picked":"Hologram","floor":3},{"not_picked":["Cold Snap","Lockon"],"picked":"Ball Lightning","floor":5},{"not_picked":["Auto Shields","Leap","Tempest"],"picked":"SKIP","floor":11},{"not_picked":["Coolheaded","Force Field"],"picked":"Chaos","floor":12},{"not_picked":["Doom and Gloom","FTL"],"picked":"Electrodynamics","floor":13},{"not_picked":["Beam Cell","Aggregate","Leap"],"picked":"SKIP","floor":14},{"not_picked":["Buffer","hubris:DoWhile"],"picked":"Seek","floor":16},{"not_picked":["Coolheaded","Barrage+1"],"picked":"Loop","floor":18},{"not_picked":["Cold Snap","Fusion+1"],"picked":"Ball Lightning+1","floor":21},{"not_picked":["Stack+1","Sweeping Beam","Darkness"],"picked":"SKIP","floor":23},{"not_picked":["Steam","Coolheaded"],"picked":"Turbo","floor":27},{"not_picked":["Coolheaded","Undo+1","Core Surge"],"picked":"SKIP","floor":28},{"not_picked":["Auto Shields","Streamline","Redo"],"picked":"SKIP","floor":30},{"not_picked":["Conserve Battery","Tempest"],"picked":"Genetic Algorithm+1","floor":35},{"not_picked":["Go for the Eyes+1","Cold Snap"],"picked":"Conserve Battery+1","floor":36}],"player_experience":146145,"relics_obtained":[{"floor":8,"key":"Nunchaku"},{"floor":9,"key":"Meat on the Bone"},{"floor":11,"key":"Shuriken"},{"floor":26,"key":"Mummified Hand"},{"floor":30,"key":"Juzu Bracelet"}],"event_choices":[{"damage_healed":0,"gold_gain":275,"player_choice":"Desecrate","damage_taken":0,"max_hp_gain":0,"max_hp_loss":0,"event_name":"Golden Shrine","floor":2,"gold_loss":0,"cards_obtained":["Regret"]},{"damage_healed":0,"gold_gain":0,"player_choice":"Forge","damage_taken":0,"max_hp_gain":0,"max_hp_loss":0,"event_name":"Accursed Blacksmith","floor":19,"gold_loss":0,"cards_upgraded":["Hologram"]},{"cards_removed":["Madness"],"damage_healed":0,"gold_gain":0,"player_choice":"Give","damage_taken":0,"max_hp_gain":0,"max_hp_loss":0,"event_name":"betterNote:BetterNote","floor":20,"gold_loss":0,"cards_obtained":["Strike_B"]},{"damage_healed":0,"gold_gain":0,"player_choice":"Paid","damage_taken":0,"relics_obtained":["Red Mask"],"max_hp_gain":0,"max_hp_loss":0,"event_name":"Tomb of Lord Red Mask","floor":38,"gold_loss":203}],"is_beta":true,"boss_relics":[{"not_picked":["hubris:VirtuousBlindfold","Cursed Key"],"picked":"Inserter"},{"not_picked":["Runic Pyramid","hubris:CrackedHourglass"],"picked":"Tiny House"}],"items_purged_floors":[4,7,22],"is_endless":false,"potions_floor_spawned":[1,13,16,21,25,27,30,33],"killed_by":"Nemesis","ascension_level":0}}