{"host":"tpad8qsc9e0g0pa5","time":1610890656,"event":{"mods":["BaseMod","Minty Spire (QoL Compilation)","Quick Restart","StSLib","The Cursed"],"gold_per_floor":[144,189,189,234,61,61,106,151,151,69,114,159,159,249,249,549,549,594,639,91,16,16,16,43,133,133,133,178,223,223,223,223,523,523,568,52,102,147,192,282,282,327,327,327,352,62,107,152,152,152],"floor_reached":51,"language":"ZHS","playtime":2659,"items_purged":[],"score":1049,"play_id":"4b2b893f-80a4-4afa-b099-5fb23e8693f8","local_time":"20210117213736","daily_mods":["SealedDeck","Hoarder","Midas"],"is_ascension_mode":false,"campfire_choices":[{"floor":6.0,"key":"REST"},{"floor":15.0,"key":"REST"},{"floor":23.0,"key":"REST"},{"floor":27.0,"key":"REST"},{"floor":32.0,"key":"REST"},{"floor":41,"key":"REST"},{"floor":44,"key":"REST"},{"data":"Thunder Strike","floor":49,"key":"PURGE"}],"circlet_count":0,"master_deck":["Recycle","Recycle","Sweeping Beam","Sweeping Beam","Sweeping Beam","Tempest","Tempest","Tempest","Hologram","Hologram","Hologram","Steam","Steam","Steam","Sweeping Beam","Sweeping Beam","Sweeping Beam","Gash","Gash","Gash","Turbo","Turbo","Turbo+1","Turbo","Turbo","Turbo","Steam Power","Steam Power","Steam Power","Double Energy+1","Double Energy","Double Energy","Beam Cell","Beam Cell","Beam Cell","Flash of Steel","Flash of Steel","Flash of Steel","Heatsinks","Heatsinks","Heatsinks","White Noise","White Noise","White Noise","Turbo","Turbo","Turbo","Hello World","Hello World","Skim","Skim","Skim","Biased Cognition","Biased Cognition","Biased Cognition","Storm","Storm","Storm","Reboot","Reboot","Reboot","Steam Power","Steam Power","Steam Power","Thunder Strike","Thunder Strike","Coolheaded+1","Coolheaded+1","Coolheaded+1","Turbo+1","Turbo+1","Turbo+1","Meteor Strike","Meteor Strike","Meteor Strike","Coolheaded+1","Coolheaded+1","Coolheaded+1","Coolheaded+1","Coolheaded+1","Coolheaded+1","FTL","FTL","FTL","Fission+1","Fission+1","Fission+1","Heatsinks+1","Heatsinks+1","Heatsinks+1","Skim+1","Skim+1","Skim+1"],"relics":["Cracked Core","Pear","Darkstone Periapt","Potion Belt","Fusion Hammer","Bottled Lightning","Medical Kit","Red Mask","Bottled Flame","Toxic Egg 2","Matryoshka","Vajra","PreservedInsect","Nuclear Battery","Peace Pipe","War Paint","Ancient Tea Set","Bird Faced Urn","Shuriken","Bag of Preparation","Chemical X"],"acts_visited":["Exordium","TheCity","TheBeyond"],"potions_floor_usage":[50],"damage_taken":[{"damage":0.0,"enemies":"2 Louse","floor":1.0,"turns":1.0},{"damage":0.0,"enemies":"Cultist","floor":2.0,"turns":3.0},{"damage":0.0,"enemies":"Small Slimes","floor":4.0,"turns":1.0},{"damage":4.0,"enemies":"Looter","floor":7.0,"turns":2.0},{"damage":0.0,"enemies":"2 Fungi Beasts","floor":8.0,"turns":1.0},{"damage":0.0,"enemies":"Large Slime","floor":11.0,"turns":3.0},{"damage":0.0,"enemies":"Lots of Slimes","floor":12.0,"turns":1.0},{"damage":21.0,"enemies":"3 Sentries","floor":14.0,"turns":3.0},{"damage":0.0,"enemies":"Slime Boss","floor":16.0,"turns":3.0},{"damage":0.0,"enemies":"Spheric Guardian","floor":18.0,"turns":2.0},{"damage":0.0,"enemies":"Chosen","floor":19.0,"turns":4.0},{"damage":0.0,"enemies":"Masked Bandits","floor":24.0,"turns":2.0},{"damage":24.0,"enemies":"Slavers","floor":25.0,"turns":3.0},{"damage":0.0,"enemies":"3 Cultists","floor":28.0,"turns":2.0},{"damage":0.0,"enemies":"Snake Plant","floor":29.0,"turns":2.0},{"damage":6.0,"enemies":"Automaton","floor":33.0,"turns":4.0},{"damage":0.0,"enemies":"3 Darklings","floor":35.0,"turns":1.0},{"damage":27.0,"enemies":"3 Shapes","floor":38.0,"turns":2.0},{"damage":0.0,"enemies":"Transient","floor":39.0,"turns":4.0},{"damage":27,"enemies":"Reptomancer","floor":40,"turns":3},{"damage":0,"enemies":"Writhing Mass","floor":42,"turns":1},{"damage":0,"enemies":"Jaw Worm Horde","floor":47,"turns":1},{"damage":2,"enemies":"3 Darklings","floor":48,"turns":2},{"damage":0,"enemies":"Awakened One","floor":50,"turns":2}],"seed_played":"7372172642885907109","potions_obtained":[{"floor":7.0,"key":"SneckoOil"},{"floor":12.0,"key":"SpeedPotion"},{"floor":16.0,"key":"BlessingOfTheForge"},{"floor":19.0,"key":"SteroidPotion"},{"floor":24.0,"key":"Strength Potion"},{"floor":25.0,"key":"DistilledChaos"},{"floor":33.0,"key":"CultistPotion"},{"floor":38.0,"key":"Regen Potion"},{"floor":42,"key":"AttackPotion"},{"floor":48,"key":"Swift Potion"}],"is_trial":false,"path_per_floor":["M","M","?","M","$","R","M","M","T","?","M","M","?","E","R","B",null,"M","M","$","?","?","R","?","E","T","R","M","M","T","T","R","B",null,"M","$","T","M","M","E","R","M","T","R","T","$","M","M","R","B",null],"character_chosen":"DEFECT","items_purchased":["Flash of Steel","Heatsinks","Reboot","Bottled Lightning","Medical Kit","Turbo+1","Peace Pipe","Meteor Strike","Fission+1","Chemical X"],"campfire_rested":7,"item_purchase_floors":[5,5,20,20,20,36,36,36,46,46],"current_hp_per_floor":[75,75,68,68,68,75,71,71,81,81,81,81,81,60,85,85,85,85,85,85,85,85,85,85,61,61,85,85,85,85,85,85,79,85,85,85,85,58,67,40,65,69,69,85,85,85,85,85,85,85],"gold":152,"neow_bonus":"","is_daily":true,"chose_seed":false,"campfire_upgraded":0,"win_rate":0.0,"timestamp":1610890656,"path_taken":["M","M","?","M","$","R","M","M","T","?","?","M","?","E","R","BOSS","M","M","$","?","?","R","?","E","T","R","M","M","?","?","R","BOSS","M","$","?","M","M","E","R","M","T","R","?","$","M","M","R","BOSS"],"items_purchased_type":["Card","Card","Card","Relic","Relic","Card","Relic","Card","Card","Relic"],"build_version":"2020-12-22","purchased_purges":0,"victory":true,"max_hp_per_floor":[75,75,75,75,75,75,75,75,85,85,85,85,85,85,85,85,85,85,85,85,85,85,85,85,85,85,85,85,85,85,85,85,85,85,85,85,85,85,85,85,85,85,85,85,85,85,85,85,85,85],"card_choices":[{"not_picked":["Hologram","Gash"],"picked":"Double Energy","floor":1.0},{"not_picked":["Gash","BootSequence"],"picked":"Beam Cell","floor":2.0},{"not_picked":["Leap","Creative AI","Redo"],"picked":"SKIP","floor":4.0},{"not_picked":["Ball Lightning","Capacitor"],"picked":"White Noise","floor":7.0},{"not_picked":["Cold Snap","Redo"],"picked":"Turbo","floor":8.0},{"not_picked":["Conserve Battery","Blizzard","Coolheaded"],"picked":"SKIP","floor":11.0},{"not_picked":["Chaos","Streamline"],"picked":"Hello World","floor":12.0},{"not_picked":["Hello World","Coolheaded"],"picked":"Skim","floor":14.0},{"not_picked":["Echo Form","Core Surge"],"picked":"Biased Cognition","floor":16.0},{"not_picked":["Gash","Rebound"],"picked":"Storm","floor":18.0},{"not_picked":["Genetic Algorithm","BootSequence","Glacier"],"picked":"SKIP","floor":19.0},{"not_picked":["Compile Driver+1","Conserve Battery","Storm"],"picked":"SKIP","floor":25.0},{"not_picked":["Loop+1","Cold Snap","Beam Cell"],"picked":"SKIP","floor":28.0},{"not_picked":["Echo Form","Melter","Leap+1"],"picked":"SKIP","floor":29.0},{"not_picked":["Creative AI","Echo Form"],"picked":"Thunder Strike","floor":33.0},{"not_picked":["Barrage+1","Sweeping Beam"],"picked":"Coolheaded+1","floor":35.0},{"not_picked":["Echo Form","Leap+1"],"picked":"Coolheaded+1","floor":38.0},{"not_picked":["Sweeping Beam+1","Glacier+1","Beam Cell"],"picked":"SKIP","floor":39.0},{"not_picked":["Capacitor+1","Doom and Gloom"],"picked":"Coolheaded+1","floor":40},{"not_picked":["Sweeping Beam","Rebound+1"],"picked":"FTL","floor":42},{"not_picked":["Hello World","Hologram+1"],"picked":"Heatsinks+1","floor":47},{"not_picked":["Turbo+1","Loop"],"picked":"Skim+1","floor":48}],"player_experience":217366,"relics_obtained":[{"floor":9.0,"key":"Pear"},{"floor":14.0,"key":"Potion Belt"},{"floor":24.0,"key":"Red Mask"},{"floor":25.0,"key":"Bottled Flame"},{"floor":26.0,"key":"Toxic Egg 2"},{"floor":30.0,"key":"Matryoshka"},{"floor":31.0,"key":"Vajra"},{"floor":31.0,"key":"PreservedInsect"},{"floor":37.0,"key":"War Paint"},{"floor":37.0,"key":"Ancient Tea Set"},{"floor":40,"key":"Bird Faced Urn"},{"floor":43,"key":"Shuriken"},{"floor":45,"key":"Bag of Preparation"}],"event_choices":[{"cards_removed":["Recycle"],"damage_healed":0.0,"max_hp_gain":0.0,"max_hp_loss":0.0,"gold_gain":0.0,"event_name":"Golden Wing","player_choice":"Card Removal","floor":3.0,"gold_loss":0.0,"damage_taken":7.0},{"damage_healed":0.0,"max_hp_gain":0.0,"max_hp_loss":0.0,"gold_gain":0.0,"event_name":"WeMeetAgain","player_choice":"Paid Gold","floor":10.0,"gold_loss":82.0,"damage_taken":0.0,"relics_obtained":["Darkstone Periapt"]},{"damage_healed":0.0,"max_hp_gain":0.0,"max_hp_loss":0.0,"gold_gain":0.0,"event_name":"Liars Game","player_choice":"Ignored","floor":13.0,"gold_loss":0.0,"damage_taken":0.0},{"cards_removed":["Hello World"],"damage_healed":0.0,"max_hp_gain":0.0,"max_hp_loss":0.0,"gold_gain":0.0,"event_name":"Beggar","player_choice":"Gave Gold","floor":21.0,"gold_loss":75.0,"damage_taken":0.0},{"damage_healed":0.0,"max_hp_gain":0.0,"max_hp_loss":0.0,"gold_gain":0.0,"event_name":"The Library","player_choice":"Read","floor":22.0,"gold_loss":0.0,"damage_taken":0.0,"cards_obtained":["Steam Power"]},{"damage_healed":0.0,"max_hp_gain":0.0,"max_hp_loss":0.0,"gold_gain":0.0,"event_name":"Masked Bandits","player_choice":"Fought Bandits","floor":24.0,"gold_loss":0.0,"damage_taken":0.0}],"is_beta":false,"boss_relics":[{"not_picked":["SlaversCollar","Philosopher\u0027s Stone"],"picked":"Fusion Hammer"},{"not_picked":["Black Star","Astrolabe"],"picked":"Nuclear Battery"}],"items_purged_floors":[],"is_endless":false,"potions_floor_spawned":[7,12,16,19,24,25,33,38,42,48],"ascension_level":0}}