{"host":"w5vfr18i2ft1pzo2","time":1610855446,"event":{"mods":["AchievementEnabler","Act Like it!","Aspiration","BaseMod","Better Debug","Better Third Choice","BetterRewards","Colored Map","Colored Powertips","Conspire","Curses Come First","DNKmod","Defuse TimeMaze Blight","Dota2Spire","Elementarium","Energized Spire","Evolution","Force Act Four","Fox Events","Friendly Minions","Gensokyo","GifTheSpireLib","Gold Saver","Halation","Hallownest","Hubris","Hyrulean Relics","Infinite Spire","Jedi Mod","Marisa????????","Minty Spire (QoL Compilation)","MostiFishMod","Poor People Problems","Prisma Mod","Reimu??????","Remilia??????","Replay The Spire","RumiaBox-????????","SacredBarkPlus","Shop Mod","Small Relic Pack","Spicy Shops","Spikes Relics","StSLib","Stuff the Spire","SuperFastMode","Synergy Search","The Animator","The Blue Laboratory","The Servant 0.9.4","Trackpad","Treasure Hunter","Uncapped","Wandering Minibosses","Yakumo Yukari mod","noobMod","vexMod","??????REMEMod"],"gold_per_floor":[1325,1341,1341,1341,1341,1341,1352,1352,1399,1399,1411,1381,1413,1430,1430,1529,1529,1539,557,557,557,1187,1187],"floor_reached":22,"language":"ENG","playtime":811,"items_purged":[],"score":359,"play_id":"31e4c391-5bee-464e-89c8-d07547973c45","local_time":"20210117115046","is_ascension_mode":true,"campfire_choices":[{"floor":6,"key":"RECALL"},{"data":"jedi:studyshivs","floor":8,"key":"SMITH"},{"data":"Backflip","floor":10,"key":"SMITH"},{"data":"Riddle With Holes","floor":15,"key":"SMITH"}],"circlet_count":0,"master_deck":["Strike_G","Strike_G","Strike_G","Strike_G","Strike_G","Defend_G","Defend_G","Defend_G","Defend_G","Defend_G","Survivor","Neutralize","CutThroughFate","Hidden Blade","Backflip+1","Riddle With Holes+1","jedi:studyshivs+1","Backflip+1","Well Laid Plans","TH:TreasureMap","Backflip","MostiFishMod:FrostNova","Draining Mist","Infinite Blades"],"relics":["Ring of the Snake","EVO:Axolotl","DaveBox","ice","REME_ComplimentaryCards","aspiration:Nostalgia","Replay:M_StaffOfTheSnake","SynthV:TestCard","Baka2","halation:PinkSoulGem","Replay:Kaleidoscope","conspire:TopHat","RhineCircuit","vexMod:Spyglass","Blood Vial","Dota2Spire:ArcaneBoots","Oddly Smooth Stone","trackpad:DisasterInABottle"],"acts_visited":["Exordium","TheCity"],"potions_floor_usage":[],"damage_taken":[{"damage":0,"enemies":"2 Louse","floor":1,"turns":2},{"damage":0,"enemies":"Small Slimes","floor":2,"turns":6},{"damage":17,"enemies":"conspire:RoseBush","floor":7,"turns":1},{"damage":0,"enemies":"Blue Slaver","floor":11,"turns":1},{"damage":11,"enemies":"conspire:MimicChest","floor":12,"turns":6},{"damage":0,"enemies":"Gremlin Nob","floor":13,"turns":2},{"damage":0,"enemies":"Exordium Thugs","floor":14,"turns":3},{"damage":0,"enemies":"Fading Forest","floor":16,"turns":11},{"damage":0,"enemies":"3 Byrds","floor":18,"turns":5}],"seed_played":"6338962783083072383","potions_obtained":[{"floor":7,"key":"jedi:tentaclejuice"},{"floor":14,"key":"blueLaboratory:BottleOfVodka"},{"floor":16,"key":"Weak Potion"}],"is_trial":false,"path_per_floor":["M","M","?","?","?","R","M","R","T","R","M","?","E","M","R_BF","B",null,"M","$","?","?","?"],"character_chosen":"THE_SILENT","items_purchased":["vexMod:Spyglass","Blood Vial","Dota2Spire:ArcaneBoots","Oddly Smooth Stone","trackpad:DisasterInABottle","Draining Mist","Infinite Blades"],"campfire_rested":0,"item_purchase_floors":[19,19,19,19,19,19,19],"current_hp_per_floor":[63,70,70,70,70,70,53,53,53,53,53,42,42,51,51,59,67,67,67,67,67,0,0],"gold":1187,"neow_bonus":"NOSTALGIA","is_daily":false,"chose_seed":false,"campfire_upgraded":3,"win_rate":0.0,"timestamp":1610855446,"path_taken":["M","M","?","?","?","R","M","R","T","R","M","?","E","?","R_BF","BOSS","M","$","?","?","?"],"items_purchased_type":["Relic","Relic","Relic","Relic","Relic","Card","Card"],"build_version":"2020-12-22","purchased_purges":0,"victory":false,"max_hp_per_floor":[70,70,70,70,70,70,70,70,70,70,70,70,70,70,70,70,70,70,70,70,70,70,70],"card_choices":[{"not_picked":["Prepared","Slice"],"picked":"CutThroughFate","floor":1},{"not_picked":["Dagger Throw","Concentrate","Underhanded Strike","MostiFishMod:PoisonShield"],"picked":"Hidden Blade","floor":2},{"not_picked":["Endless Agony","Catalyst","Acrobatics","Dagger Throw"],"picked":"jedi:studyshivs","floor":7},{"not_picked":["TH:EnergyPotion","TH:PixieDust","TH:CursedSword","TH:BikiniMail"],"picked":"SKIP","floor":9},{"not_picked":["Sneak Up","Sucker Punch","MostiFishMod:InvigoratingSolution","Leg Sweep","jedi:poisonivy"],"picked":"SKIP","floor":11},{"not_picked":["ThirdEye","Underhanded Strike","Deflect","MostiFishMod:PoisonShield"],"picked":"Well Laid Plans","floor":12},{"not_picked":["TH:ArmorSpikes","TH:DeckOfManyThings","TH:CopperCoins"],"picked":"TH:TreasureMap","floor":13},{"not_picked":["ReplayTheSpireMod:Shiv Toss","Concentrate","SashWhip","Underhanded Strike","Bane"],"picked":"SKIP","floor":13},{"not_picked":["Dagger Throw","ClearTheMind","PiercingWail","REME_CopyPotion"],"picked":"Backflip","floor":14},{"not_picked":["Tools of the Trade","Corpse Explosion","MostiFishMod:Wind","jedi:brewingpoison"],"picked":"MostiFishMod:FullyArmed","floor":16},{"not_picked":["hubris:SlightOfHand+1","StuffTheSpire:DoubleShiv","PiercingWail","StuffTheSpire:Shiver"],"picked":"MostiFishMod:FrostNova","floor":18}],"player_experience":475366,"relics_obtained":[{"floor":1,"key":"SynthV:TestCard"},{"floor":1,"key":"Baka"},{"floor":2,"key":"Baka2"},{"floor":12,"key":"Replay:Kaleidoscope"},{"floor":13,"key":"conspire:TopHat"}],"event_choices":[{"damage_healed":0,"gold_gain":0,"player_choice":"Leave","damage_taken":0,"max_hp_gain":0,"max_hp_loss":0,"event_name":"conspire:Investor","floor":21,"gold_loss":0}],"is_beta":false,"boss_relics":[{"not_picked":["SacredBark","EE1DDrone"],"picked":"RhineCircuit"}],"items_purged_floors":[],"is_endless":false,"potions_floor_spawned":[7,14,16],"ascension_level":6}}