{"host":"8rqsnaeml9gxb0kp","time":1610864675,"event":{"mods":["AchievementEnabler","BaseMod","Dark Map","Minty Spire (QoL Compilation)","StSLib"],"gold_per_floor":[115,129,140,156,171,171,198,198,269,284,359,83,97,117,117,213,213,229,144,144,144,164,174,174,189,265,293,310,322,322,322],"floor_reached":30,"language":"ENG","playtime":1652,"items_purged":[],"score":271,"play_id":"14949090-4f70-4777-99a2-0ca5e00b90c9","local_time":"20210116222435","is_ascension_mode":true,"campfire_choices":[{"data":"Riddle With Holes","floor":6,"key":"SMITH"},{"floor":8,"key":"REST"},{"data":"Bouncing Flask","floor":15,"key":"SMITH"},{"data":"Catalyst","floor":24,"key":"SMITH"}],"circlet_count":0,"master_deck":["Strike_G","Strike_G","Defend_G","Defend_G","Defend_G","Defend_G","Defend_G","Survivor","Neutralize","Riddle With Holes+1","Poisoned Stab","Cloak And Dagger","Deadly Poison","Infinite Blades","Poisoned Stab","All Out Attack","Catalyst+1","Poisoned Stab","Crippling Poison","PiercingWail","Tools of the Trade","Leg Sweep","Bouncing Flask+1","All Out Attack","Noxious Fumes","Wraith Form v2","Adrenaline+1","Caltrops+1","Dagger Throw+1","Reflex+1","Necronomicurse","Deadly Poison","Deadly Poison"],"relics":["Velvet Choker","MealTicket","Letter Opener","Orrery","Astrolabe","Pocketwatch","Necronomicon","PreservedInsect","Sundial","Ancient Tea Set"],"acts_visited":["Exordium","TheCity"],"potions_floor_usage":[16,16,27,28,30,30],"damage_taken":[{"damage":0,"enemies":"Cultist","floor":1,"turns":4},{"damage":0,"enemies":"Small Slimes","floor":2,"turns":3},{"damage":0,"enemies":"2 Louse","floor":3,"turns":3},{"damage":9,"enemies":"Exordium Wildlife","floor":4,"turns":5},{"damage":9,"enemies":"Blue Slaver","floor":5,"turns":4},{"damage":20,"enemies":"Lagavulin","floor":7,"turns":6},{"damage":6,"enemies":"2 Fungi Beasts","floor":10,"turns":3},{"damage":6,"enemies":"Exordium Thugs","floor":13,"turns":5},{"damage":7,"enemies":"Gremlin Gang","floor":14,"turns":4},{"damage":24,"enemies":"The Guardian","floor":16,"turns":7},{"damage":0,"enemies":"Chosen","floor":18,"turns":4},{"damage":2,"enemies":"Shell Parasite","floor":22,"turns":3},{"damage":5,"enemies":"3 Cultists","floor":23,"turns":4},{"damage":5,"enemies":"Cultist and Chosen","floor":25,"turns":4},{"damage":9,"enemies":"Book of Stabbing","floor":27,"turns":4},{"damage":3,"enemies":"Snecko","floor":28,"turns":3},{"damage":17,"enemies":"Snake Plant","floor":29,"turns":3},{"damage":16,"enemies":"Slavers","floor":30,"turns":1}],"seed_played":"-5228230179636181952","potions_obtained":[{"floor":2,"key":"LiquidBronze"},{"floor":3,"key":"FearPotion"},{"floor":7,"key":"Block Potion"},{"floor":22,"key":"Poison Potion"},{"floor":23,"key":"CunningPotion"},{"floor":29,"key":"LiquidMemories"}],"is_trial":false,"path_per_floor":["M","M","M","M","M","R","E","R","T","M","?","$","M","M","R","B",null,"M","?","?","?","M","M","R","M","T","E","M","M","E"],"character_chosen":"THE_SILENT","items_purchased":["Catalyst","Poisoned Stab","Orrery"],"campfire_rested":1,"item_purchase_floors":[12,12,12],"current_hp_per_floor":[70,70,70,61,52,52,32,53,53,47,40,55,49,42,42,18,70,70,70,54,54,52,47,47,42,42,33,30,13,0,0],"gold":322,"neow_bonus":"BOSS_RELIC","is_daily":false,"chose_seed":false,"campfire_upgraded":3,"win_rate":0.0,"timestamp":1610864675,"path_taken":["M","M","M","M","M","R","E","R","T","M","?","$","?","M","R","BOSS","M","?","?","?","M","M","R","M","T","E","?","M","E"],"items_purchased_type":["Card","Card","Relic"],"build_version":"2020-12-22","purchased_purges":0,"victory":false,"max_hp_per_floor":[70,70,70,70,70,70,70,70,70,70,70,70,70,70,70,70,70,70,70,70,70,70,70,70,70,70,70,70,70,70,70],"card_choices":[{"not_picked":["Bane","Slice"],"picked":"Riddle With Holes","floor":1},{"not_picked":["Blur","Slice"],"picked":"Poisoned Stab","floor":2},{"not_picked":["Skewer","Choke"],"picked":"Cloak And Dagger","floor":3},{"not_picked":["Expertise","Dodge and Roll"],"picked":"Deadly Poison","floor":4},{"not_picked":["Tactician","PiercingWail"],"picked":"Infinite Blades","floor":5},{"not_picked":["Blur","Underhanded Strike"],"picked":"Poisoned Stab","floor":7},{"not_picked":["Bouncing Flask","PiercingWail"],"picked":"All Out Attack","floor":10},{"not_picked":["Well Laid Plans","Expertise"],"picked":"Crippling Poison","floor":12},{"not_picked":["Slice","Prepared"],"picked":"PiercingWail","floor":12},{"not_picked":["Blur","Distraction"],"picked":"Tools of the Trade","floor":12},{"not_picked":["Poisoned Stab","Noxious Fumes"],"picked":"Leg Sweep","floor":12},{"not_picked":["Dagger Spray","Blur"],"picked":"Bouncing Flask","floor":12},{"not_picked":["Dagger Spray","Bane"],"picked":"All Out Attack","floor":13},{"not_picked":["Deadly Poison","Expertise"],"picked":"Noxious Fumes","floor":14},{"not_picked":["Doppelganger","Tools of the Trade"],"picked":"Wraith Form v2","floor":16},{"not_picked":["Acrobatics","Quick Slash+1"],"picked":"Reflex+1","floor":18},{"not_picked":["Dagger Spray","Underhanded Strike","Wraith Form v2"],"picked":"SKIP","floor":22},{"not_picked":["Riddle With Holes","Bane"],"picked":"Deadly Poison","floor":23},{"not_picked":["Poisoned Stab","Dagger Throw"],"picked":"Deadly Poison","floor":25},{"not_picked":["Sucker Punch","Riddle With Holes","Underhanded Strike+1"],"picked":"SKIP","floor":27},{"not_picked":["Eviscerate+1","Die Die Die","Dagger Spray"],"picked":"SKIP","floor":28},{"not_picked":["Prepared","Quick Slash","Slice"],"picked":"SKIP","floor":29}],"player_experience":86059,"relics_obtained":[{"floor":7,"key":"MealTicket"},{"floor":9,"key":"Letter Opener"},{"floor":20,"key":"Necronomicon"},{"floor":26,"key":"Sundial"},{"floor":27,"key":"Ancient Tea Set"}],"event_choices":[{"damage_healed":0,"gold_gain":75,"player_choice":"Touch","damage_taken":7,"max_hp_gain":0,"max_hp_loss":0,"event_name":"FaceTrader","floor":11,"gold_loss":0},{"damage_healed":0,"gold_gain":0,"player_choice":"Obtained Relic","damage_taken":0,"relics_obtained":["Pocketwatch"],"max_hp_gain":0,"max_hp_loss":0,"event_name":"Addict","floor":19,"gold_loss":85},{"damage_healed":0,"gold_gain":0,"player_choice":"Obtained Book","damage_taken":16,"max_hp_gain":0,"max_hp_loss":0,"event_name":"Cursed Tome","floor":20,"gold_loss":0},{"damage_healed":0,"gold_gain":0,"player_choice":"Opened","damage_taken":0,"relics_obtained":["PreservedInsect"],"max_hp_gain":0,"max_hp_loss":0,"event_name":"The Mausoleum","floor":21,"gold_loss":0}],"is_beta":false,"boss_relics":[{"not_picked":["Ectoplasm","Runic Pyramid"],"picked":"Astrolabe"}],"items_purged_floors":[],"is_endless":false,"potions_floor_spawned":[2,3,7,10,14,22,23,29],"killed_by":"Slavers","ascension_level":1}}