{"host":"9hmnsypyq1c5u7i3","time":1610906845,"event":{"mods":["BaseMod","Bestiary","Hermit","Marisa????????","Minty Spire (QoL Compilation)","Quick Restart","Relic Stats","StSLib","The Cursed","The Hierophant"],"gold_per_floor":[119,131,131,145,166,197,235,235,235,235,254,298,314,389,389,482,482,501,501,65,95,148,148,186,218,241,241,241,241,267,284,284,383,383,449,1,51,96,139,168,168,193,238,238,273,310,29,99,99,99,124,124,124,3,3,3],"floor_reached":55,"language":"ENG","playtime":13928,"items_purged":["Strike_P","Defend_P","Pain"],"score":2010,"play_id":"12dbda8b-156e-4c5d-a387-13a3917abeb4","local_time":"20210117120725","is_ascension_mode":true,"campfire_choices":[{"floor":8.0,"key":"REST"},{"data":"CrushJoints","floor":10.0,"key":"SMITH"},{"floor":15.0,"key":"REST"},{"data":"HandOfGreed","floor":23.0,"key":"SMITH"},{"floor":28.0,"key":"REST"},{"floor":32.0,"key":"REST"},{"data":"TalkToTheHand","floor":41.0,"key":"SMITH"},{"data":"Establishment","floor":44.0,"key":"SMITH"},{"floor":49.0,"key":"RECALL"},{"floor":53.0,"key":"REST"}],"circlet_count":0,"master_deck":["AscendersBane","Strike_P","Strike_P","Defend_P","Defend_P","Eruption","Vigilance","Conclude","CrushJoints+1","TalkToTheHand+1","Protect","Perseverance","EmptyFist","FlurryOfBlows","DeusExMachina","ThirdEye","Establishment+1","Crescendo","HandOfGreed+1","LikeWater","ClearTheMind","Wireheading","Sanctity+1","Scrawl","PathToVictory","SandsOfTime","CutThroughFate","ClearTheMind","InnerPeace+1","ThirdEye+1","ConjureBlade+1","SashWhip+1","Protect+1","WaveOfTheHand+1","EmptyBody+1","Evaluate+1","MentalFortress","Protect+1"],"relics":["HolyWater","Bloody Idol","Nunchaku","Odd Mushroom","Meat on the Bone","Lizard Tail","VioletLotus","Red Mask","Art of War","PreservedInsect","WarpedTongs","Bird Faced Urn","Toxic Egg 2","Matryoshka","Bottled Flame","Strawberry","Boot","Membership Card","OrangePellets"],"acts_visited":["Exordium","TheCity","TheBeyond","TheEnding"],"potions_floor_usage":[],"damage_taken":[{"damage":6.0,"enemies":"2 Louse","floor":1.0,"turns":3.0},{"damage":1.0,"enemies":"Small Slimes","floor":2.0,"turns":3.0},{"damage":1.0,"enemies":"Cultist","floor":4.0,"turns":3.0},{"damage":3.0,"enemies":"3 Louse","floor":5.0,"turns":2.0},{"damage":45.0,"enemies":"3 Sentries","floor":6.0,"turns":13.0},{"damage":0.0,"enemies":"The Mushroom Lair","floor":7.0,"turns":3.0},{"damage":8.0,"enemies":"Lots of Slimes","floor":11.0,"turns":4.0},{"damage":11.0,"enemies":"Gremlin Nob","floor":12.0,"turns":4.0},{"damage":7.0,"enemies":"Exordium Thugs","floor":13.0,"turns":4.0},{"damage":47.0,"enemies":"Slime Boss","floor":16.0,"turns":13.0},{"damage":23.0,"enemies":"3 Byrds","floor":18.0,"turns":9.0},{"damage":17.0,"enemies":"Spheric Guardian","floor":21.0,"turns":6.0},{"damage":43.0,"enemies":"Masked Bandits","floor":22.0,"turns":4.0},{"damage":10.0,"enemies":"Centurion and Healer","floor":24.0,"turns":4.0},{"damage":38.0,"enemies":"Slavers","floor":25.0,"turns":9.0},{"damage":26.0,"enemies":"Gremlin Leader","floor":30.0,"turns":4.0},{"damage":17.0,"enemies":"Snecko","floor":31.0,"turns":5.0},{"damage":47.0,"enemies":"Automaton","floor":33.0,"turns":7.0},{"damage":20.0,"enemies":"3 Shapes","floor":35.0,"turns":6.0},{"damage":0.0,"enemies":"Orb Walker","floor":38.0,"turns":3.0},{"damage":29.0,"enemies":"Spire Growth","floor":39.0,"turns":4.0},{"damage":22.0,"enemies":"Giant Head","floor":40.0,"turns":5.0},{"damage":39.0,"enemies":"Nemesis","floor":42.0,"turns":7.0},{"damage":0.0,"enemies":"Giant Head","floor":45.0,"turns":4.0},{"damage":11.0,"enemies":"Maw","floor":46.0,"turns":7.0},{"damage":5.0,"enemies":"4 Shapes","floor":48.0,"turns":9.0},{"damage":15.0,"enemies":"Time Eater","floor":50.0,"turns":10.0},{"damage":117.0,"enemies":"Donu and Deca","floor":51.0,"turns":14.0},{"damage":85,"enemies":"Shield and Spear","floor":55,"turns":5}],"seed_played":"-1881249421723444831","potions_obtained":[{"floor":1.0,"key":"Fire Potion"},{"floor":4.0,"key":"EntropicBrew"},{"floor":6.0,"key":"SpeedPotion"},{"floor":12.0,"key":"Dexterity Potion"},{"floor":16.0,"key":"ColorlessPotion"},{"floor":21.0,"key":"LiquidBronze"},{"floor":25.0,"key":"Explosive Potion"},{"floor":30.0,"key":"Strength Potion"},{"floor":33.0,"key":"DistilledChaos"},{"floor":35.0,"key":"DuplicationPotion"},{"floor":39.0,"key":"Strength Potion"},{"floor":46.0,"key":"BottledMiracle"},{"floor":48.0,"key":"FairyPotion"}],"is_trial":false,"path_per_floor":["M","M","?","M","M","E","?","R","T","R","M","E","M","?","R","B",null,"M","?","$","M","?","R","M","E","T","?","R","?","E","M","R","B",null,"M","$","?","M","M","E","R","E","T","R","E","M","$","M","R","B","B",null,"R","$","E"],"character_chosen":"WATCHER","items_purchased":["HandOfGreed","LikeWater","ClearTheMind","Toxic Egg 2","InnerPeace+1","Membership Card","EmptyBody+1","Evaluate+1","OrangePellets","Protect+1","Strength Potion"],"campfire_rested":5,"item_purchase_floors":[20,20,20,36,36,47,47,47,54,54,54],"current_hp_per_floor":[61,60,60,59,56,26,26,46,46,46,38,39,44,33,53,18,55,44,44,44,49,28,28,40,19,24,24,44,44,35,37,57,38,60,61,61,66,67,48,45,45,25,37,37,44,47,47,61,61,54,39,65,74,74,0,0],"gold":3,"neow_bonus":"TEN_PERCENT_HP_BONUS","is_daily":false,"chose_seed":false,"campfire_upgraded":4,"win_rate":0.0,"timestamp":1610906845,"path_taken":["M","M","?","M","M","E","?","R","T","R","M","E","M","?","R","BOSS","M","?","$","M","?","R","M","E","T","?","R","?","E","?","R","BOSS","M","$","?","?","M","E","R","E","T","R","E","M","$","M","R","BOSS","BOSS","R","$","E"],"items_purchased_type":["Card","Card","Card","Relic","Card","Relic","Card","Card","Relic","Card","Potion"],"build_version":"2020-12-22","purchased_purges":3,"victory":false,"max_hp_per_floor":[74,74,67,67,67,67,67,67,67,67,67,67,67,67,67,67,67,67,67,67,67,67,67,67,67,67,67,67,67,67,67,67,67,67,67,67,67,67,67,67,67,67,74,74,74,74,74,74,74,74,74,74,74,74,74,74],"relic_stats":{"counters":[29,174],"PreservedInsect":435,"Boot":[13],"WarpedTongs":[89],"OrangePellets":[0],"Nunchaku":[30],"Lizard Tail":37,"Bloody Idol":140,"Bird Faced Urn":[45],"VioletLotus":[37],"Art of War":[20],"obtain_stats":[{"Golden Idol":3,"PreservedInsect":26,"Odd Mushroom":7,"Boot":45,"WarpedTongs":29,"OrangePellets":54,"Nunchaku":6,"Lizard Tail":12,"Bottled Flame":42,"Matryoshka":40,"Bloody Idol":19,"Bird Faced Urn":30,"Strawberry":43,"HolyWater":34,"VioletLotus":17,"Red Mask":22,"Art of War":25,"Membership Card":47,"PureWater":0,"Toxic Egg 2":36,"Meat on the Bone":9},{"Golden Idol":2,"PreservedInsect":15,"Odd Mushroom":6,"Boot":24,"WarpedTongs":15,"OrangePellets":28,"Nunchaku":5,"Lizard Tail":8,"Bottled Flame":23,"Matryoshka":22,"Bloody Idol":11,"Bird Faced Urn":16,"Strawberry":23,"HolyWater":18,"VioletLotus":10,"Red Mask":13,"Art of War":15,"Membership Card":25,"PureWater":0,"Toxic Egg 2":19,"Meat on the Bone":6},{"Golden Idol":6,"PreservedInsect":84,"Odd Mushroom":27,"Boot":129,"WarpedTongs":84,"OrangePellets":169,"Nunchaku":24,"Lizard Tail":35,"Bottled Flame":125,"Matryoshka":118,"Bloody Idol":61,"Bird Faced Urn":88,"Strawberry":125,"HolyWater":100,"VioletLotus":52,"Red Mask":71,"Art of War":84,"Membership Card":136,"PureWater":0,"Toxic Egg 2":106,"Meat on the Bone":27}],"Meat on the Bone":168},"card_choices":[{"not_picked":["Pray","Halt"],"picked":"Conclude","floor":1.0},{"not_picked":["Halt","Consecrate"],"picked":"CrushJoints","floor":2.0},{"not_picked":["Sanctity","Weave"],"picked":"TalkToTheHand","floor":4.0},{"not_picked":["ClearTheMind","EmptyBody"],"picked":"Protect","floor":5.0},{"not_picked":["Halt","EmptyBody"],"picked":"Perseverance","floor":6.0},{"not_picked":["Halt","SignatureMove"],"picked":"EmptyFist","floor":7.0},{"not_picked":["Brilliance","PathToVictory"],"picked":"FlurryOfBlows","floor":11.0},{"not_picked":["SashWhip","SignatureMove"],"picked":"DeusExMachina","floor":12.0},{"not_picked":["FollowUp","Consecrate"],"picked":"ThirdEye","floor":13.0},{"not_picked":["Ragnarok","DevaForm"],"picked":"Establishment","floor":16.0},{"not_picked":["EmptyFist","Consecrate"],"picked":"Crescendo","floor":18.0},{"not_picked":["Indignation","FlyingSleeves","BowlingBash"],"picked":"SKIP","floor":21.0},{"not_picked":["BowlingBash","SashWhip"],"picked":"Wireheading","floor":22.0},{"not_picked":["Consecrate","WreathOfFlame"],"picked":"Sanctity+1","floor":24.0},{"not_picked":["ThirdEye","Prostrate+1"],"picked":"Scrawl","floor":25.0},{"not_picked":["Halt+1","Protect","SignatureMove"],"picked":"SKIP","floor":30.0},{"not_picked":["Protect","Evaluate"],"picked":"CutThroughFate","floor":31.0},{"not_picked":["Halt","Prostrate+1"],"picked":"ClearTheMind","floor":35.0},{"not_picked":["SashWhip","Prostrate+1","BowlingBash"],"picked":"SKIP","floor":38.0},{"not_picked":["ClearTheMind+1","Weave"],"picked":"ThirdEye+1","floor":39.0},{"not_picked":["ClearTheMind+1","WheelKick"],"picked":"ConjureBlade+1","floor":40.0},{"not_picked":["CarveReality","PathToVictory+1"],"picked":"SashWhip+1","floor":42.0},{"not_picked":["Halt+1","PathToVictory+1"],"picked":"Protect+1","floor":45.0},{"not_picked":["MentalFortress","SashWhip"],"picked":"WaveOfTheHand+1","floor":46.0},{"not_picked":["EmptyBody+1","FollowUp"],"picked":"MentalFortress","floor":48.0}],"player_experience":848494,"relics_obtained":[{"floor":6.0,"key":"Nunchaku"},{"floor":7.0,"key":"Odd Mushroom"},{"floor":9.0,"key":"Meat on the Bone"},{"floor":12.0,"key":"Lizard Tail"},{"floor":22.0,"key":"Red Mask"},{"floor":25.0,"key":"Art of War"},{"floor":26.0,"key":"PreservedInsect"},{"floor":30.0,"key":"Bird Faced Urn"},{"floor":40.0,"key":"Matryoshka"},{"floor":42.0,"key":"Bottled Flame"},{"floor":43.0,"key":"Strawberry"},{"floor":45.0,"key":"Boot"}],"event_choices":[{"damage_healed":0.0,"max_hp_gain":0.0,"max_hp_loss":7.0,"gold_gain":0.0,"event_name":"Golden Idol","player_choice":"Lose Max HP","floor":3.0,"gold_loss":0.0,"damage_taken":0.0,"relics_obtained":["Golden Idol"]},{"damage_healed":0.0,"max_hp_gain":0.0,"max_hp_loss":0.0,"gold_gain":0.0,"event_name":"Mushrooms","player_choice":"Fought Mushrooms","floor":7.0,"gold_loss":0.0,"damage_taken":0.0},{"damage_healed":0.0,"max_hp_gain":0.0,"max_hp_loss":0.0,"gold_gain":75.0,"event_name":"World of Goop","player_choice":"Gather Gold","floor":14.0,"gold_loss":0.0,"damage_taken":11.0},{"damage_healed":0.0,"max_hp_gain":0.0,"max_hp_loss":0.0,"gold_gain":0.0,"event_name":"Forgotten Altar","player_choice":"Gave Idol","floor":19.0,"relics_lost":["Golden Idol"],"gold_loss":0.0,"damage_taken":0.0,"relics_obtained":["Bloody Idol"]},{"damage_healed":0.0,"max_hp_gain":0.0,"max_hp_loss":0.0,"gold_gain":0.0,"event_name":"Masked Bandits","player_choice":"Fought Bandits","floor":22.0,"gold_loss":0.0,"damage_taken":0.0},{"damage_healed":0.0,"max_hp_gain":0.0,"max_hp_loss":0.0,"gold_gain":0.0,"cards_transformed":["Strike_P","Defend_P"],"event_name":"Drug Dealer","player_choice":"Became Test Subject","floor":27.0,"gold_loss":0.0,"damage_taken":0.0,"cards_obtained":["PathToVictory","SandsOfTime"]},{"damage_healed":0.0,"max_hp_gain":0.0,"max_hp_loss":0.0,"gold_gain":0.0,"event_name":"Accursed Blacksmith","player_choice":"Rummage","floor":29.0,"gold_loss":0.0,"damage_taken":0.0,"relics_obtained":["WarpedTongs"],"cards_obtained":["Pain"]},{"damage_healed":0.0,"max_hp_gain":0.0,"max_hp_loss":0.0,"gold_gain":50.0,"event_name":"Golden Shrine","player_choice":"Pray","floor":37.0,"gold_loss":0.0,"damage_taken":0.0}],"is_beta":false,"boss_relics":[{"not_picked":["SacredBark","Busted Crown"],"picked":"VioletLotus"},{"not_picked":["Black Star","Philosopher\u0027s Stone"],"picked":"HolyWater"}],"items_purged_floors":[20,36,47],"is_endless":false,"potions_floor_spawned":[1,4,6,12,16,21,25,30,33,35,39,46,48],"killed_by":"Shield and Spear","ascension_level":20}}