{"host":"s41rn2jhghpwfrvz","time":1610917245,"event":{"mods":["BaseMod","Minty Spire (QoL Compilation)","Quick Restart","Relic Stats","SuperFastMode"],"gold_per_floor":[114,114,126,142,155,155,167,167,167,186,206,240,22,37,37,114,114,124,137,137,154,154,186,236,249,249,277,294,323,323,352,352,426,426,445,445,445,456,456,484,484,519,519,546,563,488,502,502,502,502,502,502,502,189,221,221],"floor_reached":57,"language":"ENG","playtime":1279,"items_purged":["Inflame","Decay","Parasite"],"score":3448,"play_id":"9378716d-70e4-429f-b8c6-0f846c22b07e","local_time":"20210117230045","daily_mods":["SealedDeck","Vintage","Diverse"],"is_ascension_mode":true,"campfire_choices":[{"data":"Flex","floor":6,"key":"SMITH"},{"data":"Whirlwind","floor":8,"key":"SMITH"},{"data":"Prostrate","floor":15,"key":"SMITH"},{"data":"Turbo","floor":30,"key":"SMITH"},{"data":"Acrobatics","floor":32,"key":"SMITH"},{"floor":49,"key":"RECALL"},{"floor":53,"key":"DIG"}],"circlet_count":0,"master_deck":["AscendersBane","Deflect","Acrobatics","Blade Dance","Flex+1","Turbo+1","Well Laid Plans","Beam Cell+1","Whirlwind+1","Prostrate+1","Pommel Strike+1","Acrobatics+1","Backflip+1"],"relics":["Burning Blood","Bottled Lightning","Molten Egg 2","Singing Bowl","Prayer Wheel","Sundial","Champion Belt","Frozen Egg 2","Smiling Mask","Anchor","Kunai","Medical Kit","Shovel","Busted Crown","Matryoshka","Eternal Feather","Ice Cream","MutagenicStrength","Dream Catcher","Oddly Smooth Stone","Whetstone","Lizard Tail","Regal Pillow","Question Card","Toy Ornithopter","HornCleat","Calling Bell","Juzu Bracelet","Letter Opener","Torii","Centennial Puzzle","Red Skull","Pantograph","Pocketwatch","Nunchaku","Toxic Egg 2","PreservedInsect","Omamori","Mercury Hourglass","Shuriken","Bag of Marbles"],"acts_visited":["Exordium","TheCity","TheBeyond","TheEnding"],"potions_floor_usage":[56,56],"damage_taken":[{"damage":11,"enemies":"2 Louse","floor":1,"turns":2},{"damage":0,"enemies":"Cultist","floor":3,"turns":2},{"damage":4,"enemies":"Jaw Worm","floor":4,"turns":3},{"damage":4,"enemies":"3 Louse","floor":5,"turns":2},{"damage":18,"enemies":"Exordium Thugs","floor":7,"turns":2},{"damage":5,"enemies":"2 Fungi Beasts","floor":10,"turns":2},{"damage":0,"enemies":"Large Slime","floor":11,"turns":3},{"damage":0,"enemies":"Lagavulin","floor":12,"turns":3},{"damage":0,"enemies":"Exordium Thugs","floor":14,"turns":2},{"damage":6,"enemies":"Slime Boss","floor":16,"turns":5},{"damage":0,"enemies":"Spheric Guardian","floor":18,"turns":1},{"damage":0,"enemies":"Shell Parasite","floor":19,"turns":2},{"damage":0,"enemies":"Snecko","floor":21,"turns":2},{"damage":0,"enemies":"Book of Stabbing","floor":23,"turns":2},{"damage":0,"enemies":"Centurion and Healer","floor":25,"turns":2},{"damage":7,"enemies":"Slavers","floor":27,"turns":3},{"damage":0,"enemies":"Snake Plant","floor":28,"turns":1},{"damage":0,"enemies":"Gremlin Leader","floor":29,"turns":2},{"damage":0,"enemies":"Book of Stabbing","floor":31,"turns":2},{"damage":0,"enemies":"Collector","floor":33,"turns":3},{"damage":0,"enemies":"3 Darklings","floor":35,"turns":2},{"damage":13,"enemies":"3 Shapes","floor":38,"turns":3},{"damage":0,"enemies":"Giant Head","floor":40,"turns":3},{"damage":0,"enemies":"Nemesis","floor":42,"turns":3},{"damage":0,"enemies":"Reptomancer","floor":44,"turns":3},{"damage":0,"enemies":"Jaw Worm Horde","floor":45,"turns":1},{"damage":0,"enemies":"Writhing Mass","floor":47,"turns":3},{"damage":1,"enemies":"Awakened One","floor":50,"turns":5},{"damage":16,"enemies":"Time Eater","floor":51,"turns":5},{"damage":0,"enemies":"Shield and Spear","floor":55,"turns":1},{"damage":22,"enemies":"The Heart","floor":56,"turns":6}],"seed_played":"-8631229170887138097","potions_obtained":[{"floor":5,"key":"Dexterity Potion"},{"floor":7,"key":"Ancient Potion"},{"floor":38,"key":"PowerPotion"}],"is_trial":true,"path_per_floor":["M","?","M","M","M","R","M","R","T","M","M","E","$","M","R","B",null,"M","M","?","M","?","E","?","M","T","E","M","E","R","E","R","B",null,"M","?","$","M","?","E","?","E","T","E","M","$","M","?","R","B","B",null,"R","$","E","B",null],"character_chosen":"IRONCLAD","items_purchased":["Medical Kit","Backflip+1","Shuriken"],"campfire_rested":0,"item_purchase_floors":[13,46,54],"current_hp_per_floor":[63,63,69,71,73,73,61,61,61,62,68,74,74,75,75,77,77,77,77,77,77,77,79,79,79,79,80,81,83,83,83,83,85,85,85,85,85,78,78,83,83,85,85,87,87,87,87,83,89,93,83,91,93,90,92,76],"gold":221,"neow_bonus":"","is_daily":false,"chose_seed":false,"campfire_upgraded":5,"win_rate":0.0,"timestamp":1610917245,"path_taken":["M","?","M","?","M","R","M","R","T","M","M","E","$","M","R","BOSS","M","M","?","M","?","E","?","?","T","E","M","E","R","E","R","BOSS","M","?","$","M","?","E","?","E","T","E","M","$","M","?","R","BOSS","BOSS","R","$","E","BOSS"],"items_purchased_type":["Relic","Card","Relic"],"build_version":"2020-12-22","purchased_purges":3,"victory":true,"max_hp_per_floor":[75,75,75,75,75,75,75,75,75,75,75,75,75,75,75,77,77,77,77,77,77,77,79,79,79,79,81,81,83,83,83,83,85,85,85,85,85,85,81,83,83,85,85,87,87,87,87,93,93,93,93,93,93,90,92,92],"relic_stats":{"Regal Pillow":0,"Singing Bowl":24,"Torii":13,"Juzu Bracelet":1,"Whetstone":["Beam Cell"],"Smiling Mask":150,"Burning Blood":84,"Dream Catcher":0,"Lizard Tail":0,"Centennial Puzzle":[12],"Nunchaku":[11],"Shovel":1,"Sundial":[76],"Pantograph":4,"Prayer Wheel":0,"Kunai":[68],"counters":[31,81],"Eternal Feather":8,"PreservedInsect":77,"Letter Opener":[319],"Medical Kit":[13],"Question Card":11,"Mercury Hourglass":[24],"Busted Crown":26,"Shuriken":[14],"Champion Belt":[68],"obtain_stats":[{"Ice Cream":21,"Regal Pillow":27,"Singing Bowl":3,"Torii":34,"Juzu Bracelet":34,"Whetstone":26,"Smiling Mask":10,"Burning Blood":0,"Dream Catcher":23,"Lizard Tail":26,"Centennial Puzzle":35,"Nunchaku":43,"Shovel":14,"Matryoshka":18,"HornCleat":31,"Sundial":5,"Pantograph":40,"Prayer Wheel":4,"Kunai":12,"Toxic Egg 2":44,"Red Skull":38,"Oddly Smooth Stone":25,"Eternal Feather":19,"PreservedInsect":45,"Omamori":47,"Letter Opener":34,"Frozen Egg 2":9,"Medical Kit":13,"Question Card":28,"Mercury Hourglass":53,"Calling Bell":34,"Anchor":11,"Busted Crown":17,"Shuriken":54,"MutagenicStrength":22,"Molten Egg 2":2,"Bag of Marbles":55,"Bottled Lightning":1,"Champion Belt":7,"Toy Ornithopter":29,"Pocketwatch":42},{"Ice Cream":13,"Regal Pillow":16,"Singing Bowl":2,"Torii":20,"Juzu Bracelet":20,"Whetstone":15,"Smiling Mask":6,"Burning Blood":0,"Dream Catcher":14,"Lizard Tail":15,"Centennial Puzzle":21,"Nunchaku":24,"Shovel":9,"Matryoshka":11,"HornCleat":19,"Sundial":4,"Pantograph":23,"Prayer Wheel":3,"Kunai":8,"Toxic Egg 2":25,"Red Skull":22,"Oddly Smooth Stone":15,"Eternal Feather":12,"PreservedInsect":26,"Omamori":27,"Letter Opener":20,"Frozen Egg 2":5,"Medical Kit":8,"Question Card":17,"Mercury Hourglass":29,"Calling Bell":20,"Anchor":7,"Busted Crown":10,"Shuriken":29,"MutagenicStrength":13,"Molten Egg 2":1,"Bag of Marbles":30,"Bottled Lightning":1,"Champion Belt":5,"Toy Ornithopter":18,"Pocketwatch":24},{"Ice Cream":31,"Regal Pillow":38,"Singing Bowl":4,"Torii":46,"Juzu Bracelet":46,"Whetstone":35,"Smiling Mask":13,"Burning Blood":0,"Dream Catcher":33,"Lizard Tail":35,"Centennial Puzzle":48,"Nunchaku":57,"Shovel":21,"Matryoshka":27,"HornCleat":43,"Sundial":9,"Pantograph":54,"Prayer Wheel":7,"Kunai":19,"Toxic Egg 2":60,"Red Skull":51,"Oddly Smooth Stone":35,"Eternal Feather":29,"PreservedInsect":61,"Omamori":64,"Letter Opener":46,"Frozen Egg 2":11,"Medical Kit":19,"Question Card":39,"Mercury Hourglass":74,"Calling Bell":46,"Anchor":16,"Busted Crown":26,"Shuriken":74,"MutagenicStrength":31,"Molten Egg 2":2,"Bag of Marbles":75,"Bottled Lightning":2,"Champion Belt":11,"Toy Ornithopter":41,"Pocketwatch":57}],"Toy Ornithopter":0,"Pocketwatch":[5]},"card_choices":[{"not_picked":["Cold Snap+1","Gash+1"],"picked":"Pommel Strike+1","floor":12},{"not_picked":["SpiritShield","Omniscience","Corruption+1"],"picked":"Singing Bowl","floor":16},{"not_picked":["Pray"],"picked":"Singing Bowl","floor":23},{"not_picked":["Sweeping Beam+1"],"picked":"Singing Bowl","floor":27},{"not_picked":["Iron Wave+1","Predator+1"],"picked":"Singing Bowl","floor":29},{"not_picked":["Second Wind"],"picked":"Acrobatics","floor":31},{"not_picked":["Phantasmal Killer","Malaise"],"picked":"Singing Bowl","floor":33},{"not_picked":["Perfected Strike+1","Burst"],"picked":"Singing Bowl","floor":40},{"not_picked":["Body Slam+1","Warcry"],"picked":"Singing Bowl","floor":42},{"not_picked":["JustLucky+1","FlyingSleeves+1"],"picked":"Singing Bowl","floor":44},{"not_picked":["Mind Blast+1","Finesse+1"],"picked":"Singing Bowl","floor":48},{"not_picked":["Bandage Up+1","Enlightenment+1"],"picked":"Singing Bowl","floor":48},{"not_picked":["Mind Blast+1","Purity+1"],"picked":"Singing Bowl","floor":48},{"not_picked":["All For One+1","Clash+1"],"picked":"Singing Bowl","floor":55}],"player_experience":1775422,"relics_obtained":[{"floor":1,"key":"Bottled Lightning"},{"floor":2,"key":"Molten Egg 2"},{"floor":3,"key":"Singing Bowl"},{"floor":4,"key":"Prayer Wheel"},{"floor":5,"key":"Sundial"},{"floor":7,"key":"Champion Belt"},{"floor":9,"key":"Frozen Egg 2"},{"floor":10,"key":"Smiling Mask"},{"floor":11,"key":"Anchor"},{"floor":12,"key":"Kunai"},{"floor":14,"key":"Shovel"},{"floor":18,"key":"Matryoshka"},{"floor":19,"key":"Eternal Feather"},{"floor":21,"key":"Ice Cream"},{"floor":23,"key":"Dream Catcher"},{"floor":25,"key":"Oddly Smooth Stone"},{"floor":26,"key":"Whetstone"},{"floor":26,"key":"Lizard Tail"},{"floor":27,"key":"Regal Pillow"},{"floor":28,"key":"Question Card"},{"floor":29,"key":"Toy Ornithopter"},{"floor":31,"key":"HornCleat"},{"floor":34,"key":"Juzu Bracelet"},{"floor":34,"key":"Letter Opener"},{"floor":34,"key":"Torii"},{"floor":35,"key":"Centennial Puzzle"},{"floor":38,"key":"Red Skull"},{"floor":40,"key":"Pantograph"},{"floor":42,"key":"Pocketwatch"},{"floor":43,"key":"Nunchaku"},{"floor":44,"key":"Toxic Egg 2"},{"floor":45,"key":"PreservedInsect"},{"floor":47,"key":"Omamori"},{"floor":53,"key":"Mercury Hourglass"},{"floor":55,"key":"Bag of Marbles"}],"event_choices":[{"damage_healed":0,"gold_gain":0,"player_choice":"Relic","damage_taken":0,"max_hp_gain":0,"max_hp_loss":0,"event_name":"Wheel of Change","floor":2,"gold_loss":0},{"damage_healed":0,"gold_gain":0,"player_choice":"Ignored","damage_taken":0,"max_hp_gain":0,"max_hp_loss":0,"event_name":"Vampires","floor":20,"gold_loss":0},{"damage_healed":0,"gold_gain":0,"player_choice":"Inject Mutagens","damage_taken":0,"relics_obtained":["MutagenicStrength"],"max_hp_gain":0,"max_hp_loss":0,"event_name":"Drug Dealer","floor":22,"gold_loss":0},{"damage_healed":0,"gold_gain":50,"player_choice":"Stole From Cult","damage_taken":0,"max_hp_gain":0,"max_hp_loss":0,"event_name":"Nest","floor":24,"gold_loss":0},{"damage_healed":0,"gold_gain":0,"player_choice":"Ignored","damage_taken":0,"max_hp_gain":0,"max_hp_loss":0,"event_name":"Tomb of Lord Red Mask","floor":36,"gold_loss":0},{"damage_healed":0,"gold_gain":0,"player_choice":"Max HP","damage_taken":0,"max_hp_gain":0,"max_hp_loss":4,"event_name":"Winding Halls","floor":39,"gold_loss":0},{"damage_healed":0,"gold_gain":0,"player_choice":"Cursed","damage_taken":0,"max_hp_gain":0,"max_hp_loss":0,"event_name":"Wheel of Change","floor":41,"gold_loss":0,"cards_obtained":["Decay"]},{"damage_healed":0,"gold_gain":0,"player_choice":"Memory 3","damage_taken":10,"max_hp_gain":0,"max_hp_loss":0,"event_name":"SensoryStone","floor":48,"gold_loss":0}],"is_beta":false,"boss_relics":[{"not_picked":["Cursed Key","Fusion Hammer"],"picked":"Busted Crown"},{"not_picked":["Velvet Choker","Black Blood"],"picked":"Calling Bell"}],"items_purged_floors":[13,46,54],"is_endless":false,"potions_floor_spawned":[5,7,11,16,18,21,27,28,29,33,38,47],"ascension_level":20}}