{"host":"0zwwzr7xjr1wfyy3","time":1610925191,"event":{"mods":["BaseMod","Downfall","Hermit","Marisa????????","Minty Spire (QoL Compilation)","StSLib","The Cursed","The Servant 0.9.4","Waifu the Spire"],"gold_per_floor":[109,109,109,122,142,142,161,161,161,176,34,49,68,80,80,177,177,189,4,4,4,19,19,36,36,89,89,36,36,47,74,74,169,169,179,194,8,23,39,39,39],"floor_reached":40,"language":"ENG","playtime":5179,"items_purged":[],"score":407,"play_id":"95bc3c28-7f57-4e0e-ade3-31a1a420c63c","local_time":"20210117151311","is_ascension_mode":false,"campfire_choices":[{"data":"KidneyShot","floor":6.0,"key":"SMITH"},{"floor":8.0,"key":"REST"},{"data":"Luminosity","floor":15.0,"key":"SMITH"},{"floor":23.0,"key":"REST"},{"data":"SurpressingFire","floor":25.0,"key":"SMITH"},{"data":"RitualDagger","floor":27.0,"key":"SMITH"},{"floor":32,"key":"REST"}],"circlet_count":0,"master_deck":["Strike_S","Strike_S","Strike_S","Strike_S","Defend_S","Defend_S","Defend_S","Defend_S","KidneyShot+1","Exchange+1","SurpressingFire+1","Luminosity+1","ShatteredReality","Moonlight","BottledTime","FanOfKnives","Starlight","Defy","Alleviate","TimeWarp","Potential","FloweringNight","Rearm+1","ShatteredReality","TheWorld","RitualDagger+1","Rearm","Ricochet+1","FastForward","Potential","Deny","Reset+1","Replace","Thinking Ahead","Replace","Parasite","Contraction"],"relics":["SplendidAttire","Gremlin Horn","Letter Opener","Bag of Marbles","Potion Belt","StoneMask"],"acts_visited":["Exordium","TheCity","TheBeyond"],"potions_floor_usage":[],"damage_taken":[{"damage":0.0,"enemies":"Cultist","floor":1.0,"turns":5.0},{"damage":8.0,"enemies":"Small Slimes","floor":4.0,"turns":5.0},{"damage":1.0,"enemies":"Jaw Worm","floor":5.0,"turns":6.0},{"damage":8.0,"enemies":"Red Slaver","floor":7.0,"turns":6.0},{"damage":0.0,"enemies":"Lots of Slimes","floor":10.0,"turns":2.0},{"damage":0.0,"enemies":"Looter","floor":12.0,"turns":3.0},{"damage":1.0,"enemies":"2 Fungi Beasts","floor":13.0,"turns":3.0},{"damage":0.0,"enemies":"Red Slaver","floor":14.0,"turns":4.0},{"damage":61.0,"enemies":"Hexaghost","floor":16.0,"turns":16.0},{"damage":2.0,"enemies":"Chosen","floor":18.0,"turns":4.0},{"damage":19.0,"enemies":"2 Thieves","floor":22.0,"turns":4.0},{"damage":5.0,"enemies":"3 Cultists","floor":24.0,"turns":4.0},{"damage":22.0,"enemies":"Centurion and Healer","floor":30.0,"turns":4.0},{"damage":23,"enemies":"Collector","floor":33,"turns":9},{"damage":27,"enemies":"3 Shapes","floor":35,"turns":4},{"damage":0,"enemies":"Orb Walker","floor":36,"turns":2},{"damage":7,"enemies":"3 Darklings","floor":38,"turns":3},{"damage":23,"enemies":"Writhing Mass","floor":39,"turns":8},{"damage":35,"enemies":"Nemesis","floor":40,"turns":4}],"seed_played":"5177105123855184236","potions_obtained":[{"floor":1.0,"key":"SneckoOil"},{"floor":10.0,"key":"SkillPotion"},{"floor":22.0,"key":"Strength Potion"},{"floor":33,"key":"Ancient Potion"},{"floor":36,"key":"AttackPotion"},{"floor":39,"key":"FearPotion"}],"is_trial":false,"path_per_floor":["M","?","?","M","M","R","M","R","T","M","$","M","M","M","R","B",null,"M","$","?","?","M","R","M","R","T","R","$","?","M","T","R","B",null,"M","M","$","M","M","E"],"character_chosen":"THE_SERVANT","items_purchased":["FanOfKnives","Starlight","Defy","ShatteredReality","TheWorld","FastForward","Thinking Ahead"],"campfire_rested":3,"item_purchase_floors":[11,11,11,19,19,28,37],"current_hp_per_floor":[71,71,59,51,50,50,42,63,63,63,63,63,62,62,62,1,71,69,69,63,63,44,65,60,60,60,60,60,60,38,38,59,36,71,51,54,54,50,30,0,0],"gold":39,"neow_bonus":"TEN_PERCENT_HP_BONUS","is_daily":false,"chose_seed":false,"campfire_upgraded":4,"win_rate":0.0,"timestamp":1610925191,"path_taken":["M","?","?","M","M","R","M","R","T","?","?","?","M","M","R","BOSS","M","$","?","?","M","R","M","R","T","R","$","?","?","?","R","BOSS","M","M","$","M","?","E"],"items_purchased_type":["Card","Card","Card","Card","Card","Card","Card"],"build_version":"2020-12-22","purchased_purges":0,"victory":false,"max_hp_per_floor":[71,71,71,71,71,71,71,71,71,71,71,71,71,71,71,71,71,71,71,71,71,71,71,71,71,71,71,71,71,71,71,71,71,71,74,75,75,76,77,77,77],"card_choices":[{"not_picked":["Rearm","DoubleEdge"],"picked":"SurpressingFire","floor":1.0},{"not_picked":["Unruled","Rewind"],"picked":"Luminosity","floor":4.0},{"not_picked":["Defy","Replace"],"picked":"ShatteredReality","floor":5.0},{"not_picked":["Luminosity","Defy"],"picked":"Moonlight","floor":7.0},{"not_picked":["Potential","Unruled"],"picked":"BottledTime","floor":10.0},{"not_picked":["ShatteredReality","KillingDoll"],"picked":"Alleviate","floor":12.0},{"not_picked":["FastForward","BestPractice"],"picked":"TimeWarp","floor":13.0},{"not_picked":["Starlight","Read"],"picked":"Potential","floor":14.0},{"not_picked":["Dilation","Solidify"],"picked":"FloweringNight","floor":16.0},{"not_picked":["BottledTime","Revamp"],"picked":"Rearm+1","floor":18.0},{"not_picked":["Starlight+1","ShatteredReality"],"picked":"Rearm","floor":22.0},{"not_picked":["Desolation+1","Reset+1"],"picked":"Ricochet+1","floor":24.0},{"not_picked":["Spin","Rearm"],"picked":"Potential","floor":30.0},{"not_picked":["Solidify","FloweringNight"],"picked":"Deny","floor":33},{"not_picked":["Revamp","Replace+1"],"picked":"Reset+1","floor":35},{"not_picked":["Rearm","Unruled"],"picked":"Replace","floor":36},{"not_picked":["Moonlight","Spin"],"picked":"Replace","floor":38},{"not_picked":["GearUp","Replace+1"],"picked":"Contraction","floor":39}],"player_experience":13087,"relics_obtained":[{"floor":9.0,"key":"Letter Opener"},{"floor":26.0,"key":"Bag of Marbles"},{"floor":31.0,"key":"Potion Belt"}],"event_choices":[{"damage_healed":0.0,"max_hp_gain":0.0,"max_hp_loss":0.0,"gold_gain":0.0,"event_name":"Golden Wing","player_choice":"Ignored","floor":2.0,"gold_loss":0.0,"damage_taken":0.0},{"damage_healed":0.0,"max_hp_gain":0.0,"max_hp_loss":0.0,"gold_gain":0.0,"event_name":"Scrap Ooze","player_choice":"Success","floor":3.0,"gold_loss":0.0,"damage_taken":12.0,"relics_obtained":["Gremlin Horn"]},{"damage_healed":0.0,"max_hp_gain":0.0,"max_hp_loss":0.0,"gold_gain":0.0,"event_name":"Nest","player_choice":"Joined the Cult","floor":20.0,"gold_loss":0.0,"damage_taken":6.0,"cards_obtained":["RitualDagger"]},{"damage_healed":0.0,"max_hp_gain":0.0,"max_hp_loss":0.0,"gold_gain":0.0,"event_name":"Vampires","player_choice":"Ignored","floor":21.0,"gold_loss":0.0,"damage_taken":0.0},{"damage_healed":0.0,"max_hp_gain":0.0,"max_hp_loss":0.0,"gold_gain":0.0,"event_name":"Accursed Blacksmith","player_choice":"Forge","floor":29.0,"gold_loss":0.0,"damage_taken":0.0,"cards_upgraded":["Exchange"]}],"is_beta":false,"boss_relics":[{"not_picked":["Snecko Eye","Empty Cage"],"picked":"SplendidAttire"},{"not_picked":["Sozu","Calling Bell"],"picked":"StoneMask"}],"items_purged_floors":[],"is_endless":false,"potions_floor_spawned":[1,10,22,33,36,39],"killed_by":"Nemesis","ascension_level":0}}