{"host":"4c7oxphrh4ok8x7u","time":1610896074,"event":{"mods":["100% Spire Juice","2.2 Compatiblity","Act Like it!","Arknights The Spire","Aspiration","BaseMod","Better Skull","Better Vampires","BetterRewards","Challenge The Spire","Conjunction","Conspire","Custom Start","Dota2Spire","Ekko","Evolution","Fiend Mod","Friendly Minions","FruityMod","GifTheSpireLib","Good Game Mod","Halation","Hermit","HololiveMod","Hubris","Hyrulean Relics","Jedi Mod","Jess\u0027s Bottle","Kratos Character Expansion","Minty Spire (QoL Compilation)","MostiFishMod","Permanent Neow","Poor People Problems","Prisma Mod","Quarter Circle Forward PUNCH!","RatMod","Replay The Spire","Robot Space Explorer","SCP261 Mod","Shade Mod","Slay the Relics Exporter","Small Relic Pack","Spicy Shops","Spikes Relics","Spires And Sneckos","StS++","StSLib","Stuff the Spire","The Animator","The Blue Laboratory","The Death Knight","The Edgeheg","The Exalted","The Fake Hero","The Trickster","TheVacant","TheWitcher","Wandering Minibosses","WarShipGirlsR/????R mod","[GremlinLeader]The Maniac"],"gold_per_floor":[119,119,134,152,204,204,235,235,258,278,298,310,310,72,72,72,72],"floor_reached":16,"language":"RUS","playtime":696,"items_purged":[],"score":102,"play_id":"4a86a6f9-5657-486c-a48b-82115d7a6b54","local_time":"20210117180754","is_ascension_mode":false,"campfire_choices":[{"data":"SnafuTest:PowerProbingFeint","floor":6,"key":"SMITH"},{"data":"Fiend:FiendRam","floor":8,"key":"SMITH"},{"floor":15,"key":"RECALL"}],"circlet_count":0,"master_deck":["maniac:Strike","maniac:Strike","maniac:Strike+1","maniac:Strike","maniac:Strike+1","maniac:Defend","maniac:Defend","maniac:Defend+1","maniac:Defend+1","maniac:BurnBlood","maniac:AbyssShackle","StSpp:Saturation","DeathKnight:Contagion+1","DiskWipe","SnafuTest:PowerProbingFeint+1","Fiend:FiendRam+1","StuffTheSpire:Injection","PathToVictory","Reprogram","StuffTheSpire:Perfection","conspire:Banana"],"relics":["maniac:DamagedAnvil","maniac:BrokenHorn","EVO:Axolotl","DaveBox","REME:ComplimentaryCards","PrismaticShard","Replay:Baseball","SynthV:TestCard","Dota2Spire:EtherealBlade","BrkXgEgg"],"acts_visited":["Exordium"],"potions_floor_usage":[10,16],"damage_taken":[{"damage":10,"enemies":"Small Slimes","floor":1,"turns":3},{"damage":6,"enemies":"Jaw Worm","floor":3,"turns":3},{"damage":0,"enemies":"2 Louse","floor":4,"turns":2},{"damage":22,"enemies":"Replay:BlueRogue","floor":7,"turns":7},{"damage":7,"enemies":"2 Fungi Beasts","floor":10,"turns":6},{"damage":0,"enemies":"Large Slime","floor":11,"turns":5},{"damage":7,"enemies":"Gremlin Gang","floor":12,"turns":4},{"damage":16,"enemies":"Slime Boss","floor":16,"turns":7}],"seed_played":"-9004120611070898696","potions_obtained":[{"floor":1,"key":"SpiresAndSneckos:LightningMarble"},{"floor":4,"key":"SCP261:DewritoBlazePotion"},{"floor":10,"key":"blueLaboratory:LouseDecoction"}],"is_trial":false,"path_per_floor":["M","?","M","M","T","R","E","R","T","M","M","M","?","$","R","B"],"character_chosen":"THE_MANIAC","items_purchased":["conspire:Banana","BrkXgEgg"],"campfire_rested":0,"item_purchase_floors":[14,14],"current_hp_per_floor":[70,54,48,48,48,48,26,26,26,19,19,12,12,12,12,0,0],"gold":72,"neow_bonus":"RANDOM_COMMON_RELIC","is_daily":false,"chose_seed":false,"campfire_upgraded":2,"win_rate":0.0,"timestamp":1610896074,"path_taken":["M","?","M","M","?","R","E","R","T","?","M","M","?","$","R","BOSS"],"items_purchased_type":["Card","Relic"],"build_version":"2020-12-22","purchased_purges":0,"victory":false,"max_hp_per_floor":[80,80,80,80,80,80,80,80,80,80,80,80,80,80,80,82,82],"card_choices":[{"not_picked":["PrismaMod:MiyuCheapAttack1","PrismaMod:IllyaCheapChannelDefend"],"picked":"DeathKnight:Contagion","floor":1},{"not_picked":["ekkoTheBoyWhoShatteredTime:IceBreak","theEdgeheg:GirlWithGun","KratosMod:BladeWhip","Evaluate"],"picked":"DiskWipe","floor":3},{"not_picked":["ReplayTheSpireMod:Dual Polarity","Thunderclap","theEdgeheg:PlayRandomCard","ReplayReversal"],"picked":"SnafuTest:PowerProbingFeint","floor":4},{"not_picked":["Shade:SpectralStrikes","hubris:Sniper","maniac:LootBarrage","luka_mod:DemonSkullBeheading"],"picked":"Fiend:FiendRam","floor":7},{"not_picked":["PrismaMod:IllyaRussianRoulette","maniac:PanickyParry","maniac:SpectralKnives","rmod:goodfighter"],"picked":"StuffTheSpire:Injection","floor":10},{"not_picked":["Tantrum","animator:Mitsurugi","Shade:GoDigging","animator:Azekura"],"picked":"PathToVictory","floor":11},{"not_picked":["StSpp:BladeOfBlood","Shade:Awaken","ats:Overload","Corona"],"picked":"Reprogram","floor":12},{"not_picked":["StuffTheSpire:Innocence","StuffTheSpire:Rapture"],"picked":"StuffTheSpire:Perfection","floor":13}],"player_experience":709839,"relics_obtained":[{"floor":1,"key":"SynthV:TestCard"},{"floor":7,"key":"Dota2Spire:EtherealBlade"},{"floor":9,"key":"StSpp:BrokenTotem"}],"event_choices":[{"damage_healed":0,"gold_gain":0,"player_choice":"Entered Light","damage_taken":16,"max_hp_gain":0,"max_hp_loss":0,"event_name":"Shining Light","floor":2,"gold_loss":0,"cards_upgraded":["maniac:Defend","DeathKnight:Contagion"]}],"is_beta":false,"boss_relics":[],"items_purged_floors":[],"is_endless":false,"potions_floor_spawned":[1,4,10,11],"killed_by":"Slime Boss","ascension_level":0}}