{"host":"43eszqhj3e37fphl","time":1610876159,"event":{"mods":["100% Spire Juice","Act Like it!","BaseMod","Colored Map","Colored Powertips","Downfall","GungeonMod","Hallownest","Hermit","Marisa????????","Minty Spire (QoL Compilation)","READ ME - Guardian Mod","Rare Cards Sparkle","StSLib","The Animator","The Bug Knight","The Forsaken","The Jungle","The Necromancer","The Poker Player"],"gold_per_floor":[99,118,128,145,595,622,622,722,737,750,750,769,134,134,176,176,176,176],"floor_reached":16,"language":"ENG","playtime":990,"items_purged":["downfall:Icky"],"score":104,"play_id":"46ceb04e-d2f1-4c9d-b7e2-0f887587221b","local_time":"20210117103559","is_ascension_mode":false,"campfire_choices":[{"floor":1,"key":"RECALL"}],"circlet_count":0,"master_deck":["hexamod:Strike","hexamod:Strike","hexamod:Strike","hexamod:Strike","hexamod:Defend","hexamod:Defend","hexamod:Defend","hexamod:Defend","hexamod:Sear","hexamod:Float","hexamod:BacktrackSmack","hexamod:AdvancingGuard","hexamod:NightmareGuise","downfall:Icky","downfall:Icky","hexamod:PhantomFireball","hexamod:RainOfEmbers","hexamod:FirstSeal","hexamod:EtherealExpedition","hexamod:ShieldOfDarkness","hexamod:SecondSeal","hexamod:AdvancingGuard+1"],"relics":["hexamod:SpiritBrand","Matryoshka","Centennial Puzzle","Toolbox","Toxic Egg 2","DemoMod:GnawedKey","downfall:ShatteredFragment"],"acts_visited":["Exordium"],"potions_floor_usage":[10,16,16,16],"damage_taken":[{"damage":0,"enemies":"Cultist","floor":2,"turns":4},{"damage":2,"enemies":"2 Louse","floor":3,"turns":3},{"damage":0,"enemies":"Jaw Worm","floor":4,"turns":3},{"damage":36,"enemies":"Lagavulin","floor":6,"turns":10},{"damage":2,"enemies":"Blue Slaver","floor":9,"turns":4},{"damage":13,"enemies":"Large Slime","floor":10,"turns":5},{"damage":3,"enemies":"Red Slaver","floor":12,"turns":3},{"damage":0,"enemies":"downfall:FleeingMerchant","floor":13,"turns":4},{"damage":11,"enemies":"3 Louse","floor":15,"turns":5},{"damage":32,"enemies":"SI_SHIV_ARCHETYPE","floor":16,"turns":7}],"seed_played":"5253456413518856215","potions_obtained":[{"floor":3,"key":"champ:CounterPotion"},{"floor":9,"key":"BlessingOfTheForge"},{"floor":10,"key":"champ:CounterPotion"},{"floor":15,"key":"Strength Potion"}],"is_trial":false,"path_per_floor":["R","M","M","M","?","E","T","?","M","M","?","M","$","?","M","B"],"character_chosen":"THE_SPIRIT","items_purchased":["Toolbox","hexamod:SecondSeal","Toxic Egg 2","DemoMod:GnawedKey"],"campfire_rested":0,"item_purchase_floors":[13,13,13,13],"current_hp_per_floor":[77,77,75,75,75,39,39,39,37,24,49,53,53,32,28,0,0,0],"gold":176,"neow_bonus":"TEN_PERCENT_HP_BONUS","is_daily":false,"chose_seed":false,"campfire_upgraded":0,"win_rate":0.0,"timestamp":1610876159,"path_taken":["R","M","?","M","?","E","T","?","M","?","?","M","$","?","M","BOSS"],"items_purchased_type":["Relic","Card","Relic","Relic"],"build_version":"2020-12-22","purchased_purges":1,"victory":false,"max_hp_per_floor":[77,77,77,77,77,77,77,77,77,77,77,77,77,77,77,77,77,77],"card_choices":[{"not_picked":["hexamod:SwordOfDarkness","hexamod:AdvancingGuard"],"picked":"hexamod:BacktrackSmack","floor":2},{"not_picked":["hexamod:Hexaguard","hexamod:Rewind"],"picked":"hexamod:AdvancingGuard","floor":3},{"not_picked":["hexamod:FirstSeal","hexamod:RetreatToShadows"],"picked":"hexamod:NightmareGuise","floor":4},{"not_picked":["hexamod:BacktrackSmack","hexamod:HeatMetal"],"picked":"hexamod:PhantomFireball","floor":6},{"not_picked":["hexamod:CatchUp","hexamod:BacktrackSmack"],"picked":"hexamod:RainOfEmbers","floor":9},{"not_picked":["hexamod:HexaLevel","hexamod:RadiantFlame"],"picked":"hexamod:FirstSeal","floor":10},{"not_picked":["hexamod:GhostLash","hexamod:GhostShield"],"picked":"hexamod:EtherealExpedition","floor":12},{"not_picked":["hexamod:RetreatToShadows","hexamod:GhostOfSpireFuture"],"picked":"hexamod:ShieldOfDarkness","floor":13},{"not_picked":["hexamod:GhostOfSpireFuture","hexamod:StepThrough"],"picked":"hexamod:AdvancingGuard+1","floor":15}],"player_experience":28014,"relics_obtained":[{"floor":6,"key":"Matryoshka"},{"floor":7,"key":"Centennial Puzzle"}],"event_choices":[{"damage_healed":25,"gold_gain":0,"player_choice":"Banana","damage_taken":0,"max_hp_gain":0,"max_hp_loss":0,"event_name":"Big Fish","floor":11,"gold_loss":0}],"is_beta":false,"boss_relics":[],"items_purged_floors":[13],"is_endless":false,"potions_floor_spawned":[3,9,10,15],"killed_by":"SI_SHIV_ARCHETYPE","ascension_level":0}}