{"host":"kgfs5ebhusfk1t4t","time":1610911016,"event":{"mods":["BaseMod","Colored Map","DeckTracker","Highlight Path","KOR Keyword Fix","Keyboard Shortcuts","Minty Spire (QoL Compilation)","Permanent Neow","Quick Restart","StSLib","SuperFastMode","everything is the same but u backflip on backflip"],"gold_per_floor":[118,5,5,21,41,71,71,105,105,117,117,117,117,135,135,213,213,224,224,224,236,236,236,236],"floor_reached":23,"language":"KOR","playtime":830,"items_purged":["Normality"],"score":338,"play_id":"1becce20-39f1-46ae-8230-03de35437fe5","local_time":"20210118041656","is_ascension_mode":true,"campfire_choices":[{"floor":7.0,"key":"REST"},{"floor":11,"key":"REST"},{"data":"Fire Breathing","floor":13,"key":"SMITH"},{"data":"Flame Barrier","floor":15,"key":"SMITH"}],"circlet_count":0,"master_deck":["AscendersBane","Strike_R","Strike_R","Defend_R","Defend_R","Defend_R","Bash","Carnage","Flame Barrier+1","Pummel","Second Wind","Juggernaut","Fire Breathing+1","Berserk+1","Power Through"],"relics":["Burning Blood","Sundial","Potion Belt","Self Forming Clay","Ornamental Fan","Mark of Pain"],"acts_visited":["Exordium","TheCity"],"potions_floor_usage":[16],"damage_taken":[{"damage":5.0,"enemies":"Small Slimes","floor":1.0,"turns":4.0},{"damage":0.0,"enemies":"2 Louse","floor":4.0,"turns":2.0},{"damage":1.0,"enemies":"Cultist","floor":5.0,"turns":3.0},{"damage":38.0,"enemies":"3 Sentries","floor":6.0,"turns":11.0},{"damage":44.0,"enemies":"Gremlin Nob","floor":8.0,"turns":5.0},{"damage":11,"enemies":"3 Louse","floor":10,"turns":4},{"damage":8,"enemies":"Large Slime","floor":14,"turns":7},{"damage":10,"enemies":"Slime Boss","floor":16,"turns":7},{"damage":25,"enemies":"Spheric Guardian","floor":18,"turns":4},{"damage":2,"enemies":"Chosen","floor":21,"turns":4},{"damage":42,"enemies":"Book of Stabbing","floor":23,"turns":6}],"seed_played":"4965025563277311884","potions_obtained":[{"floor":5.0,"key":"SkillPotion"},{"floor":8.0,"key":"Block Potion"},{"floor":10,"key":"BlessingOfTheForge"},{"floor":14,"key":"BlessingOfTheForge"},{"floor":16,"key":"BlessingOfTheForge"},{"floor":18,"key":"GamblersBrew"}],"is_trial":false,"path_per_floor":["M","$","?","M","M","E","R","E","T","M","R","?","R","M","R","B",null,"M","?","?","M","?","E"],"character_chosen":"IRONCLAD","items_purchased":["Pummel"],"campfire_rested":2,"item_purchase_floors":[2],"current_hp_per_floor":[69,69,62,68,73,41,63,25,25,20,42,42,42,40,40,36,65,46,46,46,50,50,8,8],"gold":236,"neow_bonus":"TRANSFORM_TWO_CARDS","is_daily":false,"chose_seed":false,"campfire_upgraded":2,"win_rate":0.0,"timestamp":1610911016,"path_taken":["M","$","?","M","M","E","R","E","T","M","R","?","R","?","R","BOSS","M","?","?","?","?","E"],"items_purchased_type":["Card"],"build_version":"2020-12-22","purchased_purges":1,"victory":false,"max_hp_per_floor":[75,75,75,75,75,75,75,75,75,75,75,75,75,75,75,75,75,75,75,75,75,75,75,75],"card_choices":[{"not_picked":["Havoc","Perfected Strike"],"picked":"Warcry","floor":1.0},{"not_picked":["Sever Soul","Perfected Strike"],"picked":"Second Wind","floor":4.0},{"not_picked":["Wild Strike","Anger"],"picked":"Juggernaut","floor":5.0},{"not_picked":["Heavy Blade","Havoc","Juggernaut"],"picked":"SKIP","floor":6.0},{"not_picked":["Iron Wave","Heavy Blade","Flex"],"picked":"SKIP","floor":8.0},{"not_picked":["Armaments","Inflame"],"picked":"Fire Breathing","floor":10},{"not_picked":["Sword Boomerang","Metallicize","Heavy Blade"],"picked":"SKIP","floor":14},{"not_picked":["Limit Break","Bludgeon"],"picked":"Berserk","floor":16},{"not_picked":["Carnage","Anger","Cleave"],"picked":"SKIP","floor":18},{"not_picked":["Sword Boomerang","Clothesline","Heavy Blade"],"picked":"SKIP","floor":21}],"player_experience":539947,"relics_obtained":[{"floor":6.0,"key":"Sundial"},{"floor":8.0,"key":"Potion Belt"},{"floor":9.0,"key":"Self Forming Clay"}],"event_choices":[{"cards_removed":["Strike_R"],"damage_healed":0.0,"max_hp_gain":0.0,"max_hp_loss":0.0,"gold_gain":0.0,"event_name":"Golden Wing","player_choice":"Card Removal","floor":3.0,"gold_loss":0.0,"damage_taken":7.0},{"cards_removed":["Warcry"],"damage_healed":0,"gold_gain":0,"player_choice":"Gave Card","damage_taken":0,"relics_obtained":["Ornamental Fan"],"max_hp_gain":0,"max_hp_loss":0,"event_name":"WeMeetAgain","floor":12,"gold_loss":0},{"cards_removed":["Strike_R"],"damage_healed":0,"gold_gain":0,"player_choice":"Elegance","damage_taken":0,"max_hp_gain":0,"max_hp_loss":0,"event_name":"Back to Basics","floor":19,"gold_loss":0},{"damage_healed":0,"gold_gain":0,"player_choice":"Forge","damage_taken":0,"max_hp_gain":0,"max_hp_loss":0,"event_name":"Accursed Blacksmith","floor":20,"gold_loss":0,"cards_upgraded":["Berserk"]},{"damage_healed":0,"gold_gain":0,"player_choice":"Read","damage_taken":0,"max_hp_gain":0,"max_hp_loss":0,"event_name":"The Library","floor":22,"gold_loss":0,"cards_obtained":["Power Through"]}],"is_beta":false,"boss_relics":[{"not_picked":["Black Blood","Runic Pyramid"],"picked":"Mark of Pain"}],"items_purged_floors":[2],"is_endless":false,"potions_floor_spawned":[5,8,10,14,16,18],"killed_by":"Book of Stabbing","ascension_level":14}}