{"host":"z0tqw7lu1gwakzxm","time":1610854989,"event":{"mods":["BaseMod","DeckTracker","Lobotomy","Minty Spire (QoL Compilation)","StSLib","slay the spire mod where everything is the same but ironclad has a cowboy hat"],"gold_per_floor":[117,117,117,42,54,88,88,100,100,111,129,129,129,163,163,266,266,285,285,285,107,127,127,42,42,68,101,101,101],"floor_reached":28,"language":"ENG","playtime":865,"items_purged":[],"score":269,"play_id":"2c44525f-942e-4144-a7d4-539b9d7e82ae","local_time":"20210116224309","is_ascension_mode":false,"campfire_choices":[{"data":"Defragment","floor":7,"key":"SMITH"},{"floor":13,"key":"REST"},{"floor":15,"key":"REST"},{"data":"Genetic Algorithm","floor":23,"key":"SMITH"}],"circlet_count":0,"master_deck":["Strike_B","Strike_B","Strike_B","Strike_B","Defend_B","Defend_B","Defend_B","Defend_B","Zap","Dualcast","Defragment+1","Loop","Rudolta","Sunder","LaLuna","Core Surge","SpiderBud","Self Repair+1","BeautyBeast","CrumblingArmor","Sweeping Beam","Electrodynamics","MeatLantern","Chill","Genetic Algorithm+1","Loop","Loop","SnowQueen","Leap+1","FieryBird","Self Repair"],"relics":["Cracked Core","CogitoBucket","Gambling Chip","Symbiotic Virus","The Courier","BehaviorAdjustment","Eternal Feather","Inserter","Bag of Preparation","Oddly Smooth Stone","Pear"],"acts_visited":["Exordium","TheCity"],"potions_floor_usage":[6,11,28],"damage_taken":[{"damage":3,"enemies":"Small Slimes","floor":1,"turns":3},{"damage":2,"enemies":"2 Louse","floor":5,"turns":2},{"damage":6,"enemies":"Gremlin Nob","floor":6,"turns":4},{"damage":0,"enemies":"Cultist","floor":8,"turns":3},{"damage":20,"enemies":"Looter","floor":10,"turns":3},{"damage":16,"enemies":"Large Slime","floor":11,"turns":6},{"damage":27,"enemies":"Lagavulin","floor":14,"turns":5},{"damage":41,"enemies":"Hexaghost","floor":16,"turns":7},{"damage":16,"enemies":"Chosen","floor":18,"turns":4},{"damage":5,"enemies":"Shell Parasite","floor":22,"turns":5},{"damage":40,"enemies":"Gremlin Leader","floor":27,"turns":7},{"damage":92,"enemies":"Snecko","floor":28,"turns":3}],"seed_played":"-6902085334248064743","potions_obtained":[{"floor":1,"key":"PowerPotion"},{"floor":6,"key":"Energy Potion"},{"floor":16,"key":"SpeedPotion"},{"floor":18,"key":"FearPotion"},{"floor":27,"key":"SneckoOil"}],"is_trial":false,"path_per_floor":["M","?","?","$","M","E","R","M","T","M","M","?","R","E","R","B",null,"M","?","?","$","M","R","?","$","T","E","M"],"character_chosen":"DEFECT","items_purchased":["Loop","Genetic Algorithm","Loop","Loop"],"campfire_rested":2,"item_purchase_floors":[4,21,21,21],"current_hp_per_floor":[72,65,70,70,68,62,62,62,62,42,33,33,55,28,62,28,75,69,55,80,80,80,80,80,80,80,60,0,0],"gold":101,"neow_bonus":"","is_daily":false,"chose_seed":false,"campfire_upgraded":2,"win_rate":0.0,"timestamp":1610854989,"path_taken":["M","?","?","$","M","E","R","M","T","M","M","?","R","E","R","BOSS","M","?","?","$","M","R","?","$","T","E","?"],"items_purchased_type":["Card","Card","Card","Card"],"build_version":"2020-12-22","purchased_purges":0,"victory":false,"max_hp_per_floor":[75,75,75,75,75,75,75,75,75,75,75,75,75,75,75,75,75,75,80,80,80,80,80,80,80,80,90,90,90],"card_choices":[{"not_picked":["NakedNest","CherryBlossoms"],"picked":"CrumblingArmor","floor":1},{"not_picked":["Leap","Stack"],"picked":"Defragment","floor":1},{"not_picked":["BigBadWolf","GreedKing"],"picked":"Rudolta","floor":5},{"not_picked":["Machine Learning","Conserve Battery"],"picked":"Sunder","floor":5},{"not_picked":["SpiderBud","Wellcheers"],"picked":"LaLuna","floor":6},{"not_picked":["Biased Cognition","Ball Lightning"],"picked":"Core Surge","floor":6},{"not_picked":["Streamline","Chaos","Reprogram"],"picked":"SKIP","floor":8},{"not_picked":["Scorched","WallGazer"],"picked":"SpiderBud","floor":10},{"not_picked":["Barrage","Auto Shields"],"picked":"Self Repair","floor":10},{"not_picked":["Laetitia","Wellcheers"],"picked":"BeautyBeast","floor":11},{"not_picked":["Storm","Hologram","Force Field"],"picked":"SKIP","floor":11},{"not_picked":["Bloodbath","DespairKnight"],"picked":"CrumblingArmor","floor":14},{"not_picked":["Aggregate","Skim"],"picked":"Sweeping Beam","floor":14},{"not_picked":["Seek","Creative AI"],"picked":"Electrodynamics","floor":16},{"not_picked":["LittleHelper","OldLady"],"picked":"MeatLantern","floor":18},{"not_picked":["Storm","Go for the Eyes"],"picked":"Chill","floor":18},{"not_picked":["PunishingBird","MHz"],"picked":"SnowQueen","floor":22},{"not_picked":["Melter","Recycle+1"],"picked":"Leap+1","floor":22},{"not_picked":["Freischutz","QueenBee"],"picked":"FieryBird","floor":27},{"not_picked":["Reinforced Body","Hologram"],"picked":"Self Repair","floor":27}],"player_experience":336115,"relics_obtained":[{"floor":6,"key":"Symbiotic Virus"},{"floor":9,"key":"The Courier"},{"floor":14,"key":"Eternal Feather"},{"floor":26,"key":"Oddly Smooth Stone"},{"floor":27,"key":"Pear"}],"event_choices":[{"damage_healed":0,"gold_gain":0,"player_choice":"Success","damage_taken":7,"relics_obtained":["Gambling Chip"],"max_hp_gain":0,"max_hp_loss":0,"event_name":"Scrap Ooze","floor":2,"gold_loss":0},{"cards_removed":["CrumblingArmor"],"damage_healed":5,"gold_gain":0,"player_choice":"Offered Common","damage_taken":0,"max_hp_gain":0,"max_hp_loss":0,"event_name":"Bonfire Elementals","floor":3,"gold_loss":0},{"cards_removed":["CrumblingArmor"],"damage_healed":5,"gold_gain":0,"player_choice":"Offered Special","damage_taken":0,"max_hp_gain":0,"max_hp_loss":0,"event_name":"Bonfire Elementals","floor":3,"gold_loss":0},{"damage_healed":0,"gold_gain":0,"player_choice":"Grow","damage_taken":0,"max_hp_gain":0,"max_hp_loss":0,"event_name":"Living Wall","floor":12,"gold_loss":0,"cards_upgraded":["Self Repair"]},{"damage_healed":0,"gold_gain":0,"player_choice":"Shed Blood","damage_taken":19,"max_hp_gain":5,"max_hp_loss":0,"event_name":"Forgotten Altar","floor":19,"gold_loss":0},{"damage_healed":26,"gold_gain":0,"player_choice":"Heal","damage_taken":0,"max_hp_gain":0,"max_hp_loss":0,"event_name":"The Library","floor":20,"gold_loss":0},{"damage_healed":0,"gold_gain":0,"player_choice":"Obtained Relic","damage_taken":0,"relics_obtained":["Bag of Preparation"],"max_hp_gain":0,"max_hp_loss":0,"event_name":"Addict","floor":24,"gold_loss":85}],"is_beta":false,"boss_relics":[{"not_picked":["Calling Bell","Coffee Dripper"],"picked":"Inserter"}],"items_purged_floors":[],"is_endless":false,"potions_floor_spawned":[1,6,16,18,27],"killed_by":"Snecko","ascension_level":0}}