{"host":"ga4s3hj9m6nkn6gp","time":1610907610,"event":{"mods":["AchievementEnabler","BaseMod","Bestiary","Colored Powertips","Highlight Path","Minty Spire (QoL Compilation)","Relic Stats","everything is the same but u backflip on backflip"],"gold_per_floor":[12,12,25,44,65,65,104,104,128,166,166,184,184,215,215,215,215],"floor_reached":16,"language":"ENG","playtime":614,"items_purged":[],"score":254,"play_id":"a10c4737-44c4-465b-85f6-75aa1b6932ac","local_time":"20210117192010","is_ascension_mode":true,"campfire_choices":[{"data":"True Grit","floor":6,"key":"SMITH"},{"data":"Bludgeon","floor":8,"key":"SMITH"},{"data":"Inflame","floor":13,"key":"SMITH"},{"data":"Sword Boomerang","floor":15,"key":"SMITH"}],"circlet_count":0,"master_deck":["AscendersBane","Strike_R","Strike_R","Strike_R","Strike_R","Defend_R","Defend_R","Defend_R","Defend_R","Bash","Bludgeon+1","Inflame+1","Battle Trance","True Grit+1","Sword Boomerang+1","Sever Soul","Clothesline","Corruption","Shrug It Off"],"relics":["Burning Blood","Golden Idol","Oddly Smooth Stone","Blood Vial","Dream Catcher","Omamori"],"acts_visited":["Exordium"],"potions_floor_usage":[14,14],"damage_taken":[{"damage":0,"enemies":"Cultist","floor":1,"turns":2},{"damage":4,"enemies":"Small Slimes","floor":3,"turns":2},{"damage":4,"enemies":"2 Louse","floor":4,"turns":4},{"damage":9,"enemies":"Blue Slaver","floor":5,"turns":3},{"damage":33,"enemies":"Lagavulin","floor":7,"turns":8},{"damage":22,"enemies":"3 Sentries","floor":10,"turns":8},{"damage":1,"enemies":"Looter","floor":12,"turns":2},{"damage":0,"enemies":"Lagavulin","floor":14,"turns":3},{"damage":25,"enemies":"The Guardian","floor":16,"turns":9}],"seed_played":"-2082066584175722983","potions_obtained":[{"floor":1,"key":"DuplicationPotion"},{"floor":7,"key":"LiquidMemories"},{"floor":14,"key":"DuplicationPotion"}],"is_trial":false,"path_per_floor":["M","?","M","M","M","R","E","R","T","E","?","M","R","E","R","B"],"character_chosen":"IRONCLAD","items_purchased":[],"campfire_rested":0,"item_purchase_floors":[],"current_hp_per_floor":[74,48,50,52,49,49,22,22,22,8,8,15,15,23,23,0,0],"gold":215,"neow_bonus":"THREE_RARE_CARDS","is_daily":false,"chose_seed":false,"campfire_upgraded":4,"win_rate":0.0,"timestamp":1610907610,"path_taken":["M","?","M","M","M","R","E","R","T","E","?","?","R","E","R","BOSS"],"items_purchased_type":[],"build_version":"2020-12-22","purchased_purges":0,"victory":false,"max_hp_per_floor":[75,75,75,75,75,75,75,75,75,75,75,75,75,75,75,75,75],"relic_stats":{"Blood Vial":8,"Dream Catcher":0,"counters":[9,41],"Golden Idol":37,"obtain_stats":[{"Blood Vial":9,"Dream Catcher":10,"Golden Idol":2,"Oddly Smooth Stone":7,"Omamori":14,"Burning Blood":0},{"Blood Vial":5,"Dream Catcher":6,"Golden Idol":1,"Oddly Smooth Stone":5,"Omamori":8,"Burning Blood":0},{"Blood Vial":19,"Dream Catcher":27,"Golden Idol":2,"Oddly Smooth Stone":19,"Omamori":32,"Burning Blood":0}],"Burning Blood":48},"card_choices":[{"not_picked":["Barricade","Berserk"],"picked":"Bludgeon","floor":0},{"not_picked":["Shrug It Off","Pummel"],"picked":"Inflame","floor":1},{"not_picked":["Heavy Blade","Metallicize"],"picked":"Battle Trance","floor":3},{"not_picked":["Blood for Blood","Shockwave"],"picked":"True Grit","floor":4},{"not_picked":["Dark Embrace","Disarm"],"picked":"Sword Boomerang","floor":5},{"not_picked":["Intimidate","Whirlwind"],"picked":"Sever Soul","floor":7},{"not_picked":["Dual Wield","Reckless Charge"],"picked":"Clothesline","floor":10},{"not_picked":["Armaments","Second Wind"],"picked":"Corruption","floor":12},{"not_picked":["Pummel","Warcry"],"picked":"Shrug It Off","floor":14}],"player_experience":646066,"relics_obtained":[{"floor":7,"key":"Oddly Smooth Stone"},{"floor":9,"key":"Blood Vial"},{"floor":10,"key":"Dream Catcher"},{"floor":14,"key":"Omamori"}],"event_choices":[{"damage_healed":0,"gold_gain":0,"player_choice":"Take Damage","damage_taken":26,"relics_obtained":["Golden Idol"],"max_hp_gain":0,"max_hp_loss":0,"event_name":"Golden Idol","floor":2,"gold_loss":0},{"cards_removed":["Strike_R"],"damage_healed":0,"gold_gain":0,"player_choice":"Purged","damage_taken":0,"max_hp_gain":0,"max_hp_loss":0,"event_name":"Purifier","floor":11,"gold_loss":0}],"is_beta":false,"boss_relics":[],"items_purged_floors":[],"is_endless":false,"potions_floor_spawned":[1,7,10,12,14],"killed_by":"The Guardian","ascension_level":15}}