{"host":"Qube","time":1610905087,"event":{"mods":["AchievementEnabler","BaseMod","Colored Map","Colored Powertips","Minty Spire (QoL Compilation)","Quick Restart","Random Character Button","StSLib"],"gold_per_floor":[109,122,197,212,259,259,288,288,314,334,334,26,55,102,114,229,241,263,275,287,287],"floor_reached":20,"language":"ENG","playtime":930,"items_purged":[],"score":265,"play_id":"7d7acb65-5051-4f6b-a56c-869abcb10be2","local_time":"20210117093807","is_ascension_mode":false,"campfire_choices":[{"data":"Zap","floor":6.0,"key":"SMITH"},{"data":"Defragment","floor":8.0,"key":"SMITH"},{"data":"Coolheaded","floor":11.0,"key":"SMITH"},{"data":"Dualcast","floor":15.0,"key":"SMITH"}],"circlet_count":0,"master_deck":["Strike_B","Strike_B","Strike_B","Defend_B","Defend_B","Zap+1","Dualcast+1","Creative AI+1","White Noise+1","Chill+1","Blizzard","Ball Lightning","Thunder Strike","Defragment+1","Coolheaded+1","Conserve Battery","Scrawl","Cloak And Dagger"],"relics":["Astrolabe","Dream Catcher","WingedGreaves","Smiling Mask","PrismaticShard","Orichalcum","MawBank","Strawberry","Calling Bell","DataDisk","Calipers","Nloth\u0027s Gift"],"acts_visited":[],"potions_floor_usage":[],"damage_taken":[{"damage":2.0,"enemies":"2 Louse","floor":1.0,"turns":4.0},{"damage":1.0,"enemies":"Cultist","floor":2.0,"turns":5.0},{"damage":0.0,"enemies":"Jaw Worm","floor":4.0,"turns":3.0},{"damage":16.0,"enemies":"3 Sentries","floor":7.0,"turns":5.0},{"damage":5.0,"enemies":"2 Fungi Beasts","floor":10.0,"turns":2.0},{"damage":15.0,"enemies":"Gremlin Nob","floor":13.0,"turns":4.0},{"damage":0.0,"enemies":"3 Sentries","floor":14.0,"turns":6.0},{"damage":0.0,"enemies":"Hexaghost","floor":16.0,"turns":9.0},{"damage":9.0,"enemies":"2 Thieves","floor":18.0,"turns":4.0},{"damage":0,"enemies":"Spheric Guardian","floor":20,"turns":1}],"seed_played":"6582764569326036742","potions_obtained":[{"floor":4.0,"key":"Explosive Potion"},{"floor":10.0,"key":"SpeedPotion"},{"floor":13.0,"key":"FearPotion"},{"floor":14.0,"key":"FocusPotion"},{"floor":18.0,"key":"GamblersBrew"}],"is_trial":false,"path_per_floor":["M","M","?","M","T","R","E","R","T","M","R","$","E","E","R","B",null,"M","?","M"],"character_chosen":"DEFECT","items_purchased":["PrismaticShard","Orichalcum"],"campfire_rested":0,"item_purchase_floors":[12,12],"current_hp_per_floor":[73,72,65,65,65,65,49,49,49,44,44,44,29,36,36,36,82,73,73,73,73],"gold":287,"neow_bonus":"BOSS_RELIC","is_daily":false,"chose_seed":false,"campfire_upgraded":4,"win_rate":0.0,"timestamp":1610905087,"path_taken":["M","M","?","?","?","R","E","R","T","M","R","?","E","E","R","BOSS","M","?","M"],"items_purchased_type":["Relic","Relic"],"build_version":"2020-12-18","purchased_purges":0,"victory":false,"max_hp_per_floor":[75,75,75,75,75,75,75,75,75,75,75,75,75,82,82,82,82,82,82,82,82],"card_choices":[{"not_picked":["Streamline","Consume"],"picked":"Blizzard","floor":1.0},{"not_picked":["Compile Driver","Sweeping Beam"],"picked":"Ball Lightning","floor":2.0},{"not_picked":["Sunder","Barrage"],"picked":"Thunder Strike","floor":4.0},{"not_picked":["Recycle","FTL"],"picked":"Defragment","floor":7.0},{"not_picked":["Recycle","Redo"],"picked":"Coolheaded","floor":10.0},{"not_picked":["Fasting2","Masterful Stab","Quick Slash"],"picked":"SKIP","floor":13.0},{"not_picked":["Iron Wave","Barrage"],"picked":"Conserve Battery","floor":14.0},{"not_picked":["Die Die Die","Blasphemy"],"picked":"Scrawl","floor":16.0},{"not_picked":["Eviscerate","Heavy Blade"],"picked":"Cloak And Dagger","floor":18.0}],"player_experience":906631,"relics_obtained":[{"floor":5.0,"key":"Dream Catcher"},{"floor":7.0,"key":"WingedGreaves"},{"floor":9.0,"key":"Smiling Mask"},{"floor":13.0,"key":"MawBank"},{"floor":14.0,"key":"Strawberry"},{"floor":17.0,"key":"DataDisk"},{"floor":17.0,"key":"InkBottle"},{"floor":17.0,"key":"Calipers"}],"event_choices":[{"damage_healed":0.0,"max_hp_gain":0.0,"max_hp_loss":0.0,"gold_gain":75.0,"event_name":"FaceTrader","player_choice":"Touch","floor":3.0,"gold_loss":0.0,"damage_taken":7.0},{"damage_healed":0.0,"max_hp_gain":0.0,"max_hp_loss":0.0,"gold_gain":0.0,"event_name":"N\u0027loth","player_choice":"Traded Relic","floor":19.0,"relics_lost":["InkBottle"],"gold_loss":0.0,"damage_taken":0.0,"relics_obtained":["Nloth\u0027s Gift"]}],"is_beta":true,"boss_relics":[{"not_picked":["Fusion Hammer","Busted Crown"],"picked":"Calling Bell"}],"items_purged_floors":[],"is_endless":false,"potions_floor_spawned":[4,10,13,14,18],"killed_by":"Spheric Guardian","ascension_level":0}}