{"host":"u94b8se4p65mmtuf","time":1610897722,"event":{"mods":["BaseMod","Hubris","Infinite Spire","Jorbs\u0027s Wanderer Trilogy","Minty Spire (QoL Compilation)","Replay The Spire","StSLib","SuperFastMode","The Animator","The Jungle"],"gold_per_floor":[115,115,133,149,169,198,198,271,341,341,341,356,356,356,356,457,457,468,468,468,485,485,485,485,485],"floor_reached":24,"language":"ENG","playtime":666,"items_purged":[],"score":194,"play_id":"1fd0c8f6-9e93-438a-95b4-38453179316e","local_time":"20210117103522","is_ascension_mode":false,"campfire_choices":[{"data":"animator:Genos","floor":7,"key":"SMITH"},{"data":"animator:Millim","floor":23,"key":"SMITH"}],"circlet_count":0,"master_deck":["animator:Strike_FullmetalAlchemist","animator:Defend_FullmetalAlchemist","animator:Strike","animator:Strike","animator:Strike","animator:Defend","animator:Defend","animator:Defend","animator:ElricEdward","animator:Genos+1","Metallicize","animator:Geryuganshoop","animator:Sonic","Pain","animator:Ainz","animator:Millim+1","Amnesia","animator:Genos"],"relics":["animator:LivingPicture","animator:TheMissingPiece","animator:PurgingStone","NeowsBlessing","Ice Cream","Sundial","Chameleon Ring","WarpedTongs","hubris:GrandSneckoEye","ReplayTheSpireMod:Ring of Exchange","ReplayTheSpireMod:Ring of Sloth","GremlinMask","Painkiller Herb","Thread and Needle"],"acts_visited":["Exordium","TheCity"],"potions_floor_usage":[6,12,14,16,16],"damage_taken":[{"damage":0,"enemies":"Small Slimes","floor":1,"turns":1},{"damage":0,"enemies":"Cultist","floor":3,"turns":1},{"damage":0,"enemies":"Jaw Worm","floor":4,"turns":1},{"damage":28,"enemies":"Gremlin Nob","floor":6,"turns":4},{"damage":0,"enemies":"Blue Slaver","floor":12,"turns":3},{"damage":0,"enemies":"3 Louse","floor":14,"turns":1},{"damage":16,"enemies":"Slime Boss","floor":16,"turns":3},{"damage":14,"enemies":"Spheric Guardian","floor":18,"turns":4},{"damage":28,"enemies":"3 Byrds","floor":21,"turns":4},{"damage":24,"enemies":"Snake Plant","floor":24,"turns":2}],"seed_played":"7789326405109970190","potions_obtained":[{"floor":1,"key":"FearPotion"},{"floor":6,"key":"AttackPotion"},{"floor":10,"key":"LifebloodPotion"},{"floor":10,"key":"SmokeBomb"},{"floor":12,"key":"Death Potion"},{"floor":15,"key":"Adrenaline Potion"},{"floor":16,"key":"Strength Potion"},{"floor":18,"key":"Weak Potion"}],"is_trial":false,"path_per_floor":["M","?","M","M","?","E","R","?","T","R","?","M","?","M","R","B",null,"M","?","?","M","AVR","T","?"],"character_chosen":"THE_ANIMATOR","items_purchased":[],"campfire_rested":0,"item_purchase_floors":[],"current_hp_per_floor":[66,66,66,66,40,12,12,12,12,12,12,12,34,34,34,18,66,52,52,52,24,24,24,0,0],"gold":485,"neow_bonus":"THREE_ENEMY_KILL","is_daily":false,"chose_seed":false,"campfire_upgraded":2,"win_rate":0.0,"timestamp":1610897722,"path_taken":["M","?","?","M","?","E","R","?","T","R","?","?","?","M","R","BOSS","M","?","?","M","AVR","T","?"],"items_purchased_type":[],"build_version":"2020-12-22","purchased_purges":0,"victory":false,"max_hp_per_floor":[66,66,66,66,66,66,66,66,66,66,66,66,66,66,66,66,66,66,66,66,66,66,66,66,66],"card_choices":[{"not_picked":["animator:Millim","animator:Kuribayashi"],"picked":"animator:Genos","floor":1},{"not_picked":["animator:Mitsurugi","animator:ElricEdward","animator:Millim"],"picked":"SKIP","floor":3},{"not_picked":["animator:Benimaru","animator:Shigure"],"picked":"animator:Geryuganshoop","floor":4},{"not_picked":["animator:MumenRider","animator:SilverFang"],"picked":"animator:Sonic","floor":6},{"not_picked":["animator:Spearman","animator:Aqua","animator:PandorasActor"],"picked":"SKIP","floor":12},{"not_picked":["animator:ItamiYouji","animator:GoblinSlayer"],"picked":"animator:Ainz","floor":16},{"not_picked":["animator:Kazuma","animator:Vanir"],"picked":"animator:Millim","floor":18},{"not_picked":["animator:Tatsumaki","animator:SilverFang"],"picked":"animator:Genos","floor":21}],"player_experience":113236,"relics_obtained":[{"floor":5,"key":"Ice Cream"},{"floor":6,"key":"Sundial"},{"floor":9,"key":"Chameleon Ring"},{"floor":19,"key":"ReplayTheSpireMod:Ring of Exchange"},{"floor":19,"key":"ReplayTheSpireMod:Ring of Sloth"}],"event_choices":[{"cards_removed":["animator:ElricAlphonse"],"damage_healed":0,"gold_gain":0,"player_choice":"Took Card","damage_taken":0,"max_hp_gain":0,"max_hp_loss":0,"event_name":"NoteForYourself","floor":2,"gold_loss":0,"cards_obtained":["Metallicize"]},{"damage_healed":0,"gold_gain":73,"player_choice":"Gained Gold","damage_taken":0,"max_hp_gain":0,"max_hp_loss":0,"event_name":"Golden Wing","floor":8,"gold_loss":0},{"damage_healed":0,"gold_gain":0,"player_choice":"Rummage","damage_taken":0,"relics_obtained":["WarpedTongs"],"max_hp_gain":0,"max_hp_loss":0,"event_name":"Accursed Blacksmith","floor":11,"gold_loss":0,"cards_obtained":["Pain"]},{"damage_healed":22,"gold_gain":0,"player_choice":"Banana","damage_taken":0,"max_hp_gain":0,"max_hp_loss":0,"event_name":"Big Fish","floor":13,"gold_loss":0},{"damage_healed":0,"gold_gain":0,"player_choice":"Trade","damage_taken":0,"relics_obtained":["GremlinMask"],"max_hp_gain":0,"max_hp_loss":0,"event_name":"FaceTrader","floor":20,"gold_loss":0}],"is_beta":false,"boss_relics":[{"not_picked":["hubris:ScarierMask","Replay:Drink Me"],"picked":"hubris:GrandSneckoEye"}],"items_purged_floors":[],"is_endless":false,"potions_floor_spawned":[1,6,12,14,16,18],"killed_by":"Snake Plant","ascension_level":0}}