{"host":"fkw1ntusxwk1t0d2","time":1610899230,"event":{"mods":["Act Like it!","BaseMod","Minty Spire (QoL Compilation)","Shop Mod","Spicy Shops","StSLib","vexMod"],"gold_per_floor":[118,129,146,146,160,195,44,58,58,72,72,87,102,102,102,102,102],"floor_reached":16,"language":"ZHS","playtime":455,"items_purged":[],"score":122,"play_id":"2fc5a20d-ccf8-4865-923d-120070da2cc5","local_time":"20210118000030","is_ascension_mode":true,"campfire_choices":[{"data":"Neutralize","floor":11,"key":"SMITH"},{"floor":15,"key":"REST"}],"circlet_count":0,"master_deck":["Strike_G","Strike_G","Strike_G","Strike_G","Strike_G","Defend_G","Defend_G","Defend_G","Defend_G","Defend_G","Survivor","Neutralize+1","Poisoned Stab","Quick Slash","Backflip"],"relics":["Ring of the Snake","NeowsBlessing","vexMod:Dragonfruit","MerchantsRug"],"acts_visited":["Exordium"],"potions_floor_usage":[6,12,13],"damage_taken":[{"damage":0.0,"enemies":"Cultist","floor":1.0,"turns":1.0},{"damage":0.0,"enemies":"Small Slimes","floor":2.0,"turns":1.0},{"damage":0.0,"enemies":"2 Louse","floor":3.0,"turns":1.0},{"damage":6.0,"enemies":"Looter","floor":5.0,"turns":3.0},{"damage":34,"enemies":"Lagavulin","floor":6,"turns":6},{"damage":0,"enemies":"Red Slaver","floor":8,"turns":4},{"damage":0,"enemies":"3 Louse","floor":10,"turns":4},{"damage":1,"enemies":"Blue Slaver","floor":12,"turns":4},{"damage":15,"enemies":"Lots of Slimes","floor":13,"turns":4},{"damage":38,"enemies":"The Guardian","floor":16,"turns":7}],"seed_played":"3611082853688093385","potions_obtained":[{"floor":2.0,"key":"FairyPotion"},{"floor":5.0,"key":"Poison Potion"},{"floor":6,"key":"LiquidBronze"},{"floor":12,"key":"Fruit Juice"}],"is_trial":false,"path_per_floor":["M","M","M","$","M","E","$","M","T","M","R","M","M","?","R","B"],"character_chosen":"THE_SILENT","items_purchased":["MerchantsRug"],"campfire_rested":1,"item_purchase_floors":[7],"current_hp_per_floor":[70,70,70,70,64,35,35,35,35,35,35,39,24,17,41,3,3],"gold":102,"neow_bonus":"THREE_ENEMY_KILL","is_daily":false,"chose_seed":false,"campfire_upgraded":1,"win_rate":0.0,"timestamp":1610899230,"path_taken":["M","M","?","$","M","E","$","M","T","M","R","M","M","?","R","BOSS"],"items_purchased_type":["Relic"],"build_version":"2020-12-22","purchased_purges":0,"victory":false,"max_hp_per_floor":[70,70,70,70,70,75,75,75,75,75,75,80,80,80,80,80,80],"card_choices":[{"not_picked":["Prepared","Underhanded Strike"],"picked":"Poisoned Stab","floor":1.0},{"not_picked":["Masterful Stab","Acrobatics","PiercingWail"],"picked":"SKIP","floor":2.0},{"not_picked":["Night Terror","Dodge and Roll"],"picked":"Quick Slash","floor":3.0},{"not_picked":["Blade Dance","Caltrops","Riddle With Holes"],"picked":"SKIP","floor":5.0},{"not_picked":["Quick Slash","Slice"],"picked":"Backflip","floor":6},{"not_picked":["Cloak And Dagger","Predator","Blade Dance"],"picked":"SKIP","floor":8},{"not_picked":["Cloak And Dagger","Setup"],"picked":"Expertise","floor":10},{"not_picked":["Deflect","Venomology","Dodge and Roll"],"picked":"SKIP","floor":12},{"not_picked":["Masterful Stab","Backflip","Slice"],"picked":"SKIP","floor":13}],"player_experience":348346,"relics_obtained":[{"floor":6,"key":"vexMod:Dragonfruit"}],"event_choices":[{"cards_removed":["Expertise"],"damage_healed":0,"gold_gain":0,"player_choice":"Card Removal","damage_taken":7,"max_hp_gain":0,"max_hp_loss":0,"event_name":"Golden Wing","floor":14,"gold_loss":0}],"is_beta":false,"boss_relics":[],"items_purged_floors":[],"is_endless":false,"potions_floor_spawned":[2,5,6,12],"killed_by":"The Guardian","ascension_level":3}}