{"host":"dvdvdvm357cut69v","time":1610896789,"event":{"mods":["BaseMod","Infinite Spire","Minty Spire (QoL Compilation)","StSLib"],"gold_per_floor":[364,364,364,389,21,21,55,73,119,119,24,59,82,102,102,228,228,244,21,21,45,45,45,85,85,137,137,156,194,212,230,230,354,354,369,45,58,58,58,58,121,140,140,179,179,139,170,188,188,318,318,328,21,21,96,96,116,116,127,127,127,136,311,342,342,342,448,448,441,441,441,540,540,540,557,566,640,666,671,351,386,301,301,393,393,378,360,360,359,681,681,709,721,745,745,845,845,528,555,555,668,668,668,668,472,497,497,497,526,548,612,624,673,689,714,726,738,857,869,886,615,615,370,370,391,391,391,444,543,543,576,578,581,581,685,685,693,693,696,739,1072,1082,1082,1082,1082,1082,1082,1082,1096,1175,1175,1239,1239,1239,879,899,957],"floor_reached":158,"language":"ENG","playtime":5316,"items_purged":["Strike_R","Strike_R","Bite","Anger","Doubt","Defend_R","Parasite","Wild Strike+1","Bite+1","Writhe","Bite"],"score":4582,"play_id":"6991e33e-c025-4797-9675-563b340d51a5","local_time":"20210117181949","is_ascension_mode":true,"campfire_choices":[{"data":"Wild Strike","floor":6.0,"key":"SMITH"},{"floor":10.0,"key":"REST"},{"data":"Flex","floor":15.0,"key":"SMITH"},{"data":"Armaments","floor":23.0,"key":"SMITH"},{"floor":25.0,"key":"REST"},{"data":"Demon Form","floor":32.0,"key":"SMITH"},{"data":"infinitespire:Execution","floor":40.0,"key":"SMITH"},{"data":"Seeing Red","floor":45.0,"key":"SMITH"},{"data":"infinitespire:UltimateForm","floor":49.0,"key":"SMITH"},{"data":"Barricade","floor":58.0,"key":"SMITH"},{"data":"Seeing Red","floor":61.0,"key":"SMITH"},{"data":"Flex","floor":66.0,"key":"SMITH"},{"data":"infinitespire:TheBestDefense","floor":74.0,"key":"SMITH"},{"data":"Entrench","floor":83.0,"key":"SMITH"},{"data":"Thunderclap","floor":91,"key":"SMITH"},{"data":"Heavy Blade","floor":100,"key":"SMITH"},{"data":"infinitespire:Gouge","floor":108,"key":"SMITH"},{"data":"Defend_R","floor":112,"key":"SMITH"},{"data":"Double Tap","floor":117,"key":"SMITH"},{"floor":126,"key":"DIG"},{"floor":134,"key":"DIG"},{"floor":151,"key":"DIG"},{"floor":154,"key":"DIG"}],"circlet_count":1,"master_deck":["Shrug It Off+1","Flex+1","Headbutt+1","Twin Strike","Armaments+1","Impervious+1","Battle Trance+1","Reaper","Seeing Red+1","Intimidate","Barricade+1","CurseOfTheBell","Thunderclap+1","infinitespire:Execution+1","infinitespire:UltimateForm+1","Flex+1","Sword Boomerang+1","Feed","Seeing Red+1","infinitespire:TheBestDefense+1","Double Tap+1","Purity+1","Feel No Pain+1","Juggernaut+1","Entrench+1","Shrug It Off+1","Shrug It Off+1","Brutality+1","Impervious+1","infinitespire:Menacing+1","Heavy Blade+1","infinitespire:FutureSight+1","Sword Boomerang+1","infinitespire:Gouge+1","infinitespire:Collect+1","Impervious+1","Limit Break+1","Entrench+1","Limit Break+1","Seeing Red+1","infinitespire:TheBestDefense+1","Writhe","Pummel+1","Doubt","Writhe","Writhe","Clumsy","Limit Break+1","Heavy Blade+1","Pummel+1","Impervious+1"],"relics":["Ring of the Snake","Boot","Happy Flower","infinitespire:Lucky Rock","Orichalcum","Turnip","Black Star","infinitespire:Joker Card","Toy Ornithopter","War Paint","CultistMask","infinitespire:PuzzleCube","Nunchaku","Calling Bell","Potion Belt","infinitespire:ShieldingShard","WingedGreaves","HandDrill","SacredBark","TheAbacus","infinitespire:CursedDice","Shuriken","Whetstone","Smiling Mask","Sundial","infinitespire:Satchel","Philosopher\u0027s Stone","Paper Frog","Kunai","Frozen Egg 2","Self Forming Clay","Bottled Flame","PreservedInsect","StoneCalendar","Red Skull","Question Card","infinitespire:Cubic Diamond","Astrolabe","Matryoshka","Bag of Marbles","Bottled Tornado","Meat on the Bone","Toxic Egg 2","infinitespire:BottledMercury","Membership Card","Omamori","Tiny Chest","Blood Vial","Centennial Puzzle","Empty Cage","Magic Flower","Old Coin","Strawberry","Regal Pillow","MealTicket","White Beast Statue","Juzu Bracelet","Prayer Wheel","Kunai","Vajra","Darkstone Periapt","Cursed Key","Lee\u0027s Waffle","Anchor","Dream Catcher","MawBank","Ancient Tea Set","Bag of Preparation","infinitespire:Eraser","Ginger","Mark of Pain","Shovel","Pen Nib","infinitespire:EmpoweringShard","DollysMirror","Mercury Hourglass","Pear","infinitespire:WardingShard","Oddly Smooth Stone","infinitespire:Midas Blood","Lantern","Circlet","Bronze Scales","Mummified Hand","infinitespire:FocusingShard","Coffee Dripper","Du-Vu Doll","Gremlin Horn","Bottled Lightning","Pantograph","infinitespire:Bottled Soul","Gambling Chip","Ornamental Fan","Molten Egg 2","Fusion Hammer","InkBottle","Unceasing Top","HornCleat","Letter Opener","infinitespire:CheckeredPen"],"acts_visited":["Exordium","TheCity","TheBeyond","Exordium","TheCity","TheBeyond","Exordium","TheCity","TheBeyond","TheEnding"],"potions_floor_usage":[101,101,120,139,152,152,152,157,157],"damage_taken":[{"damage":2.0,"enemies":"2 Louse","floor":1.0,"turns":4.0},{"damage":6.0,"enemies":"Jaw Worm","floor":4.0,"turns":2.0},{"damage":35.0,"enemies":"3 Sentries","floor":7.0,"turns":10.0},{"damage":0.0,"enemies":"Cultist","floor":8.0,"turns":3.0},{"damage":8.0,"enemies":"Gremlin Nob","floor":12.0,"turns":3.0},{"damage":1.0,"enemies":"Exordium Thugs","floor":14.0,"turns":3.0},{"damage":47.0,"enemies":"The Guardian","floor":16.0,"turns":10.0},{"damage":18.0,"enemies":"2 Thieves","floor":18.0,"turns":5.0},{"damage":0.0,"enemies":"Spheric Guardian","floor":21.0,"turns":2.0},{"damage":48.0,"enemies":"Slavers","floor":24.0,"turns":7.0},{"damage":4.0,"enemies":"Cultist and Chosen","floor":28.0,"turns":4.0},{"damage":49.0,"enemies":"Book of Stabbing","floor":29.0,"turns":6.0},{"damage":2.0,"enemies":"Snecko","floor":30.0,"turns":4.0},{"damage":13.0,"enemies":"3 Cultists","floor":31.0,"turns":5.0},{"damage":27.0,"enemies":"Champ","floor":33.0,"turns":6.0},{"damage":8.0,"enemies":"Orb Walker","floor":35.0,"turns":3.0},{"damage":24.0,"enemies":"3 Shapes","floor":37.0,"turns":5.0},{"damage":0.0,"enemies":"3 Darklings","floor":39.0,"turns":4.0},{"damage":19.0,"enemies":"Mind Bloom Boss Battle","floor":41.0,"turns":6.0},{"damage":3.0,"enemies":"Maw","floor":42.0,"turns":5.0},{"damage":81.0,"enemies":"Nightmare","floor":44.0,"turns":5.0},{"damage":43.0,"enemies":"Reptomancer","floor":47.0,"turns":4.0},{"damage":16.0,"enemies":"Writhing Mass","floor":48.0,"turns":5.0},{"damage":110.0,"enemies":"Awakened One","floor":50.0,"turns":9.0},{"damage":0.0,"enemies":"Cultist","floor":52.0,"turns":3.0},{"damage":41.0,"enemies":"Gremlin Nob","floor":57.0,"turns":5.0},{"damage":0.0,"enemies":"Small Slimes","floor":59.0,"turns":2.0},{"damage":28.0,"enemies":"3 Sentries","floor":62.0,"turns":6.0},{"damage":3.0,"enemies":"Gremlin Nob","floor":64.0,"turns":3.0},{"damage":1.0,"enemies":"Hexaghost","floor":67.0,"turns":5.0},{"damage":0.0,"enemies":"3 Byrds","floor":69.0,"turns":2.0},{"damage":71.0,"enemies":"Nightmare","floor":75.0,"turns":5.0},{"damage":6.0,"enemies":"Spheric Guardian","floor":76.0,"turns":3.0},{"damage":31.0,"enemies":"Slavers","floor":78.0,"turns":3.0},{"damage":0.0,"enemies":"Cultist and Chosen","floor":79.0,"turns":3.0},{"damage":0.0,"enemies":"Book of Stabbing","floor":81.0,"turns":1.0},{"damage":5.0,"enemies":"Automaton","floor":84.0,"turns":4.0},{"damage":15.0,"enemies":"3 Darklings","floor":86.0,"turns":6.0},{"damage":6.0,"enemies":"3 Shapes","floor":87.0,"turns":7.0},{"damage":8.0,"enemies":"Sphere and 2 Shapes","floor":89.0,"turns":3.0},{"damage":43.0,"enemies":"infinitespire:Three Voidlings","floor":90.0,"turns":4.0},{"damage":0.0,"enemies":"Nightmare_Alpha","floor":90.0,"turns":1.0},{"damage":0,"enemies":"Nightmare","floor":92,"turns":1},{"damage":1,"enemies":"3 Darklings","floor":93,"turns":3},{"damage":0,"enemies":"Giant Head","floor":99,"turns":2},{"damage":29,"enemies":"Time Eater","floor":101,"turns":3},{"damage":0,"enemies":"Cultist","floor":103,"turns":3},{"damage":8,"enemies":"Jaw Worm","floor":107,"turns":2},{"damage":0,"enemies":"Gremlin Nob","floor":109,"turns":2},{"damage":0,"enemies":"2 Louse","floor":110,"turns":1},{"damage":0,"enemies":"Lagavulin","floor":113,"turns":2},{"damage":0,"enemies":"Red Slaver","floor":114,"turns":2},{"damage":0,"enemies":"3 Louse","floor":115,"turns":2},{"damage":41,"enemies":"Hexaghost","floor":118,"turns":3},{"damage":0,"enemies":"Shell Parasite","floor":120,"turns":1},{"damage":0,"enemies":"Gremlin Leader","floor":125,"turns":3},{"damage":0,"enemies":"Slavers","floor":131,"turns":1},{"damage":0,"enemies":"Chosen","floor":133,"turns":2},{"damage":18,"enemies":"Collector","floor":135,"turns":3},{"damage":0,"enemies":"Orb Walker","floor":137,"turns":3},{"damage":0,"enemies":"3 Shapes","floor":139,"turns":2},{"damage":76,"enemies":"Mind Bloom Boss Battle","floor":140,"turns":5},{"damage":0,"enemies":"Nightmare","floor":142,"turns":3},{"damage":0,"enemies":"Giant Head","floor":149,"turns":3},{"damage":186,"enemies":"infinitespire:LordOfFortification","floor":152,"turns":6},{"damage":0,"enemies":"Shield and Spear","floor":156,"turns":1},{"damage":4,"enemies":"The Heart","floor":157,"turns":7}],"seed_played":"1452180919942072764","potions_obtained":[{"floor":4.0,"key":"DuplicationPotion"},{"floor":8.0,"key":"BlessingOfTheForge"},{"floor":14.0,"key":"DistilledChaos"},{"floor":21.0,"key":"BloodPotion"},{"floor":24.0,"key":"ElixirPotion"},{"floor":28.0,"key":"ColorlessPotion"},{"floor":31.0,"key":"Block Potion"},{"floor":33.0,"key":"Strength Potion"},{"floor":35.0,"key":"SmokeBomb"},{"floor":42.0,"key":"FearPotion"},{"floor":46.0,"key":"Energy Potion"},{"floor":46.0,"key":"Block Potion"},{"floor":46.0,"key":"Fire Potion"},{"floor":50.0,"key":"EssenceOfSteel"},{"floor":52.0,"key":"SmokeBomb"},{"floor":62.0,"key":"SpeedPotion"},{"floor":64.0,"key":"Weak Potion"},{"floor":78.0,"key":"DuplicationPotion"},{"floor":79.0,"key":"Weak Potion"},{"floor":81.0,"key":"infinitespire:BlackPotion"},{"floor":87.0,"key":"DistilledChaos"},{"floor":93,"key":"BlessingOfTheForge"},{"floor":99,"key":"PowerPotion"},{"floor":101,"key":"Weak Potion"},{"floor":103,"key":"SkillPotion"},{"floor":109,"key":"Energy Potion"},{"floor":120,"key":"BloodPotion"},{"floor":137,"key":"DuplicationPotion"},{"floor":139,"key":"SteroidPotion"},{"floor":152,"key":"LiquidMemories"},{"floor":156,"key":"SteroidPotion"},{"floor":157,"key":"BloodPotion"}],"is_trial":false,"path_per_floor":["M","?","?","M","$","R","E","M","T","R","$","E","T","M","R","B",null,"M","$","?","M","?","R","E","R","T","?","M","E","M","M","R","B",null,"M","$","M","AVR","M","R","?","M","T","NM","R","?","E","M","R","B",null,"M","$","$","?","AVR","E","R","M","T","R","E","?","E","?","R","B",null,"M","AVR","?","?","?","R","NM","M","T","E","M","$","E","?","R","B",null,"M","M","AVR","M","?","R","NM","M","T","T","?","?","$","E","R","B",null,"M","?","$","T","M","R","E","M","T","R","E","M","M","?","R","B",null,"M","$","?","$","T","E","R","T","T","?","AVR","E","?","M","R","B",null,"M","T","M","?","?","NM","T","T","T","T","?","?","E","T","R","B",null,"R","$","E","B",null],"character_chosen":"IRONCLAD","items_purchased":["Boot","Happy Flower","Flex","Fire Potion","Impervious","PowerPotion","HandDrill","Strength Potion","Paper Frog","Seeing Red","Membership Card","Omamori","Shrug It Off+1","Strength Potion","Impervious+1","Kunai","PowerPotion","LiquidBronze","Lee\u0027s Waffle","Anchor","Shovel","Pen Nib","infinitespire:EmpoweringShard","DollysMirror","Unceasing Top","PowerPotion","HornCleat","Heavy Blade+1"],"campfire_rested":2,"item_purchase_floors":[5,5,11,11,19,19,36,36,53,53,80,80,80,80,98,98,98,98,105,105,121,121,123,123,155,155,155,155],"current_hp_per_floor":[80,60,60,60,60,60,31,37,37,61,61,59,59,66,66,27,80,68,68,68,76,76,76,46,70,70,70,80,53,80,80,80,65,80,80,80,74,74,80,80,80,80,80,80,80,80,80,70,70,29,80,84,84,84,73,73,45,45,55,55,55,54,54,82,82,82,87,87,87,87,87,87,70,70,52,49,49,71,82,82,98,98,98,96,98,83,94,94,96,85,85,88,90,90,90,90,63,78,111,111,82,111,111,111,115,115,112,112,115,115,115,115,115,115,118,111,111,118,118,118,118,118,118,124,134,134,140,146,146,146,146,140,143,143,146,146,146,146,149,149,149,149,155,155,155,155,161,161,161,167,167,167,167,167,167,167,163],"gold":957,"neow_bonus":"TWO_FIFTY_GOLD","is_daily":false,"chose_seed":false,"campfire_upgraded":17,"win_rate":0.0,"timestamp":1610896789,"path_taken":["M","?","?","M","$","R","E","?","T","R","$","E","?","?","R","BOSS","M","$","?","?","?","R","E","R","T","?","M","E","?","M","R","BOSS","M","$","M","AVR","?","R","?","M","T","NM","R","?","E","M","R","BOSS","M","?","$","?","AVR","E","R","M","T","R","E","?","E","?","R","BOSS","M","AVR","?","?","?","R","NM","M","T","E","?","$","E","?","R","BOSS","M","M","AVR","M","?","R","NM","M","T","?","?","?","$","E","R","BOSS","M","?","$","?","M","R","E","M","T","R","E","M","M","?","R","BOSS","M","$","?","?","?","E","R","?","T","?","AVR","E","?","M","R","BOSS","M","?","M","?","?","NM","?","?","T","?","?","?","E","?","R","BOSS","R","$","E","BOSS"],"items_purchased_type":["Relic","Relic","Card","Potion","Card","Potion","Relic","Potion","Relic","Card","Relic","Relic","Card","Potion","Card","Relic","Potion","Potion","Relic","Relic","Relic","Relic","Relic","Relic","Relic","Potion","Relic","Card"],"build_version":"2020-12-13","purchased_purges":11,"victory":true,"max_hp_per_floor":[80,80,80,80,80,80,80,80,80,80,80,80,80,80,80,80,80,80,80,80,80,80,80,80,80,80,80,80,80,80,80,80,80,80,80,80,80,80,80,80,80,80,80,80,80,80,80,80,80,80,80,84,84,84,84,84,87,87,87,87,87,87,87,87,87,87,87,87,87,87,87,87,92,92,95,95,95,95,95,95,98,98,98,98,98,98,101,101,104,111,111,111,111,111,111,111,111,111,111,111,111,111,111,111,115,115,115,115,115,115,115,115,115,115,118,118,118,118,118,118,118,118,118,124,134,134,140,146,146,146,146,146,146,146,146,146,146,146,149,149,149,149,155,155,155,155,161,161,161,167,167,167,167,167,167,167,167],"card_choices":[{"not_picked":["Body Slam","Bloodletting"],"picked":"Wild Strike","floor":1.0},{"not_picked":["Cleave","Warcry"],"picked":"Anger","floor":4.0},{"not_picked":["Brutality","Searing Blow"],"picked":"Shrug It Off","floor":7.0},{"not_picked":["Rage","Blood for Blood","True Grit"],"picked":"SKIP","floor":8.0},{"not_picked":["Havoc","Shrug It Off"],"picked":"Headbutt","floor":12.0},{"not_picked":["Fire Breathing","Cleave"],"picked":"Twin Strike","floor":14.0},{"not_picked":["Corruption","Impervious"],"picked":"Demon Form","floor":16.0},{"not_picked":["Pommel Strike","Havoc"],"picked":"Armaments","floor":18.0},{"not_picked":["Anger","Uppercut"],"picked":"Inflame","floor":21.0},{"not_picked":["Perfected Strike","Thunderclap+1"],"picked":"Battle Trance","floor":24.0},{"not_picked":["Anger","Dropkick","Body Slam"],"picked":"SKIP","floor":28.0},{"not_picked":["Body Slam","Headbutt"],"picked":"Reaper","floor":29.0},{"not_picked":["Iron Wave","Warcry+1"],"picked":"Seeing Red","floor":30.0},{"not_picked":["Whirlwind","Anger+1"],"picked":"Intimidate","floor":31.0},{"not_picked":["Fiend Fire","Reaper"],"picked":"Barricade","floor":33.0},{"not_picked":["Carnage+1","Iron Wave+1"],"picked":"Thunderclap","floor":35.0},{"not_picked":["Cleave","Havoc+1","Battle Trance+1"],"picked":"SKIP","floor":37.0},{"not_picked":["Pommel Strike","Thunderclap+1","Headbutt+1"],"picked":"SKIP","floor":42.0},{"not_picked":["infinitespire:DeathsTouch","infinitespire:Starlight"],"picked":"infinitespire:UltimateForm","floor":44.0},{"not_picked":["Headbutt","Perfected Strike","Intimidate+1"],"picked":"SKIP","floor":44.0},{"not_picked":["Berserk","True Grit+1"],"picked":"Flex","floor":47.0},{"not_picked":["True Grit+1","Body Slam+1"],"picked":"Sword Boomerang+1","floor":48.0},{"not_picked":["Juggernaut","Offering"],"picked":"Feed","floor":50.0},{"not_picked":["Pommel Strike","Fire Breathing","Rampage"],"picked":"SKIP","floor":52.0},{"not_picked":["Thunderclap","Headbutt","Wild Strike"],"picked":"SKIP","floor":57.0},{"not_picked":["Warcry","Uppercut","Anger"],"picked":"SKIP","floor":59.0},{"not_picked":["Warcry","Juggernaut+1","Evolve+1"],"picked":"SKIP","floor":62.0},{"not_picked":["Cleave","Perfected Strike","Thunderclap"],"picked":"SKIP","floor":64.0},{"not_picked":["Reaper","Barricade+1","Demon Form+1"],"picked":"Double Tap","floor":67.0},{"not_picked":["Body Slam","Armaments","Shockwave+1"],"picked":"Entrench","floor":75.0},{"not_picked":["Iron Wave","Dropkick","Perfected Strike","Brutality+1"],"picked":"SKIP","floor":76.0},{"not_picked":["Pommel Strike","Sever Soul","Thunderclap"],"picked":"Shrug It Off+1","floor":78.0},{"not_picked":["Battle Trance+1","Cleave+1","Warcry+1","Intimidate+1"],"picked":"SKIP","floor":79.0},{"not_picked":["Pommel Strike","Thunderclap+1","Clash"],"picked":"Brutality+1","floor":81.0},{"not_picked":["Demon Form+1","Fiend Fire","Barricade+1"],"picked":"Impervious+1","floor":84.0},{"not_picked":["infinitespire:DeathsTouch","infinitespire:Collect"],"picked":"infinitespire:Menacing","floor":85.0},{"not_picked":["Dropkick","Havoc+1","Iron Wave+1"],"picked":"Heavy Blade","floor":86.0},{"not_picked":["Anger","Cleave","Headbutt+1","Shrug It Off+1"],"picked":"SKIP","floor":87.0},{"not_picked":["Heavy Blade+1","Sever Soul","Battle Trance+1","Cleave"],"picked":"SKIP","floor":89.0},{"not_picked":["infinitespire:Punishment","infinitespire:Menacing"],"picked":"infinitespire:FutureSight","floor":90},{"not_picked":["Warcry+1","Sentinel+1","Anger"],"picked":"Sword Boomerang+1","floor":90},{"not_picked":["infinitespire:FinalStrike","infinitespire:Execution"],"picked":"infinitespire:Gouge","floor":92},{"not_picked":["Rupture+1","Twin Strike","Iron Wave","Heavy Blade"],"picked":"SKIP","floor":92},{"not_picked":["Pommel Strike","Burning Pact+1","Headbutt","Body Slam"],"picked":"SKIP","floor":93},{"not_picked":["infinitespire:Execution","infinitespire:Punishment"],"picked":"infinitespire:Collect","floor":97},{"not_picked":["Shockwave+1","Bludgeon","Fire Breathing+1","Headbutt"],"picked":"SKIP","floor":99},{"not_picked":["Offering+1","Corruption+1","Barricade+1"],"picked":"Limit Break+1","floor":101},{"not_picked":["Heavy Blade","Perfected Strike","True Grit+1"],"picked":"Entrench+1","floor":103},{"not_picked":["Perfected Strike","Inflame+1","Anger","Burning Pact+1"],"picked":"SKIP","floor":103},{"not_picked":["Pommel Strike","Juggernaut+1","Ghostly Armor+1","Thunderclap"],"picked":"SKIP","floor":107},{"not_picked":["Perfected Strike","Shrug It Off+1","Pommel Strike","Thunderclap"],"picked":"SKIP","floor":107},{"not_picked":["Ghostly Armor+1","Spot Weakness+1","Battle Trance+1","Feel No Pain+1"],"picked":"SKIP","floor":109},{"not_picked":["Anger","True Grit+1","Rupture+1","Thunderclap"],"picked":"SKIP","floor":110},{"not_picked":["Pommel Strike","Perfected Strike","Shrug It Off+1","Body Slam"],"picked":"SKIP","floor":110},{"not_picked":["Dual Wield+1","Headbutt","Battle Trance+1"],"picked":"Limit Break+1","floor":113},{"not_picked":["Wild Strike","Anger","Flame Barrier+1","Warcry+1"],"picked":"SKIP","floor":114},{"not_picked":["Corruption+1","Ghostly Armor+1","Rampage","Clash"],"picked":"SKIP","floor":114},{"not_picked":["Iron Wave","Sword Boomerang","Twin Strike"],"picked":"Seeing Red+1","floor":115},{"not_picked":["Dropkick","Havoc+1","Cleave","Headbutt"],"picked":"SKIP","floor":115},{"not_picked":["Iron Wave","Whirlwind","Disarm+1","Armaments+1"],"picked":"SKIP","floor":120},{"not_picked":["Seeing Red+1","Armaments+1","Sever Soul","Twin Strike"],"picked":"SKIP","floor":120},{"not_picked":["Dropkick","Seeing Red+1","Body Slam"],"picked":"Pummel+1","floor":125},{"not_picked":["Twin Strike+1","Armaments+1","Pommel Strike","Limit Break+1"],"picked":"SKIP","floor":131},{"not_picked":["Sword Boomerang+1","Rage+1","Sentinel+1","Iron Wave"],"picked":"SKIP","floor":133},{"not_picked":["Hemokinesis","Anger+1","Flex+1","Warcry+1"],"picked":"SKIP","floor":133},{"not_picked":["Clash+1","Power Through+1","Shrug It Off+1","Feel No Pain+1"],"picked":"SKIP","floor":137},{"not_picked":["Evolve+1","Power Through+1","Infernal Blade+1","Fire Breathing+1"],"picked":"SKIP","floor":137},{"not_picked":["Perfected Strike","Body Slam","Clothesline+1","Pommel Strike"],"picked":"SKIP","floor":139},{"not_picked":["Sword Boomerang+1","True Grit+1","Uppercut","Anger+1"],"picked":"SKIP","floor":139},{"not_picked":["Searing Blow+1","Inflame+1","Brutality+1","Uppercut"],"picked":"SKIP","floor":142},{"not_picked":["Twin Strike+1","Clothesline+1","Blood for Blood","Spot Weakness+1"],"picked":"SKIP","floor":149},{"not_picked":["Juggernaut+1","Immolate+1","Demon Form+1"],"picked":"Limit Break+1","floor":152},{"not_picked":["Armaments+1","Feed+1","Flex+1"],"picked":"Pummel+1","floor":156},{"not_picked":["Double Tap+1","Berserk+1","Corruption+1"],"picked":"Impervious+1","floor":157}],"player_experience":71887,"relics_obtained":[{"floor":7.0,"key":"infinitespire:Lucky Rock"},{"floor":9.0,"key":"Orichalcum"},{"floor":12.0,"key":"Turnip"},{"floor":13.0,"key":"Blood Vial"},{"floor":24.0,"key":"infinitespire:Joker Card"},{"floor":24.0,"key":"Toy Ornithopter"},{"floor":26.0,"key":"War Paint"},{"floor":29.0,"key":"infinitespire:PuzzleCube"},{"floor":29.0,"key":"Nunchaku"},{"floor":34.0,"key":"Potion Belt"},{"floor":34.0,"key":"infinitespire:ShieldingShard"},{"floor":34.0,"key":"WingedGreaves"},{"floor":41.0,"key":"infinitespire:CursedDice"},{"floor":43.0,"key":"Shuriken"},{"floor":44.0,"key":"Whetstone"},{"floor":44.0,"key":"Smiling Mask"},{"floor":47.0,"key":"Sundial"},{"floor":47.0,"key":"infinitespire:Satchel"},{"floor":57.0,"key":"Frozen Egg 2"},{"floor":57.0,"key":"Self Forming Clay"},{"floor":60.0,"key":"Bottled Flame"},{"floor":62.0,"key":"PreservedInsect"},{"floor":62.0,"key":"StoneCalendar"},{"floor":64.0,"key":"Red Skull"},{"floor":64.0,"key":"Question Card"},{"floor":75.0,"key":"Matryoshka"},{"floor":75.0,"key":"Bag of Marbles"},{"floor":77.0,"key":"Bottled Tornado"},{"floor":77.0,"key":"Meat on the Bone"},{"floor":78.0,"key":"Toxic Egg 2"},{"floor":78.0,"key":"infinitespire:BottledMercury"},{"floor":81.0,"key":"Tiny Chest"},{"floor":81.0,"key":"Blood Vial"},{"floor":90,"key":"Old Coin"},{"floor":92,"key":"Regal Pillow"},{"floor":92,"key":"MealTicket"},{"floor":94,"key":"White Beast Statue"},{"floor":94,"key":"Juzu Bracelet"},{"floor":95,"key":"Prayer Wheel"},{"floor":99,"key":"Vajra"},{"floor":99,"key":"Darkstone Periapt"},{"floor":106,"key":"Dream Catcher"},{"floor":109,"key":"MawBank"},{"floor":109,"key":"Ancient Tea Set"},{"floor":111,"key":"Bag of Preparation"},{"floor":113,"key":"infinitespire:Eraser"},{"floor":113,"key":"Ginger"},{"floor":124,"key":"Mercury Hourglass"},{"floor":125,"key":"Pear"},{"floor":125,"key":"infinitespire:WardingShard"},{"floor":126,"key":"Oddly Smooth Stone"},{"floor":127,"key":"infinitespire:Midas Blood"},{"floor":128,"key":"Lantern"},{"floor":131,"key":"Bronze Scales"},{"floor":131,"key":"Mummified Hand"},{"floor":134,"key":"infinitespire:FocusingShard"},{"floor":140,"key":"Du-Vu Doll"},{"floor":142,"key":"Gremlin Horn"},{"floor":142,"key":"Bottled Lightning"},{"floor":143,"key":"Pantograph"},{"floor":149,"key":"infinitespire:Bottled Soul"},{"floor":149,"key":"Gambling Chip"},{"floor":150,"key":"Ornamental Fan"},{"floor":151,"key":"Molten Egg 2"},{"floor":154,"key":"InkBottle"},{"floor":156,"key":"Letter Opener"},{"floor":156,"key":"infinitespire:CheckeredPen"}],"event_choices":[{"damage_healed":0.0,"max_hp_gain":0.0,"max_hp_loss":0.0,"gold_gain":0.0,"event_name":"Golden Idol","player_choice":"Take Damage","floor":2.0,"gold_loss":0.0,"damage_taken":20.0,"relics_obtained":["Golden Idol"]},{"cards_removed":["Writhe"],"damage_healed":0.0,"max_hp_gain":0.0,"max_hp_loss":0.0,"gold_gain":0.0,"event_name":"Purifier","player_choice":"Purged","floor":3.0,"gold_loss":0.0,"damage_taken":0.0},{"cards_removed":["Defend_R"],"damage_healed":0.0,"max_hp_gain":0.0,"max_hp_loss":0.0,"gold_gain":0.0,"event_name":"Wheel of Change","player_choice":"Card Removal","floor":20.0,"gold_loss":0.0,"damage_taken":0.0},{"damage_healed":0.0,"max_hp_gain":0.0,"max_hp_loss":0.0,"gold_gain":0.0,"event_name":"Vampires","player_choice":"Became a vampire (Vial)","floor":22.0,"relics_lost":["Blood Vial"],"gold_loss":0.0,"damage_taken":0.0,"cards_obtained":["Bite","Bite","Bite","Bite","Bite"]},{"damage_healed":0.0,"max_hp_gain":0.0,"max_hp_loss":0.0,"gold_gain":0.0,"event_name":"FaceTrader","player_choice":"Trade","floor":27.0,"gold_loss":0.0,"damage_taken":0.0,"relics_obtained":["CultistMask"]},{"damage_healed":0.0,"max_hp_gain":0.0,"max_hp_loss":0.0,"gold_gain":0.0,"event_name":"MindBloom","player_choice":"Fight","floor":41.0,"gold_loss":0.0,"damage_taken":0.0},{"damage_healed":0.0,"max_hp_gain":0.0,"max_hp_loss":0.0,"gold_gain":0.0,"event_name":"The Woman in Blue","player_choice":"Bought 3 Potions","floor":46.0,"gold_loss":0.0,"damage_taken":0.0},{"damage_healed":0.0,"max_hp_gain":0.0,"max_hp_loss":0.0,"gold_gain":75.0,"event_name":"World of Goop","player_choice":"Gather Gold","floor":55.0,"gold_loss":0.0,"damage_taken":11.0},{"damage_healed":0.0,"max_hp_gain":0.0,"max_hp_loss":0.0,"gold_gain":175.0,"event_name":"Liars Game","player_choice":"AGREE","floor":63.0,"gold_loss":0.0,"damage_taken":0.0,"cards_obtained":["Doubt"]},{"cards_removed":["Bite"],"damage_healed":0.0,"max_hp_gain":0.0,"max_hp_loss":0.0,"gold_gain":0.0,"event_name":"Back to Basics","player_choice":"Elegance","floor":71.0,"gold_loss":0.0,"damage_taken":0.0},{"damage_healed":0.0,"max_hp_gain":0.0,"max_hp_loss":0.0,"gold_gain":99.0,"event_name":"Nest","player_choice":"Stole From Cult","floor":72.0,"gold_loss":0.0,"damage_taken":0.0},{"damage_healed":0.0,"max_hp_gain":5.0,"max_hp_loss":0.0,"gold_gain":0.0,"event_name":"Forgotten Altar","player_choice":"Shed Blood","floor":73.0,"gold_loss":0.0,"damage_taken":22.0},{"damage_healed":0.0,"max_hp_gain":0.0,"max_hp_loss":0.0,"gold_gain":0.0,"event_name":"Addict","player_choice":"Obtained Relic","floor":82.0,"gold_loss":85.0,"damage_taken":0.0,"relics_obtained":["Centennial Puzzle"]},{"damage_healed":0,"gold_gain":0,"player_choice":"Obtained Relic","damage_taken":0,"relics_obtained":["Strawberry"],"max_hp_gain":0,"max_hp_loss":0,"event_name":"Addict","floor":90,"gold_loss":85},{"damage_healed":0,"gold_gain":100,"player_choice":"Pray","damage_taken":0,"max_hp_gain":0,"max_hp_loss":0,"event_name":"Golden Shrine","floor":96,"gold_loss":0},{"damage_healed":0,"gold_gain":0,"player_choice":"Grow","damage_taken":0,"max_hp_gain":0,"max_hp_loss":0,"event_name":"Living Wall","floor":104,"gold_loss":0,"cards_upgraded":["Impervious"]},{"cards_removed":["Defend_R"],"damage_healed":0,"gold_gain":0,"player_choice":"Card Removal","damage_taken":7,"max_hp_gain":0,"max_hp_loss":0,"event_name":"Golden Wing","floor":116,"gold_loss":0},{"damage_healed":0,"gold_gain":0,"player_choice":"Ignored","damage_taken":0,"max_hp_gain":0,"max_hp_loss":0,"event_name":"NoteForYourself","floor":122,"gold_loss":0},{"damage_healed":0,"gold_gain":99,"player_choice":"Stole From Cult","damage_taken":0,"max_hp_gain":0,"max_hp_loss":0,"event_name":"Nest","floor":129,"gold_loss":0},{"damage_healed":0,"gold_gain":0,"player_choice":"","damage_taken":6,"max_hp_gain":0,"max_hp_loss":0,"event_name":"Knowing Skull","floor":132,"potions_obtained":[],"gold_loss":0,"cards_obtained":[]},{"damage_healed":0,"gold_gain":0,"player_choice":"Fight","damage_taken":0,"max_hp_gain":0,"max_hp_loss":0,"event_name":"MindBloom","floor":140,"gold_loss":0},{"damage_healed":0,"gold_gain":333,"player_choice":"Gave Idol","damage_taken":0,"max_hp_gain":0,"max_hp_loss":0,"event_name":"The Moai Head","floor":141,"relics_lost":["Golden Idol"],"gold_loss":0},{"damage_healed":39,"gold_gain":0,"player_choice":"Writhe","damage_taken":0,"max_hp_gain":0,"max_hp_loss":0,"event_name":"Winding Halls","floor":147,"gold_loss":0,"cards_obtained":["Writhe"]},{"damage_healed":0,"gold_gain":0,"player_choice":"Ignored","damage_taken":0,"max_hp_gain":0,"max_hp_loss":0,"event_name":"Tomb of Lord Red Mask","floor":148,"gold_loss":0}],"is_beta":false,"boss_relics":[{"not_picked":["Sozu","Tiny House"],"picked":"Black Star"},{"not_picked":["Black Blood","Runic Cube"],"picked":"Calling Bell"},{"not_picked":["SlaversCollar","Coffee Dripper"],"picked":"Philosopher\u0027s Stone"},{"not_picked":["Busted Crown","infinitespire:Cupcake"],"picked":"Astrolabe"},{"not_picked":["Sozu","Coffee Dripper"],"picked":"Empty Cage"},{"not_picked":["Runic Dome","Circlet"],"picked":"Cursed Key"},{"not_picked":["Runic Dome","Snecko Eye"],"picked":"Mark of Pain"},{"not_picked":["SlaversCollar","Runic Pyramid"],"picked":"Coffee Dripper"},{"not_picked":["Runic Cube","Velvet Choker"],"picked":"Fusion Hammer"}],"items_purged_floors":[5,19,36,38,80,98,105,121,123,130,155],"is_endless":true,"potions_floor_spawned":[4,8,14,21,24,28,31,33,35,39,42,50,52,62,64,78,79,81,87,90,93,99,101,103,107,109,110,113,114,115,118,120,125,131,133,135,137,139,140,142,149,152,156,157],"ascension_level":1}}