{"host":"ixenv8b8actib82w","time":1610889272,"event":{"mods":["Act Like it!","BaseMod","Conspire","Energized Spire","Hallownest","Hermit","Lobotomy","Minty Spire (QoL Compilation)","Replay The Spire","Spicy Shops","StSLib","The Blackbeard","The Cursed","The Gatherer","The Hierophant","The Marked","vexMod"],"gold_per_floor":[118,118,118,134,147,147,179,199,225,225,244,264,282,301,301,301,301],"floor_reached":16,"language":"ZHS","playtime":848,"items_purged":[],"score":106,"play_id":"5f570ed6-50b7-4d63-8460-d52ea0c9dd41","local_time":"20210117211432","is_ascension_mode":false,"campfire_choices":[{"data":"hermit:FlashPowder","floor":6,"key":"SMITH"},{"floor":10,"key":"REST"},{"floor":15,"key":"REST"}],"circlet_count":0,"master_deck":["hermit:Strike_Hermit","hermit:Strike_Hermit","hermit:Strike_Hermit","hermit:Strike_Hermit","hermit:Defend_Hermit","hermit:Defend_Hermit","hermit:Defend_Hermit","hermit:Defend_Hermit","hermit:Snapshot","hermit:Covet","Scorched","hermit:GoldenBullet","hermit:Purgatory","PunishingBird","hermit:FlashPowder+1","hermit:Deadeye","MHz","hermit:Maintenance","hermit:HighNoon","BeautyBeast","hermit:TakeCover","Laetitia","hermit:Vantage","hermit:Headshot"],"relics":["hermit:Momento","CogitoBucket","conspire:TopHat","Juzu Bracelet","ResearcherNote"],"acts_visited":["Exordium"],"potions_floor_usage":[11,13,14,16,16],"damage_taken":[{"damage":6,"enemies":"2 Louse","floor":1,"turns":2},{"damage":0,"enemies":"Cultist","floor":4,"turns":2},{"damage":10,"enemies":"Small Slimes","floor":5,"turns":3},{"damage":39,"enemies":"Gremlin Nob","floor":7,"turns":5},{"damage":9,"enemies":"3 Louse","floor":8,"turns":3},{"damage":18,"enemies":"2 Fungi Beasts","floor":11,"turns":4},{"damage":1,"enemies":"Large Slime","floor":12,"turns":3},{"damage":5,"enemies":"3 Louse","floor":13,"turns":3},{"damage":2,"enemies":"Exordium Thugs","floor":14,"turns":4},{"damage":34,"enemies":"Hexaghost","floor":16,"turns":10}],"seed_played":"5486108283659138824","potions_obtained":[{"floor":4,"key":"ColorlessPotion"},{"floor":7,"key":"PowerPotion"},{"floor":8,"key":"Milkshake"},{"floor":12,"key":"Energy Potion"},{"floor":14,"key":"Reflective Coating"}],"is_trial":false,"path_per_floor":["M","?","?","M","M","R","E","M","T","R","M","M","M","M","R","B"],"character_chosen":"HERMIT","items_purchased":[],"campfire_rested":2,"item_purchase_floors":[],"current_hp_per_floor":[69,69,69,69,59,59,20,11,11,33,15,14,9,11,33,0,0],"gold":301,"neow_bonus":"","is_daily":false,"chose_seed":false,"campfire_upgraded":1,"win_rate":0.0,"timestamp":1610889272,"path_taken":["M","?","?","M","M","R","E","?","T","R","M","M","M","M","R","BOSS"],"items_purchased_type":[],"build_version":"2020-12-22","purchased_purges":0,"victory":false,"max_hp_per_floor":[75,75,75,75,75,75,75,75,75,75,75,75,75,75,75,75,75],"card_choices":[{"not_picked":["Bloodbath","VoidDream"],"picked":"Scorched","floor":1},{"not_picked":["hermit:Vantage","hermit:Showdown"],"picked":"hermit:GoldenBullet","floor":1},{"not_picked":["Porccubus","LongBird","OSAHOGD"],"picked":"Singing Bowl","floor":4},{"not_picked":["hermit:ItchyTrigger","hermit:TrackingShot"],"picked":"hermit:Purgatory","floor":4},{"not_picked":["FairyFestival","Bloodbath"],"picked":"PunishingBird","floor":5},{"not_picked":["hermit:TrackingShot","hermit:Cheat"],"picked":"hermit:FlashPowder","floor":5},{"not_picked":["CherryBlossoms","FairyFestival","BeautyBeast"],"picked":"Singing Bowl","floor":7},{"not_picked":["hermit:Determination","hermit:BodyArmor"],"picked":"hermit:Deadeye","floor":7},{"not_picked":["Murderer","UniverseFragment","Scarecrow"],"picked":"Singing Bowl","floor":8},{"not_picked":["OSAHOGD","BeautyBeast"],"picked":"MHz","floor":8},{"not_picked":["hermit:Ricochet","hermit:Glare"],"picked":"hermit:Maintenance","floor":8},{"not_picked":["Alriune","OldLady","GalaxyChild"],"picked":"Singing Bowl","floor":11},{"not_picked":["hermit:Virtue","hermit:LowProfile"],"picked":"hermit:HighNoon","floor":11},{"not_picked":["Scarecrow","SingingMachine","Wellcheers"],"picked":"Singing Bowl","floor":12},{"not_picked":["CrumblingArmor","Murderer"],"picked":"BeautyBeast","floor":12},{"not_picked":["hermit:CursedWeapon","hermit:HighCaliber"],"picked":"hermit:TakeCover","floor":12},{"not_picked":["Bloodbath","HappyTeddy"],"picked":"Laetitia","floor":13},{"not_picked":["hermit:Glare","hermit:Snipe"],"picked":"hermit:Vantage","floor":13},{"not_picked":["Murderer","WallGazer","MeatLantern"],"picked":"Singing Bowl","floor":14},{"not_picked":["hermit:Determination","hermit:NoHoldsBarred"],"picked":"hermit:Headshot","floor":14}],"player_experience":163096,"relics_obtained":[{"floor":7,"key":"conspire:TopHat"},{"floor":9,"key":"Juzu Bracelet"}],"event_choices":[{"damage_healed":0,"gold_gain":0,"player_choice":"Ignored","damage_taken":0,"max_hp_gain":0,"max_hp_loss":0,"event_name":"Liars Game","floor":2,"gold_loss":0},{"damage_healed":0,"gold_gain":0,"player_choice":"Ignored","damage_taken":0,"max_hp_gain":0,"max_hp_loss":0,"event_name":"NoteForYourself","floor":3,"gold_loss":0}],"is_beta":false,"boss_relics":[],"items_purged_floors":[],"is_endless":false,"potions_floor_spawned":[4,7,8,12,14],"killed_by":"Hexaghost","ascension_level":0}}