{"host":"hjw1ay65n7jm40lc","time":1610845295,"event":{"mods":["AchievementEnabler","BaseMod","Block Reminder","Colored Map","Colored Powertips","Curses Come First","Downfall","Googly Eyes","Hermit","Highlight Path","Minty Spire (QoL Compilation)","Quick Restart","Relic Stats","StSLib"],"gold_per_floor":[99,112,112,112,262,272,299,310,343,355,390,410,435,271,282,380,380,280,293,293,393,408,408,408],"floor_reached":23,"language":"ENG","playtime":4942,"items_purged":["downfall:Icky"],"score":248,"play_id":"618968f8-c8b2-45e5-a0c5-1522ec48e132","local_time":"20210116200135","is_ascension_mode":true,"campfire_choices":[{"data":"bronze:Replicate","floor":1.0,"key":"SMITH"},{"data":"bronze:Repulsor","floor":18,"key":"SMITH"}],"circlet_count":0,"master_deck":["bronze:Strike","bronze:Strike","bronze:Strike+1","bronze:Strike","bronze:Defend+1","bronze:Defend+1","bronze:Defend+1","bronze:Defend","bronze:Replicate+1","bronze:Goto+1","bronze:DelayedSlice","bronze:Repulsor+1","bronze:CloningBeam","bronze:FollowUp","bronze:ClassDefault","bronze:HardenedForm","bronze:Philosophize","bronze:Iterate","bronze:Verify","bronze:Constructor+1"],"relics":["Runic Dome","War Paint","Boot","Bag of Marbles","InkBottle","bronze:MakeshiftBattery","downfall:HeartBlessingGreen","downfall:CloakOfManyFaces","CultistMask","FaceOfCleric","NlothsMask","GremlinMask","SsserpentHead"],"acts_visited":["Exordium","TheCity"],"potions_floor_usage":[11,13,15,16,16,21],"damage_taken":[{"damage":2.0,"enemies":"2 Louse","floor":2.0,"turns":3.0},{"damage":2.0,"enemies":"Small Slimes","floor":6.0,"turns":3.0},{"damage":0.0,"enemies":"Cultist","floor":8.0,"turns":3.0},{"damage":4.0,"enemies":"Lagavulin","floor":9.0,"turns":6.0},{"damage":0.0,"enemies":"3 Louse","floor":10.0,"turns":1.0},{"damage":3,"enemies":"3 Sentries","floor":11,"turns":6},{"damage":0,"enemies":"Blue Slaver","floor":12,"turns":3},{"damage":0,"enemies":"Gremlin Nob","floor":13,"turns":3},{"damage":0,"enemies":"downfall:FleeingMerchant","floor":14,"turns":4},{"damage":0,"enemies":"Lots of Slimes","floor":15,"turns":2},{"damage":27,"enemies":"IC_STATUS_ARCHETYPE","floor":16,"turns":5},{"damage":20,"enemies":"Spheric Guardian","floor":19,"turns":4},{"damage":15,"enemies":"downfall:FaceTrader","floor":21,"turns":6},{"damage":7,"enemies":"3 Byrds","floor":22,"turns":4},{"damage":30,"enemies":"Book of Stabbing","floor":23,"turns":4}],"seed_played":"992987690289245240","potions_obtained":[{"floor":8.0,"key":"sneckomod:MuddlingPotion"},{"floor":9.0,"key":"hexamod:SoulburnPotion"},{"floor":10.0,"key":"Swift Potion"},{"floor":11,"key":"PowerPotion"},{"floor":13,"key":"sneckomod:MuddlingPotion"},{"floor":15,"key":"Dexterity Potion"}],"is_trial":false,"path_per_floor":["R","M","?","?","?","M","T","M","E","M","E","M","E","$","M","B",null,"R","M","?","?","M","E"],"character_chosen":"THE_AUTOMATON","items_purchased":["bronze:Philosophize"],"campfire_rested":0,"item_purchase_floors":[14],"current_hp_per_floor":[70,68,68,68,68,66,66,66,62,62,59,59,59,59,59,32,70,70,50,50,35,29,0,0],"gold":408,"neow_bonus":"BOSS_RELIC","is_daily":false,"chose_seed":false,"campfire_upgraded":2,"win_rate":0.0,"timestamp":1610845295,"path_taken":["R","M","?","?","?","M","T","M","E","M","E","M","E","$","M","BOSS","R","M","?","?","M","E"],"items_purchased_type":["Card"],"build_version":"2020-12-22","purchased_purges":1,"victory":false,"max_hp_per_floor":[70,70,70,70,70,70,70,70,70,70,70,70,70,70,70,70,70,70,70,70,70,71,71,71],"relic_stats":{"SsserpentHead":0,"FaceOfCleric":1,"counters":[15,57],"War Paint":["bronze:Defend","bronze:Goto"],"Boot":[72],"obtain_stats":[{"bronze:BronzeCore":0,"downfall:HeartBlessingGreen":18,"GremlinMask":21,"War Paint":7,"Boot":9,"Runic Dome":0,"SsserpentHead":21,"FaceOfCleric":21,"CultistMask":21,"Bag of Marbles":11,"downfall:CloakOfManyFaces":21,"InkBottle":13,"bronze:MakeshiftBattery":17,"NlothsMask":21},{"bronze:BronzeCore":0,"downfall:HeartBlessingGreen":11,"GremlinMask":13,"War Paint":2,"Boot":4,"Runic Dome":0,"SsserpentHead":13,"FaceOfCleric":13,"CultistMask":13,"Bag of Marbles":6,"downfall:CloakOfManyFaces":13,"InkBottle":8,"bronze:MakeshiftBattery":11,"NlothsMask":13},{"bronze:BronzeCore":0,"downfall:HeartBlessingGreen":39,"GremlinMask":49,"War Paint":6,"Boot":15,"Runic Dome":0,"SsserpentHead":49,"FaceOfCleric":49,"CultistMask":49,"Bag of Marbles":22,"downfall:CloakOfManyFaces":49,"InkBottle":28,"bronze:MakeshiftBattery":39,"NlothsMask":49}],"InkBottle":[11]},"card_choices":[{"not_picked":["bronze:DarkDash","bronze:CutThrough"],"picked":"bronze:DelayedSlice","floor":2.0},{"not_picked":["bronze:FineTuning","bronze:WildBeam"],"picked":"bronze:Repulsor","floor":6.0},{"not_picked":["bronze:Fortify","bronze:Safeguard"],"picked":"bronze:CloningBeam","floor":8.0},{"not_picked":["bronze:FineTuning","bronze:Overload"],"picked":"bronze:FollowUp","floor":9.0},{"not_picked":["bronze:DelayedGuard","bronze:BuggyMess","bronze:BugBarrage"],"picked":"SKIP","floor":10.0},{"not_picked":["bronze:CutThrough","bronze:Repulsor"],"picked":"bronze:ClassDefault","floor":11},{"not_picked":["bronze:OilSpill","bronze:BitShift","bronze:Overheat"],"picked":"SKIP","floor":12},{"not_picked":["bronze:Overload","bronze:CutThrough","bronze:BuggyMess"],"picked":"SKIP","floor":13},{"not_picked":["bronze:AlphaBuild","bronze:Overheat"],"picked":"bronze:HardenedForm","floor":14},{"not_picked":["bronze:Frontload","bronze:ChosenStrike"],"picked":"bronze:Iterate","floor":15},{"not_picked":["bronze:Virus","bronze:ShipIt"],"picked":"bronze:Verify","floor":16},{"not_picked":["bronze:Separator","bronze:WhirlingStrike"],"picked":"bronze:Constructor+1","floor":19},{"not_picked":["bronze:Repulsor","bronze:CutThrough","bronze:Overload"],"picked":"SKIP","floor":22}],"player_experience":883863,"relics_obtained":[{"floor":7.0,"key":"War Paint"},{"floor":9.0,"key":"Boot"},{"floor":11,"key":"Bag of Marbles"},{"floor":13,"key":"InkBottle"},{"floor":21,"key":"downfall:CloakOfManyFaces"}],"event_choices":[{"cards_removed":["downfall:Malfunctioning"],"damage_healed":0.0,"max_hp_gain":0.0,"max_hp_loss":0.0,"gold_gain":0.0,"event_name":"The Cleric","player_choice":"Card Removal","floor":4.0,"gold_loss":0.0,"damage_taken":0.0},{"damage_healed":0,"gold_gain":0,"player_choice":"Ignored","damage_taken":0,"max_hp_gain":0,"max_hp_loss":0,"event_name":"Vampires","floor":20,"gold_loss":0}],"is_beta":false,"boss_relics":[{"not_picked":["SlaversCollar","Velvet Choker"],"picked":"bronze:MakeshiftBattery"}],"items_purged_floors":[14],"is_endless":false,"potions_floor_spawned":[8,9,10,11,13,15],"killed_by":"Book of Stabbing","ascension_level":1}}