{"host":"miejrq8yypas90n2","time":1610896257,"event":{"mods":["100% Spire Juice","Act Like it!","BaseMod","Colored Powertips","Gensokyo","Marisa£®ÏF”Í°°ƒß¿Ì…≥£©","Minty Spire (QoL Compilation)","Reimu£®≤©¿ˆ¡È√Œ£©","StSLib","The Gatherer"],"gold_per_floor":[114,131,146,96,110,110,136,151,151,176,176,176,211,211,211,312,312,322,333,347,365,143,143,176,176,176,56,83,83,117,126,126,239,239,266,288,297,297,297],"floor_reached":38,"language":"ZHS","playtime":2685,"items_purged":["Strike_MRS"],"score":596,"play_id":"42732fd5-f513-458e-8f0d-3bc155f03c8f","local_time":"20210117231057","is_ascension_mode":true,"campfire_choices":[{"data":"MagicChant","floor":6.0,"key":"SMITH"},{"data":"Gensokyo:BlessingOfConstitution","floor":12.0,"key":"SMITH"},{"data":"Acceleration","floor":15.0,"key":"SMITH"},{"data":"MilkyWay","floor":23.0,"key":"SMITH"},{"data":"BlazingStar","floor":25.0,"key":"SMITH"},{"data":"BlazeAway","floor":32.0,"key":"SMITH"}],"circlet_count":0,"master_deck":["Strike_MRS","Strike_MRS","Strike_MRS","Defend_MRS","Defend_MRS","Defend_MRS","Defend_MRS","MasterSpark","UpSweep","Acceleration+1","6A","EarthLightRay+1","Gensokyo:BlessingOfConstitution+1","MagicChant+1","AsteroidBelt","PropBag","StarlightTyphoon","ShootTheMoon","BlazingStar+1","Acceleration","PowerUp+1","MilkyWay+1","GasGiant+1","BlazeAway+1","Orbital","UltimateShortwave","MysteriousBeam","WitchLeyline","Gensokyo:RPG"],"relics":["MiniHakkero","Oddly Smooth Stone","SproutingBranch","WingedGreaves","Shovel","Cursed Key","Medical Kit","CeramicFish","Gensokyo:FoxMask","The Courier","Strawberry","RedLine:ReiMu","AmplifyWand"],"acts_visited":["Gensokyo:Gensokyo","Gensokyo:Gensokyoer","Gensokyo:Gensokyoest"],"potions_floor_usage":[],"damage_taken":[{"damage":2.0,"enemies":"Gensokyo:2_Kodama","floor":1.0,"turns":4.0},{"damage":6.0,"enemies":"Gensokyo:Gryphon","floor":2.0,"turns":3.0},{"damage":2.0,"enemies":"Gensokyo:Python","floor":3.0,"turns":3.0},{"damage":9.0,"enemies":"Gensokyo:2_Rabbits","floor":5.0,"turns":5.0},{"damage":30.0,"enemies":"Gensokyo:Aya","floor":7.0,"turns":7.0},{"damage":1.0,"enemies":"Gensokyo:3_Kodama","floor":8.0,"turns":7.0},{"damage":45.0,"enemies":"Gensokyo:Cirno","floor":10.0,"turns":8.0},{"damage":32.0,"enemies":"Gensokyo:Aya","floor":13.0,"turns":6.0},{"damage":29.0,"enemies":"Gensokyo:Yukari","floor":16.0,"turns":13.0},{"damage":2.0,"enemies":"Gensokyo:CosmicMonolith","floor":18.0,"turns":3.0},{"damage":0.0,"enemies":"Gensokyo:2_Gloops","floor":19.0,"turns":5.0},{"damage":25.0,"enemies":"Gensokyo:Mirror_and_Dog","floor":20.0,"turns":6.0},{"damage":39.0,"enemies":"Gensokyo:Chomper_and_Gloop","floor":21.0,"turns":6.0},{"damage":10.0,"enemies":"Gensokyo:Reisen","floor":24.0,"turns":6.0},{"damage":20.0,"enemies":"Gensokyo:Tenshi","floor":28.0,"turns":4.0},{"damage":0.0,"enemies":"Gensokyo:Monolith_and_Dog","floor":29.0,"turns":1.0},{"damage":44.0,"enemies":"Gensokyo:Reisen","floor":30.0,"turns":6.0},{"damage":39.0,"enemies":"Gensokyo:Eternal_Rivals","floor":33.0,"turns":11.0},{"damage":29.0,"enemies":"Gensokyo:3_Boulders","floor":35.0,"turns":5.0},{"damage":2,"enemies":"Gensokyo:AncientGuardian","floor":36,"turns":3},{"damage":89,"enemies":"Gensokyo:Rafflesia","floor":38,"turns":8}],"seed_played":"-2854670926542830864","potions_obtained":[{"floor":0.0,"key":"SmokeBomb"},{"floor":0.0,"key":"EssenceOfSteel"},{"floor":0.0,"key":"LiquidBronze"},{"floor":13.0,"key":"Fire Potion"},{"floor":18.0,"key":"SpeedPotion"},{"floor":30.0,"key":"SpeedPotion"},{"floor":35.0,"key":"Energy Potion"}],"is_trial":false,"path_per_floor":["M","M","M","?","M","R","E","M","T","E","?","R","E","?","R","B",null,"M","M","M","M","$","R","E","R","T","?","E","M","E","?","R","B",null,"M","M","?","M"],"character_chosen":"MARISA","items_purchased":["Medical Kit"],"campfire_rested":0,"item_purchase_floors":[22],"current_hp_per_floor":[66,60,58,58,53,53,27,30,30,16,39,39,38,38,38,30,64,75,75,60,42,42,42,53,53,53,53,51,57,41,41,41,23,67,58,71,71,0,0],"gold":297,"neow_bonus":"THREE_SMALL_POTIONS","is_daily":false,"chose_seed":false,"campfire_upgraded":6,"win_rate":0.0,"timestamp":1610896257,"path_taken":["M","M","M","?","?","R","E","M","T","E","?","R","E","?","R","BOSS","M","M","M","?","$","R","E","R","T","?","E","M","E","?","R","BOSS","M","?","?","M"],"items_purchased_type":["Relic"],"build_version":"2020-12-22","purchased_purges":1,"victory":false,"max_hp_per_floor":[75,75,75,75,75,75,75,75,75,75,75,75,75,75,75,75,75,75,75,75,75,75,75,75,75,75,75,75,75,82,82,82,82,82,82,82,82,82,82],"card_choices":[{"not_picked":["Occultation","PowerUp"],"picked":"Acceleration","floor":1.0},{"not_picked":["PowerUp","OneTimeOff"],"picked":"6A","floor":2.0},{"not_picked":["UnstableBomb","Acceleration"],"picked":"EarthLightRay","floor":3.0},{"not_picked":["DC","DragonMeteor"],"picked":"MagicChant","floor":5.0},{"not_picked":["PowerUp","IllusionStar"],"picked":"AsteroidBelt","floor":7.0},{"not_picked":["6A","GrandCross"],"picked":"PropBag","floor":8.0},{"not_picked":["AsteroidBelt","EnergyFlow"],"picked":"StarlightTyphoon","floor":10.0},{"not_picked":["MagicAbsorber","DC"],"picked":"ShootTheMoon","floor":13.0},{"not_picked":["BigCrunch","CollectingQuirk"],"picked":"BlazingStar","floor":16.0},{"not_picked":["EnergyFlow","DarkMatter"],"picked":"Acceleration","floor":18.0},{"not_picked":["Occultation+1","IllusionStar"],"picked":"PowerUp+1","floor":19.0},{"not_picked":["Acceleration","GravityBeat"],"picked":"MilkyWay","floor":20.0},{"not_picked":["IllusionStar","GalacticHalo"],"picked":"GasGiant+1","floor":21.0},{"not_picked":["OpenUniverse+1","DoubleSpark","WitchOfGreed"],"picked":"SKIP","floor":24.0},{"not_picked":["OpenUniverse","ChargeUpSpray","6A"],"picked":"SKIP","floor":28.0},{"not_picked":["IllusionStar","Acceleration+1"],"picked":"BlazeAway","floor":30.0},{"not_picked":["SatelliteIllusion","BigCrunch"],"picked":"UltimateShortwave","floor":33.0},{"not_picked":["OortCloud","SporeBomb"],"picked":"MysteriousBeam","floor":35.0},{"not_picked":["UnstableBomb","OrrerysSun"],"picked":"WitchLeyline","floor":36}],"player_experience":271354,"relics_obtained":[{"floor":7.0,"key":"Oddly Smooth Stone"},{"floor":9.0,"key":"SproutingBranch"},{"floor":10.0,"key":"WingedGreaves"},{"floor":13.0,"key":"Shovel"},{"floor":24.0,"key":"CeramicFish"},{"floor":28.0,"key":"The Courier"},{"floor":30.0,"key":"Strawberry"}],"event_choices":[],"is_beta":false,"boss_relics":[{"not_picked":["Runic Pyramid","Ectoplasm"],"picked":"Cursed Key"},{"not_picked":["SacredBark","Velvet Choker"],"picked":"RedLine:ReiMu"}],"items_purged_floors":[22],"is_endless":false,"potions_floor_spawned":[1,3,5,13,18,20,24,29,30,35],"killed_by":"Gensokyo:Rafflesia","ascension_level":6}}