{"host":"0rxdudjy6rylha1k","time":1610924188,"event":{"mods":["Aspiration","BaseMod","Colored Map","Colored Powertips","Downfall","Highlight Path","Hubris","Minty Spire (QoL Compilation)","StSLib"],"gold_per_floor":[99,118,118,137,147,47,47,47,84,96,131,144,144,319,336,433,433,433,449,469,569,581,581,581,581,614,614,627,273,273,288,303,404,404,404,423,423,423,423,438,462,474,486,499,499,613,613,633,650,650],"floor_reached":51,"language":"ENG","playtime":5498,"items_purged":[],"score":698,"play_id":"4218f1c9-e97f-4faa-9103-ed01d3f13e6a","local_time":"20210117155628","is_ascension_mode":false,"campfire_choices":[{"floor":1.0,"key":"RECALL"},{"data":"bronze:Flail","floor":6.0,"key":"SMITH"},{"data":"bronze:Separator","floor":8.0,"key":"SMITH"},{"data":"bronze:ItsAFeature","floor":13.0,"key":"SMITH"},{"data":"bronze:Constructor","floor":18.0,"key":"SMITH"},{"floor":23.0,"key":"REST"},{"floor":27.0,"key":"REST"},{"data":"J.A.X.","floor":35,"key":"SMITH"},{"data":"Bite","floor":45,"key":"SMITH"},{"data":"Bite","floor":47,"key":"SMITH"}],"circlet_count":0,"master_deck":["bronze:Defend","bronze:Defend","bronze:Defend","bronze:Replicate","bronze:Goto","bronze:Separator+1","bronze:WhirlingStrike","bronze:Flail+1","bronze:GetLatest","bronze:Constructor+1","bronze:CutThrough","bronze:ItsAFeature+1","bronze:ChosenStrike","J.A.X.+1","bronze:Terminator","bronze:Backtrace","bronze:Optimize","bronze:FineTuning","bronze:Iterate","bronze:DelayedSlice+1","bronze:Optimize","Bite+1","Bite+1","Bite","Bite","Bite","Slimebound:Recollect","Secret Technique","Madness","expansioncontent:YouAreMine","expansioncontent:AwakenDeath","expansioncontent:AwakenDeath","Fire Breathing"],"relics":["Runic Pyramid","hubris:Icosahedron","downfall:HeartBlessingRed","HornCleat","hubris:Potato","sneckomod:SneckoTalon","MutagenicStrength","hexamod:CandleOfCauterizing","Guardian:PocketSentry","Oddly Smooth Stone","PrismaticShard","aspiration:IroncladSkillbook","hubris:Towel","Boot","Pen Nib"],"acts_visited":["Exordium","TheCity","TheBeyond"],"potions_floor_usage":[50,50,50],"damage_taken":[{"damage":1.0,"enemies":"2 Louse","floor":2.0,"turns":3.0},{"damage":0.0,"enemies":"Small Slimes","floor":4.0,"turns":3.0},{"damage":1.0,"enemies":"Jaw Worm","floor":5.0,"turns":3.0},{"damage":0.0,"enemies":"downfall:FleeingMerchant","floor":9.0,"turns":4.0},{"damage":5.0,"enemies":"Exordium Thugs","floor":10.0,"turns":3.0},{"damage":0.0,"enemies":"Lagavulin","floor":11.0,"turns":5.0},{"damage":1.0,"enemies":"3 Louse","floor":12.0,"turns":2.0},{"damage":2.0,"enemies":"Blue Slaver","floor":15.0,"turns":2.0},{"damage":2.0,"enemies":"IC_STATUS_ARCHETYPE","floor":16.0,"turns":6.0},{"damage":0.0,"enemies":"3 Byrds","floor":19.0,"turns":4.0},{"damage":0.0,"enemies":"Spheric Guardian","floor":20.0,"turns":3.0},{"damage":10.0,"enemies":"downfall:Augmenter","floor":21.0,"turns":6.0},{"damage":5.0,"enemies":"Cultist and Chosen","floor":22.0,"turns":2.0},{"damage":22.0,"enemies":"Slavers","floor":26.0,"turns":3.0},{"damage":0.0,"enemies":"Snake Plant","floor":28.0,"turns":3.0},{"damage":0.0,"enemies":"downfall:FleeingMerchant","floor":29.0,"turns":4.0},{"damage":4.0,"enemies":"Shelled Parasite and Fungi","floor":31.0,"turns":3.0},{"damage":0.0,"enemies":"Centurion and Healer","floor":32.0,"turns":4.0},{"damage":3.0,"enemies":"DF_ARCHETYPE_CLAW","floor":33.0,"turns":7.0},{"damage":10,"enemies":"3 Shapes","floor":36,"turns":2},{"damage":0,"enemies":"Orb Walker","floor":40,"turns":2},{"damage":6,"enemies":"3 Darklings","floor":42,"turns":4},{"damage":22,"enemies":"Writhing Mass","floor":43,"turns":3},{"damage":0,"enemies":"4 Shapes","floor":44,"turns":4},{"damage":0,"enemies":"downfall:FleeingMerchant","floor":46,"turns":1},{"damage":6,"enemies":"Maw","floor":48,"turns":6},{"damage":21,"enemies":"Writhing Mass","floor":49,"turns":3},{"damage":58,"enemies":"WA_ARCHETYPE_DIVINITY","floor":50,"turns":7}],"seed_played":"-7638420840157324304","potions_obtained":[{"floor":2.0,"key":"PowerPotion"},{"floor":10.0,"key":"LiquidBronze"},{"floor":12.0,"key":"AttackPotion"},{"floor":19.0,"key":"SkillPotion"},{"floor":21.0,"key":"Strength Potion"},{"floor":22.0,"key":"Energy Potion"},{"floor":32.0,"key":"SkillPotion"},{"floor":40,"key":"Explosive Potion"},{"floor":42,"key":"SteroidPotion"},{"floor":44,"key":"Fire Potion"}],"is_trial":false,"path_per_floor":["R","M","?","M","M","R","T","R","$","M","E","M","R","?","M","B",null,"R","M","M","?","M","R","T","?","E","R","M","$","?","M","M","B",null,"R","M","?","?","?","M","T","M","M","M","R","$","R","M","M","B",null],"character_chosen":"THE_AUTOMATON","items_purchased":["bronze:Constructor","Oddly Smooth Stone","bronze:Optimize","PrismaticShard","Fire Breathing","Pen Nib"],"campfire_rested":2,"item_purchase_floors":[9,29,29,29,46,46],"current_hp_per_floor":[70,69,69,69,68,68,68,68,68,63,63,62,62,62,60,58,70,70,70,70,60,55,70,70,70,48,69,69,69,49,49,49,49,49,49,47,37,37,37,43,43,45,33,39,39,43,43,49,34,24],"gold":650,"neow_bonus":"BOSS_RELIC","is_daily":false,"chose_seed":false,"campfire_upgraded":7,"win_rate":0.0,"timestamp":1610924188,"path_taken":["R","M","?","M","M","R","T","R","$","M","E","M","R","?","M","BOSS","R","M","M","?","M","R","T","?","E","R","M","$","?","?","M","BOSS","R","M","?","?","?","M","T","M","M","M","R","$","R","?","M","BOSS"],"items_purchased_type":["Card","Relic","Card","Relic","Card","Relic"],"build_version":"2020-12-22","purchased_purges":0,"victory":true,"max_hp_per_floor":[70,70,70,70,70,70,70,70,70,70,70,70,70,70,70,70,70,70,70,70,70,70,70,70,70,70,70,70,70,49,49,49,49,49,49,49,49,49,49,49,49,49,49,49,49,49,49,49,49,49],"card_choices":[{"not_picked":["bronze:NullPointer","bronze:OilSpill"],"picked":"bronze:Separator","floor":2.0},{"not_picked":["bronze:Branch","bronze:BitShift"],"picked":"bronze:WhirlingStrike","floor":4.0},{"not_picked":["bronze:OilSpill","bronze:WildBeam"],"picked":"bronze:Flail","floor":5.0},{"not_picked":["bronze:Backtrace","bronze:Turbo"],"picked":"bronze:GetLatest","floor":9.0},{"not_picked":["bronze:MaxOutput","bronze:FollowUp","bronze:Overheat"],"picked":"SKIP","floor":10.0},{"not_picked":["bronze:DelayedGuard","bronze:Frontload"],"picked":"bronze:CutThrough","floor":11.0},{"not_picked":["bronze:BitShift","bronze:WildBeam"],"picked":"bronze:ItsAFeature","floor":12.0},{"not_picked":["bronze:WildBeam","bronze:OilSpill","bronze:Turbo"],"picked":"SKIP","floor":15.0},{"not_picked":["bronze:FindAndReplace","bronze:Break"],"picked":"bronze:BurnOut","floor":16.0},{"not_picked":["bronze:Overheat","bronze:CutThrough"],"picked":"bronze:ChosenStrike","floor":19.0},{"not_picked":["bronze:BronzeArmor+1","bronze:Flail","bronze:CutThrough"],"picked":"SKIP","floor":20.0},{"not_picked":[],"picked":"J.A.X.","floor":21.0},{"not_picked":["bronze:Constructor+1","bronze:Flail"],"picked":"bronze:Terminator","floor":21.0},{"not_picked":["bronze:Return","bronze:BuggyMess","bronze:NullPointer"],"picked":"SKIP","floor":22.0},{"not_picked":["bronze:DelayedSlice","bronze:Safeguard"],"picked":"bronze:FineTuning","floor":26.0},{"not_picked":["bronze:Repulsor","bronze:Frontload+1"],"picked":"bronze:Iterate","floor":28.0},{"not_picked":["bronze:Safeguard","bronze:Branch"],"picked":"bronze:DelayedSlice+1","floor":29.0},{"not_picked":["Sever Soul","sneckomod:UnknownUncommonSkill","Crescendo"],"picked":"SKIP","floor":31.0},{"not_picked":["bronze:Allocate","hexamod:Hexaguard"],"picked":"Slimebound:Recollect","floor":32.0},{"not_picked":["Violence","champ:LastStand"],"picked":"Secret Technique","floor":33.0},{"not_picked":["Guardian:Recover","champ:CrownThrow+1","Compile Driver"],"picked":"Madness","floor":36},{"not_picked":["expansioncontent:Hexaburn","expansioncontent:LastStand","expansioncontent:PolyBeam"],"picked":"expansioncontent:YouAreMine","floor":37},{"not_picked":["expansioncontent:LastStand","expansioncontent:YouAreMine","expansioncontent:Chronoboost"],"picked":"expansioncontent:AwakenDeath","floor":37},{"not_picked":["expansioncontent:Hexaburn","expansioncontent:YouAreMine","expansioncontent:PolyBeam"],"picked":"expansioncontent:AwakenDeath","floor":37},{"not_picked":["sneckomod:DiceBlock+1","hexamod:ShieldOfDarkness+1","Heel Hook+1","Guardian:ChargeCore+1"],"picked":"SKIP","floor":40},{"not_picked":["hexamod:DynamicBlow+1","Slimebound:SplitLeeching","Pommel Strike","sneckomod:UnknownCommonSkill"],"picked":"SKIP","floor":42},{"not_picked":["Protect+1","Slimebound:SplitMire+1","bronze:MaxOutput+1","sneckomod:SoulDraw+1"],"picked":"SKIP","floor":43},{"not_picked":["Guardian:Incinerate","sneckomod:UnknownClassGREEN+1","Compile Driver+1","sneckomod:UnknownUncommonSkill+1"],"picked":"SKIP","floor":44},{"not_picked":["Guardian:ShieldCharger","Slimebound:MinionMaster","Consecrate","hexamod:ExtraCrispy+1"],"picked":"SKIP","floor":46},{"not_picked":["Pommel Strike","Guardian:VentSteam","Quick Slash","Secret Weapon"],"picked":"SKIP","floor":48},{"not_picked":["Guardian:Gem_Lightblue","Guardian:CrystalBeam+1","FTL","Prepared"],"picked":"SKIP","floor":49}],"player_experience":2549744,"relics_obtained":[{"floor":7.0,"key":"HornCleat"},{"floor":11.0,"key":"hubris:Potato"},{"floor":21.0,"key":"MutagenicStrength"},{"floor":24.0,"key":"hexamod:CandleOfCauterizing"},{"floor":26.0,"key":"Guardian:PocketSentry"},{"floor":41,"key":"Boot"}],"event_choices":[{"damage_healed":0.0,"max_hp_gain":0.0,"max_hp_loss":21.0,"gold_gain":0.0,"event_name":"Vampires","player_choice":"Became a vampire","floor":30.0,"gold_loss":0.0,"damage_taken":0.0,"cards_obtained":["Bite","Bite","Bite","Bite","Bite"]},{"cards_removed":["bronze:Defend"],"damage_healed":0,"gold_gain":0,"player_choice":"Removed Skill","damage_taken":0,"max_hp_gain":0,"max_hp_loss":0,"event_name":"Falling","floor":39,"gold_loss":0}],"is_beta":false,"boss_relics":[{"not_picked":["Cursed Key","SlaversCollar"],"picked":"sneckomod:SneckoTalon"},{"not_picked":["Coffee Dripper","hubris:VirtuousBlindfold"],"picked":"aspiration:IroncladSkillbook"}],"items_purged_floors":[],"is_endless":false,"potions_floor_spawned":[2,10,12,19,21,22,32,40,42,44,49],"ascension_level":0}}