{"host":"38abhf7uonnoqlzr","time":1610903831,"event":{"mods":["Act Like it!","Aspiration","BaseMod","Beaked The Cultist","Better Note","Better Third Choice","Block Reminder","CapriCore","Colored Map","Conspire","Displayed Cursed Tome","Dota2Spire","Energized Spire","Friendly Minions","Hallownest","Hubris","Minty Spire (QoL Compilation)","Pale of the Ancients","Rare Cards Sparkle","Relic Stats","Replay The Spire","Spicy Shops","StSLib","Waifu the Spire"],"gold_per_floor":[39,39,79,112,124,124,159,190,213,227,227,298,298,333,333,333,333],"floor_reached":16,"language":"ENG","playtime":1405,"items_purged":[],"score":106,"play_id":"a39d2dc4-9b7d-4ab3-8174-4054beaf808c","local_time":"20210117181711","is_ascension_mode":false,"campfire_choices":[{"data":"beaked:MimicMachine","floor":6.0,"key":"SMITH"},{"data":"beaked:WarriorSpirit","floor":13,"key":"SMITH"},{"data":"beaked:MachineEssence","floor":15,"key":"SMITH"}],"circlet_count":0,"master_deck":["beaked:Strike_Y","beaked:Strike_Y+1","beaked:Strike_Y","beaked:Strike_Y","beaked:Strike_Y","beaked:Strike_Y","beaked:Defend_Y","beaked:Defend_Y","beaked:Defend_Y","beaked:Defend_Y","beaked:Ceremony","beaked:Ceremony","beaked:Ceremony","HandOfGreed","beaked:Overexert","beaked:Recite","beaked:Evade","beaked:MimicMachine+1","beaked:DigDeep","beaked:Hexing","beaked:WarriorSpirit+1","Pain","beaked:Devastation","beaked:MachineEssence+1"],"relics":["beaked:MendingPlumage","Vajra","WarpedTongs","Mercury Hourglass"],"acts_visited":["Exordium"],"potions_floor_usage":[16],"damage_taken":[{"damage":8.0,"enemies":"conspire:RoseBush","floor":1.0,"turns":4.0},{"damage":22.0,"enemies":"Small Slimes","floor":3.0,"turns":5.0},{"damage":5.0,"enemies":"Cultist","floor":4.0,"turns":4.0},{"damage":40.0,"enemies":"Exordium Thugs","floor":5.0,"turns":7.0},{"damage":9.0,"enemies":"Exordium Wildlife","floor":7.0,"turns":4.0},{"damage":17.0,"enemies":"Gremlin Gang","floor":8.0,"turns":5.0},{"damage":34.0,"enemies":"Red Slaver","floor":10.0,"turns":8.0},{"damage":41.0,"enemies":"3 Sentries","floor":12.0,"turns":8.0},{"damage":37,"enemies":"Large Slime","floor":14,"turns":5},{"damage":27,"enemies":"The Guardian","floor":16,"turns":2}],"seed_played":"5909465991438922864","potions_obtained":[{"floor":1.0,"key":"SkillPotion"},{"floor":4.0,"key":"AttackPotion"},{"floor":7.0,"key":"PowerPotion"},{"floor":8.0,"key":"EssenceOfSteel"}],"is_trial":false,"path_per_floor":["M","?","M","M","M","R","M","M","T","M","?","E","R","M","R","B"],"character_chosen":"BEAKED_THE_CULTIST","items_purchased":[],"campfire_rested":0,"item_purchase_floors":[],"current_hp_per_floor":[48,48,38,46,24,24,29,35,35,31,31,22,22,19,19,0,0],"gold":333,"neow_bonus":"RANDOM_COLORLESS_2","is_daily":false,"chose_seed":false,"campfire_upgraded":3,"win_rate":0.0,"timestamp":1610903831,"path_taken":["M","?","M","M","M","R","M","M","T","M","?","E","R","?","R","BOSS"],"items_purchased_type":[],"build_version":"2020-12-22","purchased_purges":0,"victory":false,"max_hp_per_floor":[50,50,50,50,50,50,50,53,53,53,53,53,53,53,53,53,53],"relic_stats":{"counters":[10,52],"obtain_stats":[{"Vajra":9,"beaked:MendingPlumage":0,"WarpedTongs":11,"Mercury Hourglass":12},{"Vajra":6,"beaked:MendingPlumage":0,"WarpedTongs":7,"Mercury Hourglass":8},{"Vajra":29,"beaked:MendingPlumage":0,"WarpedTongs":37,"Mercury Hourglass":45}],"WarpedTongs":[15],"Mercury Hourglass":[24]},"card_choices":[{"not_picked":["Violence","hubris:EnhanceAbility"],"picked":"HandOfGreed","floor":0.0},{"not_picked":["beaked:Replenish","beaked:Tweet"],"picked":"beaked:Overexert","floor":1.0},{"not_picked":["ReplayTheSpireMod:RavenHex","beaked:Resilience"],"picked":"beaked:Recite","floor":3.0},{"not_picked":["beaked:Cower","beaked:Redirect"],"picked":"beaked:Evade","floor":4.0},{"not_picked":["beaked:FeelMyPain","beaked:Windmill"],"picked":"beaked:MimicMachine","floor":5.0},{"not_picked":["beaked:Evade","beaked:Tradeoff"],"picked":"beaked:DigDeep","floor":7.0},{"not_picked":["beaked:FeelMyPain","beaked:Poke"],"picked":"beaked:Hexing","floor":8.0},{"not_picked":["beaked:Cower","beaked:Tradeoff"],"picked":"beaked:WarriorSpirit","floor":10.0},{"not_picked":["beaked:BarbedWire","beaked:Poke"],"picked":"beaked:Devastation","floor":12.0},{"not_picked":["beaked:DesperateSwing","beaked:Daydream"],"picked":"beaked:MachineEssence","floor":14}],"player_experience":210899,"relics_obtained":[{"floor":9.0,"key":"Vajra"},{"floor":12.0,"key":"Mercury Hourglass"}],"event_choices":[{"damage_healed":0.0,"max_hp_gain":0.0,"max_hp_loss":0.0,"gold_gain":0.0,"event_name":"Accursed Blacksmith","player_choice":"Rummage","floor":11.0,"gold_loss":0.0,"damage_taken":0.0,"relics_obtained":["WarpedTongs"],"cards_obtained":["Pain"]}],"is_beta":false,"boss_relics":[],"items_purged_floors":[],"is_endless":false,"potions_floor_spawned":[1,4,7,8,10],"killed_by":"The Guardian","ascension_level":0}}