{"host":"9h2uyw8lwpma4m74","time":1610910091,"event":{"mods":["BaseMod","Minty Spire (QoL Compilation)"],"gold_per_floor":[13,13,27,45,45,80,96,96,170,245,286,286,301,342,342,472,472,485,503,335,410,423,459,472,571,623,623,638,673,673,673,673,796,796,809,809,822,842,842,842,842,842],"floor_reached":41,"language":"JPN","playtime":2985,"items_purged":["Defend_P"],"score":549,"play_id":"c481ffde-20be-483e-a43f-a75089630d55","local_time":"20210118040131","is_ascension_mode":true,"campfire_choices":[{"floor":12.0,"key":"REST"},{"data":"Eruption","floor":15.0,"key":"SMITH"},{"floor":27.0,"key":"REST"},{"floor":30.0,"key":"REST"},{"floor":32.0,"key":"REST"},{"floor":40,"key":"REST"}],"circlet_count":0,"master_deck":["Strike_P","Strike_P+1","Strike_P","Defend_P","Defend_P","Eruption+1","Vigilance","Halt","Protect","Protect","Meditate","MentalFortress","BowlingBash","BowlingBash","Judgement","LessonLearned","LikeWater","CutThroughFate","Fasting2","ClearTheMind","Writhe","SpiritShield","Writhe","WindmillStrike","MentalFortress+1"],"relics":["PureWater","Golden Idol","Ginger","Bottled Tornado","StoneCalendar","FossilizedHelix","Snecko Eye","Pen Nib","Damaru","HornCleat","Toy Ornithopter","VioletLotus"],"acts_visited":["Exordium","TheCity","TheBeyond"],"potions_floor_usage":[37],"damage_taken":[{"damage":2.0,"enemies":"Jaw Worm","floor":1.0,"turns":3.0},{"damage":0.0,"enemies":"Small Slimes","floor":3.0,"turns":3.0},{"damage":0.0,"enemies":"Cultist","floor":4.0,"turns":4.0},{"damage":28.0,"enemies":"3 Sentries","floor":6.0,"turns":20.0},{"damage":2.0,"enemies":"3 Louse","floor":7.0,"turns":5.0},{"damage":13.0,"enemies":"Lagavulin","floor":11.0,"turns":10.0},{"damage":0.0,"enemies":"Large Slime","floor":13.0,"turns":7.0},{"damage":2.0,"enemies":"3 Sentries","floor":14.0,"turns":7.0},{"damage":24.0,"enemies":"Slime Boss","floor":16.0,"turns":13.0},{"damage":0.0,"enemies":"Chosen","floor":18.0,"turns":3.0},{"damage":0.0,"enemies":"Spheric Guardian","floor":19.0,"turns":2.0},{"damage":0.0,"enemies":"Centurion and Healer","floor":22.0,"turns":4.0},{"damage":0.0,"enemies":"Book of Stabbing","floor":23.0,"turns":5.0},{"damage":44.0,"enemies":"Shelled Parasite and Fungi","floor":24.0,"turns":7.0},{"damage":16.0,"enemies":"Snake Plant","floor":28.0,"turns":3.0},{"damage":14.0,"enemies":"Gremlin Leader","floor":29.0,"turns":6.0},{"damage":42.0,"enemies":"Automaton","floor":33.0,"turns":10.0},{"damage":58,"enemies":"Orb Walker","floor":35,"turns":7},{"damage":0,"enemies":"3 Shapes","floor":37,"turns":2},{"damage":0,"enemies":"Sphere and 2 Shapes","floor":38,"turns":7},{"damage":77,"enemies":"Transient","floor":41,"turns":4}],"seed_played":"-5992549543115645103","potions_obtained":[{"floor":1.0,"key":"ColorlessPotion"},{"floor":4.0,"key":"Regen Potion"},{"floor":7.0,"key":"Dexterity Potion"},{"floor":13.0,"key":"FearPotion"},{"floor":19.0,"key":"GamblersBrew"},{"floor":22.0,"key":"Ancient Potion"},{"floor":24.0,"key":"FearPotion"},{"floor":29.0,"key":"PowerPotion"},{"floor":35,"key":"Dexterity Potion"},{"floor":38,"key":"LiquidBronze"}],"is_trial":false,"path_per_floor":["M","?","M","M","?","E","M","T","T","?","E","R","M","E","R","B",null,"M","M","$","?","M","E","M","?","T","R","M","E","R","?","R","B",null,"M","?","M","M","?","R","M"],"character_chosen":"WATCHER","items_purchased":["LikeWater","CutThroughFate"],"campfire_rested":5,"item_purchase_floors":[20,20],"current_hp_per_floor":[70,70,70,70,70,57,55,55,55,44,31,52,52,50,50,26,72,72,72,72,65,65,65,21,21,21,42,26,12,33,33,54,17,72,14,32,37,37,37,58,0,0],"gold":842,"neow_bonus":"REMOVE_TWO","is_daily":false,"chose_seed":false,"campfire_upgraded":1,"win_rate":0.0,"timestamp":1610910091,"path_taken":["M","?","M","M","?","E","M","?","T","?","E","R","M","E","R","BOSS","M","M","$","?","M","E","?","?","T","R","M","E","R","?","R","BOSS","M","?","M","M","?","R","M"],"items_purchased_type":["Card","Card"],"build_version":"2020-12-22","purchased_purges":1,"victory":false,"max_hp_per_floor":[72,72,72,72,72,72,72,72,72,72,72,72,72,72,72,72,72,72,72,72,72,72,72,72,72,72,72,72,72,72,72,72,72,72,72,72,72,72,72,72,72,72],"card_choices":[{"not_picked":["CrushJoints","Conclude"],"picked":"Halt","floor":1.0},{"not_picked":["Prostrate","EmptyBody"],"picked":"Protect","floor":3.0},{"not_picked":["ThirdEye","PathToVictory"],"picked":"Protect","floor":4.0},{"not_picked":["ThirdEye","SashWhip"],"picked":"Meditate","floor":6.0},{"not_picked":["Tantrum","CrushJoints"],"picked":"MentalFortress","floor":7.0},{"not_picked":["Wish","Indignation"],"picked":"BowlingBash","floor":11.0},{"not_picked":["SashWhip","BattleHymn","ThirdEye"],"picked":"SKIP","floor":13.0},{"not_picked":["Study","WaveOfTheHand"],"picked":"BowlingBash","floor":14.0},{"not_picked":["Wish","MasterReality"],"picked":"Judgement","floor":16.0},{"not_picked":["WaveOfTheHand","ThirdEye","SashWhip"],"picked":"SKIP","floor":18.0},{"not_picked":["FollowUp","Evaluate"],"picked":"LessonLearned","floor":19.0},{"not_picked":["Halt","CarveReality","ThirdEye+1"],"picked":"SKIP","floor":22.0},{"not_picked":["WreathOfFlame","Consecrate"],"picked":"Fasting2","floor":23.0},{"not_picked":["FearNoEvil","EmptyFist"],"picked":"ClearTheMind","floor":24.0},{"not_picked":["Evaluate","FollowUp","Tantrum"],"picked":"SKIP","floor":28.0},{"not_picked":["JustLucky+1","WaveOfTheHand","Halt+1"],"picked":"SKIP","floor":29.0},{"not_picked":["Omniscience","Alpha"],"picked":"SpiritShield","floor":33.0},{"not_picked":["Prostrate","EmptyBody+1","FlurryOfBlows+1"],"picked":"SKIP","floor":35},{"not_picked":["EmptyBody+1","Protect"],"picked":"WindmillStrike","floor":37},{"not_picked":["CrushJoints+1","FlyingSleeves"],"picked":"MentalFortress+1","floor":38}],"player_experience":202421,"relics_obtained":[{"floor":6.0,"key":"Ginger"},{"floor":9.0,"key":"Bottled Tornado"},{"floor":11.0,"key":"StoneCalendar"},{"floor":14.0,"key":"FossilizedHelix"},{"floor":23.0,"key":"Pen Nib"},{"floor":26.0,"key":"Damaru"},{"floor":29.0,"key":"HornCleat"}],"event_choices":[{"damage_healed":0.0,"max_hp_gain":0.0,"max_hp_loss":0.0,"gold_gain":0.0,"event_name":"Golden Idol","player_choice":"Take Wound","floor":2.0,"gold_loss":0.0,"damage_taken":0.0,"relics_obtained":["Golden Idol"],"cards_obtained":["Injury"]},{"cards_removed":["Injury"],"damage_healed":0.0,"max_hp_gain":0.0,"max_hp_loss":0.0,"gold_gain":0.0,"event_name":"Living Wall","player_choice":"Forget","floor":5.0,"gold_loss":0.0,"damage_taken":0.0},{"damage_healed":0.0,"max_hp_gain":0.0,"max_hp_loss":0.0,"gold_gain":75.0,"event_name":"World of Goop","player_choice":"Gather Gold","floor":10.0,"gold_loss":0.0,"damage_taken":11.0},{"damage_healed":0.0,"max_hp_gain":0.0,"max_hp_loss":0.0,"gold_gain":75.0,"event_name":"FaceTrader","player_choice":"Touch","floor":21.0,"gold_loss":0.0,"damage_taken":7.0},{"damage_healed":0.0,"max_hp_gain":0.0,"max_hp_loss":0.0,"gold_gain":99.0,"event_name":"Nest","player_choice":"Stole From Cult","floor":25.0,"gold_loss":0.0,"damage_taken":0.0},{"damage_healed":0.0,"max_hp_gain":0.0,"max_hp_loss":0.0,"gold_gain":0.0,"event_name":"The Mausoleum","player_choice":"Opened","floor":31.0,"gold_loss":0.0,"damage_taken":0.0,"relics_obtained":["Toy Ornithopter"],"cards_obtained":["Writhe"]},{"damage_healed":18,"gold_gain":0,"player_choice":"Writhe","damage_taken":0,"max_hp_gain":0,"max_hp_loss":0,"event_name":"Winding Halls","floor":36,"gold_loss":0,"cards_obtained":["Writhe"]},{"damage_healed":0,"gold_gain":0,"player_choice":"Ignored","damage_taken":0,"max_hp_gain":0,"max_hp_loss":0,"event_name":"Mysterious Sphere","floor":39,"gold_loss":0}],"is_beta":false,"boss_relics":[{"not_picked":["Pandora\u0027s Box","SacredBark"],"picked":"Snecko Eye"},{"not_picked":["Cursed Key","Velvet Choker"],"picked":"VioletLotus"}],"items_purged_floors":[20],"is_endless":false,"potions_floor_spawned":[1,4,7,13,19,22,24,29,35,38],"killed_by":"Transient","ascension_level":2}}