{"host":"00LK","time":1610902897,"event":{"mods":["Aspiration","BaseMod","Conspire","Downfall","Hubris","Infinite Spire","Mimic Mod","Minty Spire (QoL Compilation)","StSLib","The Construct","The Elementalist","The Jungle"],"gold_per_floor":[99,110,124,143,143,143,182,82,97,97,114,114,114,99,113,113,113,113],"floor_reached":16,"language":"ENG","playtime":761,"items_purged":[],"score":92,"play_id":"5a8ddbf9-b72e-4e56-9f6a-40bcc3fa8e57","local_time":"20210117090137","is_ascension_mode":false,"campfire_choices":[{"floor":1,"key":"RECALL"},{"data":"Slimebound:Split","floor":8,"key":"SMITH"},{"data":"1","floor":13,"key":"LIFT"}],"circlet_count":0,"master_deck":["Slimebound:Strike_Slimebound","Slimebound:Strike_Slimebound","Slimebound:Strike_Slimebound","Slimebound:Tackle","Slimebound:Defend_Slimebound","Slimebound:Defend_Slimebound","Slimebound:Defend_Slimebound","Slimebound:Split+1","Slimebound:CorrosiveSpit","Slimebound:SlimeTap","Slimebound:Schlurp","Slimebound:GoopSpray","Slimebound:PressTheAttack","Slimebound:SplitBruiser","Slimebound:Split+1","Slimebound:SplitBruiser","Slimebound:MassFeed","Slimebound:LevelUp"],"relics":["Slimebound:AbsorbEndCombat","Bronze Scales","downfall:HeartBlessingRed","Girya"],"acts_visited":["Exordium"],"potions_floor_usage":[15],"damage_taken":[{"damage":0,"enemies":"conspire:RoseBush","floor":2,"turns":5},{"damage":1,"enemies":"Jaw Worm","floor":3,"turns":4},{"damage":1,"enemies":"Cultist","floor":4,"turns":3},{"damage":3,"enemies":"3 Louse","floor":7,"turns":6},{"damage":4,"enemies":"3 Louse","floor":9,"turns":3},{"damage":11,"enemies":"Gremlin Gang","floor":11,"turns":3},{"damage":13,"enemies":"downfall:FleeingMerchant","floor":14,"turns":4},{"damage":3,"enemies":"conspire:2 RoseBushes","floor":15,"turns":3},{"damage":38,"enemies":"DF_ARCHETYPE_STREAMLINE","floor":16,"turns":8}],"seed_played":"550845226857066068","potions_obtained":[{"floor":4,"key":"Regen Potion"},{"floor":15,"key":"Energy Potion"}],"is_trial":false,"path_per_floor":["R","M","M","M","?","?","MIM","R","M","?","M","?","R","$","M","B"],"character_chosen":"SLIMEBOUND","items_purchased":[],"campfire_rested":0,"item_purchase_floors":[],"current_hp_per_floor":[65,65,65,65,65,65,63,63,61,61,52,40,40,30,33,0,0,0],"gold":113,"neow_bonus":"RANDOM_COMMON_RELIC","is_daily":false,"chose_seed":false,"campfire_upgraded":1,"win_rate":0.0,"timestamp":1610902897,"path_taken":["R","M","M","M","?","?","MIM","R","M","?","?","?","R","?","M","BOSS"],"items_purchased_type":[],"build_version":"2020-12-18","purchased_purges":0,"victory":false,"max_hp_per_floor":[65,65,65,65,65,65,65,65,65,65,65,65,65,65,65,65,65,65],"card_choices":[{"not_picked":["Slimebound:ProtectTheBoss","Slimebound:SlimeSpikes"],"picked":"Slimebound:SlimeTap","floor":2},{"not_picked":["Slimebound:LeadByExample","Slimebound:SlimeSpikes"],"picked":"Slimebound:Schlurp","floor":3},{"not_picked":["Slimebound:Grow","Slimebound:Equalize"],"picked":"Slimebound:GoopSpray","floor":4},{"not_picked":["Slimebound:SamplingLick","Slimebound:LivingWall"],"picked":"Slimebound:PressTheAttack","floor":7},{"not_picked":["Slimebound:RollThrough","Slimebound:Prepare"],"picked":"Slimebound:SplitBruiser","floor":9},{"not_picked":["Slimebound:SlimeSpikes","Slimebound:ItLooksTasty"],"picked":"Slimebound:SplitBruiser","floor":11},{"not_picked":["Slimebound:GrowthPunch","Slimebound:SplitAcid"],"picked":"Slimebound:MassFeed","floor":14},{"not_picked":["Slimebound:LivingWall","Slimebound:GoopSpray"],"picked":"Slimebound:LevelUp","floor":15}],"player_experience":492967,"relics_obtained":[],"event_choices":[{"damage_healed":0,"gold_gain":0,"player_choice":"Leave","damage_taken":0,"max_hp_gain":0,"max_hp_loss":0,"event_name":"conspire:Investor","floor":5,"gold_loss":0},{"damage_healed":0,"gold_gain":0,"player_choice":"Success","damage_taken":12,"relics_obtained":["Girya"],"max_hp_gain":0,"max_hp_loss":0,"event_name":"Scrap Ooze","floor":12,"gold_loss":0}],"is_beta":true,"boss_relics":[],"items_purged_floors":[],"is_endless":false,"potions_floor_spawned":[4,15],"killed_by":"DF_ARCHETYPE_STREAMLINE","ascension_level":0}}