{"host":"1a3cjta80tad0aqj","time":1610898735,"event":{"mods":["2.2 Compatiblity","AchievementEnabler","BaseMod","Colored Map","DeckTracker","KOR Keyword Fix","Keyboard Shortcuts","Minty Spire (QoL Compilation)","Permanent Neow","Quick Restart","Random Character Button","StSLib","SuperFastMode","everything is the same but u backflip on backflip"],"gold_per_floor":[109,123,133,146,160,160,86,86,135,135,161,174,174,191,191,289,339,350,370,385,395,406,406,15,15,61,101,113,143,155,192,204,320,332,359,385,397,446,458,507,519,560,572,129,129,129,129,138,138,138],"floor_reached":51,"language":"KOR","playtime":1866,"items_purged":["Defend_P"],"score":1113,"play_id":"a826844b-a701-415b-87d4-595ecbb55baa","local_time":"20210118005215","is_ascension_mode":true,"campfire_choices":[{"data":"Eruption","floor":6.0,"key":"SMITH"},{"floor":8.0,"key":"REST"},{"floor":10.0,"key":"REST"},{"data":"Adaptation","floor":15.0,"key":"SMITH"},{"floor":23.0,"key":"REST"},{"floor":25.0,"key":"REST"},{"data":"Scrawl","floor":30.0,"key":"SMITH"},{"floor":32.0,"key":"REST"},{"floor":41.0,"key":"REST"},{"floor":45.0,"key":"REST"},{"floor":49.0,"key":"DIG"}],"circlet_count":0,"master_deck":["AscendersBane","Strike_P","Strike_P+1","Strike_P","Strike_P","Defend_P","Defend_P","Defend_P","Eruption+1","Vigilance","FlurryOfBlows","EmptyFist","TalkToTheHand","FollowUp","FearNoEvil","Scrawl+1","Adaptation+1","DeusExMachina","BowlingBash","SashWhip+1","Tantrum","Halt","FollowUp+1","CurseOfTheBell","Parasite","InnerPeace","Wallop+1","Panacea"],"relics":["PureWater","Bag of Marbles","StrikeDummy","Tiny House","Happy Flower","Yang","MawBank","Potion Belt","Red Mask","Calling Bell","CeramicFish","White Beast Statue","Shovel","Oddly Smooth Stone","Mercury Hourglass","Mango","Regal Pillow","Juzu Bracelet","Toy Ornithopter"],"acts_visited":["Exordium","TheCity","TheBeyond"],"potions_floor_usage":[50,50,50,50],"damage_taken":[{"damage":9.0,"enemies":"2 Louse","floor":1.0,"turns":2.0},{"damage":4.0,"enemies":"Jaw Worm","floor":2.0,"turns":5.0},{"damage":4.0,"enemies":"Small Slimes","floor":3.0,"turns":5.0},{"damage":15.0,"enemies":"2 Fungi Beasts","floor":4.0,"turns":3.0},{"damage":27.0,"enemies":"Exordium Thugs","floor":5.0,"turns":4.0},{"damage":8.0,"enemies":"Gremlin Nob","floor":11.0,"turns":3.0},{"damage":8.0,"enemies":"3 Louse","floor":12.0,"turns":2.0},{"damage":0.0,"enemies":"Large Slime","floor":14.0,"turns":2.0},{"damage":10.0,"enemies":"Slime Boss","floor":16.0,"turns":5.0},{"damage":27.0,"enemies":"Shell Parasite","floor":18.0,"turns":5.0},{"damage":10.0,"enemies":"3 Byrds","floor":19.0,"turns":4.0},{"damage":16.0,"enemies":"Snecko","floor":20.0,"turns":4.0},{"damage":16.0,"enemies":"Shelled Parasite and Fungi","floor":21.0,"turns":2.0},{"damage":2.0,"enemies":"Cultist and Chosen","floor":22.0,"turns":4.0},{"damage":20.0,"enemies":"Slavers","floor":27.0,"turns":7.0},{"damage":10.0,"enemies":"Centurion and Healer","floor":29.0,"turns":4.0},{"damage":0.0,"enemies":"Masked Bandits","floor":31.0,"turns":2.0},{"damage":7.0,"enemies":"Automaton","floor":33.0,"turns":6.0},{"damage":4.0,"enemies":"Orb Walker","floor":35.0,"turns":2.0},{"damage":0.0,"enemies":"3 Shapes","floor":36.0,"turns":2.0},{"damage":26.0,"enemies":"Writhing Mass","floor":38.0,"turns":7.0},{"damage":29.0,"enemies":"Nemesis","floor":40.0,"turns":8.0},{"damage":6.0,"enemies":"3 Darklings","floor":42.0,"turns":5.0},{"damage":101,"enemies":"Time Eater","floor":50,"turns":11}],"seed_played":"-2151960538473788387","potions_obtained":[{"floor":0.0,"key":"FearPotion"},{"floor":0.0,"key":"LiquidMemories"},{"floor":14.0,"key":"Explosive Potion"},{"floor":17.0,"key":"Fruit Juice"},{"floor":18.0,"key":"Block Potion"},{"floor":31.0,"key":"Ambrosia"},{"floor":35.0,"key":"BlessingOfTheForge"},{"floor":36.0,"key":"Fire Potion"},{"floor":38.0,"key":"DuplicationPotion"},{"floor":40.0,"key":"ColorlessPotion"},{"floor":42.0,"key":"LiquidMemories"}],"is_trial":false,"path_per_floor":["M","M","M","M","M","R","$","R","T","R","E","M","?","M","R","B",null,"M","M","M","M","M","R","$","R","T","E","?","M","R","?","R","B",null,"M","M","?","M","T","E","R","M","T","$","R","?","?","?","R","B",null],"character_chosen":"WATCHER","items_purchased":["FearNoEvil","Happy Flower","Yang","Regal Pillow","Juzu Bracelet","DuplicationPotion"],"campfire_rested":7,"item_purchase_floors":[7,24,24,44,44,44],"current_hp_per_floor":[56,52,48,33,6,6,6,27,27,48,40,32,56,56,56,46,76,49,39,23,7,5,29,29,53,53,33,33,23,23,23,47,40,72,68,68,68,42,42,13,37,31,45,45,88,88,88,88,88,7],"gold":138,"neow_bonus":"THREE_SMALL_POTIONS","is_daily":false,"chose_seed":false,"campfire_upgraded":3,"win_rate":0.0,"timestamp":1610898735,"path_taken":["M","M","M","M","M","R","$","R","T","R","E","M","?","M","R","BOSS","M","M","M","M","M","R","$","R","T","E","?","M","R","?","R","BOSS","M","M","?","M","?","E","R","M","T","$","R","?","?","?","R","BOSS"],"items_purchased_type":["Card","Relic","Relic","Relic","Relic","Potion"],"build_version":"2020-12-22","purchased_purges":1,"victory":true,"max_hp_per_floor":[72,72,72,72,72,72,72,72,72,72,72,72,72,72,72,72,82,82,82,82,82,82,82,82,82,82,82,82,82,82,82,82,82,82,82,82,82,82,82,82,82,82,96,96,96,96,96,96,96,96],"card_choices":[{"not_picked":["PathToVictory","Collect","WaveOfTheHand"],"picked":"SKIP","floor":1.0},{"not_picked":["Consecrate","SandsOfTime"],"picked":"FlurryOfBlows","floor":2.0},{"not_picked":["ThirdEye","Nirvana"],"picked":"EmptyFist","floor":3.0},{"not_picked":["Weave","WreathOfFlame"],"picked":"TalkToTheHand","floor":4.0},{"not_picked":["Ragnarok","JustLucky"],"picked":"FollowUp","floor":5.0},{"not_picked":["Protect","Crescendo","BattleHymn"],"picked":"SKIP","floor":11.0},{"not_picked":["WheelKick","PathToVictory"],"picked":"Scrawl","floor":12.0},{"not_picked":["CarveReality","Sanctity"],"picked":"Adaptation","floor":14.0},{"not_picked":["Scrawl","Establishment"],"picked":"DeusExMachina","floor":16.0},{"not_picked":["Fasting2+1","FollowUp","Evaluate"],"picked":"SKIP","floor":18.0},{"not_picked":["Meditate","Collect"],"picked":"BowlingBash","floor":19.0},{"not_picked":["ThirdEye","JustLucky","Perseverance"],"picked":"SKIP","floor":20.0},{"not_picked":["Conclude","FlurryOfBlows"],"picked":"SashWhip+1","floor":21.0},{"not_picked":["LikeWater+1","BowlingBash","CrushJoints"],"picked":"SKIP","floor":22.0},{"not_picked":["SashWhip","Brilliance"],"picked":"Tantrum","floor":27.0},{"not_picked":["Crescendo+1","ForeignInfluence+1"],"picked":"Halt","floor":29.0},{"not_picked":["WindmillStrike","BattleHymn"],"picked":"FollowUp+1","floor":31.0},{"not_picked":["CarveReality+1","ThirdEye+1","Crescendo"],"picked":"SKIP","floor":35.0},{"not_picked":["ThirdEye","BattleHymn","ForeignInfluence"],"picked":"SKIP","floor":36.0},{"not_picked":["DeceiveReality","FlyingSleeves+1"],"picked":"InnerPeace","floor":38.0},{"not_picked":["Wireheading","SashWhip"],"picked":"Wallop+1","floor":40.0},{"not_picked":["Consecrate","SashWhip+1"],"picked":"EmptyBody","floor":42.0},{"not_picked":["Metamorphosis","Impatience"],"picked":"Panacea","floor":48.0}],"player_experience":715887,"relics_obtained":[{"floor":9.0,"key":"Bag of Marbles"},{"floor":11.0,"key":"StrikeDummy"},{"floor":26.0,"key":"MawBank"},{"floor":27.0,"key":"Potion Belt"},{"floor":31.0,"key":"Red Mask"},{"floor":34.0,"key":"CeramicFish"},{"floor":34.0,"key":"White Beast Statue"},{"floor":34.0,"key":"Shovel"},{"floor":39.0,"key":"Oddly Smooth Stone"},{"floor":40.0,"key":"Mercury Hourglass"},{"floor":43.0,"key":"Mango"},{"floor":49.0,"key":"Toy Ornithopter"}],"event_choices":[{"damage_healed":24.0,"max_hp_gain":0.0,"max_hp_loss":0.0,"gold_gain":0.0,"event_name":"Big Fish","player_choice":"Banana","floor":13.0,"gold_loss":0.0,"damage_taken":0.0},{"damage_healed":0.0,"max_hp_gain":0.0,"max_hp_loss":0.0,"gold_gain":0.0,"event_name":"Ghosts","player_choice":"Ignored","floor":28.0,"gold_loss":0.0,"damage_taken":0.0},{"damage_healed":0.0,"max_hp_gain":0.0,"max_hp_loss":0.0,"gold_gain":0.0,"event_name":"Masked Bandits","player_choice":"Fought Bandits","floor":31.0,"gold_loss":0.0,"damage_taken":0.0},{"damage_healed":0.0,"max_hp_gain":0.0,"max_hp_loss":0.0,"gold_gain":0.0,"event_name":"Mysterious Sphere","player_choice":"Ignored","floor":37.0,"gold_loss":0.0,"damage_taken":0.0},{"cards_removed":["EmptyBody"],"damage_healed":0.0,"max_hp_gain":0.0,"max_hp_loss":0.0,"gold_gain":0.0,"event_name":"Falling","player_choice":"Removed Skill","floor":46.0,"gold_loss":0.0,"damage_taken":0.0},{"damage_healed":0.0,"max_hp_gain":0.0,"max_hp_loss":0.0,"gold_gain":0.0,"event_name":"Tomb of Lord Red Mask","player_choice":"Ignored","floor":47.0,"gold_loss":0.0,"damage_taken":0.0},{"damage_healed":0.0,"max_hp_gain":0.0,"max_hp_loss":0.0,"gold_gain":0.0,"event_name":"SensoryStone","player_choice":"Memory 1","floor":48.0,"gold_loss":0.0,"damage_taken":0.0}],"is_beta":false,"boss_relics":[{"not_picked":["Ectoplasm","Pandora\u0027s Box"],"picked":"Tiny House"},{"not_picked":["Black Star","Busted Crown"],"picked":"Calling Bell"}],"items_purged_floors":[44],"is_endless":false,"potions_floor_spawned":[2,4,14,18,19,20,21,31,35,36,38,40,42],"ascension_level":12}}