{"host":"7z347kdhnquy3q4q","time":1610865724,"event":{"mods":["Act Like it!","Aspiration","BaseMod","Hubris","Minty Spire (QoL Compilation)","MostiFishMod","Permanent Neow","Potionbrewer","Replay The Spire","Robot Space Explorer","Spicy Shops","StSLib","Wandering Minibosses"],"gold_per_floor":[117,146,5,23,23,53,83,102,177,218,245,295,330,20,20,91,91,125,136,406,416,442,470,470,490,539,581,600,644,644,143,143,251,251,267,267,267,291,291,332,395,395,414,414,465,465,512,512,556,608],"floor_reached":52,"language":"ENG","playtime":3281,"items_purged":["Strike_B","Defend_B","Strike_B","Doubt"],"score":2940,"play_id":"6bc5603a-60f4-45aa-bcd1-d8b3001c4cf9","local_time":"20210117004204","is_ascension_mode":true,"campfire_choices":[{"floor":15,"key":"DIG"},{"data":"Recycle","floor":24,"key":"SMITH"},{"data":"Hologram","floor":30,"key":"SMITH"},{"data":"FIFO Queue","floor":32,"key":"SMITH"},{"data":"Defragment","floor":47,"key":"SMITH"}],"circlet_count":0,"master_deck":["AscendersBane","Strike_B","Defend_B","Zap","Dualcast","hubris:MerchantsHand","FIFO Queue+1","MostiFishMod:GatherIntelligence","Leap","Loop","Melter+1","Defragment+1","Capacitor","MostiFishMod:Prepare","Go for the Eyes","hubris:PowerSurge","BootSequence","ReplayTheSpireMod:System Scan","Double Energy","Reinforced Body","Double Energy","Electrodynamics","BasicCrystalCard+1","Cold Snap","Sweeping Beam","MostiFishMod:DawningShadow","Mind Blast","Hologram+1","Cold Snap+1","Turbo+1","Rainbow","Recycle+1","Turbo+1","Reboot","Barrage","Barrage+1","MostiFishMod:Hijack","MostiFishMod:ActiveDefenseSystem","CurseOfTheBell","Core Surge","MostiFishMod:ReadyAimFire","hubris:PowerSurge+1","Thunder Strike","Blade Dance","Endless Agony","Storm of Steel","Redo+1","Static Discharge","Bandage Up","ReplayUltimateDefense","Panic Button","hubris:PowerSurge+1","Madness","Madness"],"relics":["Cracked Core","DaveBox","Transparent","Prayer Wheel","aspiration:HiddenCompartment","SynthV:TestCard","ReplayTheSpireMod:Shallot","wanderingMiniBosses:OtherGremlinHorn","Replay:Bottled Flurry","Dream Catcher","Nunchaku","Medical Kit","hubris:Zylophone","ShadowXiaoBlade","hubris:BallOfYels","Replay:Bandana","hubris:GlazedTorus","Happy Flower","Lantern","Calling Bell","Replay:Antivirus Software","hubris:Reverence","hubris:Teleporter","PreservedInsect","Quantum Egg","hubris:NiceRug","Centennial Puzzle","InkBottle","MostiFishMod:AdaptiveDefenses","CaptainsWheel","Cauldron","Sundial","Meat on the Bone","aspiration:FetidBarrel"],"acts_visited":["Exordium","TheCity","TheBeyond"],"potions_floor_usage":[16,33,33,33,40,51,51,51],"damage_taken":[{"damage":14.0,"enemies":"Cultist","floor":1.0,"turns":2.0},{"damage":14.0,"enemies":"2 Louse","floor":2.0,"turns":2.0},{"damage":17.0,"enemies":"Jaw Worm","floor":4.0,"turns":2.0},{"damage":30.0,"enemies":"Lagavulin","floor":6.0,"turns":4.0},{"damage":42.0,"enemies":"Exordium Thugs","floor":7.0,"turns":6.0},{"damage":14,"enemies":"2 Fungi Beasts","floor":8,"turns":2},{"damage":21,"enemies":"Gremlin Nob","floor":10,"turns":3},{"damage":14,"enemies":"Gremlin Gang","floor":11,"turns":2},{"damage":28,"enemies":"Lagavulin","floor":13,"turns":4},{"damage":21,"enemies":"Slime Boss","floor":16,"turns":3},{"damage":21,"enemies":"2 Thieves","floor":18,"turns":3},{"damage":14,"enemies":"Chosen","floor":19,"turns":2},{"damage":14,"enemies":"Centurion and Healer","floor":21,"turns":2},{"damage":14,"enemies":"Sentry and Sphere","floor":22,"turns":2},{"damage":14,"enemies":"Replay:Snechameleon","floor":23,"turns":2},{"damage":14,"enemies":"Snake Plant","floor":25,"turns":2},{"damage":14,"enemies":"Gremlin Leader","floor":27,"turns":2},{"damage":14,"enemies":"Centurion and Healer","floor":28,"turns":2},{"damage":21,"enemies":"Replay:Snechameleon","floor":29,"turns":3},{"damage":21,"enemies":"Collector","floor":33,"turns":3},{"damage":15,"enemies":"3 Darklings","floor":35,"turns":2},{"damage":7,"enemies":"3 Shapes","floor":38,"turns":2},{"damage":14,"enemies":"R_Hoarder","floor":40,"turns":2},{"damage":14,"enemies":"hubris:Merchant","floor":42,"turns":3},{"damage":14,"enemies":"3 Darklings","floor":44,"turns":2},{"damage":14,"enemies":"Reptomancer","floor":46,"turns":2},{"damage":14,"enemies":"R_Hoarder","floor":48,"turns":2},{"damage":7,"enemies":"Donu and Deca","floor":50,"turns":3},{"damage":21,"enemies":"hubris:GrandSnecko","floor":51,"turns":3}],"seed_played":"1842592829738007812","potions_obtained":[{"floor":2.0,"key":"AttackPotion"},{"floor":6.0,"key":"potionbrewer:DiscountPotion"},{"floor":8,"key":"Death Potion"},{"floor":19,"key":"EssenceOfSteel"},{"floor":23,"key":"EntropicBrew"},{"floor":42,"key":"EntropicBrew"},{"floor":42,"key":"EssenceOfDarkness"}],"is_trial":false,"path_per_floor":["M","M","$","M","?","E","M","M","T","E","M","?","E","$","R","B",null,"M","M","?","M","M","E","R","M","T","E","M","E","R","$","R","B",null,"M","?","?","M","?","E","$","T","M","$","E","R","E","R","B","B",null],"character_chosen":"DEFECT","items_purchased":["Melter+1","Defragment","Medical Kit","Double Energy","Lantern","FocusPotion","Quantum Egg"],"campfire_rested":0,"item_purchase_floors":[3,3,14,14,31,31,42],"current_hp_per_floor":[71,71,71,71,74,74,74,74,74,74,74,67,74,74,74,74,74,74,74,41,74,74,74,74,74,74,74,74,74,74,74,74,74,74,74,74,74,74,74,74,74,74,74,74,74,74,74,61,74,74],"gold":608,"neow_bonus":"ONE_RARE_RELIC","is_daily":false,"chose_seed":false,"campfire_upgraded":4,"win_rate":0.0,"timestamp":1610865724,"path_taken":["M","M","$","?","?","E","M","M","T","E","M","?","E","?","R","BOSS","M","M","?","M","?","E","R","M","T","E","M","E","R","$","R","BOSS","M","?","?","?","?","E","$","T","M","$","E","R","E","R","BOSS","BOSS"],"items_purchased_type":["Card","Card","Relic","Card","Relic","Potion","Relic"],"build_version":"2020-12-22","purchased_purges":4,"victory":true,"max_hp_per_floor":[71,71,71,71,74,74,74,74,74,74,74,74,74,74,74,74,74,74,74,74,74,74,74,74,74,74,74,74,74,74,74,74,74,74,74,74,74,74,74,74,74,74,74,74,74,74,74,74,74,74],"card_choices":[{"not_picked":["Gash","Compile Driver"],"picked":"FIFO Queue","floor":1.0},{"not_picked":["Cold Snap","Sweeping Beam"],"picked":"MostiFishMod:GatherIntelligence","floor":1.0},{"not_picked":["Compile Driver","FIFO Queue","Ball Lightning","Doom and Gloom"],"picked":"Leap","floor":2.0},{"not_picked":["MostiFishMod:PushDownKick","Turbo","Cold Snap","Go for the Eyes"],"picked":"Loop","floor":2.0},{"not_picked":["MostiFishMod:LinkProtocol","hubris:Ukulele","Coolheaded","Streamline"],"picked":"Capacitor","floor":4.0},{"not_picked":["Beam Cell","Redo","Ball Lightning","MostiFishMod:PushDownKick"],"picked":"MostiFishMod:Prepare","floor":4.0},{"not_picked":["Barrage","MostiFishMod:Impulse","Gash","Rebound"],"picked":"Go for the Eyes","floor":6.0},{"not_picked":["Fusion","Coolheaded","Capacitor","Conserve Battery"],"picked":"hubris:PowerSurge","floor":7},{"not_picked":["Panic Button","Blizzard","Compile Driver","All For One"],"picked":"BootSequence","floor":7},{"not_picked":["Gash","Hologram","Static Discharge","MostiFishMod:PushDownKick"],"picked":"ReplayTheSpireMod:System Scan","floor":8},{"not_picked":["BasicCrystalCard","Blizzard","Panic Button","ReplayTheSpireMod:GoodbyeWorld","Cold Snap"],"picked":"SKIP","floor":8},{"not_picked":["Sweeping Beam","Beam Cell","Genetic Algorithm","MostiFishMod:Culaccino"],"picked":"Double Energy","floor":10},{"not_picked":["Chaos","Conserve Battery","Gash","Ball Lightning"],"picked":"Reinforced Body","floor":11},{"not_picked":["Go for the Eyes","Recycle","BasicCrystalCard","FTL","Panic Button"],"picked":"SKIP","floor":11},{"not_picked":["ReplayTheSpireMod:GoodbyeWorld","Blizzard","Stack","Panic Button","aspiration:Polymerization"],"picked":"SKIP","floor":13},{"not_picked":["Machine Learning","MostiFishMod:StarOceanB","MostiFishMod:StrandedSiren","MostiFishMod:Culaccino"],"picked":"Electrodynamics","floor":16},{"not_picked":["Conserve Battery","Turbo","MostiFishMod:Impulse+1","Cold Snap"],"picked":"BasicCrystalCard+1","floor":18},{"not_picked":["MostiFishMod:ReprogramOld","Turbo","Gash","Go for the Eyes"],"picked":"Cold Snap","floor":18},{"not_picked":["Reprogram","Coolheaded","ReplayTheSpireMod:GoodbyeWorld","Stack"],"picked":"Sweeping Beam","floor":19},{"not_picked":["Defragment","Consume","Rebound","Hologram"],"picked":"MostiFishMod:DawningShadow","floor":19},{"not_picked":["Stack","Rebound","Beam Cell","Panic Button"],"picked":"Hologram","floor":21},{"not_picked":["Reprogram","Coolheaded","Stack","Auto Shields"],"picked":"Cold Snap+1","floor":21},{"not_picked":["MostiFishMod:PushDownKick","Cold Snap","Barrage","Reprogram"],"picked":"Turbo+1","floor":22},{"not_picked":["Coolheaded","Consume","White Noise","MostiFishMod:PushDownKick"],"picked":"Rainbow","floor":22},{"not_picked":["Force Field","ReplayTheSpireMod:GoodbyeWorld","Turbo","Gash"],"picked":"Recycle","floor":23},{"not_picked":["Rebound","Panic Button","Barrage","MostiFishMod:PushDownKick"],"picked":"Turbo+1","floor":25},{"not_picked":["Hologram","Turbo","Cold Snap","Go for the Eyes"],"picked":"Reboot","floor":25},{"not_picked":["Ball Lightning","MostiFishMod:ReprogramOld","Rebound","Coolheaded","Sweeping Beam"],"picked":"SKIP","floor":27},{"not_picked":["Coolheaded+1","Time Bomb","Reinforced Body","Static Discharge"],"picked":"Barrage","floor":28},{"not_picked":["MostiFishMod:PushDownKick","Sweeping Beam+1","Doom and Gloom","Go for the Eyes"],"picked":"Barrage+1","floor":28},{"not_picked":["Conserve Battery","Skim","FIFO Queue","Turbo"],"picked":"MostiFishMod:Hijack","floor":29},{"not_picked":["Biased Cognition","MostiFishMod:IceShield","Multi-Cast","hubris:SpecializedCircuitry"],"picked":"MostiFishMod:ActiveDefenseSystem","floor":33},{"not_picked":["aspiration:Polymerization","Sweeping Beam","Barrage","Ball Lightning"],"picked":"Core Surge","floor":35},{"not_picked":["Go for the Eyes","Beam Cell","Capacitor","Rebound+1","BasicCrystalCard"],"picked":"SKIP","floor":35},{"not_picked":["Beam Cell","aspiration:Polymerization+1","Ball Lightning","MostiFishMod:PushDownKick+1"],"picked":"hubris:PowerSurge+1","floor":38},{"not_picked":["Leap","Conserve Battery+1","Sunder+1","FIFO Queue"],"picked":"Thunder Strike","floor":38},{"not_picked":["Capacitor","Steam","Go for the Eyes","Hologram"],"picked":"Redo+1","floor":40},{"not_picked":[],"picked":"Static Discharge","floor":42},{"not_picked":[],"picked":"Bandage Up","floor":42},{"not_picked":[],"picked":"ReplayUltimateDefense","floor":42},{"not_picked":["Scrape+1"],"picked":"SKIP","floor":42},{"not_picked":["Beam Cell"],"picked":"SKIP","floor":42},{"not_picked":["Conserve Battery"],"picked":"SKIP","floor":42},{"not_picked":["ReplayTheSpireMod:Repulse"],"picked":"SKIP","floor":42},{"not_picked":["Cold Snap+1","Gash","Conserve Battery+1","aspiration:Polymerization+1","Sunder+1"],"picked":"SKIP","floor":44},{"not_picked":["Stack","MostiFishMod:ReprogramOld","Barrage","Panic Button","Beam Cell"],"picked":"SKIP","floor":44},{"not_picked":["Stack","MostiFishMod:ReprogramOld","Barrage","Beam Cell"],"picked":"Panic Button","floor":44},{"not_picked":["Cold Snap+1","Gash","Conserve Battery+1","aspiration:Polymerization+1","Sunder+1"],"picked":"SKIP","floor":44},{"not_picked":["Scrape","Ball Lightning+1","hubris:PowerSurge","Barrage","Beam Cell+1"],"picked":"SKIP","floor":46},{"not_picked":["aspiration:Polymerization","Storm","Electrodynamics","Rebound"],"picked":"hubris:PowerSurge+1","floor":48}],"player_experience":1930858,"relics_obtained":[{"floor":1.0,"key":"aspiration:HiddenCompartment"},{"floor":1.0,"key":"SynthV:TestCard"},{"floor":6.0,"key":"ReplayTheSpireMod:Shallot"},{"floor":7,"key":"wanderingMiniBosses:OtherGremlinHorn"},{"floor":9,"key":"Replay:Bottled Flurry"},{"floor":10,"key":"Dream Catcher"},{"floor":13,"key":"Nunchaku"},{"floor":15,"key":"hubris:Zylophone"},{"floor":23,"key":"hubris:BallOfYels"},{"floor":26,"key":"Replay:Bandana"},{"floor":27,"key":"hubris:GlazedTorus"},{"floor":29,"key":"Happy Flower"},{"floor":34,"key":"Replay:Antivirus Software"},{"floor":34,"key":"hubris:Reverence"},{"floor":34,"key":"hubris:Teleporter"},{"floor":40,"key":"PreservedInsect"},{"floor":42,"key":"Centennial Puzzle"},{"floor":42,"key":"InkBottle"},{"floor":42,"key":"MostiFishMod:AdaptiveDefenses"},{"floor":42,"key":"CaptainsWheel"},{"floor":42,"key":"Cauldron"},{"floor":43,"key":"Sundial"},{"floor":46,"key":"Meat on the Bone"},{"floor":48,"key":"aspiration:FetidBarrel"}],"event_choices":[{"damage_healed":0,"gold_gain":50,"player_choice":"Touch","damage_taken":7,"max_hp_gain":0,"max_hp_loss":0,"event_name":"FaceTrader","floor":12,"gold_loss":0},{"damage_healed":0,"gold_gain":270,"player_choice":"CARD GOLD GOLD GOLD ","damage_taken":33,"max_hp_gain":0,"max_hp_loss":0,"event_name":"Knowing Skull","floor":20,"potions_obtained":[],"gold_loss":0,"cards_obtained":["Mind Blast"]},{"damage_healed":0,"gold_gain":0,"player_choice":"1 cards matched","damage_taken":0,"max_hp_gain":0,"max_hp_loss":0,"event_name":"Match and Keep!","floor":37,"gold_loss":0,"cards_obtained":["MostiFishMod:ReadyAimFire"]},{"damage_healed":0,"gold_gain":0,"player_choice":"Embrace Madness","damage_taken":13,"max_hp_gain":0,"max_hp_loss":0,"event_name":"Winding Halls","floor":49,"gold_loss":0,"cards_obtained":["Madness","Madness"]}],"is_beta":false,"boss_relics":[{"not_picked":["EE1DDrone","GuanYuAspect"],"picked":"ShadowXiaoBlade"},{"not_picked":["Kintsugi","aspiration:SilentSkillbook"],"picked":"Calling Bell"}],"items_purged_floors":[14,31,31,42],"is_endless":false,"potions_floor_spawned":[2,6,8,13,19,22,23,29,48],"ascension_level":20}}