{"host":"usrgk25etjl0nf5i","time":1610861876,"event":{"mods":["2.2 Compatiblity","BaseMod","Downfall","Hubris","Minty Spire (QoL Compilation)","StSLib","SuperFastMode"],"gold_per_floor":[359,359,121,121,132,164,164,164,164,52,52,71,102,115,115,115,115],"floor_reached":16,"language":"ENG","playtime":415,"items_purged":["Normality"],"score":167,"play_id":"0eb941b6-1a7e-4749-8007-3f2538c6dcf3","local_time":"20210116213756","is_ascension_mode":true,"campfire_choices":[{"floor":7,"key":"REST"},{"data":"Creative AI","floor":11,"key":"SMITH"},{"floor":15,"key":"REST"}],"circlet_count":0,"master_deck":["AscendersBane","Strike_B","Strike_B","Strike_B","Defend_B","Defend_B","Defend_B","Defend_B","Zap+1","Dualcast","Defragment","Creative AI+1","Self Repair","Injury","Capacitor","Electrodynamics","Glacier"],"relics":["Cracked Core","hubris:SlimyHat","Golden Idol","Smiling Mask","Darkstone Periapt","Shuriken"],"acts_visited":["Exordium"],"potions_floor_usage":[],"damage_taken":[{"damage":2,"enemies":"Jaw Worm","floor":1,"turns":3},{"damage":9,"enemies":"Small Slimes","floor":5,"turns":3},{"damage":45,"enemies":"3 Sentries","floor":6,"turns":8},{"damage":6,"enemies":"Cultist","floor":12,"turns":4},{"damage":25,"enemies":"Lagavulin","floor":13,"turns":6},{"damage":7,"enemies":"Looter","floor":14,"turns":3},{"damage":42,"enemies":"Hexaghost","floor":16,"turns":9}],"seed_played":"475142889893679470","potions_obtained":[{"floor":6,"key":"SteroidPotion"},{"floor":13,"key":"Energy Potion"}],"is_trial":false,"path_per_floor":["M","?","$","?","M","E","R","?","T","?","R","M","E","M","R","B"],"character_chosen":"DEFECT","items_purchased":["Creative AI"],"campfire_rested":2,"item_purchase_floors":[3],"current_hp_per_floor":[66,66,66,66,57,19,41,41,41,41,41,42,24,17,39,0,0],"gold":115,"neow_bonus":"TWO_FIFTY_GOLD","is_daily":false,"chose_seed":false,"campfire_upgraded":1,"win_rate":0.0,"timestamp":1610861876,"path_taken":["M","?","$","?","?","E","R","?","T","?","R","M","E","M","R","BOSS"],"items_purchased_type":["Card"],"build_version":"2020-12-22","purchased_purges":1,"victory":false,"max_hp_per_floor":[75,75,75,75,75,75,75,75,75,75,75,75,75,75,75,75,75],"card_choices":[{"not_picked":["Barrage","Rebound"],"picked":"Defragment","floor":1},{"not_picked":["Hologram","Force Field"],"picked":"Self Repair","floor":5},{"not_picked":["Cold Snap","Turbo","Steam"],"picked":"SKIP","floor":6},{"not_picked":["Aggregate","Steam"],"picked":"Capacitor","floor":12},{"not_picked":["Lockon","Ball Lightning"],"picked":"Electrodynamics","floor":13},{"not_picked":["Barrage","Turbo"],"picked":"Glacier","floor":14}],"player_experience":643332,"relics_obtained":[{"floor":6,"key":"hubris:SlimyHat"},{"floor":9,"key":"Smiling Mask"},{"floor":13,"key":"Shuriken"}],"event_choices":[{"damage_healed":0,"gold_gain":0,"player_choice":"Grow","damage_taken":0,"max_hp_gain":0,"max_hp_loss":0,"event_name":"Living Wall","floor":2,"gold_loss":0,"cards_upgraded":["Zap"]},{"cards_removed":["Strike_B"],"damage_healed":0,"gold_gain":0,"player_choice":"Purged","damage_taken":0,"max_hp_gain":0,"max_hp_loss":0,"event_name":"Purifier","floor":4,"gold_loss":0},{"damage_healed":0,"gold_gain":0,"player_choice":"Take Wound","damage_taken":0,"relics_obtained":["Golden Idol"],"max_hp_gain":0,"max_hp_loss":0,"event_name":"Golden Idol","floor":8,"gold_loss":0,"cards_obtained":["Injury"]},{"damage_healed":0,"gold_gain":0,"player_choice":"Paid Gold","damage_taken":0,"relics_obtained":["Darkstone Periapt"],"max_hp_gain":0,"max_hp_loss":0,"event_name":"WeMeetAgain","floor":10,"gold_loss":112}],"is_beta":false,"boss_relics":[],"items_purged_floors":[3],"is_endless":false,"potions_floor_spawned":[6,13,14],"killed_by":"Hexaghost","ascension_level":11}}