{"host":"v3yldluzjv9bevle","time":1610860057,"event":{"mods":["Aspiration","BaseMod","Better Vampires","BetterRewards","Colored Powertips","Conspire","Custom Start","Dio Mod","Energized Spire","Friendly Minions","Googly Eyes","Hermit","Highlight Path","Hubris","Hyrulean Relics","Ironclad Rager","Jedi Mod","Minty Spire (QoL Compilation)","Nova Terra(??·??)","Permanent Neow","Replay The Spire","Shop Mod","Small Relic Pack","Spikes Relics","Spire Birthday Party","StSLib","Synergy Search","The Death Knight","The Exalted","The Forsaken","Virulent Crown","slay the spire mod where everything is the same but ironclad has a cowboy hat","vexMod"],"gold_per_floor":[116,136,136,311,323,353,373,343,368,368,368,368,385,660,660,760,760,771,784,798,256,6,6,6,6,6,6,31,31,61,11,11,11,11],"floor_reached":33,"language":"ENG","playtime":1766,"items_purged":["Regret","Normality"],"score":281,"play_id":"7d9a8686-1045-4006-b096-48f9177cc4a9","local_time":"20210117000737","is_ascension_mode":false,"campfire_choices":[{"floor":10,"key":"REST"},{"floor":12,"key":"REST"},{"floor":15,"key":"REST"},{"floor":23,"key":"REST"},{"floor":27,"key":"REST"},{"floor":32,"key":"REST"}],"circlet_count":0,"master_deck":["DeathKnight:Strike_DeathKnight","DeathKnight:Strike_DeathKnight","DeathKnight:Strike_DeathKnight","DeathKnight:Strike_DeathKnight","DeathKnight:Strike_DeathKnight+1","DeathKnight:Defend_DeathKnight","DeathKnight:Defend_DeathKnight+1","DeathKnight:Defend_DeathKnight","DeathKnight:Defend_DeathKnight","DeathKnight:Defend_DeathKnight","DeathKnight:RuneTap","DeathKnight:RuneStrike","DeathKnight:ScourgeStrike","Doubt","DeathKnight:Contagion","DeathKnight:BladedArmor","DeathKnight:DeathAndDecay","DeathKnight:DeathCoil","DeathKnight:HartStrike","DeathKnight:MarkOfBlood+1","DeathKnight:Parry+1","DeathKnight:PlagueStrike+1","DeathKnight:IcyTouch+1","DeathKnight:Defile","GremboGang","DeathKnight:Hysteria","DeathKnight:Marrowrend+1","DeathKnight:DeathCoil+1","DeathKnight:IceboundArmor+1"],"relics":["DeathKnight:BrokenRuneblade","ReplayTheSpireMod:Ring of Exchange","ReplayTheSpireMod:Ring of Addiction","Toy Ornithopter","SacredBark","Smiling Mask","MerchantsRug","Membership Card","Bag of Preparation","Gremlin Food","hubris:Towel","SpikesRelics:ToyHorsey","DeathKnight:CorpseWagon","DeathKnight:SindragosasSkull"],"acts_visited":["Exordium","TheCity"],"potions_floor_usage":[5,6,6,6,16,18,18,19,20,30,30,30,30,33],"damage_taken":[{"damage":1,"enemies":"Jaw Worm","floor":1,"turns":4},{"damage":8,"enemies":"Small Slimes","floor":2,"turns":4},{"damage":0,"enemies":"Cultist","floor":5,"turns":2},{"damage":48,"enemies":"Gremlin Nob","floor":6,"turns":5},{"damage":17,"enemies":"Blue Slaver","floor":7,"turns":4},{"damage":5,"enemies":"Looter","floor":8,"turns":4},{"damage":13,"enemies":"2 Fungi Beasts","floor":13,"turns":3},{"damage":39,"enemies":"Hexaghost","floor":16,"turns":5},{"damage":17,"enemies":"2 Thieves","floor":18,"turns":4},{"damage":5,"enemies":"Chosen","floor":19,"turns":4},{"damage":41,"enemies":"Centurion and Healer","floor":20,"turns":6},{"damage":38,"enemies":"Slavers","floor":28,"turns":5},{"damage":45,"enemies":"Book of Stabbing","floor":30,"turns":5},{"damage":39,"enemies":"StardustCrusaders","floor":33,"turns":4}],"seed_played":"4687103160482752040","potions_obtained":[{"floor":1,"key":"Milkshake"},{"floor":3,"key":"Energy Potion"},{"floor":3,"key":"Fire Potion"},{"floor":5,"key":"DeathKnight:VirulencePotion"},{"floor":13,"key":"jedi:StrikingPotion"},{"floor":17,"key":"EntropicBrew"},{"floor":17,"key":"Fire Potion"},{"floor":17,"key":"Flashbang"},{"floor":18,"key":"Strength Potion"},{"floor":19,"key":"Energy Potion"}],"is_trial":false,"path_per_floor":["M","M","?","?","M","E","M","M","T","R","?","R","M","?","R","B",null,"M","M","M","$","?","R","?","?","T","R","E","$","E","$","R","B"],"character_chosen":"DEATH_KNIGHT","items_purchased":["MerchantsRug","Membership Card","Bag of Preparation","Gremlin Food","DeathKnight:Defile","jedi:hoardpotion","SteroidPotion"],"campfire_rested":6,"item_purchase_floors":[21,21,21,21,21,21,21],"current_hp_per_floor":[81,73,73,73,78,34,17,12,12,36,24,48,35,35,58,24,76,61,61,25,25,25,47,54,54,54,72,34,34,9,9,30,0,0],"gold":11,"neow_bonus":"TEN_PERCENT_HP_BONUS","is_daily":false,"chose_seed":false,"campfire_upgraded":0,"win_rate":0.0,"timestamp":1610860057,"path_taken":["M","M","?","?","M","E","M","M","T","R","?","R","?","?","R","BOSS","M","M","M","$","?","R","?","?","T","R","E","?","E","?","R","BOSS"],"items_purchased_type":["Relic","Relic","Relic","Relic","Card","Potion","Potion"],"build_version":"2020-12-22","purchased_purges":2,"victory":false,"max_hp_per_floor":[82,82,82,82,82,82,82,82,82,80,80,80,78,78,78,76,76,76,76,76,76,76,76,74,74,74,72,72,72,70,70,70,70,70],"card_choices":[{"not_picked":["DeathKnight:BloodTap","DeathKnight:Culling"],"picked":"DeathKnight:ScourgeStrike","floor":1},{"not_picked":["DeathKnight:BoneSpear","DeathKnight:Ossuary","DeathKnight:RunicCorruption"],"picked":"SKIP","floor":2},{"not_picked":["DeathKnight:FesteringStrike","DeathKnight:UnholyFrenzy"],"picked":"DeathKnight:Contagion","floor":5},{"not_picked":["DeathKnight:Rot","DeathKnight:PathOfFrost"],"picked":"DeathKnight:BladedArmor","floor":6},{"not_picked":["DeathKnight:MindFreeze","DeathKnight:GargoyleSkin"],"picked":"DeathKnight:DeathAndDecay","floor":7},{"not_picked":["DeathKnight:Simulacrum","DeathKnight:BoneSpear"],"picked":"DeathKnight:DeathCoil","floor":8},{"not_picked":["DeathKnight:Hemostasis","DeathKnight:UnholyPresence"],"picked":"DeathKnight:HartStrike","floor":13},{"not_picked":["DeathKnight:ArmyOfTheDead","DeathKnight:Outbreak"],"picked":"DeathKnight:MarkOfBlood","floor":16},{"not_picked":["DeathKnight:UnholyFrenzy+1","DeathKnight:BloodPact"],"picked":"DeathKnight:Parry+1","floor":18},{"not_picked":["DeathKnight:Hysteria","DeathKnight:Hemostasis"],"picked":"DeathKnight:PlagueStrike+1","floor":19},{"not_picked":["DeathKnight:UnholyPresence+1","DeathKnight:RaiseAlly"],"picked":"DeathKnight:IcyTouch+1","floor":20},{"not_picked":["DeathKnight:BludPresence","DeathKnight:Pestilence"],"picked":"DeathKnight:Hysteria","floor":28}],"player_experience":162563,"relics_obtained":[{"floor":3,"key":"ReplayTheSpireMod:Ring of Exchange"},{"floor":3,"key":"ReplayTheSpireMod:Ring of Addiction"},{"floor":3,"key":"Toy Ornithopter"},{"floor":3,"key":"SacredBark"},{"floor":6,"key":"Replay:Mystery Machine"},{"floor":9,"key":"conspire:TopHat"},{"floor":26,"key":"SpikesRelics:ToyHorsey"},{"floor":28,"key":"DeathKnight:CorpseWagon"},{"floor":30,"key":"DeathKnight:SindragosasSkull"}],"event_choices":[{"damage_healed":0,"gold_gain":175,"player_choice":"AGREE","damage_taken":0,"max_hp_gain":0,"max_hp_loss":0,"event_name":"Liars Game","floor":4,"gold_loss":0,"cards_obtained":["Doubt"]},{"damage_healed":0,"gold_gain":0,"player_choice":"Success","damage_taken":12,"relics_obtained":["Smiling Mask"],"max_hp_gain":0,"max_hp_loss":0,"event_name":"Scrap Ooze","floor":11,"gold_loss":0},{"damage_healed":0,"gold_gain":275,"player_choice":"Desecrate","damage_taken":0,"max_hp_gain":0,"max_hp_loss":0,"event_name":"Golden Shrine","floor":14,"gold_loss":0,"cards_obtained":["Regret"]}],"is_beta":false,"boss_relics":[{"not_picked":["vexMod:Cooldron","conspire:SlowCooker"],"picked":"Cauldron"}],"items_purged_floors":[21,31],"is_endless":false,"potions_floor_spawned":[1,5,13,18,19],"killed_by":"StardustCrusaders","ascension_level":0}}