{"host":"5icjlaq41ghjcr7h","time":1610866619,"event":{"mods":["AchievementEnabler","BaseMod","Colored Map","Minty Spire (QoL Compilation)","SuperFastMode","everything is the same but u backflip on backflip"],"gold_per_floor":[109,109,59,73,87,116,116,116,116,116,130,143,156,172,172,172,172],"floor_reached":16,"language":"KOR","playtime":463,"items_purged":[],"score":120,"play_id":"072c6f95-2a87-49cf-bdc1-ff02f5cf9c5e","local_time":"20210117155659","is_ascension_mode":true,"campfire_choices":[{"data":"Apotheosis","floor":8,"key":"SMITH"},{"floor":10,"key":"RECALL"},{"floor":15,"key":"REST"}],"circlet_count":0,"master_deck":["Strike_B","Strike_B","Strike_B","Strike_B","Defend_B","Defend_B","Defend_B","Defend_B","Zap","Dualcast","Apotheosis+1","Glacier","Glacier","Turbo","Glacier","Turbo","Melter","Coolheaded","Storm"],"relics":["Cracked Core","Eternal Feather","Matryoshka"],"acts_visited":["Exordium"],"potions_floor_usage":[],"damage_taken":[{"damage":8,"enemies":"2 Louse","floor":1,"turns":2},{"damage":13,"enemies":"Jaw Worm","floor":4,"turns":4},{"damage":0,"enemies":"Cultist","floor":5,"turns":3},{"damage":24,"enemies":"Gremlin Nob","floor":6,"turns":6},{"damage":0,"enemies":"Exordium Wildlife","floor":11,"turns":5},{"damage":10,"enemies":"Looter","floor":12,"turns":4},{"damage":0,"enemies":"Blue Slaver","floor":13,"turns":5},{"damage":4,"enemies":"Large Slime","floor":14,"turns":8},{"damage":86,"enemies":"Slime Boss","floor":16,"turns":13}],"seed_played":"5779830445765565044","potions_obtained":[{"floor":1,"key":"SmokeBomb"},{"floor":4,"key":"GamblersBrew"}],"is_trial":false,"path_per_floor":["M","?","?","M","M","E","T","R","T","R","M","M","M","M","R","B"],"character_chosen":"DEFECT","items_purchased":[],"campfire_rested":1,"item_purchase_floors":[],"current_hp_per_floor":[67,72,72,59,59,35,35,44,44,53,53,43,43,39,72,0,0],"gold":172,"neow_bonus":"RANDOM_COLORLESS_2","is_daily":false,"chose_seed":false,"campfire_upgraded":1,"win_rate":0.0,"timestamp":1610866619,"path_taken":["M","?","?","M","M","E","?","R","T","R","M","?","M","M","R","BOSS"],"items_purchased_type":[],"build_version":"2020-12-22","purchased_purges":0,"victory":false,"max_hp_per_floor":[75,80,80,80,80,80,80,80,80,80,80,80,80,80,80,80,80],"card_choices":[{"not_picked":["Violence","HandOfGreed"],"picked":"Apotheosis","floor":0},{"not_picked":["Skim","Scrape"],"picked":"Glacier","floor":1},{"not_picked":["Turbo","Rip and Tear"],"picked":"Glacier","floor":4},{"not_picked":["Beam Cell","Go for the Eyes"],"picked":"Turbo","floor":5},{"not_picked":["Undo","BootSequence"],"picked":"Glacier","floor":6},{"not_picked":["Rebound","Force Field"],"picked":"Turbo","floor":11},{"not_picked":["Barrage","Rebound"],"picked":"Melter","floor":12},{"not_picked":["Stack","Consume"],"picked":"Coolheaded","floor":13},{"not_picked":["Hello World","Beam Cell"],"picked":"Storm","floor":14}],"player_experience":141510,"relics_obtained":[{"floor":6,"key":"Eternal Feather"},{"floor":9,"key":"Matryoshka"}],"event_choices":[{"damage_healed":0,"gold_gain":0,"player_choice":"Donut","damage_taken":0,"max_hp_gain":5,"max_hp_loss":0,"event_name":"Big Fish","floor":2,"gold_loss":0},{"cards_removed":["Decay"],"damage_healed":0,"gold_gain":0,"player_choice":"Card Removal","damage_taken":0,"max_hp_gain":0,"max_hp_loss":0,"event_name":"The Cleric","floor":3,"gold_loss":50}],"is_beta":false,"boss_relics":[],"items_purged_floors":[],"is_endless":false,"potions_floor_spawned":[1,4],"killed_by":"Slime Boss","ascension_level":3}}