{"host":"sav7uxregyirlf69","time":1610898511,"event":{"mods":["AchievementEnabler","BaseMod","Colored Map","DeckTracker","Keyboard Shortcuts","Minty Spire (QoL Compilation)","READ ME - Guardian Mod","StSLib","SuperFastMode"],"gold_per_floor":[109,109,109,184,196,196,221,98,98,113,148,168,202,214,214,310,310,320,330,330,350,620,620,620],"floor_reached":23,"language":"KOR","playtime":390,"items_purged":["Doubt"],"score":429,"play_id":"a2a26de0-5288-4e98-9164-741a595e9781","local_time":"20210118004831","is_ascension_mode":true,"campfire_choices":[{"data":"Eruption","floor":6,"key":"SMITH"},{"data":"Vault","floor":15,"key":"SMITH"}],"circlet_count":0,"master_deck":["AscendersBane","Strike_P","Strike_P","Strike_P","Strike_P","Defend_P","Defend_P","Defend_P","Defend_P+1","Eruption+1","Vigilance","BowlingBash+1","Prostrate","FearNoEvil","FlurryOfBlows","WheelKick","InnerPeace","Vault+1","Indignation","Prostrate+1"],"relics":["PureWater","CloakClasp","Lantern","Meat on the Bone","Oddly Smooth Stone","Singing Bowl","Black Star"],"acts_visited":["Exordium","TheCity"],"potions_floor_usage":[11,16,23],"damage_taken":[{"damage":2,"enemies":"Small Slimes","floor":1,"turns":5},{"damage":1,"enemies":"Jaw Worm","floor":5,"turns":2},{"damage":14,"enemies":"Gremlin Nob","floor":7,"turns":4},{"damage":1,"enemies":"Cultist","floor":10,"turns":3},{"damage":0,"enemies":"Lagavulin","floor":11,"turns":4},{"damage":3,"enemies":"Large Slime","floor":12,"turns":3},{"damage":4,"enemies":"3 Sentries","floor":13,"turns":7},{"damage":0,"enemies":"Exordium Thugs","floor":14,"turns":5},{"damage":0,"enemies":"Slime Boss","floor":16,"turns":4},{"damage":0,"enemies":"3 Byrds","floor":18,"turns":4},{"damage":0,"enemies":"Chosen","floor":19,"turns":3},{"damage":42,"enemies":"Snecko","floor":21,"turns":5},{"damage":14,"enemies":"Slavers","floor":23,"turns":1}],"seed_played":"7564728045461086271","potions_obtained":[{"floor":7,"key":"Fruit Juice"},{"floor":13,"key":"AttackPotion"},{"floor":16,"key":"BlessingOfTheForge"}],"is_trial":false,"path_per_floor":["M","?","?","?","M","R","E","$","T","M","E","M","E","M","R","B",null,"M","M","?","M","?","E"],"character_chosen":"WATCHER","items_purchased":["FearPotion"],"campfire_rested":0,"item_purchase_floors":[8],"current_hp_per_floor":[63,63,49,38,37,37,23,23,23,34,46,43,39,39,39,41,66,68,70,70,40,13,0,0],"gold":620,"neow_bonus":"ONE_RARE_RELIC","is_daily":false,"chose_seed":false,"campfire_upgraded":2,"win_rate":0.0,"timestamp":1610898511,"path_taken":["M","?","?","?","M","R","E","$","T","M","E","M","E","?","R","BOSS","M","M","?","M","?","E"],"items_purchased_type":["Potion"],"build_version":"2020-12-22","purchased_purges":1,"victory":false,"max_hp_per_floor":[72,72,72,72,72,72,72,72,72,72,72,72,72,72,72,74,74,76,78,78,78,78,78,78],"card_choices":[{"not_picked":["CutThroughFate","Wireheading"],"picked":"BowlingBash","floor":1},{"not_picked":["ThirdEye","FlyingSleeves"],"picked":"Prostrate","floor":5},{"not_picked":["Meditate","CutThroughFate"],"picked":"FearNoEvil","floor":7},{"not_picked":["Consecrate","Sanctity"],"picked":"FlurryOfBlows","floor":10},{"not_picked":["Worship","WaveOfTheHand"],"picked":"WheelKick","floor":11},{"not_picked":["EmptyBody","Conclude"],"picked":"InnerPeace","floor":12},{"not_picked":["CrushJoints","Worship"],"picked":"Vault","floor":13},{"not_picked":["Halt","FollowUp"],"picked":"Indignation","floor":14},{"not_picked":["Devotion","MasterReality","Establishment"],"picked":"Singing Bowl","floor":16},{"not_picked":["FlurryOfBlows","Weave","Meditate"],"picked":"Singing Bowl","floor":18},{"not_picked":["ForeignInfluence","ThirdEye","WindmillStrike"],"picked":"Singing Bowl","floor":19},{"not_picked":["ReachHeaven+1","PathToVictory"],"picked":"Prostrate+1","floor":21}],"player_experience":1305020,"relics_obtained":[{"floor":7,"key":"Lantern"},{"floor":9,"key":"Meat on the Bone"},{"floor":11,"key":"Oddly Smooth Stone"},{"floor":13,"key":"Singing Bowl"}],"event_choices":[{"damage_healed":0,"gold_gain":0,"player_choice":"Ignored","damage_taken":0,"max_hp_gain":0,"max_hp_loss":0,"event_name":"Liars Game","floor":2,"gold_loss":0},{"damage_healed":0,"gold_gain":0,"player_choice":"Entered Light","damage_taken":14,"max_hp_gain":0,"max_hp_loss":0,"event_name":"Shining Light","floor":3,"gold_loss":0,"cards_upgraded":["BowlingBash","Defend_P"]},{"damage_healed":0,"gold_gain":75,"player_choice":"Gather Gold","damage_taken":11,"max_hp_gain":0,"max_hp_loss":0,"event_name":"World of Goop","floor":4,"gold_loss":0},{"damage_healed":0,"gold_gain":0,"player_choice":"Ignored","damage_taken":0,"max_hp_gain":0,"max_hp_loss":0,"event_name":"Ghosts","floor":20,"gold_loss":0},{"damage_healed":0,"gold_gain":270,"player_choice":"GOLD GOLD GOLD ","damage_taken":27,"max_hp_gain":0,"max_hp_loss":0,"event_name":"Knowing Skull","floor":22,"potions_obtained":[],"gold_loss":0,"cards_obtained":[]}],"is_beta":false,"boss_relics":[{"not_picked":["SlaversCollar","Velvet Choker"],"picked":"Black Star"}],"items_purged_floors":[8],"is_endless":false,"potions_floor_spawned":[7,13,16],"killed_by":"Slavers","ascension_level":10}}