{"host":"q2j4ef1ti78v4imq","time":1610897086,"event":{"mods":["AchievementEnabler","BaseMod","Better Altar","Better Match","Better Note","Better Sensory Stone","Better Skull","Better Third Choice","Block Reminder","Hermit","Minty Spire (QoL Compilation)","Relic Stats","Replay The Spire","Shade Mod","StSLib"],"gold_per_floor":[36,55,85,139,174,174,190,190,190,228,228,243,270,42,42,115,165,134,145,145,0,0,45,45,91,91,91,91,123,170,15,15,31,31],"floor_reached":33,"language":"ENG","playtime":1477,"items_purged":["Strike_G","Strike_G"],"score":525,"play_id":"17cb83dc-b5e7-4476-be77-cd9d118d0295","local_time":"20210117152446","is_ascension_mode":true,"campfire_choices":[{"data":"Cloak And Dagger","floor":6,"key":"SMITH"},{"data":"Accuracy","floor":8,"key":"SMITH"},{"data":"Storm of Steel","floor":11,"key":"SMITH"},{"floor":15,"key":"REST"},{"floor":24,"key":"REST"},{"floor":27,"key":"REST"},{"floor":32,"key":"REST"}],"circlet_count":0,"master_deck":["AscendersBane","Strike_G","Strike_G","Strike_G","Defend_G","Defend_G+1","Defend_G","Defend_G","Defend_G+1","Survivor","Neutralize+1","HandOfGreed","Cloak And Dagger+1","Caltrops","Accuracy+1","Fluid Movement","Prepared","Blade Dance","Storm of Steel+1","Accuracy","Accuracy+1","Bullet Time","ReplayTheSpireMod:Speed Training","Bandage Up","ReplayTheSpireMod:Uncanny Aura","Hidden Blade","Backflip","Cloak And Dagger+1","Acrobatics+1"],"relics":["Ring of the Snake","Garlic","Torii","DollysMirror","Tiny House","Simple Rune","Bird Faced Urn","Replay:Bandana","Nilry\u0027s Codex","TungstenRod","Bronze Scales"],"acts_visited":["Exordium","TheCity"],"potions_floor_usage":[22],"damage_taken":[{"damage":0,"enemies":"2 Louse","floor":1,"turns":3},{"damage":0,"enemies":"Jaw Worm","floor":2,"turns":4},{"damage":0,"enemies":"Small Slimes","floor":3,"turns":3},{"damage":16,"enemies":"3 Louse","floor":4,"turns":5},{"damage":6,"enemies":"Looter","floor":5,"turns":4},{"damage":7,"enemies":"2 Fungi Beasts","floor":7,"turns":4},{"damage":2,"enemies":"Large Slime","floor":10,"turns":6},{"damage":0,"enemies":"Blue Slaver","floor":12,"turns":3},{"damage":13,"enemies":"Lagavulin","floor":13,"turns":5},{"damage":2,"enemies":"Hexaghost","floor":16,"turns":6},{"damage":20,"enemies":"2 Thieves","floor":18,"turns":5},{"damage":0,"enemies":"Spheric Guardian","floor":19,"turns":1},{"damage":6,"enemies":"Centurion and Healer","floor":22,"turns":4},{"damage":42,"enemies":"Slavers","floor":23,"turns":5},{"damage":2,"enemies":"Replay:Snechameleon","floor":25,"turns":4},{"damage":2,"enemies":"Snake Plant","floor":29,"turns":2},{"damage":33,"enemies":"Gremlin Leader","floor":30,"turns":6},{"damage":70,"enemies":"Automaton","floor":33,"turns":6}],"seed_played":"-3769309808919138792","potions_obtained":[{"floor":4,"key":"Venom Potion"},{"floor":12,"key":"SmokeBomb"},{"floor":13,"key":"SpeedPotion"},{"floor":29,"key":"BlessingOfTheForge"}],"is_trial":false,"path_per_floor":["M","M","M","M","M","R","M","R","T","M","R","M","E","$","R","B",null,"M","M","?","$","M","E","R","E","T","R","?","M","E","$","R","B"],"character_chosen":"THE_SILENT","items_purchased":["DollysMirror","Hidden Blade","Bronze Scales"],"campfire_rested":4,"item_purchase_floors":[14,21,31],"current_hp_per_floor":[59,59,59,43,37,37,30,30,30,28,28,28,15,15,34,32,63,43,43,43,43,41,3,24,26,26,47,31,37,18,18,39,0,0],"gold":31,"neow_bonus":"RANDOM_COLORLESS_2","is_daily":false,"chose_seed":false,"campfire_upgraded":3,"win_rate":0.0,"timestamp":1610897086,"path_taken":["M","M","M","M","M","R","M","R","T","M","R","M","E","$","R","BOSS","M","M","?","$","M","E","R","E","T","R","?","M","E","$","R","BOSS"],"items_purchased_type":["Relic","Card","Relic"],"build_version":"2020-12-22","purchased_purges":2,"victory":false,"max_hp_per_floor":[66,66,66,66,66,66,66,66,66,66,66,66,66,66,66,66,71,71,71,71,71,71,71,71,71,71,71,71,71,71,71,71,71,71],"relic_stats":{"Torii":31,"counters":[18,76],"Bird Faced Urn":[26],"Bronze Scales":[18],"obtain_stats":[{"Replay:Bandana":26,"Tiny House":17,"Torii":13,"DollysMirror":14,"Nilry\u0027s Codex":28,"Bird Faced Urn":25,"Bronze Scales":31,"Simple Rune":23,"Garlic":9,"TungstenRod":30,"Ring of the Snake":0},{"Replay:Bandana":15,"Tiny House":10,"Torii":9,"DollysMirror":9,"Nilry\u0027s Codex":15,"Bird Faced Urn":15,"Bronze Scales":17,"Simple Rune":14,"Garlic":6,"TungstenRod":17,"Ring of the Snake":0},{"Replay:Bandana":62,"Tiny House":43,"Torii":37,"DollysMirror":37,"Nilry\u0027s Codex":62,"Bird Faced Urn":62,"Bronze Scales":70,"Simple Rune":58,"Garlic":23,"TungstenRod":70,"Ring of the Snake":0}],"TungstenRod":6,"Ring of the Snake":[36]},"card_choices":[{"not_picked":["Master of Strategy","ReplayUltimateDefense"],"picked":"HandOfGreed","floor":0},{"not_picked":["Dodge and Roll","Deflect"],"picked":"Cloak And Dagger","floor":1},{"not_picked":["Dagger Spray","Hidden Blade"],"picked":"Caltrops","floor":2},{"not_picked":["Cloak And Dagger","Leg Sweep"],"picked":"Accuracy","floor":3},{"not_picked":["Dagger Spray","Underhanded Strike"],"picked":"Fluid Movement","floor":4},{"not_picked":["Quick Slash","Toxin Wave"],"picked":"Prepared","floor":5},{"not_picked":["ReplayTheSpireMod:Necrosis","Cloak And Dagger"],"picked":"Blade Dance","floor":7},{"not_picked":["Hidden Blade","Sucker Punch"],"picked":"Storm of Steel","floor":10},{"not_picked":["Outmaneuver","Cloak And Dagger"],"picked":"Accuracy","floor":12},{"not_picked":["Night Terror","Prepared","Flying Knee"],"picked":"SKIP","floor":13},{"not_picked":["Tools of the Trade","Corpse Explosion"],"picked":"Bullet Time","floor":16},{"not_picked":["Sucker Punch","Underhanded Strike"],"picked":"ReplayTheSpireMod:Speed Training","floor":18},{"not_picked":["Slice","Bouncing Flask+1","Sneak Up"],"picked":"SKIP","floor":19},{"not_picked":["Mind Blast","Metamorphosis"],"picked":"Bandage Up","floor":20},{"not_picked":["Dramatic Entrance","ReplayTheSpireMod:Trickstab"],"picked":"ReplayTheSpireMod:Uncanny Aura","floor":20},{"not_picked":["Bane","Toxin Wave"],"picked":"Backflip","floor":23},{"not_picked":["Draining Mist+1","Dagger Throw"],"picked":"Cloak And Dagger+1","floor":25},{"not_picked":["Deadly Poison","Dagger Throw"],"picked":"Acrobatics+1","floor":29},{"not_picked":["Heel Hook","Dodge and Roll","Toxin Wave"],"picked":"SKIP","floor":30}],"player_experience":847263,"relics_obtained":[{"floor":9,"key":"Garlic"},{"floor":13,"key":"Torii"},{"floor":23,"key":"Simple Rune"},{"floor":25,"key":"Bird Faced Urn"},{"floor":26,"key":"Replay:Bandana"},{"floor":28,"key":"Nilry\u0027s Codex"},{"floor":30,"key":"TungstenRod"}],"event_choices":[{"damage_healed":0,"gold_gain":2,"player_choice":"1","damage_taken":0,"max_hp_gain":0,"max_hp_loss":0,"event_name":"betterStone:BetterStone","floor":20,"gold_loss":0},{"damage_healed":0,"gold_gain":0,"player_choice":"Obtained Book","damage_taken":16,"max_hp_gain":0,"max_hp_loss":0,"event_name":"Cursed Tome","floor":28,"gold_loss":0}],"is_beta":false,"boss_relics":[{"not_picked":["Pandora\u0027s Box","ChewingGum"],"picked":"Tiny House"}],"items_purged_floors":[14,21],"is_endless":false,"potions_floor_spawned":[4,12,13,22,29],"killed_by":"Automaton","ascension_level":14}}