{"host":"ydg0vn0pu4pubmdt","time":1610923289,"event":{"mods":["AchievementEnabler","BaseMod","Colored Map","Gold Saver","Minty Spire (QoL Compilation)","Quick Restart","SuperFastMode"],"gold_per_floor":[790,865,879,366,381,406,426,426,450,460,472,472,499,499,499,602,652,666,666,682,106,124,124,154,154,154,173,1,26,26,38,38,139,139,152,198,198,210,220,220,235,249,249,249,249,186,217,64,64,64],"floor_reached":51,"language":"KOR","playtime":3047,"items_purged":["Strike_G","Strike_G","Infinite Blades","Strike_G"],"score":896,"play_id":"27e49c10-e454-439e-8f06-cc2783cf7348","local_time":"20210118074129","is_ascension_mode":true,"campfire_choices":[{"floor":8.0,"key":"REST"},{"floor":12.0,"key":"REST"},{"data":"Adrenaline","floor":15.0,"key":"SMITH"},{"data":"Prepared","floor":23.0,"key":"SMITH"},{"floor":25.0,"key":"REST"},{"floor":30.0,"key":"REST"},{"data":"Well Laid Plans","floor":32.0,"key":"SMITH"},{"data":"After Image","floor":40.0,"key":"SMITH"},{"data":"Calculated Gamble","floor":45.0,"key":"SMITH"},{"floor":49.0,"key":"REST"}],"circlet_count":0,"master_deck":["Strike_G","Strike_G","Defend_G","Defend_G+1","Defend_G","Defend_G","Defend_G+1","Survivor","Neutralize","Acrobatics","Adrenaline+1","Footwork","Crippling Poison+1","Eviscerate","Burst","Endless Agony+1","Blade Dance","Grand Finale","Tactician","Calculated Gamble+1","Prepared+1","Escape Plan","Acrobatics","After Image+1","Well Laid Plans+1","Blade Dance+1","Choke+1","Prepared+1","Purity","Purity"],"relics":["Ring of the Snake","Kunai","Happy Flower","Regal Pillow","MealTicket","Tiny House","Orrery","HornCleat","Nunchaku","Pantograph","Membership Card","Torii","HoveringKite","Gambling Chip","Blue Candle","StrikeDummy","TheAbacus"],"acts_visited":["Exordium","TheCity","TheBeyond"],"potions_floor_usage":[50,50],"damage_taken":[{"damage":1.0,"enemies":"Cultist","floor":1.0,"turns":5.0},{"damage":1.0,"enemies":"2 Louse","floor":3.0,"turns":2.0},{"damage":0.0,"enemies":"Small Slimes","floor":5.0,"turns":5.0},{"damage":15.0,"enemies":"Lagavulin","floor":6.0,"turns":7.0},{"damage":7.0,"enemies":"Exordium Wildlife","floor":7.0,"turns":4.0},{"damage":5.0,"enemies":"2 Fungi Beasts","floor":10.0,"turns":3.0},{"damage":17.0,"enemies":"Exordium Thugs","floor":11.0,"turns":6.0},{"damage":4.0,"enemies":"3 Sentries","floor":13.0,"turns":11.0},{"damage":37.0,"enemies":"Slime Boss","floor":16.0,"turns":12.0},{"damage":14.0,"enemies":"2 Thieves","floor":18.0,"turns":5.0},{"damage":4.0,"enemies":"Shell Parasite","floor":20.0,"turns":6.0},{"damage":7.0,"enemies":"Cultist and Chosen","floor":22.0,"turns":7.0},{"damage":18.0,"enemies":"Slavers","floor":24.0,"turns":6.0},{"damage":18.0,"enemies":"Sentry and Sphere","floor":27.0,"turns":8.0},{"damage":63.0,"enemies":"Book of Stabbing","floor":29.0,"turns":8.0},{"damage":2.0,"enemies":"Chosen and Byrds","floor":31.0,"turns":8.0},{"damage":13.0,"enemies":"Champ","floor":33.0,"turns":12.0},{"damage":1.0,"enemies":"3 Shapes","floor":35.0,"turns":6.0},{"damage":22.0,"enemies":"2 Orb Walkers","floor":36.0,"turns":6.0},{"damage":0.0,"enemies":"Orb Walker","floor":38.0,"turns":3.0},{"damage":10.0,"enemies":"Writhing Mass","floor":39.0,"turns":6.0},{"damage":1.0,"enemies":"3 Darklings","floor":41.0,"turns":11.0},{"damage":1.0,"enemies":"Spire Growth","floor":42.0,"turns":4.0},{"damage":35.0,"enemies":"Nemesis","floor":47.0,"turns":9.0},{"damage":16,"enemies":"Awakened One","floor":50,"turns":20}],"seed_played":"-3970695312674044282","potions_obtained":[{"floor":3.0,"key":"Poison Potion"},{"floor":6.0,"key":"Ancient Potion"},{"floor":16.0,"key":"Dexterity Potion"},{"floor":17.0,"key":"GamblersBrew"},{"floor":22.0,"key":"FairyPotion"},{"floor":24.0,"key":"Explosive Potion"},{"floor":29.0,"key":"FairyPotion"},{"floor":31.0,"key":"LiquidMemories"},{"floor":36.0,"key":"DistilledChaos"}],"is_trial":false,"path_per_floor":["M","?","M","$","M","E","M","R","T","M","M","R","E","?","R","B",null,"M","?","M","$","M","R","E","R","T","M","$","E","R","M","R","B",null,"M","?","?","M","M","R","M","M","T","?","R","$","E","$","R","B",null],"character_chosen":"THE_SILENT","items_purchased":["Kunai","Footwork","Crippling Poison","Regen Potion","Orrery","Calculated Gamble","HornCleat","Membership Card","Acrobatics","TheAbacus"],"campfire_rested":5,"item_purchase_floors":[4,4,4,4,21,21,21,28,28,48],"current_hp_per_floor":[48,37,36,36,36,36,29,50,50,45,28,64,60,46,46,9,60,46,32,28,43,36,36,18,57,57,39,54,19,58,56,56,67,77,76,54,54,54,44,44,43,42,42,32,32,47,12,27,64,60],"gold":64,"neow_bonus":"TWO_FIFTY_GOLD","is_daily":false,"chose_seed":false,"campfire_upgraded":5,"win_rate":0.0,"timestamp":1610923289,"path_taken":["M","?","M","$","M","E","M","R","T","M","M","R","E","?","R","BOSS","M","?","M","$","M","R","E","R","T","M","$","E","R","M","R","BOSS","M","?","?","M","?","R","M","M","T","?","R","$","E","?","R","BOSS"],"items_purchased_type":["Relic","Card","Card","Potion","Relic","Card","Relic","Relic","Card","Relic"],"build_version":"2020-12-22","purchased_purges":4,"victory":true,"max_hp_per_floor":[70,70,70,70,70,70,70,70,70,70,70,70,70,70,70,70,75,75,80,80,80,80,80,80,80,80,80,80,80,80,80,80,80,80,80,80,76,76,76,76,76,76,76,76,76,76,76,76,76,76],"card_choices":[{"not_picked":["Slice","Sucker Punch"],"picked":"Acrobatics","floor":1.0},{"not_picked":["Quick Slash","Deadly Poison"],"picked":"Adrenaline","floor":3.0},{"not_picked":["Deflect","Deadly Poison"],"picked":"Eviscerate","floor":5.0},{"not_picked":["Escape Plan","Crippling Poison"],"picked":"Infinite Blades","floor":6.0},{"not_picked":["Riddle With Holes","Leg Sweep","Backflip"],"picked":"SKIP","floor":7.0},{"not_picked":["Heel Hook","Predator","Distraction"],"picked":"SKIP","floor":10.0},{"not_picked":["Cloak And Dagger","Sucker Punch","Flechettes"],"picked":"SKIP","floor":11.0},{"not_picked":["Footwork","Sucker Punch","Underhanded Strike"],"picked":"SKIP","floor":13.0},{"not_picked":["Bullet Time","Venomology"],"picked":"Burst","floor":16.0},{"not_picked":["Distraction+1","Poisoned Stab+1"],"picked":"Endless Agony+1","floor":18.0},{"not_picked":["Flying Knee","Burst"],"picked":"Blade Dance","floor":20.0},{"not_picked":["Deadly Poison","Choke"],"picked":"Grand Finale","floor":21.0},{"not_picked":["Quick Slash","Escape Plan"],"picked":"Tactician","floor":21.0},{"not_picked":["Outmaneuver","Dodge and Roll"],"picked":"Prepared","floor":22.0},{"not_picked":["Heel Hook","All Out Attack","PiercingWail"],"picked":"SKIP","floor":24.0},{"not_picked":["Deflect","Infinite Blades"],"picked":"Escape Plan","floor":27.0},{"not_picked":["Slice","Dagger Throw"],"picked":"After Image","floor":29.0},{"not_picked":["Deflect","Acrobatics"],"picked":"Well Laid Plans","floor":31.0},{"not_picked":["Outmaneuver","Deadly Poison"],"picked":"Blade Dance+1","floor":35.0},{"not_picked":["Riddle With Holes+1","Flechettes+1"],"picked":"Choke+1","floor":36.0},{"not_picked":["Dagger Throw+1","Outmaneuver","Wraith Form v2"],"picked":"SKIP","floor":38.0},{"not_picked":["Dagger Throw","All Out Attack+1"],"picked":"Prepared+1","floor":39.0},{"not_picked":["Predator+1","Dagger Spray","Quick Slash"],"picked":"SKIP","floor":41.0},{"not_picked":["Cloak And Dagger","Backstab","Tactician"],"picked":"SKIP","floor":42.0},{"not_picked":["PanicButton","Dark Shackles"],"picked":"Purity","floor":44.0},{"not_picked":["Chrysalis","Forethought"],"picked":"Purity","floor":44.0},{"not_picked":["Setup+1","Blade Dance+1","Flechettes"],"picked":"SKIP","floor":47.0}],"player_experience":459272,"relics_obtained":[{"floor":6.0,"key":"Happy Flower"},{"floor":9.0,"key":"Regal Pillow"},{"floor":13.0,"key":"MealTicket"},{"floor":24.0,"key":"Nunchaku"},{"floor":26.0,"key":"Pantograph"},{"floor":29.0,"key":"Torii"},{"floor":36.0,"key":"Gambling Chip"},{"floor":43.0,"key":"Blue Candle"},{"floor":47.0,"key":"StrikeDummy"}],"event_choices":[{"damage_healed":0.0,"max_hp_gain":0.0,"max_hp_loss":0.0,"gold_gain":75.0,"event_name":"World of Goop","player_choice":"Gather Gold","floor":2.0,"gold_loss":0.0,"damage_taken":11.0},{"damage_healed":0.0,"max_hp_gain":0.0,"max_hp_loss":0.0,"gold_gain":0.0,"event_name":"Shining Light","player_choice":"Entered Light","floor":14.0,"gold_loss":0.0,"damage_taken":14.0,"cards_upgraded":["Defend_G","Crippling Poison"]},{"damage_healed":0.0,"max_hp_gain":5.0,"max_hp_loss":0.0,"gold_gain":0.0,"event_name":"Forgotten Altar","player_choice":"Shed Blood","floor":19.0,"gold_loss":0.0,"damage_taken":19.0},{"damage_healed":0.0,"max_hp_gain":0.0,"max_hp_loss":0.0,"gold_gain":0.0,"event_name":"Mysterious Sphere","player_choice":"Fight","floor":36.0,"gold_loss":0.0,"damage_taken":0.0},{"damage_healed":0.0,"max_hp_gain":0.0,"max_hp_loss":4.0,"gold_gain":0.0,"event_name":"Winding Halls","player_choice":"Max HP","floor":37.0,"gold_loss":0.0,"damage_taken":0.0},{"damage_healed":0.0,"max_hp_gain":0.0,"max_hp_loss":0.0,"gold_gain":0.0,"event_name":"SensoryStone","player_choice":"Memory 3","floor":44.0,"gold_loss":0.0,"damage_taken":10.0}],"is_beta":false,"boss_relics":[{"not_picked":["Coffee Dripper","Cursed Key"],"picked":"Tiny House"},{"not_picked":["WristBlade","Runic Pyramid"],"picked":"HoveringKite"}],"items_purged_floors":[4,21,46,48],"is_endless":false,"potions_floor_spawned":[3,6,16,22,24,27,29,31,36,38,47],"ascension_level":5}}