{"host":"vyjryxuuuxkt43k4","time":1610892813,"event":{"mods":["AchievementEnabler","BaseMod","Colored Map","DeckTracker","Keyboard Shortcuts","Minty Spire (QoL Compilation)","Permanent Neow","Quick Restart","StSLib","SuperFastMode","everything is the same but u backflip on backflip"],"gold_per_floor":[114,133,146,146,162,162,192,192,216,216,69,104,4,25,25,151,151,176,190,42,65,27,52,96,96,96,109,4,4,4,16,16,111,111,123,35,52,2,19,45,56,72,72,72,72,85,0,20,20,20,20],"floor_reached":50,"language":"KOR","playtime":2406,"items_purged":["Strike_R","Strike_R","Strike_R","Strike_R"],"score":822,"play_id":"51093123-f036-4820-a060-2ae65914402c","local_time":"20210117231333","is_ascension_mode":true,"campfire_choices":[{"data":"Apotheosis","floor":6.0,"key":"SMITH"},{"floor":8.0,"key":"REST"},{"floor":15.0,"key":"REST"},{"data":"Corruption","floor":25.0,"key":"SMITH"},{"floor":29.0,"key":"REST"},{"floor":32.0,"key":"REST"},{"floor":44.0,"key":"REST"},{"floor":49.0,"key":"RECALL"}],"circlet_count":0,"master_deck":["AscendersBane","Strike_R","Defend_R","Defend_R","Defend_R","Defend_R","Bash","Apotheosis+1","Reckless Charge","Spot Weakness","Cleave","Inflame","Shockwave","Second Wind","Evolve","Corruption+1","Whirlwind","Body Slam","Heavy Blade","Fire Breathing","Evolve+1","Dual Wield+1","Offering","Double Tap","Dark Embrace","Shrug It Off+1","Inflame+1"],"relics":["Burning Blood","Art of War","Oddly Smooth Stone","Bloody Idol","Ancient Tea Set","Runic Pyramid","Lantern","Smiling Mask","HornCleat","Fusion Hammer","Singing Bowl","Red Mask"],"acts_visited":["Exordium","TheCity","TheBeyond"],"potions_floor_usage":[50],"damage_taken":[{"damage":5.0,"enemies":"Small Slimes","floor":1.0,"turns":4.0},{"damage":7.0,"enemies":"Jaw Worm","floor":2.0,"turns":4.0},{"damage":11.0,"enemies":"Cultist","floor":3.0,"turns":4.0},{"damage":9.0,"enemies":"Looter","floor":5.0,"turns":3.0},{"damage":19.0,"enemies":"3 Sentries","floor":7.0,"turns":4.0},{"damage":28.0,"enemies":"Gremlin Nob","floor":12.0,"turns":5.0},{"damage":7.0,"enemies":"Large Slime","floor":14.0,"turns":7.0},{"damage":34.0,"enemies":"Slime Boss","floor":16.0,"turns":10.0},{"damage":12.0,"enemies":"Chosen","floor":18.0,"turns":6.0},{"damage":17.0,"enemies":"3 Byrds","floor":19.0,"turns":4.0},{"damage":11.0,"enemies":"Sentry and Sphere","floor":21.0,"turns":4.0},{"damage":7.0,"enemies":"3 Cultists","floor":23.0,"turns":4.0},{"damage":24.0,"enemies":"Slavers","floor":24.0,"turns":4.0},{"damage":28.0,"enemies":"Snake Plant","floor":27.0,"turns":5.0},{"damage":30.0,"enemies":"Shelled Parasite and Fungi","floor":31.0,"turns":4.0},{"damage":38.0,"enemies":"Automaton","floor":33.0,"turns":7.0},{"damage":8.0,"enemies":"3 Darklings","floor":35.0,"turns":3.0},{"damage":0.0,"enemies":"3 Shapes","floor":37.0,"turns":4.0},{"damage":26.0,"enemies":"3 Darklings","floor":39.0,"turns":3.0},{"damage":54.0,"enemies":"Reptomancer","floor":40.0,"turns":4.0},{"damage":12.0,"enemies":"Writhing Mass","floor":41.0,"turns":5.0},{"damage":20.0,"enemies":"4 Shapes","floor":42.0,"turns":4.0},{"damage":29.0,"enemies":"Spire Growth","floor":46.0,"turns":4.0},{"damage":16.0,"enemies":"Sphere and 2 Shapes","floor":48.0,"turns":3.0},{"damage":39,"enemies":"Donu and Deca","floor":50,"turns":3}],"seed_played":"-1887882887160412457","potions_obtained":[{"floor":3.0,"key":"SteroidPotion"},{"floor":5.0,"key":"PowerPotion"},{"floor":12.0,"key":"Fire Potion"},{"floor":14.0,"key":"Fruit Juice"},{"floor":18.0,"key":"HeartOfIron"},{"floor":21.0,"key":"Energy Potion"},{"floor":23.0,"key":"DuplicationPotion"},{"floor":27.0,"key":"EssenceOfSteel"},{"floor":33.0,"key":"EssenceOfSteel"},{"floor":37.0,"key":"SteroidPotion"},{"floor":42.0,"key":"ColorlessPotion"},{"floor":46.0,"key":"SteroidPotion"},{"floor":48.0,"key":"Swift Potion"}],"is_trial":false,"path_per_floor":["M","M","M","?","M","R","E","R","T","?","$","E","$","M","R","B",null,"M","M","$","M","$","M","E","R","T","M","$","R","?","M","R","B",null,"M","$","M","$","M","E","M","M","T","R","?","M","?","M","R","B"],"character_chosen":"IRONCLAD","items_purchased":["Second Wind","Lantern","Fire Breathing","EntropicBrew","Dark Embrace"],"campfire_rested":5,"item_purchase_floors":[11,20,22,28,36],"current_hp_per_floor":[52,51,46,51,48,48,35,60,60,39,39,17,17,16,41,18,72,66,55,55,50,50,49,31,31,31,9,9,36,36,29,56,29,75,78,78,89,89,74,33,34,27,27,55,55,39,39,36,36,0,0],"gold":20,"neow_bonus":"RANDOM_COLORLESS_2","is_daily":false,"chose_seed":false,"campfire_upgraded":2,"win_rate":0.0,"timestamp":1610892813,"path_taken":["M","M","M","?","M","R","E","R","T","?","?","E","?","M","R","BOSS","M","M","$","M","$","M","E","R","T","M","$","R","?","M","R","BOSS","M","$","M","$","M","E","M","M","T","R","?","M","?","?","R","BOSS"],"items_purchased_type":["Card","Relic","Card","Potion","Card"],"build_version":"2020-12-22","purchased_purges":4,"victory":false,"max_hp_per_floor":[80,80,80,85,85,85,85,85,85,85,85,85,85,85,85,90,90,90,90,90,90,90,90,90,90,90,90,90,90,90,90,90,90,90,90,90,90,90,90,92,94,96,96,96,91,93,93,95,95,95,95],"card_choices":[{"not_picked":["Transmutation","Metamorphosis"],"picked":"Apotheosis","floor":0.0},{"not_picked":["Rupture","Combust"],"picked":"Reckless Charge","floor":1.0},{"not_picked":["Flex","Pommel Strike"],"picked":"Spot Weakness","floor":2.0},{"not_picked":["Burning Pact","Body Slam"],"picked":"Cleave","floor":3.0},{"not_picked":["Seeing Red","Sever Soul"],"picked":"Inflame","floor":5.0},{"not_picked":["Pommel Strike","Perfected Strike"],"picked":"Shockwave","floor":7.0},{"not_picked":["Perfected Strike","Flex","Thunderclap"],"picked":"SKIP","floor":12.0},{"not_picked":["Shrug It Off","Iron Wave"],"picked":"Evolve","floor":14.0},{"not_picked":["Juggernaut","Double Tap"],"picked":"Corruption","floor":16.0},{"not_picked":["Carnage","Pommel Strike"],"picked":"Whirlwind","floor":18.0},{"not_picked":["Havoc","Warcry"],"picked":"Body Slam","floor":19.0},{"not_picked":["Headbutt","Anger"],"picked":"Heavy Blade","floor":21.0},{"not_picked":["Perfected Strike","Pummel+1","Sever Soul"],"picked":"SKIP","floor":23.0},{"not_picked":["Anger","Clash"],"picked":"Evolve+1","floor":24.0},{"not_picked":["Sever Soul","Flex"],"picked":"Dual Wield+1","floor":27.0},{"not_picked":["Headbutt","Second Wind"],"picked":"Offering","floor":31.0},{"not_picked":["Bludgeon","Corruption"],"picked":"Double Tap","floor":33.0},{"not_picked":["Cleave+1","Shockwave","Heavy Blade"],"picked":"SKIP","floor":35.0},{"not_picked":["Cleave+1","Iron Wave+1"],"picked":"Shrug It Off+1","floor":37.0},{"not_picked":["Blood for Blood","Pommel Strike"],"picked":"Inflame+1","floor":39.0},{"not_picked":["Sentinel+1","Sword Boomerang+1","Second Wind+1"],"picked":"Singing Bowl","floor":40.0},{"not_picked":["Headbutt","Rampage+1","Clash+1"],"picked":"Singing Bowl","floor":41.0},{"not_picked":["Heavy Blade+1","Clash","Sever Soul"],"picked":"Singing Bowl","floor":42.0},{"not_picked":["Clothesline+1","Hemokinesis","Iron Wave"],"picked":"Singing Bowl","floor":46.0},{"not_picked":["Combust+1","Clothesline","Flex+1"],"picked":"Singing Bowl","floor":48.0}],"player_experience":416925,"relics_obtained":[{"floor":7.0,"key":"Art of War"},{"floor":9.0,"key":"Oddly Smooth Stone"},{"floor":12.0,"key":"Ancient Tea Set"},{"floor":24.0,"key":"Smiling Mask"},{"floor":26.0,"key":"HornCleat"},{"floor":40.0,"key":"Singing Bowl"}],"event_choices":[{"damage_healed":0.0,"max_hp_gain":5.0,"max_hp_loss":0.0,"gold_gain":0.0,"event_name":"Big Fish","player_choice":"Donut","floor":4.0,"gold_loss":0.0,"damage_taken":0.0},{"damage_healed":0.0,"max_hp_gain":0.0,"max_hp_loss":0.0,"gold_gain":0.0,"event_name":"Golden Idol","player_choice":"Take Damage","floor":10.0,"gold_loss":0.0,"damage_taken":21.0,"relics_obtained":["Golden Idol"]},{"damage_healed":0.0,"max_hp_gain":0.0,"max_hp_loss":0.0,"gold_gain":0.0,"event_name":"Forgotten Altar","player_choice":"Gave Idol","floor":30.0,"relics_lost":["Golden Idol"],"gold_loss":0.0,"damage_taken":0.0,"relics_obtained":["Bloody Idol"]},{"damage_healed":0.0,"max_hp_gain":0.0,"max_hp_loss":5.0,"gold_gain":0.0,"event_name":"Winding Halls","player_choice":"Max HP","floor":45.0,"gold_loss":0.0,"damage_taken":0.0},{"damage_healed":0.0,"max_hp_gain":0.0,"max_hp_loss":0.0,"gold_gain":0.0,"event_name":"Tomb of Lord Red Mask","player_choice":"Paid","floor":47.0,"gold_loss":85.0,"damage_taken":0.0,"relics_obtained":["Red Mask"]}],"is_beta":false,"boss_relics":[{"not_picked":["Busted Crown","Tiny House"],"picked":"Runic Pyramid"},{"not_picked":["Calling Bell","SlaversCollar"],"picked":"Fusion Hammer"}],"items_purged_floors":[11,13,36,38],"is_endless":false,"potions_floor_spawned":[3,5,12,14,18,21,23,27,33,37,42,46,48],"killed_by":"Donu and Deca","ascension_level":10}}