{"host":"19t2eyow02s954g8","time":1610898070,"event":{"mods":["BaseMod","Colored Map","DeckTracker","Minty Spire (QoL Compilation)","StSLib","SuperFastMode"],"gold_per_floor":[118,118,137,62,62,62,96,96,120,6,25,25,25,52,52,125,125,137,137,137,8,8,42,42,42,42],"floor_reached":25,"language":"KOR","playtime":366,"items_purged":["Strike_G","Decay"],"score":650,"play_id":"8c4b5c29-c3c6-4c87-afc5-2d06698105db","local_time":"20210118004110","is_ascension_mode":true,"campfire_choices":[{"data":"Neutralize","floor":6,"key":"SMITH"},{"data":"Glass Knife","floor":8,"key":"SMITH"},{"data":"Masterful Stab","floor":12,"key":"SMITH"},{"data":"Phantasmal Killer","floor":15,"key":"SMITH"},{"floor":24,"key":"REST"}],"circlet_count":0,"master_deck":["AscendersBane","Strike_G+1","Strike_G","Defend_G","Defend_G+1","Defend_G+1","Defend_G+1","Defend_G","Survivor","Neutralize+1","Glass Knife+1","Masterful Stab+1","Flying Knee","Finisher","Phantasmal Killer+1","Venomology","Leg Sweep+1","Blade Dance","Writhe","Cloak And Dagger"],"relics":["Ring of the Serpent","NeowsBlessing","Du-Vu Doll","War Paint","Blood Vial","Omamori"],"acts_visited":["Exordium","TheCity"],"potions_floor_usage":[16,16,18,20,23],"damage_taken":[{"damage":0,"enemies":"Cultist","floor":1,"turns":1},{"damage":0,"enemies":"Small Slimes","floor":3,"turns":1},{"damage":0,"enemies":"Lagavulin","floor":7,"turns":1},{"damage":0,"enemies":"2 Louse","floor":11,"turns":2},{"damage":0,"enemies":"Gremlin Nob","floor":14,"turns":3},{"damage":0,"enemies":"The Guardian","floor":16,"turns":9},{"damage":9,"enemies":"Shell Parasite","floor":18,"turns":3},{"damage":0,"enemies":"3 Byrds","floor":20,"turns":1},{"damage":36,"enemies":"Slavers","floor":23,"turns":5},{"damage":0,"enemies":"Snake Plant","floor":25,"turns":1}],"seed_played":"-1498042553186270583","potions_obtained":[{"floor":3,"key":"Block Potion"},{"floor":5,"key":"Weak Potion"},{"floor":7,"key":"Poison Potion"},{"floor":23,"key":"LiquidBronze"}],"is_trial":false,"path_per_floor":["M","?","M","?","?","R","E","R","T","$","M","R","?","E","R","B",null,"M","?","M","$","?","E","R","M"],"character_chosen":"THE_SILENT","items_purchased":["Masterful Stab","Blade Dance"],"campfire_rested":1,"item_purchase_floors":[10,21],"current_hp_per_floor":[59,39,39,39,39,39,39,39,39,39,39,39,39,39,39,39,59,50,50,50,50,50,16,35,37,37],"gold":42,"neow_bonus":"THREE_ENEMY_KILL","is_daily":false,"chose_seed":false,"campfire_upgraded":4,"win_rate":0.0,"timestamp":1610898070,"path_taken":["M","?","M","?","?","R","E","R","T","$","?","R","?","E","R","BOSS","M","?","M","$","?","E","R","M"],"items_purchased_type":["Card","Card"],"build_version":"2020-12-22","purchased_purges":2,"victory":false,"max_hp_per_floor":[66,66,66,66,66,66,66,66,66,66,66,66,66,66,66,66,66,66,66,66,66,66,66,66,66,66],"card_choices":[{"not_picked":["Quick Slash","Prepared","Riddle With Holes"],"picked":"SKIP","floor":1},{"not_picked":["Prepared","Bane","Quick Slash"],"picked":"SKIP","floor":3},{"not_picked":["Quick Slash","Reflex"],"picked":"Glass Knife","floor":7},{"not_picked":["Setup","Quick Slash"],"picked":"Flying Knee","floor":11},{"not_picked":["Acrobatics","Noxious Fumes"],"picked":"Phantasmal Killer","floor":14},{"not_picked":["Malaise","Envenom"],"picked":"Venomology","floor":16},{"not_picked":["Footwork","Poisoned Stab+1"],"picked":"Leg Sweep+1","floor":18},{"not_picked":["Predator","Choke+1"],"picked":"Cloak And Dagger","floor":23}],"player_experience":4297877,"relics_obtained":[{"floor":7,"key":"Du-Vu Doll"},{"floor":9,"key":"War Paint"},{"floor":23,"key":"Omamori"}],"event_choices":[{"damage_healed":0,"gold_gain":0,"player_choice":"Entered Light","damage_taken":20,"max_hp_gain":0,"max_hp_loss":0,"event_name":"Shining Light","floor":2,"gold_loss":0,"cards_upgraded":["Strike_G","Defend_G"]},{"cards_removed":["Strike_G"],"damage_healed":0,"gold_gain":0,"player_choice":"Card Removal","damage_taken":0,"max_hp_gain":0,"max_hp_loss":0,"event_name":"The Cleric","floor":4,"gold_loss":75},{"damage_healed":0,"gold_gain":0,"player_choice":"Got Potions","damage_taken":0,"max_hp_gain":0,"max_hp_loss":0,"event_name":"Lab","floor":5,"gold_loss":0},{"damage_healed":0,"gold_gain":0,"cards_transformed":["Strike_G"],"player_choice":"Transformed","damage_taken":0,"max_hp_gain":0,"max_hp_loss":0,"event_name":"Transmorgrifier","floor":13,"gold_loss":0,"cards_obtained":["Finisher"]},{"damage_healed":0,"gold_gain":0,"player_choice":"Smashed Altar","damage_taken":0,"max_hp_gain":0,"max_hp_loss":0,"event_name":"Forgotten Altar","floor":19,"gold_loss":0,"cards_obtained":["Decay"]},{"damage_healed":0,"gold_gain":0,"player_choice":"Opened","damage_taken":0,"relics_obtained":["Blood Vial"],"max_hp_gain":0,"max_hp_loss":0,"event_name":"The Mausoleum","floor":22,"gold_loss":0,"cards_obtained":["Writhe"]}],"is_beta":false,"boss_relics":[{"not_picked":["Tiny House","Ectoplasm"],"picked":"Ring of the Serpent"}],"items_purged_floors":[10,21],"is_endless":false,"potions_floor_spawned":[3,7,20,23],"killed_by":"Snake Plant","ascension_level":20}}