{"host":"4kbqeuw4a1wt9r2z","time":1610874684,"event":{"mods":["Act Like it!","Aspiration","Astrologer","Bard","BaseMod","Chen","Conspire","Downfall","Duelist Mod","Gensokyo","GifTheSpireLib","Googly Eyes","Hallownest","Hermit","Hubris","Koishi","Marisa????????","Minty Spire (QoL Compilation)","Reimu??????","SOS???????","StSLib","The Administrix","The Bug Knight","The Construct","The Cursed","The Disciple","The Forsaken","The Gatherer","The Hierophant","The Kombatant","The Necromancer","The Runesmith","The Senshi","The Servant 0.9.4","The Wild Card"],"gold_per_floor":[116,23,43,53,53,82,82,82,159,187,187,187,202,218,218,316,316,330,330,346,346,124,137,137,97,123,154,165,165,181,201,201,302,302,313,313,313,324,372,372,399,399,399,426,445,19,19,19,19,19],"floor_reached":51,"language":"ENG","playtime":3015,"items_purged":["Gensokyo:AllTheWorldsEvil"],"score":858,"play_id":"c331c1b1-402f-4796-8260-cbfda2c96be3","local_time":"20210117121124","is_ascension_mode":false,"campfire_choices":[{"data":"EnergyFlow","floor":8,"key":"SMITH"},{"data":"SprinkleStarSeal","floor":29,"key":"SMITH"},{"data":"DeepEcoloBomb","floor":32,"key":"SMITH"},{"data":"DarkMatter","floor":40,"key":"SMITH"},{"floor":47,"key":"REST"},{"data":"UltimateShortwave","floor":49,"key":"SMITH"}],"circlet_count":0,"master_deck":["Strike_MRS","Strike_MRS","Strike_MRS","Strike_MRS","Defend_MRS","Defend_MRS","Defend_MRS","Defend_MRS","MasterSpark","UpSweep","NonDirectionalLaser","AsteroidBelt","SporeBomb+1","EnergyFlow+1","SprinkleStarSeal+1","EventHorizon","UltimateShortwave+1","DarkMatter+1","AbsoluteMagnitude+1","DC+1","DeepEcoloBomb+1","ShootTheMoon","FinalSpark","PulseMagic+1","MysteriousBeam","PropBag+1"],"relics":["MiniHakkero","NeowsBlessing","conspire:TopHat","Pen Nib","hubris:Metronome","aspiration:ArtOfWarUpgrade","Blood Vial","Gensokyo:OccultBall","Sozu","theForsaken:Lifeblossom","hubris:SlimyHat","HornCleat","conspire:SlowCooker","HollowMod:PaleOreRelic","White Beast Statue","Shuriken","Runesmith:Nanobots","Membership Card","Gremlin Horn","hubris:Zylophone"],"acts_visited":["Gensokyo:Gensokyo","Gensokyo:Gensokyoer","Gensokyo:Gensokyoest"],"potions_floor_usage":[6,13,16,16,23],"damage_taken":[{"damage":0,"enemies":"Gensokyo:2_Kodama","floor":1,"turns":1},{"damage":0,"enemies":"Gensokyo:Gryphon","floor":3,"turns":2},{"damage":0,"enemies":"Gensokyo:Python","floor":4,"turns":2},{"damage":6,"enemies":"Gensokyo:Mamizou","floor":6,"turns":8},{"damage":1,"enemies":"Gensokyo:Cirno","floor":10,"turns":5},{"damage":0,"enemies":"Gensokyo:3_Kodama","floor":13,"turns":1},{"damage":0,"enemies":"Gensokyo:LivingMonolith","floor":14,"turns":3},{"damage":19,"enemies":"Gensokyo:Kokoro","floor":16,"turns":9},{"damage":5,"enemies":"Gensokyo:Chomper","floor":18,"turns":3},{"damage":0,"enemies":"Gensokyo:2_Gloops","floor":20,"turns":5},{"damage":17,"enemies":"Gensokyo:Slime_Group","floor":23,"turns":5},{"damage":26,"enemies":"Gensokyo:Tenshi","floor":27,"turns":3},{"damage":7,"enemies":"Gensokyo:Monolith_and_Dog","floor":28,"turns":4},{"damage":0,"enemies":"Gensokyo:3_Gloops","floor":30,"turns":3},{"damage":10,"enemies":"Gensokyo:Wraith","floor":31,"turns":3},{"damage":45,"enemies":"Gensokyo:Eternal_Rivals","floor":33,"turns":9},{"damage":7,"enemies":"Gensokyo:3_Bats","floor":35,"turns":4},{"damage":10,"enemies":"Gensokyo:3_Boulders","floor":38,"turns":4},{"damage":29,"enemies":"Gensokyo:Kasen","floor":41,"turns":10},{"damage":0,"enemies":"Gensokyo:Marisa","floor":44,"turns":5},{"damage":25,"enemies":"Gensokyo:4_Bats","floor":45,"turns":3},{"damage":17,"enemies":"Gensokyo:Scarlet_Devils","floor":50,"turns":4}],"seed_played":"264244834693023044","potions_obtained":[{"floor":3,"key":"Block Potion"},{"floor":6,"key":"SneckoOil"},{"floor":10,"key":"BottledSpark"},{"floor":14,"key":"champ:CounterPotion"},{"floor":16,"key":"SkillPotion"}],"is_trial":false,"path_per_floor":["M","COS","M","M","?","E","?","R","T","E","?","?","M","M","R","B",null,"M","?","M","?","$","M","R","?","T","E","M","R","M","M","R","B",null,"M","?","?","M","T","R","E","?","T","E","M","$","R","?","R","B",null],"character_chosen":"MARISA","items_purchased":["theForsaken:Lifeblossom","Membership Card","Gremlin Horn","hubris:Zylophone"],"campfire_rested":1,"item_purchase_floors":[22,46,46,46],"current_hp_per_floor":[75,75,75,75,75,69,75,75,75,74,74,74,75,75,75,56,75,70,70,72,72,72,61,61,61,61,42,43,43,50,47,47,10,75,71,71,71,65,65,65,44,44,44,52,34,34,56,56,56,47],"gold":19,"neow_bonus":"THREE_ENEMY_KILL","is_daily":false,"chose_seed":false,"campfire_upgraded":5,"win_rate":0.0,"timestamp":1610874684,"path_taken":["M","COS","M","M","?","E","?","R","T","E","?","?","M","M","R","BOSS","M","?","M","?","$","M","R","?","T","E","M","R","M","M","R","BOSS","M","?","?","M","?","R","E","?","T","E","?","$","R","?","R","BOSS"],"items_purchased_type":["Relic","Relic","Relic","Relic"],"build_version":"2020-12-22","purchased_purges":1,"victory":true,"max_hp_per_floor":[75,75,75,75,75,75,75,75,75,75,75,75,75,75,75,75,75,75,75,75,75,75,75,75,75,75,75,75,75,75,75,75,75,75,75,75,75,75,75,75,75,75,75,75,75,75,75,75,75,75],"card_choices":[{"not_picked":["DoubleSpark","AsteroidBelt"],"picked":"NonDirectionalLaser","floor":1},{"not_picked":["GasGiant","Singularity"],"picked":"AsteroidBelt","floor":3},{"not_picked":["ChargingUp","GasGiant"],"picked":"SporeBomb","floor":4},{"not_picked":["MysteriousBeam","WitchOfGreed"],"picked":"EnergyFlow","floor":6},{"not_picked":["LuminesStrike","Orbital"],"picked":"SprinkleStarSeal","floor":10},{"not_picked":["GravityBeat","6A"],"picked":"EventHorizon","floor":11},{"not_picked":["LuminesStrike","SporeBomb"],"picked":"OortCloud","floor":11},{"not_picked":["ChargingUp","DoubleSpark"],"picked":"UltimateShortwave","floor":13},{"not_picked":["MilkyWay","AlicesGift"],"picked":"DarkMatter","floor":14},{"not_picked":["UltimateShortwave","BinaryStars"],"picked":"AbsoluteMagnitude","floor":16},{"not_picked":["GalacticHalo","GasGiant+1"],"picked":"DC+1","floor":18},{"not_picked":["RefractionSpark","DarkMatter","UnstableBomb"],"picked":"SKIP","floor":20},{"not_picked":["NonDirectionalLaser","Occultation","ManaConvection"],"picked":"SKIP","floor":23},{"not_picked":["StarBarrage","WitchOfGreed"],"picked":"DeepEcoloBomb","floor":27},{"not_picked":["LuminesStrike","DoubleSpark+1","UnstableBomb"],"picked":"SKIP","floor":28},{"not_picked":["DC","ShootingEcho"],"picked":"ShootTheMoon","floor":30},{"not_picked":["ShootingEcho","FairyDestructionRay","MagicAbsorber"],"picked":"SKIP","floor":31},{"not_picked":["CollectingQuirk","BlazingStar"],"picked":"FinalSpark","floor":33},{"not_picked":["FairyDestructionRay","GrandCross+1"],"picked":"PulseMagic+1","floor":35},{"not_picked":["MilkyWay","DoubleSpark","AsteroidBelt+1"],"picked":"SKIP","floor":38},{"not_picked":["DC","MagicAbsorber+1"],"picked":"MysteriousBeam","floor":41},{"not_picked":["PulseMagic+1","NonDirectionalLaser+1"],"picked":"PropBag+1","floor":44},{"not_picked":["ShootTheMoon+1","GravityBeat+1","IllusionStar"],"picked":"SKIP","floor":45}],"player_experience":552723,"relics_obtained":[{"floor":6,"key":"Pen Nib"},{"floor":9,"key":"hubris:Metronome"},{"floor":10,"key":"Blood Vial"},{"floor":16,"key":"Gensokyo:OccultBall"},{"floor":26,"key":"hubris:SlimyHat"},{"floor":27,"key":"HornCleat"},{"floor":33,"key":"Gensokyo:OccultBall"},{"floor":39,"key":"HollowMod:PaleOreRelic"},{"floor":41,"key":"White Beast Statue"},{"floor":43,"key":"Shuriken"},{"floor":44,"key":"Gensokyo:OccultBall"},{"floor":44,"key":"Runesmith:Nanobots"}],"event_choices":[],"is_beta":false,"boss_relics":[{"not_picked":["RedLine:ReiMu","Busted Crown"],"picked":"Sozu"},{"not_picked":["aspiration:MobileForge","Velvet Choker"],"picked":"conspire:SlowCooker"}],"items_purged_floors":[22],"is_endless":false,"potions_floor_spawned":[3,6,10,14,16,18,20,27,33,38,41,44,45],"ascension_level":0}}