{"host":"xm0tf1maiknh0fp9","time":1610914973,"event":{"mods":["BaseMod","Colored Map","Colored Powertips","Googly Eyes","Minty Spire (QoL Compilation)","Replay The Spire","StSLib"],"gold_per_floor":[119,119,136,154,168,168,203,203,203,203,223,223,223,223,256,269,269,364,364,380,380,395,413,28,28,42,42,42,42,42,42,59,70,70,98,98,203,203,215,115,127,127,0,0,25,38,38,68,82,97,97,116,116,116],"floor_reached":55,"language":"ENG","playtime":2252,"items_purged":["Strike_G","Strike_G","CommonCold"],"score":968,"play_id":"968cf7b7-ac1a-4d2a-9498-319fba3b5d21","local_time":"20210117152253","is_ascension_mode":true,"campfire_choices":[{"data":"Calculated Gamble","floor":6.0,"key":"SMITH"},{"floor":10.0,"key":"REST"},{"floor":14.0,"key":"REST"},{"floor":17.0,"key":"REST"},{"floor":25.0,"key":"REST"},{"floor":27.0,"key":"REST"},{"floor":31.0,"key":"REST"},{"floor":36.0,"key":"REST"},{"floor":44,"key":"REST"},{"floor":51,"key":"REST"},{"data":"Accuracy","floor":53,"key":"SMITH"},{"data":"Accuracy","floor":53,"key":"SMITH"}],"circlet_count":0,"master_deck":["Strike_G+1","Strike_G","Strike_G+1","Defend_G","Defend_G","Defend_G","Defend_G+1","Survivor+1","Neutralize+1","ReplayTheSpireMod:Scrap Shanks+1","Atom Bomb+1","Calculated Gamble+1","Acrobatics","Accuracy+1","Blade Dance","A Thousand Cuts","Expertise","Accuracy+1","Blade Dance+1","After Image+1","Prepared","Master of Strategy"],"relics":["Ring of the Snake","NeowsBlessing","ReplayTheSpireMod:Shallot","Chameleon Ring","Ninja Scroll","Snecko Scales","Gremlin Food","DollysMirror","CaptainsWheel","Snake Skull","Red Mask","ReplayTheSpireMod:CursedCoin","Sundial","Replay:Arrowhead"],"acts_visited":["Exordium","TheCity","TheBeyond"],"potions_floor_usage":[39,39,41,46,49,52],"damage_taken":[{"damage":0.0,"enemies":"Small Slimes","floor":1.0,"turns":1.0},{"damage":0.0,"enemies":"Jaw Worm","floor":3.0,"turns":1.0},{"damage":0.0,"enemies":"Cultist","floor":4.0,"turns":1.0},{"damage":7.0,"enemies":"3 Louse","floor":5.0,"turns":5.0},{"damage":50.0,"enemies":"Gremlin Nob","floor":7.0,"turns":5.0},{"damage":0.0,"enemies":"Gremlin Gang","floor":11.0,"turns":1.0},{"damage":23.0,"enemies":"Replay:BlueRogue","floor":15.0,"turns":4.0},{"damage":0.0,"enemies":"Blue Slaver","floor":16.0,"turns":2.0},{"damage":13.0,"enemies":"Fading Forest","floor":18.0,"turns":11.0},{"damage":11.0,"enemies":"Shell Parasite","floor":20.0,"turns":2.0},{"damage":11.0,"enemies":"2 Thieves","floor":22.0,"turns":2.0},{"damage":30.0,"enemies":"Snake Plant","floor":23.0,"turns":3.0},{"damage":8.0,"enemies":"Centurion and Healer","floor":26.0,"turns":3.0},{"damage":9.0,"enemies":"Cultist and Chosen","floor":32.0,"turns":3.0},{"damage":0.0,"enemies":"Shelled Parasite and Fungi","floor":33.0,"turns":1.0},{"damage":22.0,"enemies":"Replay:Snechameleon","floor":35.0,"turns":4.0},{"damage":11,"enemies":"Champ","floor":37,"turns":5},{"damage":13,"enemies":"3 Darklings","floor":39,"turns":3},{"damage":0,"enemies":"3 Shapes","floor":41,"turns":3},{"damage":0,"enemies":"Jaw Worm Horde","floor":46,"turns":2},{"damage":33,"enemies":"Nemesis","floor":48,"turns":5},{"damage":2,"enemies":"4 Shapes","floor":49,"turns":7},{"damage":0,"enemies":"3 Darklings","floor":50,"turns":3},{"damage":0,"enemies":"Transient","floor":52,"turns":5},{"damage":7,"enemies":"Donu and Deca","floor":54,"turns":4}],"seed_played":"-1419322136499770300","potions_obtained":[{"floor":3.0,"key":"Energy Potion"},{"floor":4.0,"key":"SneckoOil"},{"floor":8.0,"key":"DistilledChaos"},{"floor":8.0,"key":"Energy Potion"},{"floor":8.0,"key":"Fire Potion"},{"floor":16.0,"key":"Venom Potion"},{"floor":18.0,"key":"DistilledChaos"},{"floor":26.0,"key":"SpeedPotion"},{"floor":32.0,"key":"Adrenaline Potion"},{"floor":33.0,"key":"LiquidMemories"},{"floor":37,"key":"AttackPotion"},{"floor":39,"key":"DistilledChaos"},{"floor":41,"key":"Poison Potion"},{"floor":48,"key":"AttackPotion"},{"floor":50,"key":"Adrenaline Potion"}],"is_trial":false,"path_per_floor":["M","?","M","M","M","R","E","?","T","R","M","PTL","PTL","R","E","M","R","B",null,"M","?","M","M","$","R","M","R","T","PTL","PTL","R","M","M","$","E","R","B",null,"M","$","M","?","?","R","$","M","T","E","M","M","R","M","R_BF","B",null],"character_chosen":"THE_SILENT","items_purchased":["Gremlin Food","DollysMirror","ReplayTheSpireMod:CursedCoin"],"campfire_rested":9,"item_purchase_floors":[24,24,45],"current_hp_per_floor":[63,63,63,63,56,56,6,6,6,27,27,27,27,48,25,25,46,53,66,55,55,44,14,14,35,27,48,48,48,48,69,60,60,60,38,59,48,65,52,52,52,42,42,63,63,63,63,30,28,28,49,49,49,42],"gold":116,"neow_bonus":"THREE_ENEMY_KILL","is_daily":false,"chose_seed":false,"campfire_upgraded":3,"win_rate":0.0,"timestamp":1610914973,"path_taken":["M","?","M","M","M","R","E","?","T","R","?","PTL","PTL","R","E","M","R","BOSS","M","?","?","M","$","R","M","R","T","PTL","PTL","R","?","?","$","E","R","BOSS","M","$","M","?","?","R","?","M","T","E","M","M","R","M","R_BF","BOSS"],"items_purchased_type":["Relic","Relic","Relic"],"build_version":"2020-12-22","purchased_purges":3,"victory":true,"max_hp_per_floor":[70,70,70,70,70,70,70,70,70,70,70,70,70,70,70,70,70,70,70,70,70,70,70,70,70,70,70,70,70,70,70,70,70,70,70,70,70,70,70,70,70,70,70,70,70,70,70,70,70,70,70,70,70,70],"card_choices":[{"not_picked":["Dagger Throw","All Out Attack"],"picked":"ReplayTheSpireMod:Scrap Shanks","floor":1.0},{"not_picked":["Backflip","Dodge and Roll"],"picked":"Calculated Gamble","floor":3.0},{"not_picked":["Deadly Poison","Sucker Punch","Quick Slash"],"picked":"SKIP","floor":4.0},{"not_picked":["Sneak Up","Underhanded Strike"],"picked":"Acrobatics","floor":5.0},{"not_picked":["Tools of the Trade","Cloak And Dagger"],"picked":"Accuracy","floor":7.0},{"not_picked":["Outmaneuver","All Out Attack"],"picked":"Blade Dance","floor":11.0},{"not_picked":["Blur","Endless Agony","ReplayTheSpireMod:The Works"],"picked":"SKIP","floor":15.0},{"not_picked":["Flying Knee","Dodge and Roll","Leg Sweep"],"picked":"SKIP","floor":16.0},{"not_picked":["Glass Knife","Doppelganger"],"picked":"A Thousand Cuts","floor":18.0},{"not_picked":["Deadly Poison","Dagger Spray","Sucker Punch"],"picked":"SKIP","floor":20.0},{"not_picked":["Well Laid Plans","ReplayTheSpireMod:Exploit Weakness","Deflect+1"],"picked":"SKIP","floor":22.0},{"not_picked":["PiercingWail","Cloak And Dagger"],"picked":"Expertise","floor":23.0},{"not_picked":["Deadly Poison","Atom Bomb"],"picked":"Blade Dance+1","floor":26.0},{"not_picked":["Dagger Throw+1","Bouncing Flask+1","Flying Knee"],"picked":"SKIP","floor":32.0},{"not_picked":["ReplayTheSpireMod:Tripwire","Endless Agony","Deflect+1"],"picked":"SKIP","floor":33.0},{"not_picked":["Catalyst","Hidden Blade","Backflip"],"picked":"SKIP","floor":35.0},{"not_picked":["Replay:Bag of Tricks","Wraith Form v2"],"picked":"After Image","floor":37},{"not_picked":["Flechettes","Caltrops","Eviscerate"],"picked":"SKIP","floor":39},{"not_picked":["Cloak And Dagger","PiercingWail"],"picked":"Prepared","floor":41},{"not_picked":["Madness","Blind"],"picked":"Master of Strategy","floor":42},{"not_picked":["Finisher","Predator+1","Outmaneuver+1"],"picked":"SKIP","floor":46},{"not_picked":["Draining Mist","Reflex","Outmaneuver"],"picked":"SKIP","floor":48},{"not_picked":["Dodge and Roll","PiercingWail+1","Prepared"],"picked":"SKIP","floor":49},{"not_picked":["Choke","Slice+1","Bane"],"picked":"SKIP","floor":50},{"not_picked":["Masterful Stab+1","Poisoned Stab+1","Acrobatics+1"],"picked":"SKIP","floor":52}],"player_experience":134318,"relics_obtained":[{"floor":7.0,"key":"ReplayTheSpireMod:Shallot"},{"floor":9.0,"key":"Chameleon Ring"},{"floor":15.0,"key":"Ninja Scroll"},{"floor":28.0,"key":"CaptainsWheel"},{"floor":35.0,"key":"Snake Skull"},{"floor":47,"key":"Sundial"},{"floor":48,"key":"Replay:Arrowhead"}],"event_choices":[{"damage_healed":0.0,"max_hp_gain":0.0,"max_hp_loss":0.0,"gold_gain":0.0,"event_name":"Lab","player_choice":"Got Potions","floor":8.0,"gold_loss":0.0,"damage_taken":0.0},{"damage_healed":0.0,"max_hp_gain":0.0,"max_hp_loss":0.0,"gold_gain":0.0,"event_name":"Upgrade Shrine","player_choice":"Upgraded","floor":21.0,"gold_loss":0.0,"damage_taken":0.0,"cards_upgraded":["ReplayTheSpireMod:Scrap Shanks"]},{"damage_healed":0,"gold_gain":0,"player_choice":"Memory 3","damage_taken":10,"max_hp_gain":0,"max_hp_loss":0,"event_name":"SensoryStone","floor":42,"gold_loss":0},{"damage_healed":0,"gold_gain":0,"player_choice":"Paid","damage_taken":0,"relics_obtained":["Red Mask"],"max_hp_gain":0,"max_hp_loss":0,"event_name":"Tomb of Lord Red Mask","floor":43,"gold_loss":127}],"is_beta":false,"boss_relics":[{"not_picked":["SacredBark","Kintsugi"],"picked":"Snecko Scales"},{"not_picked":["ReplayTheSpireMod:DimensionalGlitch","Replay:Wanted Poster","Philosopher\u0027s Stone"]}],"items_purged_floors":[24,40,45],"is_endless":false,"potions_floor_spawned":[3,4,16,18,26,32,33,37,39,41,48,50],"ascension_level":6}}