{"host":"caz9phlr9zt22rnt","time":1610921726,"event":{"mods":["AchievementEnabler","BaseMod","Colored Map","Custom Start","Downfall","Minty Spire (QoL Compilation)","Rare Cards Sparkle","Relic Stats","StSLib","The Cursed"],"gold_per_floor":[99,119,219,105,119,119,119,130,130,146,156,156,187,199,210,307,307,307,307,327,327,327,327],"floor_reached":21,"language":"ENG","playtime":2253,"items_purged":[],"score":181,"play_id":"f95efb9b-c61b-42c4-b97f-92e766425ec7","local_time":"20210117161526","is_ascension_mode":false,"campfire_choices":[{"data":"Slimebound:CorrosiveSpit","floor":1,"key":"SMITH"},{"floor":9,"key":"REST"},{"data":"Slimebound:Split","floor":12,"key":"SMITH"},{"data":"Slimebound:GrowthPunch","floor":18,"key":"SMITH"}],"circlet_count":0,"master_deck":["Slimebound:Strike_Slimebound","Slimebound:Strike_Slimebound","Slimebound:Strike_Slimebound","Slimebound:Tackle","Slimebound:Defend_Slimebound","Slimebound:Defend_Slimebound","Slimebound:Defend_Slimebound","Slimebound:Defend_Slimebound","Slimebound:Split+1","Slimebound:CorrosiveSpit+1","Slimebound:SpikyOuterGoop","Slimebound:Schlurp","Slimebound:ItLooksTasty","Slimebound:TongueLash","Slimebound:Repurpose","Slimebound:LeechingTouch","Slimebound:GrowthPunch+1","Slimebound:OozeBath","Slimebound:SlimeSpikes"],"relics":["Slimebound:AbsorbEndCombat","Blood Vial","InkBottle"],"acts_visited":["Exordium","TheCity"],"potions_floor_usage":[10,14,15,15,16,16,16,20],"damage_taken":[{"damage":3,"enemies":"Cultist","floor":2,"turns":3},{"damage":16,"enemies":"downfall:FleeingMerchant","floor":4,"turns":4},{"damage":11,"enemies":"2 Louse","floor":5,"turns":2},{"damage":7,"enemies":"Small Slimes","floor":8,"turns":4},{"damage":12,"enemies":"Exordium Thugs","floor":10,"turns":4},{"damage":0,"enemies":"Large Slime","floor":11,"turns":5},{"damage":40,"enemies":"Gremlin Nob","floor":13,"turns":4},{"damage":1,"enemies":"Blue Slaver","floor":14,"turns":2},{"damage":0,"enemies":"3 Louse","floor":15,"turns":3},{"damage":29,"enemies":"IC_STATUS_ARCHETYPE","floor":16,"turns":8},{"damage":22,"enemies":"Spheric Guardian","floor":20,"turns":4},{"damage":56,"enemies":"Masked Bandits","floor":21,"turns":4}],"seed_played":"6736178598060416054","potions_obtained":[{"floor":8,"key":"Fire Potion"},{"floor":11,"key":"LiquidMemories"},{"floor":13,"key":"EntropicBrew"},{"floor":15,"key":"AttackPotion"},{"floor":16,"key":"Dexterity Potion"},{"floor":20,"key":"SteroidPotion"}],"is_trial":false,"path_per_floor":["R","M","?","$","M","?","T","M","R","M","M","R","E","M","M","B",null,"R","?","M","?"],"character_chosen":"SLIMEBOUND","items_purchased":["Slimebound:Schlurp","Slimebound:ItLooksTasty"],"campfire_rested":1,"item_purchase_floors":[4,4],"current_hp_per_floor":[71,68,68,54,46,46,46,46,67,61,65,65,29,32,36,19,71,71,71,52,0,0,0],"gold":327,"neow_bonus":"TEN_PERCENT_HP_BONUS","is_daily":false,"chose_seed":false,"campfire_upgraded":3,"win_rate":0.0,"timestamp":1610921726,"path_taken":["R","?","?","$","M","?","T","?","R","M","M","R","E","M","M","BOSS","R","?","M","?"],"items_purchased_type":["Card","Card"],"build_version":"2020-12-22","purchased_purges":0,"victory":false,"max_hp_per_floor":[71,71,71,71,71,71,71,71,71,71,71,71,71,71,71,71,71,71,71,71,71,71,71],"relic_stats":{"Blood Vial":16,"counters":[12,47],"obtain_stats":[{"Blood Vial":7,"Slimebound:AbsorbEndCombat":0,"InkBottle":13},{"Blood Vial":3,"Slimebound:AbsorbEndCombat":0,"InkBottle":7},{"Blood Vial":9,"Slimebound:AbsorbEndCombat":0,"InkBottle":26}],"InkBottle":[8]},"card_choices":[{"not_picked":["Slimebound:ItLooksTasty","Slimebound:Chomp"],"picked":"Slimebound:SpikyOuterGoop","floor":2},{"not_picked":["Slimebound:LevelUp","Slimebound:Prepare","Slimebound:PrepareCrush"],"picked":"SKIP","floor":4},{"not_picked":["Slimebound:ComboTackle","Slimebound:ProtectTheBoss","Slimebound:ForwardTackle"],"picked":"SKIP","floor":5},{"not_picked":["Slimebound:ItLooksTasty","Slimebound:Chomp","Slimebound:SlimeBrawl"],"picked":"SKIP","floor":8},{"not_picked":["Slimebound:FormOfPuddle","Slimebound:HauntingLick"],"picked":"Slimebound:TongueLash","floor":10},{"not_picked":["Slimebound:MegaLick","Slimebound:FlameTackle"],"picked":"Slimebound:Repurpose","floor":11},{"not_picked":["Slimebound:SamplingLick","Slimebound:ProtectTheBoss"],"picked":"Slimebound:LeechingTouch","floor":13},{"not_picked":["Slimebound:SplitLeeching","Slimebound:MegaLick"],"picked":"Slimebound:GrowthPunch","floor":14},{"not_picked":["Slimebound:LeechingTouch","Slimebound:SlimeBarrage","Slimebound:DisruptingSlam"],"picked":"SKIP","floor":15},{"not_picked":["Slimebound:MassFeed","Slimebound:MinionMaster"],"picked":"Slimebound:OozeBath","floor":16},{"not_picked":["Slimebound:RollThrough","Slimebound:Prepare+1"],"picked":"Slimebound:SlimeSpikes","floor":20}],"player_experience":518652,"relics_obtained":[{"floor":7,"key":"Blood Vial"},{"floor":13,"key":"InkBottle"}],"event_choices":[{"cards_removed":["Defend_P"],"damage_healed":0,"gold_gain":0,"player_choice":"Took Card","damage_taken":0,"max_hp_gain":0,"max_hp_loss":0,"event_name":"NoteForYourself","floor":6,"gold_loss":0,"cards_obtained":["Defend_P"]},{"damage_healed":0,"gold_gain":0,"player_choice":"Fought Bandits","damage_taken":0,"max_hp_gain":0,"max_hp_loss":0,"event_name":"Masked Bandits","floor":21,"gold_loss":0}],"is_beta":false,"boss_relics":[{"not_picked":["Philosopher\u0027s Stone","bronze:MakeshiftBattery","Slimebound:TarBlob"]}],"items_purged_floors":[],"is_endless":false,"potions_floor_spawned":[8,11,13,15,16,20],"killed_by":"Masked Bandits","ascension_level":0}}