{"host":"mydft8i2zzydgggw","time":1610843773,"event":{"mods":["AchievementEnabler","BaseMod","BetterRewards","Colored Map","Colored Powertips","DeckTracker","Keyboard Shortcuts","Minty Spire (QoL Compilation)","Rare Cards Sparkle","StSLib","SuperFastMode","everything is the same but u backflip on backflip"],"gold_per_floor":[111,129,129,54,129,155,155,180,206,206,231,181,181,200,200,299,299,279,26,26,26,26,26,26],"floor_reached":23,"language":"KOR","playtime":360,"items_purged":["Strike_R","Defend_R"],"score":296,"play_id":"64290899-d8f7-4d3d-8fc7-81c0c3176887","local_time":"20210117093613","is_ascension_mode":true,"campfire_choices":[{"data":"Body Slam","floor":7,"key":"SMITH"},{"data":"Second Wind","floor":10,"key":"SMITH"},{"floor":15,"key":"REST"}],"circlet_count":0,"master_deck":["Strike_R","Defend_R","Defend_R","Defend_R","Bash+1","Body Slam+1","Second Wind+1","Flex","Limit Break","Shame"],"relics":["Burning Blood","NeowsBlessing","Bag of Preparation","InkBottle","Toy Ornithopter","PreservedInsect","Black Star","Medical Kit","Girya"],"acts_visited":["Exordium","TheCity"],"potions_floor_usage":[16,16,23],"damage_taken":[{"damage":0,"enemies":"2 Louse","floor":1,"turns":1},{"damage":0,"enemies":"Cultist","floor":2,"turns":1},{"damage":0,"enemies":"Lagavulin","floor":6,"turns":1},{"damage":40,"enemies":"3 Sentries","floor":8,"turns":12},{"damage":33,"enemies":"Lagavulin","floor":11,"turns":5},{"damage":0,"enemies":"Small Slimes","floor":14,"turns":2},{"damage":41,"enemies":"Slime Boss","floor":16,"turns":10},{"damage":18,"enemies":"2 Thieves","floor":18,"turns":4},{"damage":59,"enemies":"Book of Stabbing","floor":23,"turns":4}],"seed_played":"5350365852621500539","potions_obtained":[{"floor":2,"key":"GamblersBrew"},{"floor":8,"key":"Energy Potion"},{"floor":11,"key":"EssenceOfSteel"},{"floor":16,"key":"LiquidBronze"}],"is_trial":false,"path_per_floor":["M","M","?","$","?","E","R","E","T","R","E","?","?","M","R","B",null,"M","$","?","?","?","E"],"character_chosen":"IRONCLAD","items_purchased":["Medical Kit"],"campfire_rested":1,"item_purchase_floors":[19],"current_hp_per_floor":[78,80,80,80,69,75,75,41,41,41,14,14,14,20,44,19,65,53,53,53,53,53,0,0],"gold":26,"neow_bonus":"THREE_ENEMY_KILL","is_daily":false,"chose_seed":false,"campfire_upgraded":2,"win_rate":0.0,"timestamp":1610843773,"path_taken":["M","M","?","$","?","E","R","E","T","R","E","?","?","M","R","BOSS","M","?","?","?","?","E"],"items_purchased_type":["Relic"],"build_version":"2020-12-22","purchased_purges":2,"victory":false,"max_hp_per_floor":[80,80,80,80,80,80,80,80,80,80,80,80,80,80,80,80,80,80,80,80,80,80,80,80],"card_choices":[{"not_picked":["Thunderclap","Wild Strike","Infernal Blade"],"picked":"SKIP","floor":1},{"not_picked":["Cleave","Bloodletting"],"picked":"Body Slam","floor":2},{"not_picked":["Metallicize","Clothesline"],"picked":"Second Wind","floor":6},{"not_picked":["Havoc","Rupture","Fiend Fire"],"picked":"SKIP","floor":8},{"not_picked":["Clash","Havoc","Dual Wield"],"picked":"SKIP","floor":11},{"not_picked":["Headbutt","Armaments"],"picked":"Flex","floor":14},{"not_picked":["Bludgeon","Brutality"],"picked":"Limit Break","floor":16},{"not_picked":["Perfected Strike","Clash","Havoc"],"picked":"SKIP","floor":18}],"player_experience":179564,"relics_obtained":[{"floor":6,"key":"Bag of Preparation"},{"floor":8,"key":"InkBottle"},{"floor":9,"key":"Toy Ornithopter"},{"floor":11,"key":"PreservedInsect"}],"event_choices":[{"cards_removed":["Strike_R"],"damage_healed":0,"gold_gain":0,"player_choice":"Forget","damage_taken":0,"max_hp_gain":0,"max_hp_loss":0,"event_name":"Living Wall","floor":3,"gold_loss":0},{"damage_healed":0,"gold_gain":75,"player_choice":"Gather Gold","damage_taken":11,"max_hp_gain":0,"max_hp_loss":0,"event_name":"World of Goop","floor":5,"gold_loss":0},{"cards_removed":["Strike_R"],"damage_healed":0,"gold_gain":0,"player_choice":"Card Removal","damage_taken":0,"max_hp_gain":0,"max_hp_loss":0,"event_name":"The Cleric","floor":12,"gold_loss":50},{"damage_healed":0,"gold_gain":0,"player_choice":"Upgraded","damage_taken":0,"max_hp_gain":0,"max_hp_loss":0,"event_name":"Upgrade Shrine","floor":13,"gold_loss":0,"cards_upgraded":["Bash"]},{"damage_healed":0,"gold_gain":0,"player_choice":"Stole Relic","damage_taken":0,"relics_obtained":["Girya"],"max_hp_gain":0,"max_hp_loss":0,"event_name":"Addict","floor":20,"gold_loss":0,"cards_obtained":["Shame"]},{"damage_healed":0,"gold_gain":0,"player_choice":"Ignored","damage_taken":0,"max_hp_gain":0,"max_hp_loss":0,"event_name":"Vampires","floor":21,"gold_loss":0},{"cards_removed":["Strike_R"],"damage_healed":0,"gold_gain":0,"player_choice":"Elegance","damage_taken":0,"max_hp_gain":0,"max_hp_loss":0,"event_name":"Back to Basics","floor":22,"gold_loss":0}],"is_beta":false,"boss_relics":[{"not_picked":["Busted Crown","Fusion Hammer"],"picked":"Black Star"}],"items_purged_floors":[4,19],"is_endless":false,"potions_floor_spawned":[2,8,11,16],"killed_by":"Book of Stabbing","ascension_level":6}}