{"host":"pkysykycfg9bua8p","time":1610848456,"event":{"mods":["AchievementEnabler","BaseMod","Better Third Choice","Filter the Spire","Minty Spire (QoL Compilation)","StSLib"],"gold_per_floor":[119,44,44,63,75,75,75,75,99,99,99,112,112,125,125,125,125],"floor_reached":16,"language":"ENG","playtime":622,"items_purged":[],"score":95,"play_id":"cb515abb-8cda-4590-96b7-23f4006c4950","local_time":"20210117145416","is_ascension_mode":true,"campfire_choices":[{"data":"Entrench","floor":6,"key":"SMITH"},{"floor":8,"key":"REST"},{"floor":11,"key":"REST"},{"floor":15,"key":"REST"}],"circlet_count":0,"master_deck":["Strike_R","Strike_R","Strike_R","Strike_R","Strike_R","Defend_R","Defend_R","Defend_R","Defend_R","Bash","CurseOfTheBell","Armaments","Entrench+1","Flex","Entrench+1","True Grit+1","Fire Breathing"],"relics":["Calling Bell","Toy Ornithopter","Matryoshka","Calipers","Red Skull","Toxic Egg 2","Dream Catcher","Blood Vial","Molten Egg 2"],"acts_visited":["Exordium"],"potions_floor_usage":[],"damage_taken":[{"damage":6,"enemies":"Small Slimes","floor":1,"turns":6},{"damage":9,"enemies":"2 Louse","floor":4,"turns":5},{"damage":13,"enemies":"Cultist","floor":5,"turns":6},{"damage":33,"enemies":"Exordium Thugs","floor":12,"turns":9},{"damage":7,"enemies":"3 Louse","floor":14,"turns":5},{"damage":0,"enemies":"The Guardian","floor":16,"turns":1}],"seed_played":"1307427233209849309","potions_obtained":[{"floor":1,"key":"LiquidMemories"},{"floor":14,"key":"Weak Potion"}],"is_trial":false,"path_per_floor":["M","$","?","M","M","R","?","R","T","?","R","M","T","M","R","B"],"character_chosen":"IRONCLAD","items_purchased":["Entrench"],"campfire_rested":3,"item_purchase_floors":[2],"current_hp_per_floor":[74,74,71,62,49,49,49,73,73,73,80,47,47,42,66,68,68],"gold":125,"neow_bonus":"BOSS_RELIC","is_daily":false,"chose_seed":false,"campfire_upgraded":1,"win_rate":0.0,"timestamp":1610848456,"path_taken":["M","$","?","M","M","R","?","R","T","?","R","M","?","M","R","BOSS"],"items_purchased_type":["Card"],"build_version":"2020-12-22","purchased_purges":0,"victory":false,"max_hp_per_floor":[80,80,80,80,80,80,80,80,80,80,80,80,80,80,80,80,80],"card_choices":[{"not_picked":["Sword Boomerang","Twin Strike"],"picked":"Armaments","floor":1},{"not_picked":["Dropkick","Headbutt"],"picked":"Flex","floor":4},{"not_picked":["Feel No Pain","Sword Boomerang"],"picked":"Entrench","floor":5},{"not_picked":["Battle Trance+1","Clash"],"picked":"True Grit+1","floor":11},{"not_picked":["Burning Pact+1","Flex+1"],"picked":"Fire Breathing","floor":12},{"not_picked":["Twin Strike+1","Cleave+1","Clash+1"],"picked":"SKIP","floor":14}],"player_experience":58054,"relics_obtained":[{"floor":0,"key":"Toy Ornithopter"},{"floor":0,"key":"Matryoshka"},{"floor":0,"key":"Calipers"},{"floor":9,"key":"Toxic Egg 2"},{"floor":9,"key":"Dream Catcher"},{"floor":13,"key":"Blood Vial"},{"floor":13,"key":"Molten Egg 2"}],"event_choices":[{"damage_healed":0,"gold_gain":0,"player_choice":"Relic ","damage_taken":3,"max_hp_gain":0,"max_hp_loss":0,"event_name":"betterThird:BetterScrap","floor":3,"gold_loss":0,"cards_obtained":["Thunder Strike"]},{"damage_healed":0,"gold_gain":0,"player_choice":"Grow","damage_taken":0,"max_hp_gain":0,"max_hp_loss":0,"event_name":"Living Wall","floor":7,"gold_loss":0,"cards_upgraded":["Entrench"]},{"damage_healed":0,"gold_gain":0,"player_choice":"Ignored","damage_taken":99,"max_hp_gain":0,"max_hp_loss":0,"event_name":"betterThird:BetterSerpent","floor":10,"gold_loss":0}],"is_beta":false,"boss_relics":[],"items_purged_floors":[],"is_endless":false,"potions_floor_spawned":[1,14],"killed_by":"The Guardian","ascension_level":1}}