{"host":"qrt7o4dq2qslzw13","time":1610856276,"event":{"mods":["AchievementEnabler","BaseMod","Colored Map","Colored Powertips","Minty Spire (QoL Compilation)","Quick Restart","StSLib","SuperFastMode"],"gold_per_floor":[115,129,147,166,184,184,216,21,21,40,59,59,88,98,98,194,194,204,214,214,3,3,3,3,3],"floor_reached":24,"language":"ENG","playtime":677,"items_purged":["Normality"],"score":212,"play_id":"51d1078f-bf12-43c4-b12d-742697589292","local_time":"20210116230436","is_ascension_mode":false,"campfire_choices":[{"data":"MentalFortress","floor":6.0,"key":"SMITH"},{"floor":12.0,"key":"REST"},{"floor":15.0,"key":"REST"},{"floor":23.0,"key":"REST"}],"circlet_count":0,"master_deck":["Strike_P+1","Strike_P","Strike_P+1","Strike_P","Defend_P","Defend_P","Defend_P","Defend_P","Eruption","Vigilance","Violence","SashWhip","MentalFortress+1","LessonLearned","Prostrate","Crescendo+1","Wish","MentalFortress","FlurryOfBlows","FollowUp","Consecrate","FlurryOfBlows","Prostrate+1","SpiritShield","InnerPeace","Prostrate+1","Omniscience","EmptyMind","Good Instincts","Protect","Eruption","Good Instincts","FlyingSleeves"],"relics":["PureWater","Ancient Tea Set","Pear","Mummified Hand","Cursed Key","Membership Card"],"acts_visited":["Exordium","TheCity"],"potions_floor_usage":[],"damage_taken":[{"damage":1.0,"enemies":"Jaw Worm","floor":1.0,"turns":3.0},{"damage":0.0,"enemies":"Cultist","floor":2.0,"turns":2.0},{"damage":3.0,"enemies":"Small Slimes","floor":3.0,"turns":3.0},{"damage":18.0,"enemies":"Exordium Wildlife","floor":4.0,"turns":4.0},{"damage":0.0,"enemies":"Large Slime","floor":5.0,"turns":3.0},{"damage":4.0,"enemies":"Lagavulin","floor":7.0,"turns":4.0},{"damage":6.0,"enemies":"3 Louse","floor":10.0,"turns":2.0},{"damage":5.0,"enemies":"Looter","floor":11.0,"turns":3.0},{"damage":28.0,"enemies":"Gremlin Nob","floor":13.0,"turns":4.0},{"damage":3.0,"enemies":"Red Slaver","floor":14.0,"turns":3.0},{"damage":54.0,"enemies":"Hexaghost","floor":16.0,"turns":9.0},{"damage":12.0,"enemies":"3 Byrds","floor":18.0,"turns":6.0},{"damage":25.0,"enemies":"Shell Parasite","floor":19.0,"turns":5.0},{"damage":0.0,"enemies":"Snake Plant","floor":22.0,"turns":2.0},{"damage":0,"enemies":"Slavers","floor":24,"turns":1}],"seed_played":"3082378429977160729","potions_obtained":[{"floor":1.0,"key":"Ancient Potion"},{"floor":2.0,"key":"LiquidMemories"},{"floor":3.0,"key":"BottledMiracle"},{"floor":13.0,"key":"SmokeBomb"},{"floor":16.0,"key":"AttackPotion"},{"floor":19.0,"key":"Weak Potion"}],"is_trial":false,"path_per_floor":["M","M","M","M","M","R","E","$","T","M","M","R","E","M","R","B",null,"M","M","?","$","M","R","E"],"character_chosen":"WATCHER","items_purchased":["MentalFortress","FlurryOfBlows","Membership Card","Good Instincts","FlyingSleeves"],"campfire_rested":3,"item_purchase_floors":[8,8,21,21,21],"current_hp_per_floor":[71,71,68,50,50,50,46,46,56,50,45,69,41,38,62,8,82,70,45,45,45,45,69,69,69],"gold":3,"neow_bonus":"RANDOM_COLORLESS_2","is_daily":false,"chose_seed":false,"campfire_upgraded":1,"win_rate":0.0,"timestamp":1610856276,"path_taken":["M","M","M","M","M","R","E","$","T","M","M","R","E","M","R","BOSS","M","M","?","?","M","R","E"],"items_purchased_type":["Card","Card","Relic","Card","Card"],"build_version":"2020-12-22","purchased_purges":1,"victory":false,"max_hp_per_floor":[72,72,72,72,72,72,72,72,82,82,82,82,82,82,82,82,82,82,82,82,82,82,82,82,82],"card_choices":[{"not_picked":["Thinking Ahead","Secret Technique"],"picked":"Violence","floor":0.0},{"not_picked":["FlurryOfBlows","TalkToTheHand"],"picked":"SashWhip","floor":1.0},{"not_picked":["ForeignInfluence","Consecrate"],"picked":"MentalFortress","floor":2.0},{"not_picked":["ClearTheMind","ThirdEye"],"picked":"LessonLearned","floor":3.0},{"not_picked":["ClearTheMind","Wallop"],"picked":"Prostrate","floor":4.0},{"not_picked":["ForeignInfluence","Protect"],"picked":"Crescendo","floor":5.0},{"not_picked":["CrushJoints","Study"],"picked":"Wish","floor":7.0},{"not_picked":["EmptyFist","SashWhip"],"picked":"FollowUp","floor":10.0},{"not_picked":["EmptyFist","CutThroughFate"],"picked":"Consecrate","floor":11.0},{"not_picked":["Tantrum","SpiritShield"],"picked":"FlurryOfBlows","floor":13.0},{"not_picked":["Study","PathToVictory"],"picked":"Prostrate","floor":14.0},{"not_picked":["Judgement","Wish"],"picked":"SpiritShield","floor":16.0},{"not_picked":["SashWhip","Study"],"picked":"InnerPeace","floor":18.0},{"not_picked":["DeceiveReality","PathToVictory"],"picked":"Prostrate+1","floor":19.0}],"player_experience":568415,"relics_obtained":[{"floor":7.0,"key":"Ancient Tea Set"},{"floor":9.0,"key":"Pear"},{"floor":13.0,"key":"Mummified Hand"}],"event_choices":[{"damage_healed":0.0,"max_hp_gain":0.0,"max_hp_loss":0.0,"gold_gain":0.0,"event_name":"Match and Keep!","player_choice":"5 cards matched","floor":20.0,"gold_loss":0.0,"damage_taken":0.0,"cards_obtained":["Omniscience","EmptyMind","Good Instincts","Protect","Eruption"]}],"is_beta":false,"boss_relics":[{"not_picked":["Snecko Eye","Runic Pyramid"],"picked":"Cursed Key"}],"items_purged_floors":[8],"is_endless":false,"potions_floor_spawned":[1,2,3,5,13,16,19],"killed_by":"Slavers","ascension_level":0}}