{"host":"Jedit","time":1610906006,"event":{"mods":["BaseMod","Downfall","Minty Spire (QoL Compilation)","Relic Stats","StSLib"],"gold_per_floor":[114,128,35,35,35,47,67,98,122,122,140,153,153,166,166,261,261,276,309,309,5,18,18,28,28,77,93,93,113,113,13,13,13,13],"floor_reached":33,"language":"ENG","playtime":2015,"items_purged":["bronze:Strike","bronze:Strike"],"score":249,"play_id":"170bf8f1-f9b9-4375-9456-9bc83a1757a3","local_time":"20210117175326","is_ascension_mode":false,"campfire_choices":[{"floor":13,"key":"REST"},{"data":"bronze:Spike","floor":15,"key":"SMITH"},{"data":"bronze:Separator","floor":23,"key":"SMITH"},{"data":"bronze:Terminator","floor":25,"key":"SMITH"},{"floor":28,"key":"RECALL"},{"data":"bronze:Assembly","floor":32,"key":"SMITH"}],"circlet_count":0,"master_deck":["bronze:Defend","bronze:Defend","bronze:Defend","bronze:Defend","bronze:Replicate","bronze:Goto","bronze:CutThrough","bronze:FineTuning","bronze:ForLoop","bronze:CutThrough","bronze:GetLatest","bronze:Terminator+1","bronze:Safeguard","bronze:Spike+1","bronze:WhirlingStrike","bronze:Optimize","bronze:Repair","bronze:Assembly+1","bronze:Constructor","bronze:FollowUp","bronze:Repulsor","bronze:FollowUp","bronze:Separator+1","bronze:FineTuning","bronze:CutThrough","bronze:Iterate"],"relics":["bronze:BronzeCore","Blood Vial","Bronze Scales","sneckomod:SneckoTalon","Red Mask","Lee\u0027s Waffle"],"acts_visited":["Exordium","TheCity"],"potions_floor_usage":[16,16,18,19,33],"damage_taken":[{"damage":0.0,"enemies":"2 Louse","floor":1.0,"turns":4.0},{"damage":0.0,"enemies":"Small Slimes","floor":2.0,"turns":3.0},{"damage":0.0,"enemies":"Jaw Worm","floor":6.0,"turns":4.0},{"damage":20.0,"enemies":"Exordium Thugs","floor":7.0,"turns":6.0},{"damage":26.0,"enemies":"Lagavulin","floor":8.0,"turns":6.0},{"damage":1,"enemies":"Lagavulin","floor":10,"turns":4},{"damage":1,"enemies":"2 Fungi Beasts","floor":11,"turns":3},{"damage":0,"enemies":"Blue Slaver","floor":12,"turns":1},{"damage":13,"enemies":"Large Slime","floor":14,"turns":6},{"damage":6,"enemies":"Hexaghost","floor":16,"turns":7},{"damage":0,"enemies":"Spheric Guardian","floor":18,"turns":3},{"damage":33,"enemies":"Masked Bandits","floor":19,"turns":5},{"damage":5,"enemies":"2 Thieves","floor":22,"turns":5},{"damage":10,"enemies":"Shelled Parasite and Fungi","floor":24,"turns":4},{"damage":1,"enemies":"Cultist and Chosen","floor":27,"turns":4},{"damage":4,"enemies":"Centurion and Healer","floor":29,"turns":5},{"damage":83,"enemies":"Automaton","floor":33,"turns":8}],"seed_played":"6191069988921394973","potions_obtained":[{"floor":7.0,"key":"Fire Potion"},{"floor":8.0,"key":"DistilledChaos"},{"floor":10,"key":"Block Potion"},{"floor":16,"key":"sneckomod:MuddlingPotion"},{"floor":18,"key":"sneckomod:MuddlingPotion"},{"floor":22,"key":"Ancient Potion"},{"floor":27,"key":"Guardian:BlockOnCardUsePotion"}],"is_trial":false,"path_per_floor":["M","M","$","?","$","M","M","E","T","?","M","M","R","M","R","B",null,"M","?","?","$","M","R","M","R","T","M","R","M","?","$","R","B"],"character_chosen":"THE_AUTOMATON","items_purchased":["bronze:ForLoop","bronze:CutThrough","Lee\u0027s Waffle","bronze:FollowUp"],"campfire_rested":1,"item_purchase_floors":[3,3,21,21],"current_hp_per_floor":[70,70,70,70,70,70,50,24,24,25,26,28,49,38,38,41,70,70,38,38,77,77,77,74,74,74,77,77,73,73,73,73,0,0],"gold":13,"neow_bonus":"REMOVE_CARD","is_daily":false,"chose_seed":false,"campfire_upgraded":4,"win_rate":0.0,"timestamp":1610906006,"path_taken":["M","M","$","?","$","M","M","E","T","?","M","M","R","M","R","BOSS","M","?","?","$","M","R","M","R","T","M","R","?","?","?","R","BOSS"],"items_purchased_type":["Card","Card","Relic","Card"],"build_version":"2020-12-18","purchased_purges":2,"victory":false,"max_hp_per_floor":[70,70,70,70,70,70,70,70,70,70,70,70,70,70,70,70,70,70,70,70,77,77,77,77,77,77,77,77,77,77,77,77,77,77],"relic_stats":{"Blood Vial":14,"Lee\u0027s Waffle":39,"counters":[17,78],"Bronze Scales":[143],"obtain_stats":[{"Blood Vial":8,"Lee\u0027s Waffle":21,"bronze:BronzeCore":0,"Bronze Scales":9,"Red Mask":19,"sneckomod:SneckoTalon":17},{"Blood Vial":5,"Lee\u0027s Waffle":12,"bronze:BronzeCore":0,"Bronze Scales":5,"Red Mask":12,"sneckomod:SneckoTalon":10},{"Blood Vial":23,"Lee\u0027s Waffle":52,"bronze:BronzeCore":0,"Bronze Scales":23,"Red Mask":52,"sneckomod:SneckoTalon":44}]},"card_choices":[{"not_picked":["bronze:Deprecate","bronze:Flail"],"picked":"bronze:CutThrough","floor":1.0},{"not_picked":["bronze:Repulsor","bronze:Frontload"],"picked":"bronze:FineTuning","floor":2.0},{"not_picked":["bronze:CutThrough","bronze:Frontload"],"picked":"bronze:GetLatest","floor":6.0},{"not_picked":["bronze:Branch","bronze:Frontload"],"picked":"bronze:Terminator","floor":7.0},{"not_picked":["bronze:OilSpill","bronze:ItsAFeature"],"picked":"bronze:Safeguard","floor":8.0},{"not_picked":[],"picked":"bronze:Spike","floor":10},{"not_picked":["bronze:Repulsor","bronze:BitShift"],"picked":"bronze:WhirlingStrike","floor":10},{"not_picked":["bronze:Terminator","bronze:BugBarrage","bronze:Overheat"],"picked":"SKIP","floor":11},{"not_picked":["bronze:BitShift","bronze:Repulsor"],"picked":"bronze:Optimize","floor":12},{"not_picked":["bronze:FineTuning","bronze:ThunderWave"],"picked":"bronze:Repair","floor":14},{"not_picked":["bronze:HyperBeam","bronze:FindAndReplace"],"picked":"bronze:Assembly","floor":16},{"not_picked":["bronze:Turbo","bronze:Backtrace"],"picked":"bronze:Constructor","floor":18},{"not_picked":["bronze:Backtrace","bronze:OilSpill+1"],"picked":"bronze:FollowUp","floor":19},{"not_picked":["bronze:CutThrough","bronze:WhirlingStrike"],"picked":"bronze:Separator","floor":22},{"not_picked":["bronze:Turbo+1","bronze:Constructor"],"picked":"bronze:FineTuning","floor":24},{"not_picked":["bronze:Shield","bronze:OilSpill"],"picked":"bronze:CutThrough","floor":27},{"not_picked":["bronze:WhirlingStrike","bronze:DelayedGuard"],"picked":"bronze:Iterate","floor":29}],"player_experience":3662415,"relics_obtained":[{"floor":8.0,"key":"Blood Vial"},{"floor":9.0,"key":"Bronze Scales"},{"floor":19,"key":"Red Mask"}],"event_choices":[{"damage_healed":0.0,"max_hp_gain":0.0,"max_hp_loss":0.0,"gold_gain":0.0,"event_name":"The Cleric","player_choice":"Leave","floor":4.0,"gold_loss":0.0,"damage_taken":0.0},{"damage_healed":0,"gold_gain":0,"player_choice":"Fought Bandits","damage_taken":0,"max_hp_gain":0,"max_hp_loss":0,"event_name":"Masked Bandits","floor":19,"gold_loss":0},{"damage_healed":0,"gold_gain":0,"cards_transformed":["bronze:Strike"],"player_choice":"Transformed","damage_taken":0,"max_hp_gain":0,"max_hp_loss":0,"event_name":"Transmorgrifier","floor":20,"gold_loss":0,"cards_obtained":["bronze:Repulsor"]}],"is_beta":true,"boss_relics":[{"not_picked":["Black Star","Busted Crown"],"picked":"sneckomod:SneckoTalon"}],"items_purged_floors":[21,31],"is_endless":false,"potions_floor_spawned":[7,8,10,11,16,18,22,27],"killed_by":"Automaton","ascension_level":0}}