{"host":"0qlrtuw7bw78ucw4","time":1610862684,"event":{"mods":["BaseMod","Downfall","Minty Spire (QoL Compilation)","StSLib"],"gold_per_floor":[99,24,24,24,24,56,56,121,71,83,8,27,27,37,53,150,150,0,17,17,2,2,2,28,28,42,52,72,106,56,73,83,83,83,83],"floor_reached":33,"language":"ENG","playtime":1615,"items_purged":["Slimebound:Strike_Slimebound"],"score":398,"play_id":"54ef726c-4797-4855-8582-9d38d69870e2","local_time":"20210117165124","is_ascension_mode":true,"campfire_choices":[{"data":"Slimebound:Split","floor":1,"key":"SMITH"},{"data":"Slimebound:Chomp","floor":9,"key":"SMITH"},{"data":"Slimebound:MassRepurpose","floor":13,"key":"SMITH"},{"data":"Slimebound:MassRepurpose","floor":18,"key":"SMITH"},{"data":"Slimebound:SamplingLick","floor":23,"key":"SMITH"},{"data":"Slimebound:CorrosiveSpit","floor":25,"key":"SMITH"},{"data":"Slimebound:SlimeBarrage","floor":30,"key":"SMITH"}],"circlet_count":0,"master_deck":["AscendersBane","Slimebound:Tackle","Slimebound:Defend_Slimebound","Slimebound:Defend_Slimebound","Slimebound:Defend_Slimebound","Slimebound:Defend_Slimebound","Slimebound:Split+1","Slimebound:CorrosiveSpit+1","Slimebound:Chomp+1","Slimebound:ComboTackle","Slimebound:LivingWall","Slimebound:LeechLife","Slimebound:Recollect","Slimebound:MassRepurpose+1","Slimebound:SamplingLick+1","Slimebound:GrowthPunch","Slimebound:MassRepurpose+1","Slimebound:RallyTheTroops","Slimebound:ForwardTackle+1","Slimebound:SlimeBarrage+1","Slimebound:FirmFortitude","Slimebound:Gluttony"],"relics":["Slimebound:AbsorbEndCombat","downfall:HeartsMalice","Slimebound:GreedOozeRelic","The Courier","Bronze Scales","Omamori","Sozu","downfall:HeartBlessingGreen","Pen Nib","InkBottle"],"acts_visited":["Exordium","TheCity"],"potions_floor_usage":[8,10,12,21],"damage_taken":[{"damage":0,"enemies":"Jaw Worm","floor":3,"turns":1},{"damage":0,"enemies":"Cultist","floor":4,"turns":1},{"damage":0,"enemies":"2 Louse","floor":5,"turns":1},{"damage":31,"enemies":"Gremlin Nob","floor":6,"turns":4},{"damage":15,"enemies":"Gremlin Nob","floor":8,"turns":3},{"damage":11,"enemies":"Exordium Wildlife","floor":10,"turns":4},{"damage":0,"enemies":"downfall:FleeingMerchant","floor":11,"turns":4},{"damage":0,"enemies":"Lots of Slimes","floor":12,"turns":3},{"damage":0,"enemies":"Large Slime","floor":14,"turns":4},{"damage":6,"enemies":"Exordium Wildlife","floor":15,"turns":3},{"damage":21,"enemies":"WA_ARCHETYPE_RETAIN","floor":16,"turns":7},{"damage":0,"enemies":"Spheric Guardian","floor":19,"turns":3},{"damage":6,"enemies":"downfall:FleeingMerchant","floor":21,"turns":4},{"damage":5,"enemies":"Snake Plant","floor":26,"turns":3},{"damage":23,"enemies":"Centurion and Healer","floor":27,"turns":6},{"damage":0,"enemies":"Cultist and Chosen","floor":28,"turns":3},{"damage":22,"enemies":"Book of Stabbing","floor":29,"turns":4},{"damage":15,"enemies":"Shelled Parasite and Fungi","floor":31,"turns":3},{"damage":0,"enemies":"Sentry and Sphere","floor":32,"turns":3},{"damage":31,"enemies":"DF_ARCHETYPE_CLAW","floor":33,"turns":3}],"seed_played":"7031338404667602489","potions_obtained":[{"floor":6,"key":"SneckoOil"},{"floor":8,"key":"Regen Potion"},{"floor":10,"key":"Slimebound:ThreeZeroPotion"},{"floor":14,"key":"Strength Potion"},{"floor":16,"key":"Swift Potion"}],"is_trial":false,"path_per_floor":["R","?","M","M","M","E","T","?","R","M","$","M","R","M","M","B",null,"R","M","?","$","?","R","T","R","M","M","M","E","R","M","M","B"],"character_chosen":"SLIMEBOUND","items_purchased":[],"campfire_rested":0,"item_purchase_floors":[],"current_hp_per_floor":[59,59,59,59,59,29,29,24,24,31,33,38,38,46,41,31,57,57,57,57,57,57,57,57,57,54,45,48,28,28,22,22,0,0,0],"gold":83,"neow_bonus":"THREE_ENEMY_KILL","is_daily":false,"chose_seed":false,"campfire_upgraded":7,"win_rate":0.0,"timestamp":1610862684,"path_taken":["R","?","M","M","M","E","T","?","R","M","$","M","R","M","M","BOSS","R","M","?","?","?","R","T","R","M","M","M","E","R","?","M","BOSS"],"items_purchased_type":[],"build_version":"2020-12-22","purchased_purges":1,"victory":false,"max_hp_per_floor":[65,65,65,65,65,65,65,65,65,65,65,65,65,65,65,65,65,65,65,65,65,65,65,65,65,65,65,65,65,65,65,65,65,65,65],"card_choices":[{"not_picked":["Slimebound:LeechEnergy","Slimebound:ComboTackle"],"picked":"Slimebound:Chomp","floor":3},{"not_picked":["Slimebound:ItLooksTasty","Slimebound:SamplingLick"],"picked":"Slimebound:ComboTackle","floor":4},{"not_picked":["Slimebound:GoopTackle","Slimebound:RollThrough"],"picked":"Slimebound:LivingWall","floor":5},{"not_picked":["Slimebound:LeechEnergy","Slimebound:Repurpose"],"picked":"Slimebound:LeechLife","floor":6},{"not_picked":["Slimebound:Prepare","Slimebound:TongueLash"],"picked":"Slimebound:Recollect","floor":10},{"not_picked":["Slimebound:GoopSpray","Slimebound:LeechEnergy"],"picked":"Slimebound:MassRepurpose","floor":11},{"not_picked":["Slimebound:SplitMire","Slimebound:Schlurp","Slimebound:SplitAcid"],"picked":"SKIP","floor":12},{"not_picked":["Slimebound:GoopSpray","Slimebound:SlimeSpikes"],"picked":"Slimebound:SamplingLick","floor":14},{"not_picked":["Slimebound:LivingWall","Slimebound:GoopTackle"],"picked":"Slimebound:GrowthPunch","floor":15},{"not_picked":["Slimebound:SlimeSlap","Slimebound:RallyTheTroops"],"picked":"Slimebound:MassRepurpose","floor":16},{"not_picked":["Slimebound:GrowthPunch","Slimebound:ViciousTackle","Slimebound:FinishingTackle"],"picked":"SKIP","floor":19},{"not_picked":["Slimebound:SamplingLick","Slimebound:GoopTackle"],"picked":"Slimebound:ForwardTackle+1","floor":21},{"not_picked":["Slimebound:SplitBruiser","Slimebound:ComboTackle+1"],"picked":"Slimebound:SlimeBarrage","floor":26},{"not_picked":["Slimebound:GoopSpray","Slimebound:Dissolve+1","Slimebound:RainOfGoop+1"],"picked":"SKIP","floor":27},{"not_picked":["Slimebound:ItLooksTasty+1","Slimebound:SamplingLick"],"picked":"Slimebound:FirmFortitude","floor":28},{"not_picked":["Slimebound:SplitLeeching+1","Slimebound:GrowthPunch","Slimebound:LivingWall"],"picked":"SKIP","floor":29},{"not_picked":["Slimebound:LeechingTouch","Slimebound:SplitAcid"],"picked":"Slimebound:Gluttony","floor":31},{"not_picked":["Slimebound:SlimeTap","Slimebound:GoopSpray","Slimebound:LeechEnergy+1"],"picked":"SKIP","floor":32}],"player_experience":849529,"relics_obtained":[{"floor":6,"key":"The Courier"},{"floor":7,"key":"Bronze Scales"},{"floor":8,"key":"Omamori"},{"floor":24,"key":"Pen Nib"},{"floor":29,"key":"InkBottle"}],"event_choices":[],"is_beta":false,"boss_relics":[{"not_picked":["Coffee Dripper","Slimebound:AbsorbEndCombatUpgraded"],"picked":"Sozu"}],"items_purged_floors":[11],"is_endless":false,"potions_floor_spawned":[6,8,10,14,16,26,28,32],"killed_by":"DF_ARCHETYPE_CLAW","ascension_level":10}}