{"host":"fkig9nrckec4xsh0","time":1610925010,"event":{"mods":["BaseMod","Colored Map","Minty Spire (QoL Compilation)","Quick Restart","Replay The Spire","StSLib"],"gold_per_floor":[116,116,0,10,60,60,85,85,85,119,131,231,260,280,280,351,351,364,336,256,272,272,272,272],"floor_reached":23,"language":"ENG","playtime":1302,"items_purged":["Strike_R"],"score":387,"play_id":"454cbd0d-6f8e-4727-acc1-445c4766b1a0","local_time":"20210117181010","is_ascension_mode":true,"campfire_choices":[{"data":"Bash","floor":6,"key":"SMITH"},{"data":"Cleave","floor":8,"key":"SMITH"},{"floor":15,"key":"REST"}],"circlet_count":0,"master_deck":["AscendersBane","Strike_R","Strike_R","Strike_R","Strike_R","Defend_R","Defend_R","Defend_R","Defend_R","Bash+1","Shrug It Off","Body Slam+1","Cleave+1","Juggernaut","Bloodletting","Power Through","Warcry","Barricade","ReplayTheSpireMod:Corrosion Curse+1","Inflame","Infernal Blade"],"relics":["Burning Blood","Champion Belt","Unceasing Top","Counterbalance","PreservedInsect","Bird Faced Urn","Philosopher\u0027s Stone"],"acts_visited":["Exordium","TheCity"],"potions_floor_usage":[11,13,16,19,23],"damage_taken":[{"damage":10,"enemies":"2 Louse","floor":1,"turns":3},{"damage":3,"enemies":"Cultist","floor":4,"turns":4},{"damage":48,"enemies":"Lagavulin","floor":7,"turns":7},{"damage":2,"enemies":"Replay:BlueRogue","floor":10,"turns":5},{"damage":1,"enemies":"Jaw Worm","floor":11,"turns":3},{"damage":10,"enemies":"3 Sentries","floor":13,"turns":4},{"damage":14,"enemies":"Lots of Slimes","floor":14,"turns":3},{"damage":29,"enemies":"Fading Forest","floor":16,"turns":11},{"damage":24,"enemies":"Spheric Guardian","floor":18,"turns":6},{"damage":22,"enemies":"2 Thieves","floor":19,"turns":4},{"damage":33,"enemies":"Centurion and Healer","floor":21,"turns":6},{"damage":17,"enemies":"Slavers","floor":23,"turns":1}],"seed_played":"1257172451162440628","potions_obtained":[{"floor":7,"key":"DuplicationPotion"},{"floor":10,"key":"HeartOfIron"},{"floor":13,"key":"Elixir"},{"floor":16,"key":"Weak Potion"},{"floor":21,"key":"Fire Potion"}],"is_trial":false,"path_per_floor":["M","?","$","M","?","R","E","R","T","E","M","?","E","M","R","B",null,"M","M","?","M","?","E"],"character_chosen":"IRONCLAD","items_purchased":["Body Slam+1"],"campfire_rested":1,"item_purchase_floors":[3],"current_hp_per_floor":[64,64,64,67,60,60,18,18,18,22,27,27,23,17,39,18,61,47,33,33,10,10,0,0],"gold":272,"neow_bonus":"ONE_RARE_RELIC","is_daily":false,"chose_seed":false,"campfire_upgraded":2,"win_rate":0.0,"timestamp":1610925010,"path_taken":["M","?","$","?","?","R","E","R","T","E","?","?","E","M","R","BOSS","M","?","?","M","?","E"],"items_purchased_type":["Card"],"build_version":"2020-12-22","purchased_purges":1,"victory":false,"max_hp_per_floor":[75,75,75,75,75,75,75,75,75,75,75,75,75,75,75,75,75,75,75,75,75,75,75,75],"card_choices":[{"not_picked":["True Grit","Cleave"],"picked":"Shrug It Off","floor":1},{"not_picked":["Headbutt","Clash"],"picked":"Cleave","floor":4},{"not_picked":["Perfected Strike","Intimidate","Sword Boomerang"],"picked":"SKIP","floor":7},{"not_picked":["Disarm","Warcry"],"picked":"Juggernaut","floor":10},{"not_picked":["Defy Death","Havoc"],"picked":"Bloodletting","floor":11},{"not_picked":["Havoc","Replay:Undeath\u0027s Touch"],"picked":"Power Through","floor":13},{"not_picked":["Whirlwind","Abandon"],"picked":"Warcry","floor":14},{"not_picked":["Double Tap","Fiend Fire"],"picked":"Barricade","floor":16},{"not_picked":["ReplayTheSpireMod:Strike From Hell","Clash+1"],"picked":"ReplayTheSpireMod:Corrosion Curse+1","floor":18},{"not_picked":["Wild Strike","Reaper"],"picked":"Inflame","floor":19},{"not_picked":["Dark Embrace","Replay:Undeath\u0027s Touch"],"picked":"Infernal Blade","floor":21}],"player_experience":339937,"relics_obtained":[{"floor":7,"key":"Unceasing Top"},{"floor":9,"key":"Counterbalance"},{"floor":10,"key":"PreservedInsect"},{"floor":13,"key":"Bird Faced Urn"}],"event_choices":[{"cards_removed":["Writhe"],"damage_healed":0,"gold_gain":0,"player_choice":"Purged","damage_taken":0,"max_hp_gain":0,"max_hp_loss":0,"event_name":"Purifier","floor":2,"gold_loss":0},{"damage_healed":0,"gold_gain":50,"player_choice":"Touch","damage_taken":7,"max_hp_gain":0,"max_hp_loss":0,"event_name":"FaceTrader","floor":5,"gold_loss":0},{"damage_healed":0,"gold_gain":100,"player_choice":"Gold","damage_taken":0,"max_hp_gain":0,"max_hp_loss":0,"event_name":"Wheel of Change","floor":12,"gold_loss":0},{"damage_healed":0,"gold_gain":0,"player_choice":"Ignored","damage_taken":0,"max_hp_gain":0,"max_hp_loss":0,"event_name":"Cursed Tome","floor":22,"gold_loss":0}],"is_beta":false,"boss_relics":[{"not_picked":["Coffee Dripper","Replay:Drink Me"],"picked":"Philosopher\u0027s Stone"}],"items_purged_floors":[3],"is_endless":false,"potions_floor_spawned":[7,10,13,16,21],"killed_by":"Slavers","ascension_level":17}}