{"host":"bplbr8uekuotory4","time":1610867821,"event":{"mods":["Act Like it!","BaseMod","Custom Start","Gensokyo","GungeonMod","Hermit","KinomotoSakuraMod(木之本樱)","Koishi","Marisa（F雨　魔理沙）","Minty Spire (QoL Compilation)","Prisma Mod","Quick Restart","Reimu（博丽灵梦）","SOS（斯巴达之子）","Spicy Shops","StSLib","TestMod","The Alterego","The Blackbeard","The Cursed","The Marked","The Mystic","The Runesmith","The Saiyan","The Servant 0.9.4","Yuri Mod","[IsaacMod]以撒尖塔","vexMod"],"gold_per_floor":[119,135,135,149,74,74,74],"floor_reached":6,"language":"ZHS","playtime":71,"items_purged":["alterego_mod:Defend"],"score":90,"play_id":"e82f9abf-eabd-47ad-93e0-84241d898343","local_time":"20210117151701","is_ascension_mode":true,"campfire_choices":[],"circlet_count":0,"master_deck":["alterego_mod:Strike","alterego_mod:Strike","alterego_mod:Strike","alterego_mod:Strike","alterego_mod:Defend","alterego_mod:Defend","alterego_mod:Defend","alterego_mod:Impale","alterego_mod:BigMeatyClaws","alterego_mod:BrynhildrsRune","alterego_mod:Rip","alterego_mod:Bloomers"],"relics":["alterego_mod:MasochisticConstitution","testmod-TestBox","HushsDoor","Damocles","testmod-CasingShield","NeowsBlessing","Letter Opener","DemoMod:GlassGuonStoneRelic","Strawberry","vexMod:HeadHunter"],"acts_visited":["Exordium"],"potions_floor_usage":[6],"damage_taken":[{"damage":0,"enemies":"2 Louse","floor":1,"turns":1},{"damage":0,"enemies":"Cultist","floor":2,"turns":1},{"damage":0,"enemies":"Small Slimes","floor":4,"turns":1},{"damage":0,"enemies":"3 Sentries","floor":6,"turns":1}],"seed_played":"-8649580615349864630","potions_obtained":[{"floor":4,"key":"Fire Potion"}],"is_trial":false,"path_per_floor":["M","M","?","M","$","E"],"character_chosen":"The_Alterego","items_purchased":[],"campfire_rested":0,"item_purchase_floors":[],"current_hp_per_floor":[70,77,154,154,154,154,154],"gold":74,"neow_bonus":"THREE_ENEMY_KILL","is_daily":false,"chose_seed":false,"campfire_upgraded":0,"win_rate":0.0,"timestamp":1610867821,"path_taken":["M","M","?","M","$","E"],"items_purchased_type":[],"build_version":"2020-12-22","purchased_purges":1,"victory":false,"max_hp_per_floor":[70,77,154,154,154,154,154],"card_choices":[{"not_picked":["alterego_mod:BustOut","alterego_mod:PerceptionDisorder","alterego_mod:HighServant"],"picked":"SKIP","floor":1},{"not_picked":["alterego_mod:TrashNCrash","alterego_mod:Undulate"],"picked":"alterego_mod:Rip","floor":2},{"not_picked":["alterego_mod:RingBreak","alterego_mod:1TonWallop"],"picked":"alterego_mod:Bloomers","floor":4}],"player_experience":1217688,"relics_obtained":[{"floor":1,"key":"Letter Opener"},{"floor":2,"key":"Strawberry"},{"floor":4,"key":"vexMod:HeadHunter"}],"event_choices":[{"damage_healed":0,"gold_gain":0,"player_choice":"Swap Relic","damage_taken":0,"relics_obtained":["testmod-HarvestTotem"],"max_hp_gain":0,"max_hp_loss":0,"event_name":"给自己的盒子","floor":3,"relics_lost":["testmod-HarvestTotem"],"gold_loss":0}],"is_beta":false,"boss_relics":[],"items_purged_floors":[5],"is_endless":false,"potions_floor_spawned":[4],"killed_by":"3 Sentries","ascension_level":2}}