{"host":"6jrnojxwearbrjzo","time":1610906093,"event":{"mods":["BaseMod","Conspire","Highlight Path","Marisa（F雨　魔理沙）","Minty Spire (QoL Compilation)","MostiFishMod","Quick Restart","Random Character Button","RumiaBox-露米娅的神秘盒子","Shop Mod","Spicy Shops","StSLib","The Construct","The Servant 0.9.4","Yuyuko","[功能]功能增强和修复MOD","vexMod","篝火指南"],"gold_per_floor":[115,115,115,0,11,37,102,129,154,429,165,198,209,209,209,305,-1095,11,11,11,40,40,69,69,94,94,113,113,5,104,104,104,204,204,215,28,0,0,49,81,49,77,77,103,113,23,52,64,64,64,64,64,27,62,62],"floor_reached":56,"language":"ZHS","playtime":2054,"items_purged":["Defend_G","Strike_G","Strike_G","Defend_G","Defend_G","Regret","Defend_G+1","MostiFishMod:PerfectParry","Strike_G","Strike_G","Neutralize","Burst+1","Strike_G+1","Acrobatics+1"],"score":2193,"play_id":"7a168e3d-1e99-4dbb-80a5-8e2fef5b5afd","local_time":"20210118015453","is_ascension_mode":true,"campfire_choices":[{"data":"Catalyst","floor":15,"key":"SMITH"},{"data":"conspire:PoisonWeapons","floor":24,"key":"SMITH"},{"floor":28,"key":"RECALL"},{"data":"Acrobatics","floor":32,"key":"SMITH"},{"data":"MostiFishMod:GrandStart","floor":49,"key":"SMITH"},{"data":"Expertise","floor":52,"key":"SMITH"}],"circlet_count":0,"master_deck":["Survivor","Catalyst+1","Dagger Spray+1","conspire:PoisonWeapons+1","Expertise+1","MostiFishMod:Confrontation+1","MostiFishMod:FrostNova+1","Concentrate+1","MostiFishMod:GrandStart+1"],"relics":["DaveBox","RhineSuit","TakeMeEscape","SynthV:TestCard","Snake Skull","Potion Belt","Strange Spoon","ImprovedEquipment","ZombieArmy","Whetstone","TwistedFunnel","MagicDraw2","Nunchaku","Omamori","GodSword1","Toolbox","The Courier","War Paint","SynthV:MejaisSoulstealer","FossilizedHelix","Question Card","Art of War","MagicDraw1","vexMod:InvisibilityCloak","Bottled Lightning","Membership Card","BirthdayGift-Icosahedron","MealTicket","RhineFirstAidKit","Ninja Scroll","vexMod:TimeEaterHat","vexMod:MemoryStick","CombinedTypeHook","Letter Opener","ClockworkSouvenir","vexMod:FocusSash","Red Mask","Lizard Tail","Ice Cream","GodSword5","Dodecahedron","LastBattle","vexMod:Dragonfruit","conspire:Flyswatter","Shuriken","Bag of Marbles","Sundial"],"acts_visited":["Exordium","TheCity","TheBeyond","TheEnding"],"potions_floor_usage":[6,7,7,8,12,16,23,33,33,35,35,35,55],"damage_taken":[{"damage":1,"enemies":"Small Slimes","floor":1,"turns":2},{"damage":1,"enemies":"Jaw Worm","floor":5,"turns":2},{"damage":9,"enemies":"Gremlin Nob","floor":6,"turns":3},{"damage":0,"enemies":"3 Sentries","floor":7,"turns":2},{"damage":3,"enemies":"Lagavulin","floor":8,"turns":3},{"damage":0,"enemies":"Gremlin Nob","floor":12,"turns":2},{"damage":6,"enemies":"conspire:RoseBush","floor":13,"turns":2},{"damage":0,"enemies":"Slime Boss","floor":16,"turns":2},{"damage":8,"enemies":"2 Thieves","floor":18,"turns":2},{"damage":0,"enemies":"conspire:MimicChest","floor":21,"turns":2},{"damage":0,"enemies":"conspire:SneckoGhost","floor":23,"turns":2},{"damage":0,"enemies":"Book of Stabbing","floor":25,"turns":2},{"damage":0,"enemies":"Shell Parasite","floor":27,"turns":2},{"damage":0,"enemies":"Automaton","floor":33,"turns":1},{"damage":0,"enemies":"3 Darklings","floor":35,"turns":1},{"damage":0,"enemies":"2 Orb Walkers","floor":39,"turns":2},{"damage":0,"enemies":"Reptomancer","floor":40,"turns":1},{"damage":0,"enemies":"Giant Head","floor":42,"turns":2},{"damage":0,"enemies":"Reptomancer","floor":44,"turns":2},{"damage":0,"enemies":"Orb Walker","floor":45,"turns":1},{"damage":0,"enemies":"Giant Head","floor":47,"turns":3},{"damage":0,"enemies":"Maw","floor":48,"turns":2},{"damage":0,"enemies":"conspire:OrnateMirror","floor":50,"turns":2},{"damage":0,"enemies":"Shield and Spear","floor":54,"turns":1},{"damage":7,"enemies":"The Heart","floor":55,"turns":3}],"seed_played":"-5837871216539859989","potions_obtained":[{"floor":3,"key":"FearPotion"},{"floor":3,"key":"FearPotion"},{"floor":3,"key":"ColorlessPotion"},{"floor":5,"key":"Explosive Potion"},{"floor":6,"key":"Fire Potion"},{"floor":8,"key":"FearPotion"},{"floor":12,"key":"AttackPotion"},{"floor":16,"key":"LiquidMemories"},{"floor":18,"key":"Poison Potion"},{"floor":23,"key":"CunningPotion"},{"floor":23,"key":"Poison Potion"},{"floor":33,"key":"LiquidBronze"},{"floor":35,"key":"Poison Potion"},{"floor":39,"key":"BlessingOfTheForge"},{"floor":40,"key":"conspire:TimeTravelPotion"},{"floor":45,"key":"PowerPotion"},{"floor":47,"key":"EntropicBrew"},{"floor":54,"key":"CultistPotion"}],"is_trial":false,"path_per_floor":["M","?","?","$","M","E","?","E","T","?","$","E","M","?","R","B",null,"M","?","?","?","?","E","R","E","T","M","R","$","?","?","R","B",null,"M","$","?","?","?","E","$","E","T","E","M","?","E","M","R","B",null,"R","$","E","B",null],"character_chosen":"THE_SILENT","items_purchased":["Snake Skull","Potion Belt","Strange Spoon","TwistedFunnel","MagicDraw2","Nunchaku","Omamori","GodSword1","Toolbox","LiquidMemories","SkillPotion","Membership Card","BirthdayGift-Icosahedron","MealTicket","Ninja Scroll","vexMod:TimeEaterHat","vexMod:MemoryStick","CombinedTypeHook","Letter Opener","ClockworkSouvenir","vexMod:FocusSash","GodSword5","Dodecahedron","Bag of Marbles"],"campfire_rested":0,"item_purchase_floors":[4,4,4,11,11,11,11,11,11,11,11,29,29,29,36,36,36,36,36,36,36,41,41,53],"current_hp_per_floor":[69,62,62,62,61,52,52,49,49,49,49,49,43,31,31,31,70,62,62,49,49,49,49,49,53,53,53,53,53,53,53,53,54,75,75,75,75,71,71,71,71,71,76,76,76,76,76,76,76,76,76,76,76,76,70],"gold":62,"neow_bonus":"BOSS_RELIC","is_daily":false,"chose_seed":false,"campfire_upgraded":5,"win_rate":0.0,"timestamp":1610906093,"path_taken":["M","?","?","$","?","E","?","E","T","?","$","E","?","?","R","BOSS","M","?","?","?","?","E","R","E","T","?","R","$","?","?","R","BOSS","M","$","?","?","?","E","?","E","T","E","?","?","E","?","R","BOSS","R","$","E","BOSS"],"items_purchased_type":["Relic","Relic","Relic","Relic","Relic","Relic","Relic","Relic","Relic","Potion","Potion","Relic","Relic","Relic","Relic","Relic","Relic","Relic","Relic","Relic","Relic","Relic","Relic","Relic"],"build_version":"2020-12-22","purchased_purges":14,"victory":true,"max_hp_per_floor":[70,70,70,70,70,70,70,70,70,70,70,70,70,70,70,70,70,70,70,75,75,75,75,75,75,75,75,75,75,75,75,75,75,75,75,75,75,71,71,71,71,71,76,76,76,76,76,76,76,76,76,76,76,76,76],"card_choices":[{"not_picked":["Deflect","Choke"],"picked":"Catalyst","floor":1},{"not_picked":["Blur","Eviscerate","Outmaneuver","Deflect"],"picked":"MostiFishMod:PerfectParry","floor":5},{"not_picked":["Bane","Outmaneuver","Crippling Poison","MostiFishMod:ShivMaster"],"picked":"Dagger Spray","floor":6},{"not_picked":["Noxious Fumes","Heel Hook","Predator","Prepared"],"picked":"Acrobatics","floor":7},{"not_picked":["Leg Sweep","MostiFishMod:PreservedThorns","Flechettes","Deadly Poison"],"picked":"Burst","floor":8},{"not_picked":["Backflip","Endless Agony","Noxious Fumes","Cloak And Dagger"],"picked":"conspire:PoisonWeapons","floor":12},{"not_picked":["Deflect","MostiFishMod:ThornCasing","Terror","Caltrops","MostiFishMod:PerfectParry"],"picked":"SKIP","floor":13},{"not_picked":["MostiFishMod:WinterMarkForm","Bullet Time","Storm of Steel","Malaise"],"picked":"MostiFishMod:Wind","floor":16},{"not_picked":["Deadly Poison","Bouncing Flask","Outmaneuver","PiercingWail","Infinite Blades"],"picked":"SKIP","floor":18},{"not_picked":["Footwork","Quick Slash","Doppelganger","Eviscerate","Masterful Stab","MostiFishMod:PreservedThorns+1"],"picked":"SKIP","floor":23},{"not_picked":["Endless Agony","Dagger Spray","Acrobatics","Noxious Fumes","Backstab","Deadly Poison"],"picked":"SKIP","floor":25},{"not_picked":["Deadly Poison+1","Dagger Spray","Bane+1","Caltrops","Outmaneuver","conspire:DoublingDagger+1"],"picked":"SKIP","floor":27},{"not_picked":["MostiFishMod:VineMother","Glass Knife","Unload","MostiFishMod:Listen","MostiFishMod:Opportunism"],"picked":"MostiFishMod:Confrontation","floor":33},{"not_picked":["Deadly Poison+1","Expertise+1","Dagger Spray","Noxious Fumes","Escape Plan+1","Masterful Stab"],"picked":"SKIP","floor":35},{"not_picked":["Flying Knee","Poisoned Stab","PiercingWail+1","Deadly Poison+1","MostiFishMod:SpreadingSpore"],"picked":"MostiFishMod:FrostNova+1","floor":40},{"not_picked":["Acrobatics+1","PiercingWail","Riddle With Holes+1","Underhanded Strike+1","MostiFishMod:ThornCasing","Skewer"],"picked":"SKIP","floor":42},{"not_picked":["Masterful Stab+1","Leg Sweep+1","Quick Slash+1","Endless Agony","Outmaneuver+1"],"picked":"Concentrate+1","floor":44},{"not_picked":["Deflect","Slice+1","Bane+1","Prepared","Infinite Blades+1"],"picked":"MostiFishMod:GrandStart","floor":45},{"not_picked":["Dodge and Roll+1","Caltrops+1","Deadly Poison","Masterful Stab","MostiFishMod:InvigoratingSolution","Bane"],"picked":"SKIP","floor":47},{"not_picked":["Crippling Poison","Dagger Spray","MostiFishMod:PerfectParry+1","Predator+1","Outmaneuver","Bane"],"picked":"SKIP","floor":48},{"not_picked":["MostiFishMod:PreservedThorns","Acrobatics+1","Setup","Backflip+1","Blade Dance","Dodge and Roll+1"],"picked":"SKIP","floor":54}],"player_experience":76362,"relics_obtained":[{"floor":1,"key":"SynthV:TestCard"},{"floor":6,"key":"ImprovedEquipment"},{"floor":7,"key":"ZombieArmy"},{"floor":8,"key":"Whetstone"},{"floor":12,"key":"The Courier"},{"floor":21,"key":"Question Card"},{"floor":23,"key":"MagicDraw1"},{"floor":25,"key":"vexMod:InvisibilityCloak"},{"floor":26,"key":"Bottled Lightning"},{"floor":39,"key":"Lizard Tail"},{"floor":40,"key":"Ice Cream"},{"floor":42,"key":"LastBattle"},{"floor":43,"key":"vexMod:Dragonfruit"},{"floor":44,"key":"conspire:Flyswatter"},{"floor":47,"key":"Shuriken"},{"floor":54,"key":"Sundial"}],"event_choices":[{"cards_removed":["Defend_G"],"damage_healed":0,"gold_gain":0,"player_choice":"Card Removal","damage_taken":7,"max_hp_gain":0,"max_hp_loss":0,"event_name":"Golden Wing","floor":2,"gold_loss":0},{"damage_healed":0,"gold_gain":0,"player_choice":"Got Potions","damage_taken":0,"max_hp_gain":0,"max_hp_loss":0,"event_name":"Lab","floor":3,"gold_loss":0},{"damage_healed":0,"gold_gain":0,"player_choice":"Searched \u00271\u0027 times","damage_taken":0,"max_hp_gain":0,"max_hp_loss":0,"event_name":"Dead Adventurer","floor":7,"gold_loss":0},{"damage_healed":0,"gold_gain":275,"player_choice":"Desecrate","damage_taken":0,"max_hp_gain":0,"max_hp_loss":0,"event_name":"Golden Shrine","floor":10,"gold_loss":0,"cards_obtained":["Regret"]},{"damage_healed":0,"gold_gain":0,"player_choice":"Success","damage_taken":12,"relics_obtained":["War Paint"],"max_hp_gain":0,"max_hp_loss":0,"event_name":"Scrap Ooze","floor":14,"gold_loss":0},{"damage_healed":0,"gold_gain":0,"player_choice":"Stole Relic","damage_taken":0,"relics_obtained":["FossilizedHelix"],"max_hp_gain":0,"max_hp_loss":0,"event_name":"Addict","floor":19,"gold_loss":0,"cards_obtained":["Shame"]},{"damage_healed":0,"gold_gain":0,"player_choice":"Shed Blood","damage_taken":18,"max_hp_gain":5,"max_hp_loss":0,"event_name":"Forgotten Altar","floor":20,"gold_loss":0},{"damage_healed":0,"gold_gain":0,"player_choice":"Gave Potion","damage_taken":0,"relics_obtained":["Art of War"],"max_hp_gain":0,"max_hp_loss":0,"event_name":"WeMeetAgain","floor":22,"gold_loss":0},{"damage_healed":0,"gold_gain":99,"player_choice":"Stole From Cult","damage_taken":0,"max_hp_gain":0,"max_hp_loss":0,"event_name":"Nest","floor":30,"gold_loss":0},{"damage_healed":0,"gold_gain":0,"player_choice":"Read","damage_taken":0,"max_hp_gain":0,"max_hp_loss":0,"event_name":"The Library","floor":31,"gold_loss":0,"cards_obtained":["Expertise"]},{"damage_healed":0,"gold_gain":0,"player_choice":"Paid","damage_taken":0,"relics_obtained":["Red Mask"],"max_hp_gain":0,"max_hp_loss":0,"event_name":"Tomb of Lord Red Mask","floor":37,"gold_loss":28},{"damage_healed":0,"gold_gain":0,"player_choice":"Max HP","damage_taken":0,"max_hp_gain":0,"max_hp_loss":4,"event_name":"Winding Halls","floor":38,"gold_loss":0},{"damage_healed":0,"gold_gain":0,"player_choice":"Fight","damage_taken":0,"max_hp_gain":0,"max_hp_loss":0,"event_name":"Mysterious Sphere","floor":39,"gold_loss":0},{"cards_removed":["MostiFishMod:Wind"],"damage_healed":0,"gold_gain":0,"player_choice":"Upgrade and Remove","damage_taken":0,"max_hp_gain":0,"max_hp_loss":0,"event_name":"Designer","floor":46,"gold_loss":90,"cards_upgraded":["MostiFishMod:Confrontation"]}],"is_beta":false,"boss_relics":[{"not_picked":["HereWithMe","RhineCircuit"],"picked":"SynthV:MejaisSoulstealer"},{"not_picked":["conspire:SeveredTorchhead","construct:ClawGrip"],"picked":"RhineFirstAidKit"}],"items_purged_floors":[4,4,4,4,4,11,29,29,29,53,53,53,53,53],"is_endless":false,"potions_floor_spawned":[5,6,8,8,12,12,12,16,18,21,23,23,27,33,35,39,40,42,42,44,45,47,47,48,48,48,54,54,54],"ascension_level":4}}