{"host":"4axoa1rfjgnprp9l","time":1610865265,"event":{"mods":["2.2 Compatiblity","AchievementEnabler","BaseMod","Colored Map","DeckTracker","Highlight Path","Minty Spire (QoL Compilation)","Permanent Neow","StSLib","SuperFastMode"],"gold_per_floor":[118,136,152,162,140,140,140,140],"floor_reached":7,"language":"KOR","playtime":4678,"items_purged":[],"score":90,"play_id":"80602d10-832f-4b55-a18d-de68cc73bfdb","local_time":"20210117153425","is_ascension_mode":true,"campfire_choices":[{"data":"Crippling Poison","floor":6,"key":"SMITH"}],"circlet_count":0,"master_deck":["AscendersBane","Strike_G","Strike_G","Strike_G","Strike_G","Strike_G","Defend_G","Defend_G","Defend_G","Defend_G","Defend_G","Survivor","Neutralize","Crippling Poison+1","Reflex","Wraith Form v2"],"relics":["Snecko Eye"],"acts_visited":[],"potions_floor_usage":[7,7],"damage_taken":[{"damage":0.0,"enemies":"Cultist","floor":1.0,"turns":5.0},{"damage":0.0,"enemies":"Small Slimes","floor":2.0,"turns":4.0},{"damage":2.0,"enemies":"Jaw Worm","floor":3.0,"turns":6.0},{"damage":23,"enemies":"2 Fungi Beasts","floor":4,"turns":6},{"damage":12,"enemies":"Exordium Thugs","floor":5,"turns":4},{"damage":25,"enemies":"3 Sentries","floor":7,"turns":8}],"seed_played":"-6988939157954857606","potions_obtained":[{"floor":2.0,"key":"Poison Potion"},{"floor":4,"key":"Dexterity Potion"}],"is_trial":false,"path_per_floor":["M","M","M","M","M","R","E"],"character_chosen":"THE_SILENT","items_purchased":[],"campfire_rested":0,"item_purchase_floors":[],"current_hp_per_floor":[59,59,57,34,22,22,0,0],"gold":140,"neow_bonus":"BOSS_RELIC","is_daily":false,"chose_seed":false,"campfire_upgraded":1,"win_rate":0.0,"timestamp":1610865265,"path_taken":["M","M","M","M","M","R","E"],"items_purchased_type":[],"build_version":"2020-12-22","purchased_purges":0,"victory":false,"max_hp_per_floor":[66,66,66,66,66,66,66,66],"card_choices":[{"not_picked":["Quick Slash","Dagger Throw"],"picked":"Crippling Poison","floor":1.0},{"not_picked":["Backflip","PiercingWail"],"picked":"Reflex","floor":2.0},{"not_picked":["Backflip","Calculated Gamble","Terror"],"picked":"SKIP","floor":3},{"not_picked":["Cloak And Dagger","Slice","Endless Agony"],"picked":"SKIP","floor":4},{"not_picked":["Tactician","Endless Agony"],"picked":"Wraith Form v2","floor":5}],"player_experience":880470,"relics_obtained":[],"event_choices":[],"is_beta":false,"boss_relics":[],"items_purged_floors":[],"is_endless":false,"potions_floor_spawned":[2,4],"killed_by":"3 Sentries","ascension_level":20}}