{"host":"lf8w6lk2ipwfzeol","time":1610864740,"event":{"mods":["ATMod(°¢èªMod)","Act Like it!","BaseMod","Downfall","Hermit","Minty Spire (QoL Compilation)","Quick Restart","Robot Space Explorer","StSLib","The Bladedancer","The Cursed","The Hierophant","The Runesmith","The Servant 0.9.4","Youmu£¨»êÆÇÑýÃÎ£©"],"gold_per_floor":[119,119,132,132,148,148,148],"floor_reached":6,"language":"ZHS","playtime":334,"items_purged":[],"score":36,"play_id":"ff859a36-6dce-4564-8799-ad29a6b7421d","local_time":"20210117142540","is_ascension_mode":false,"campfire_choices":[],"circlet_count":0,"master_deck":["blademaster:Strike","blademaster:Strike","blademaster:Strike","blademaster:Strike","blademaster:Defend","blademaster:Defend","blademaster:Defend","blademaster:RagingBlow","blademaster:HighVoltage","blademaster:Rupture","blademaster:Frontflip","blademaster:Blindside","blademaster:BladeCross"],"relics":["blademaster:DancersAmulet","AT_ATBox","NeowsBlessing","Potion Belt"],"acts_visited":["Exordium"],"potions_floor_usage":[],"damage_taken":[{"damage":0,"enemies":"2 Louse","floor":1,"turns":1},{"damage":0,"enemies":"Small Slimes","floor":3,"turns":1},{"damage":0,"enemies":"Cultist","floor":5,"turns":1},{"damage":20,"enemies":"Lagavulin","floor":6,"turns":8}],"seed_played":"-8845745693719009613","potions_obtained":[{"floor":1,"key":"champ:CounterPotion"},{"floor":5,"key":"Weak Potion"}],"is_trial":false,"path_per_floor":["M","?","M","?","M","E"],"character_chosen":"THE_BLADEMASTER","items_purchased":[],"campfire_rested":0,"item_purchase_floors":[],"current_hp_per_floor":[75,68,68,68,68,48,48],"gold":148,"neow_bonus":"THREE_ENEMY_KILL","is_daily":false,"chose_seed":false,"campfire_upgraded":0,"win_rate":0.0,"timestamp":1610864740,"path_taken":["M","?","M","?","M","E"],"items_purchased_type":[],"build_version":"2020-12-22","purchased_purges":0,"victory":false,"max_hp_per_floor":[75,75,75,75,75,75,75],"card_choices":[{"not_picked":["blademaster:Flurry","blademaster:Hailwind"],"picked":"blademaster:Rupture","floor":1},{"not_picked":["blademaster:EyeOfTheStorm","blademaster:Blockade"],"picked":"blademaster:Frontflip","floor":3},{"not_picked":["blademaster:DancingEdge","blademaster:Quickstep"],"picked":"blademaster:BladeCross","floor":5}],"player_experience":134139,"relics_obtained":[],"event_choices":[{"damage_healed":0,"gold_gain":0,"player_choice":"Success","damage_taken":7,"relics_obtained":["Potion Belt"],"max_hp_gain":0,"max_hp_loss":0,"event_name":"Scrap Ooze","floor":2,"gold_loss":0},{"damage_healed":0,"gold_gain":0,"cards_transformed":["blademaster:Defend"],"player_choice":"Change","damage_taken":0,"max_hp_gain":0,"max_hp_loss":0,"event_name":"Living Wall","floor":4,"gold_loss":0,"cards_obtained":["blademaster:Blindside"]}],"is_beta":false,"boss_relics":[],"items_purged_floors":[],"is_endless":false,"potions_floor_spawned":[1,5],"killed_by":"Lagavulin","ascension_level":0}}