{"host":"dth8fvkfiulu86fi","time":1610885557,"event":{"mods":["2.2 Compatiblity","AchievementEnabler","BaseMod","Better Third Choice","Colored Map","Colored Powertips","Minty Spire (QoL Compilation)","Rare Cards Sparkle","StSLib","SuperFastMode","Synergy Search"],"gold_per_floor":[144,189,234,279,80,80,125,170,170,245,290,335,335,52,52,352,352,397,442,292,652,167,257,302,347,347,147,147,192,492,492,492,792,792,837,309,309,30,75,75,75],"floor_reached":40,"language":"ENG","playtime":1593,"items_purged":[],"score":775,"play_id":"d723ac6f-4b73-4491-a81c-8db30da50627","local_time":"20210117131237","daily_mods":["SealedDeck","Hoarder","Midas"],"is_ascension_mode":false,"campfire_choices":[{"floor":6,"key":"REST"},{"floor":13,"key":"REST"},{"floor":15,"key":"REST"},{"floor":32,"key":"REST"}],"circlet_count":0,"master_deck":["Turbo","Turbo","Turbo","Beam Cell","Beam Cell","Beam Cell","Streamline","Streamline","Streamline","Conserve Battery","Conserve Battery","Conserve Battery","Leap","Leap","Leap","Go for the Eyes","Go for the Eyes","Go for the Eyes","Go for the Eyes","Go for the Eyes","Go for the Eyes","Turbo","Turbo","Turbo","Steam Power","Steam Power","Steam Power","Beam Cell","Beam Cell","Beam Cell","Streamline","Streamline","Streamline","Streamline","Streamline","Streamline","Turbo","Turbo","Turbo","Gash","Gash","Gash","Good Instincts","Good Instincts","Good Instincts","Beam Cell","Beam Cell","Beam Cell","Go for the Eyes","Go for the Eyes","Go for the Eyes","Beam Cell","Beam Cell","Beam Cell","The Bomb","The Bomb","The Bomb","Steam Power","Steam Power","Steam Power","All For One","All For One","All For One","Streamline","Streamline","Streamline","Jack Of All Trades","Jack Of All Trades","Jack Of All Trades","Go for the Eyes","Go for the Eyes","Go for the Eyes","Violence","Violence","Violence","Turbo","Turbo","Turbo","Sunder","Sunder","Sunder","Leap","Leap","Leap","FTL","FTL","FTL","Meteor Strike","Meteor Strike","Meteor Strike","Sunder","Sunder","Sunder","Conserve Battery+1","Conserve Battery+1","Conserve Battery+1","Turbo+1","Turbo+1","Turbo+1","Meteor Strike","Meteor Strike","Meteor Strike","Secret Weapon+1","Secret Weapon+1","Secret Weapon+1","Bandage Up+1","Bandage Up+1","Bandage Up+1","Streamline","Streamline","Streamline","Gash","Gash","Gash","Leap+1","Leap+1","Leap+1","Enlightenment+1","Enlightenment+1","Enlightenment+1"],"relics":["Cracked Core","Membership Card","Pear","Mango","Fusion Hammer","Peace Pipe","Ice Cream","FossilizedHelix","Darkstone Periapt","Bottled Flame","Orrery","Eternal Feather","Bird Faced Urn","Toxic Egg 2","Nuclear Battery","Thread and Needle","CaptainsWheel","Gremlin Horn","DollysMirror"],"acts_visited":["Exordium","TheCity","TheBeyond"],"potions_floor_usage":[23,23,23,29,30,30,30,33,40],"damage_taken":[{"damage":0,"enemies":"2 Louse","floor":1,"turns":3},{"damage":0,"enemies":"Cultist","floor":2,"turns":3},{"damage":0,"enemies":"Small Slimes","floor":3,"turns":2},{"damage":0,"enemies":"Looter","floor":4,"turns":2},{"damage":6,"enemies":"2 Fungi Beasts","floor":7,"turns":2},{"damage":0,"enemies":"Large Slime","floor":8,"turns":2},{"damage":0,"enemies":"Lots of Slimes","floor":11,"turns":4},{"damage":0,"enemies":"Exordium Thugs","floor":12,"turns":2},{"damage":8,"enemies":"Slime Boss","floor":16,"turns":7},{"damage":0,"enemies":"Spheric Guardian","floor":18,"turns":1},{"damage":4,"enemies":"Chosen","floor":19,"turns":3},{"damage":16,"enemies":"Slavers","floor":23,"turns":4},{"damage":0,"enemies":"3 Cultists","floor":24,"turns":4},{"damage":10,"enemies":"Snake Plant","floor":25,"turns":3},{"damage":0,"enemies":"Sentry and Sphere","floor":29,"turns":3},{"damage":0,"enemies":"Colosseum Slavers","floor":30,"turns":3},{"damage":10,"enemies":"Colosseum Nobs","floor":30,"turns":4},{"damage":37,"enemies":"Automaton","floor":33,"turns":7},{"damage":30,"enemies":"3 Darklings","floor":35,"turns":4},{"damage":62,"enemies":"3 Shapes","floor":39,"turns":3},{"damage":17,"enemies":"Reptomancer","floor":40,"turns":2}],"seed_played":"7372172642885907109","potions_obtained":[{"floor":4,"key":"Regen Potion"},{"floor":8,"key":"BlessingOfTheForge"},{"floor":11,"key":"FocusPotion"},{"floor":25,"key":"ColorlessPotion"},{"floor":29,"key":"EntropicBrew"},{"floor":30,"key":"DistilledChaos"}],"is_trial":false,"path_per_floor":["M","M","M","M","$","R","M","M","T","?","M","M","R","$","R","B",null,"M","M","$","?","$","E","M","M","T","$","?","M","?","?","R","B",null,"M","$","?","$","M","E"],"character_chosen":"DEFECT","items_purchased":["Membership Card","Good Instincts","Mango","Beam Cell","The Bomb","Steam Power","Peace Pipe","Ice Cream","FossilizedHelix","Go for the Eyes","Violence","Turbo","Sunder","Leap","Orrery","Eternal Feather","Thread and Needle","CaptainsWheel","Turbo+1","Meteor Strike","Secret Weapon+1","Bandage Up+1","Gremlin Horn","DollysMirror","Gash","Leap+1","Enlightenment+1"],"campfire_rested":4,"item_purchase_floors":[5,5,14,14,14,14,20,22,22,22,22,22,22,22,27,27,36,36,36,36,36,36,38,38,38,38,38],"current_hp_per_floor":[75,75,75,75,75,75,69,69,79,68,68,68,85,99,99,91,99,99,95,95,53,53,49,49,39,39,39,39,39,29,29,99,62,99,69,69,69,69,7,0,0],"gold":75,"neow_bonus":"","is_daily":true,"chose_seed":false,"campfire_upgraded":0,"win_rate":0.0,"timestamp":1610885557,"path_taken":["M","M","M","M","$","R","M","M","T","?","M","M","R","$","R","BOSS","M","M","$","?","$","E","?","M","T","$","?","M","?","?","R","BOSS","M","$","?","$","M","E"],"items_purchased_type":["Relic","Card","Relic","Card","Card","Card","Relic","Relic","Relic","Card","Card","Card","Card","Card","Relic","Relic","Relic","Relic","Card","Card","Card","Card","Relic","Relic","Card","Card","Card"],"build_version":"2020-12-22","purchased_purges":0,"victory":false,"max_hp_per_floor":[75,75,75,75,75,75,75,75,85,85,85,85,85,99,99,99,99,99,99,99,99,99,99,99,99,99,99,99,99,99,99,99,99,99,99,99,99,99,99,99,99],"card_choices":[{"not_picked":["Leap","Scrape"],"picked":"Streamline","floor":1},{"not_picked":["Cold Snap","Double Energy"],"picked":"Streamline","floor":2},{"not_picked":["Steam","Core Surge"],"picked":"Turbo","floor":3},{"not_picked":["Stack","FTL"],"picked":"Gash","floor":4},{"not_picked":["Barrage","Compile Driver","Stack"],"picked":"SKIP","floor":7},{"not_picked":["Consume","FTL"],"picked":"Beam Cell","floor":8},{"not_picked":["Coolheaded","Tempest","Sunder"],"picked":"SKIP","floor":11},{"not_picked":["Recycle","Chill"],"picked":"Go for the Eyes","floor":12},{"not_picked":["Echo Form","Hyperbeam"],"picked":"All For One","floor":16},{"not_picked":["Storm","Ball Lightning"],"picked":"Streamline","floor":18},{"not_picked":["Static Discharge","Double Energy","Genetic Algorithm"],"picked":"SKIP","floor":19},{"not_picked":["Biased Cognition","BootSequence"],"picked":"FTL","floor":23},{"not_picked":["Rebound","Heatsinks+1","Cold Snap"],"picked":"SKIP","floor":24},{"not_picked":["Hello World","Sweeping Beam+1","Capacitor+1"],"picked":"SKIP","floor":25},{"not_picked":["Barrage+1","Steam+1","Redo+1"],"picked":"SKIP","floor":29},{"not_picked":["Cold Snap","Blizzard"],"picked":"Meteor Strike","floor":30},{"not_picked":["Redo+1","Barrage"],"picked":"Conserve Battery+1","floor":35},{"not_picked":["Cold Snap+1","Double Energy+1","Compile Driver+1"],"picked":"SKIP","floor":39}],"player_experience":1150816,"relics_obtained":[{"floor":9,"key":"Pear"},{"floor":23,"key":"Darkstone Periapt"},{"floor":26,"key":"Bottled Flame"},{"floor":30,"key":"Bird Faced Urn"},{"floor":30,"key":"Toxic Egg 2"}],"event_choices":[{"damage_healed":0,"gold_gain":75,"player_choice":"Gold","damage_taken":11,"max_hp_gain":0,"max_hp_loss":0,"event_name":"betterThird:BetterGoop","floor":10,"gold_loss":0},{"damage_healed":0,"gold_gain":360,"player_choice":"GOLD CARD GOLD GOLD GOLD ","damage_taken":42,"max_hp_gain":0,"max_hp_loss":0,"event_name":"Knowing Skull","floor":21,"potions_obtained":[],"gold_loss":0,"cards_obtained":["Jack Of All Trades"]},{"damage_healed":0,"gold_gain":0,"player_choice":"Simplicity","damage_taken":0,"max_hp_gain":0,"max_hp_loss":0,"event_name":"betterThird:BetterWriting","floor":28,"gold_loss":0},{"damage_healed":0,"gold_gain":0,"player_choice":"Fight","damage_taken":0,"max_hp_gain":0,"max_hp_loss":0,"event_name":"Colosseum","floor":30,"gold_loss":0},{"damage_healed":0,"gold_gain":0,"player_choice":"Fought Nobs","damage_taken":0,"max_hp_gain":0,"max_hp_loss":0,"event_name":"Colosseum","floor":30,"gold_loss":0},{"damage_healed":0,"gold_gain":0,"player_choice":"Read","damage_taken":0,"max_hp_gain":0,"max_hp_loss":0,"event_name":"The Library","floor":31,"gold_loss":0,"cards_obtained":["Sunder"]},{"damage_healed":0,"gold_gain":0,"player_choice":"Ignored","damage_taken":0,"max_hp_gain":0,"max_hp_loss":0,"event_name":"Tomb of Lord Red Mask","floor":37,"gold_loss":0}],"is_beta":false,"boss_relics":[{"not_picked":["SlaversCollar","Philosopher\u0027s Stone"],"picked":"Fusion Hammer"},{"not_picked":["Black Star","Astrolabe"],"picked":"Nuclear Battery"}],"items_purged_floors":[],"is_endless":false,"potions_floor_spawned":[4,8,11,16,18,19,25,29,30],"killed_by":"Reptomancer","ascension_level":0}}