{"host":"KYO","time":1610852664,"event":{"mods":["ATMod(°¢èªMod)","BaseMod","Minty Spire (QoL Compilation)","Shop Mod","StSLib","SuperFastMode","[IsaacMod]ÒÔÈö¼âËþ","¡¾ÒÅÎï¿¨ÅÆ¡¿REMEMod"],"gold_per_floor":[112,126,126,200,34,61,61,74,154,154,182,201,259,271,271,342,342,360,360,119,419,435,451,486,497,551,551,564,564,614,647,647,647,647],"floor_reached":33,"language":"ZHS","playtime":864,"items_purged":["Strike_G"],"score":740,"play_id":"655387f0-9c4d-44aa-a11a-67689cdfc752","local_time":"20210117110424","is_ascension_mode":true,"campfire_choices":[{"data":"AT_EmpoweredMortalDraw","floor":7.0,"key":"SMITH"},{"data":"Searing Blow","floor":15.0,"key":"SMITH"},{"floor":29.0,"key":"REST"},{"data":"Prepared","floor":32,"key":"SMITH"}],"circlet_count":0,"master_deck":["AscendersBane","Strike_G","Strike_G","Strike_G","Strike_G","Defend_G","Defend_G","Defend_G","Defend_G","Defend_G","Survivor","Neutralize","AT_EmpoweredMortalDraw+1","Searing Blow+1","Reflex","Escape Plan","Acrobatics","Tactician","Prepared+1","Well Laid Plans","Footwork"],"relics":["Ring of the Snake","HushsDoor","AT_ATBox","REME_ComplimentaryCards","DoctorsRemote","NeowsBlessing","Smiling Mask","Membership Card","REME_PuzzleBoxRelic","Gremlin Horn","BookofShadows","AT_RedTearstoneRing","Ornamental Fan","Runic Dome","FossilizedHelix","Bag of Preparation","Letter Opener"],"acts_visited":["Exordium","TheCity"],"potions_floor_usage":[],"damage_taken":[{"damage":0.0,"enemies":"Cultist","floor":1.0,"turns":1.0},{"damage":0.0,"enemies":"Jaw Worm","floor":2.0,"turns":1.0},{"damage":0.0,"enemies":"Gremlin Nob","floor":6.0,"turns":1.0},{"damage":1.0,"enemies":"2 Louse","floor":8.0,"turns":2.0},{"damage":0.0,"enemies":"3 Sentries","floor":11.0,"turns":1.0},{"damage":9.0,"enemies":"Blue Slaver","floor":12.0,"turns":2.0},{"damage":3.0,"enemies":"Gremlin Nob","floor":13.0,"turns":3.0},{"damage":0.0,"enemies":"3 Louse","floor":14.0,"turns":1.0},{"damage":25.0,"enemies":"The Guardian","floor":16.0,"turns":8.0},{"damage":9.0,"enemies":"Chosen","floor":18.0,"turns":4.0},{"damage":0.0,"enemies":"Spheric Guardian","floor":22.0,"turns":3.0},{"damage":22.0,"enemies":"Snecko","floor":23.0,"turns":5.0},{"damage":6.0,"enemies":"Gremlin Leader","floor":24.0,"turns":4.0},{"damage":0.0,"enemies":"Centurion and Healer","floor":25.0,"turns":2.0},{"damage":0.0,"enemies":"Snake Plant","floor":28.0,"turns":2.0},{"damage":0,"enemies":"Slavers","floor":31,"turns":3},{"damage":99999,"enemies":"Collector","floor":33,"turns":5}],"seed_played":"-8904550974503041480","potions_obtained":[{"floor":1.0,"key":"DistilledChaos"},{"floor":8.0,"key":"DistilledChaos"},{"floor":11.0,"key":"Block Potion"},{"floor":18.0,"key":"GamblersBrew"},{"floor":24.0,"key":"GhostInAJar"}],"is_trial":false,"path_per_floor":["M","M","?","?","$","E","R","M","T","T","E","M","?","M","R","B",null,"M","?","$","?","M","M","E","M","T","?","M","R","?","E","R","B"],"character_chosen":"THE_SILENT","items_purchased":["Membership Card","FossilizedHelix","Prepared"],"campfire_rested":1,"item_purchase_floors":[5,20,20],"current_hp_per_floor":[59,59,33,33,33,33,33,32,32,32,32,23,20,20,20,1,50,41,41,41,41,41,19,13,13,13,9,9,28,28,28,28,0,0],"gold":647,"neow_bonus":"THREE_ENEMY_KILL","is_daily":false,"chose_seed":false,"campfire_upgraded":3,"win_rate":0.0,"timestamp":1610852664,"path_taken":["M","?","?","?","$","E","R","M","T","?","E","M","?","M","R","BOSS","M","?","$","?","M","M","E","M","T","?","M","R","?","E","R","BOSS"],"items_purchased_type":["Relic","Relic","Card"],"build_version":"2020-12-18","purchased_purges":1,"victory":false,"max_hp_per_floor":[66,66,66,66,66,66,66,66,66,66,66,66,66,66,66,66,66,66,66,66,66,66,66,66,66,66,66,66,66,66,66,66,68,68],"card_choices":[{"not_picked":["Blade Dance","Bane","Outmaneuver"],"picked":"SKIP","floor":1.0},{"not_picked":["Dash","Deadly Poison"],"picked":"Bomb","floor":2.0},{"not_picked":["Doppelganger","AT_WindRun","All Out Attack"],"picked":"SKIP","floor":6.0},{"not_picked":["Well Laid Plans","Eviscerate","PiercingWail"],"picked":"SKIP","floor":8.0},{"not_picked":["Masterful Stab","Terror"],"picked":"Reflex","floor":11.0},{"not_picked":["Choke","Flying Knee","AT_ShadowStep"],"picked":"SKIP","floor":12.0},{"not_picked":["Slice","Blade Dance"],"picked":"Escape Plan","floor":14.0},{"not_picked":["AT_WindFlip","All Out Attack"],"picked":"Acrobatics","floor":18.0},{"not_picked":["Prepared","Deadly Poison","Dagger Throw"],"picked":"SKIP","floor":22.0},{"not_picked":["Poisoned Stab","Corpse Explosion"],"picked":"Well Laid Plans","floor":23.0},{"not_picked":["Prepared","Dodge and Roll","All Out Attack"],"picked":"SKIP","floor":24.0},{"not_picked":["Bane","Underhanded Strike"],"picked":"Footwork","floor":25.0},{"not_picked":["Dash","Glass Knife","AT_WindFlip"],"picked":"SKIP","floor":28.0},{"not_picked":["Dagger Throw","Bane","Backstab"],"picked":"SKIP","floor":31}],"player_experience":608924,"relics_obtained":[{"floor":6.0,"key":"REME_PuzzleBoxRelic"},{"floor":9.0,"key":"Gremlin Horn"},{"floor":10.0,"key":"BookofShadows"},{"floor":13.0,"key":"Ornamental Fan"},{"floor":24.0,"key":"Bag of Preparation"},{"floor":31,"key":"Letter Opener"}],"event_choices":[{"damage_healed":0.0,"max_hp_gain":0.0,"max_hp_loss":0.0,"gold_gain":0.0,"event_name":"Scrap Ooze","player_choice":"Success","floor":3.0,"gold_loss":0.0,"damage_taken":26.0,"relics_obtained":["Smiling Mask"]},{"damage_healed":0.0,"max_hp_gain":0.0,"max_hp_loss":0.0,"gold_gain":74.0,"event_name":"Golden Wing","player_choice":"Gained Gold","floor":4.0,"gold_loss":0.0,"damage_taken":0.0},{"damage_healed":0.0,"max_hp_gain":0.0,"max_hp_loss":0.0,"gold_gain":0.0,"event_name":"Dead Adventurer","player_choice":"Searched \u00271\u0027 times","floor":13.0,"gold_loss":0.0,"damage_taken":0.0},{"damage_healed":0.0,"max_hp_gain":0.0,"max_hp_loss":0.0,"gold_gain":0.0,"event_name":"The Library","player_choice":"Read","floor":19.0,"gold_loss":0.0,"damage_taken":0.0,"cards_obtained":["Tactician"]},{"damage_healed":0.0,"max_hp_gain":0.0,"max_hp_loss":0.0,"gold_gain":0.0,"event_name":"The Woman in Blue","player_choice":"Bought 0 Potions","floor":27.0,"gold_loss":0.0,"damage_taken":0.0},{"damage_healed":0,"gold_gain":50,"player_choice":"Pray","damage_taken":0,"max_hp_gain":0,"max_hp_loss":0,"event_name":"Golden Shrine","floor":30,"gold_loss":0}],"is_beta":true,"boss_relics":[{"not_picked":["Velvet Choker","Busted Crown"],"picked":"Runic Dome"},{"not_picked":[]}],"items_purged_floors":[20],"is_endless":false,"potions_floor_spawned":[1,8,11,13,18,24,28],"killed_by":"Collector","ascension_level":20}}