{"host":"s35zr3gblm7slh1q","time":1610894411,"event":{"mods":["BaseMod","Colored Powertips","Downfall","Hermit","Highlight Path","Marisa????????","Minty Spire (QoL Compilation)","Permanent Neow","StSLib"],"gold_per_floor":[99,119,130,63,63,76,76,76,61,79,79,79,103,128,143,143,143],"floor_reached":16,"language":"ENG","playtime":910,"items_purged":[],"score":90,"play_id":"631ea5ff-ede6-45e9-ad58-7da75fa26972","local_time":"20210117094011","is_ascension_mode":false,"campfire_choices":[{"data":"bronze:Replicate","floor":1.0,"key":"SMITH"},{"data":"bronze:FineTuning","floor":8,"key":"SMITH"},{"floor":11,"key":"REST"}],"circlet_count":0,"master_deck":["bronze:Strike","bronze:Strike","bronze:Strike","bronze:Defend","bronze:Defend","bronze:Defend","bronze:Defend","bronze:Replicate+1","bronze:Goto","bronze:CleanCode","bronze:FineTuning+1","bronze:DelayedSlice","bronze:WhirlingStrike","bronze:Flail","bronze:ClassDefault","bronze:BitShift","bronze:FollowUp","bronze:WhirlingStrike"],"relics":["bronze:BronzeCore","Toy Ornithopter","Strawberry","Anchor"],"acts_visited":["Exordium"],"potions_floor_usage":[4,15,16],"damage_taken":[{"damage":4.0,"enemies":"Cultist","floor":2.0,"turns":4.0},{"damage":2,"enemies":"2 Louse","floor":3,"turns":3},{"damage":5,"enemies":"downfall:FleeingMerchant","floor":4,"turns":4},{"damage":3,"enemies":"Jaw Worm","floor":6,"turns":3},{"damage":10,"enemies":"downfall:FleeingMerchant","floor":9,"turns":4},{"damage":9,"enemies":"Blue Slaver","floor":10,"turns":3},{"damage":7,"enemies":"Exordium Thugs","floor":15,"turns":3},{"damage":70,"enemies":"SI_SHIV_ARCHETYPE","floor":16,"turns":10}],"seed_played":"1715812078915603876","potions_obtained":[{"floor":3,"key":"champ:CounterPotion"},{"floor":6,"key":"sneckomod:MuddlingPotion"},{"floor":15,"key":"bronze:BuildAFunctionPotion"}],"is_trial":false,"path_per_floor":["R","M","M","$","?","M","T","R","$","M","R","?","T","T","M","B"],"character_chosen":"THE_AUTOMATON","items_purchased":["bronze:WhirlingStrike"],"campfire_rested":1,"item_purchase_floors":[4],"current_hp_per_floor":[70,66,64,59,59,56,56,56,46,37,58,58,65,65,63,0,0],"gold":143,"neow_bonus":"ONE_RANDOM_RARE_CARD","is_daily":false,"chose_seed":false,"campfire_upgraded":2,"win_rate":0.0,"timestamp":1610894411,"path_taken":["R","M","M","$","?","M","T","R","$","M","R","?","?","?","M","BOSS"],"items_purchased_type":["Card"],"build_version":"2020-12-22","purchased_purges":0,"victory":false,"max_hp_per_floor":[70,70,70,70,70,70,70,70,70,70,70,70,77,77,77,77,77],"card_choices":[{"not_picked":["bronze:Overheat","bronze:Repulsor","bronze:BuggyMess"],"picked":"SKIP","floor":2},{"not_picked":["bronze:Deprecate","bronze:BitShift"],"picked":"bronze:FineTuning","floor":3},{"not_picked":["bronze:Turbo","bronze:Iterate"],"picked":"bronze:DelayedSlice","floor":4},{"not_picked":["bronze:FindAndReplace","bronze:Shield"],"picked":"bronze:ClassDefault","floor":6},{"not_picked":["bronze:Backtrace","bronze:Mutator"],"picked":"bronze:BitShift","floor":9},{"not_picked":["bronze:Frontload","bronze:DelayedGuard"],"picked":"bronze:FollowUp","floor":10},{"not_picked":["bronze:Deprecate","bronze:Shield"],"picked":"bronze:WhirlingStrike","floor":15}],"player_experience":351876,"relics_obtained":[{"floor":7,"key":"Toy Ornithopter"},{"floor":13,"key":"Strawberry"},{"floor":14,"key":"Anchor"}],"event_choices":[{"damage_healed":0,"gold_gain":0,"player_choice":"Fled","damage_taken":0,"max_hp_gain":0,"max_hp_loss":0,"event_name":"Scrap Ooze","floor":12,"gold_loss":0}],"is_beta":false,"boss_relics":[],"items_purged_floors":[],"is_endless":false,"potions_floor_spawned":[3,6,15],"killed_by":"SI_SHIV_ARCHETYPE","ascension_level":0}}