{"host":"dpbezu80jg8zk7un","time":1610894238,"event":{"mods":["BaseMod","Colored Map","Colored Powertips","Custom Start","DeckTracker","Minty Spire (QoL Compilation)","Quick Restart","StSLib","SuperFastMode"],"gold_per_floor":[413,413,226,240,257,257,282,97,120,120,146,146,163,191,191,262,262,272,147,163,13,32,64,78,78,131,46,77,2,2,16,16,95,95,110,123,83,99,119,119,119],"floor_reached":40,"language":"KOR","playtime":1069,"items_purged":["Strike_P","Defend_P","Strike_P","Defend_P"],"score":1142,"play_id":"a208f7c9-c166-4a80-a5ef-d8ba567e2d40","local_time":"20210117233718","is_ascension_mode":true,"campfire_choices":[{"data":"Eruption","floor":6.0,"key":"SMITH"},{"data":"Conclude","floor":12.0,"key":"SMITH"},{"data":"MentalFortress","floor":15.0,"key":"SMITH"},{"data":"Adaptation","floor":25.0,"key":"SMITH"},{"floor":32.0,"key":"REST"}],"circlet_count":0,"master_deck":["AscendersBane","Strike_P","Defend_P","Eruption+1","Vigilance","Adaptation+1","InnerPeace","SandsOfTime","DeusExMachina","Conclude+1","MentalFortress+1"],"relics":["PureWater","Old Coin","Omamori","Strawberry","Turnip","Frozen Egg 2","SacredBark","Gremlin Horn","Boot","Vajra","Lantern","Runic Pyramid"],"acts_visited":["Exordium","TheCity","TheBeyond"],"potions_floor_usage":[39],"damage_taken":[{"damage":4.0,"enemies":"Jaw Worm","floor":1.0,"turns":4.0},{"damage":0.0,"enemies":"Cultist","floor":4.0,"turns":2.0},{"damage":0.0,"enemies":"Small Slimes","floor":5.0,"turns":2.0},{"damage":2.0,"enemies":"Lagavulin","floor":7.0,"turns":5.0},{"damage":8.0,"enemies":"Gremlin Nob","floor":11.0,"turns":3.0},{"damage":0.0,"enemies":"Looter","floor":13.0,"turns":1.0},{"damage":0.0,"enemies":"Lagavulin","floor":14.0,"turns":3.0},{"damage":17.0,"enemies":"The Guardian","floor":16.0,"turns":9.0},{"damage":0.0,"enemies":"Chosen","floor":18.0,"turns":3.0},{"damage":17.0,"enemies":"Shell Parasite","floor":20.0,"turns":3.0},{"damage":1.0,"enemies":"Sentry and Sphere","floor":22.0,"turns":4.0},{"damage":0.0,"enemies":"Gremlin Leader","floor":23.0,"turns":3.0},{"damage":0.0,"enemies":"Centurion and Healer","floor":24.0,"turns":4.0},{"damage":38.0,"enemies":"Book of Stabbing","floor":28.0,"turns":5.0},{"damage":1.0,"enemies":"Shelled Parasite and Fungi","floor":31.0,"turns":2.0},{"damage":0.0,"enemies":"Automaton","floor":33.0,"turns":2.0},{"damage":39.0,"enemies":"Orb Walker","floor":35.0,"turns":4.0},{"damage":16.0,"enemies":"3 Darklings","floor":36.0,"turns":2.0},{"damage":0,"enemies":"Sphere and 2 Shapes","floor":38,"turns":3},{"damage":0,"enemies":"Jaw Worm Horde","floor":39,"turns":2},{"damage":18,"enemies":"Reptomancer","floor":40,"turns":2}],"seed_played":"-3679747446158811405","potions_obtained":[{"floor":4.0,"key":"Fire Potion"},{"floor":5.0,"key":"Regen Potion"},{"floor":7.0,"key":"Energy Potion"},{"floor":22.0,"key":"EntropicBrew"},{"floor":28.0,"key":"Fire Potion"},{"floor":31.0,"key":"Regen Potion"},{"floor":35.0,"key":"Energy Potion"},{"floor":36.0,"key":"Fire Potion"}],"is_trial":false,"path_per_floor":["M","?","$","M","M","R","E","$","T","$","E","R","M","E","R","B",null,"M","$","M","$","M","E","M","R","T","?","E","?","?","M","R","B",null,"M","M","?","M","M","E"],"character_chosen":"WATCHER","items_purchased":["InnerPeace","SandsOfTime","MentalFortress"],"campfire_rested":1,"item_purchase_floors":[3,3,8],"current_hp_per_floor":[39,39,39,39,39,39,51,51,58,58,50,50,50,50,50,33,65,65,65,48,48,47,47,47,47,47,47,9,9,9,8,30,40,66,27,11,11,11,11,0,0],"gold":119,"neow_bonus":"ONE_RARE_RELIC","is_daily":false,"chose_seed":false,"campfire_upgraded":4,"win_rate":0.0,"timestamp":1610894238,"path_taken":["M","?","$","?","M","R","E","$","T","?","E","R","M","E","R","BOSS","M","$","M","$","M","E","M","R","T","?","E","?","?","?","R","BOSS","M","M","?","?","M","E"],"items_purchased_type":["Card","Card","Card"],"build_version":"2020-12-22","purchased_purges":4,"victory":false,"max_hp_per_floor":[68,68,68,68,68,68,68,68,75,75,75,75,75,75,75,75,75,75,75,75,75,75,75,75,75,75,75,75,75,75,75,75,75,75,75,75,75,75,75,75,75],"card_choices":[{"not_picked":["CrushJoints","Halt"],"picked":"Adaptation","floor":1.0},{"not_picked":["ClearTheMind","PathToVictory"],"picked":"DeusExMachina","floor":4.0},{"not_picked":["SashWhip","Pray","Prostrate"],"picked":"SKIP","floor":5.0},{"not_picked":["WindmillStrike","Devotion"],"picked":"Conclude","floor":7.0},{"not_picked":["SashWhip","FollowUp","WindmillStrike"],"picked":"SKIP","floor":11.0},{"not_picked":["Perseverance","Evaluate","WindmillStrike"],"picked":"SKIP","floor":14.0},{"not_picked":["SandsOfTime","CrushJoints","Wireheading+1"],"picked":"SKIP","floor":18.0},{"not_picked":["Indignation","Nirvana+1","CutThroughFate"],"picked":"SKIP","floor":20.0},{"not_picked":["PathToVictory","SignatureMove","CrushJoints"],"picked":"SKIP","floor":22.0},{"not_picked":["Pray","Crescendo","ReachHeaven"],"picked":"SKIP","floor":23.0},{"not_picked":["BowlingBash","Protect+1","ClearTheMind"],"picked":"SKIP","floor":24.0},{"not_picked":["TalkToTheHand+1","Consecrate","SashWhip"],"picked":"SKIP","floor":28.0},{"not_picked":["Protect","FlyingSleeves","ThirdEye"],"picked":"SKIP","floor":31.0},{"not_picked":["Wallop+1","Crescendo","Nirvana+1"],"picked":"SKIP","floor":35.0},{"not_picked":["ReachHeaven","Halt+1","Pray"],"picked":"SKIP","floor":36.0},{"not_picked":["EmptyFist","Indignation","SashWhip+1"],"picked":"SKIP","floor":38},{"not_picked":["PathToVictory+1","FlyingSleeves+1","Wireheading+1"],"picked":"SKIP","floor":39}],"player_experience":2885444,"relics_obtained":[{"floor":7.0,"key":"Omamori"},{"floor":9.0,"key":"Strawberry"},{"floor":11.0,"key":"Turnip"},{"floor":14.0,"key":"Frozen Egg 2"},{"floor":23.0,"key":"Gremlin Horn"},{"floor":28.0,"key":"Vajra"}],"event_choices":[{"cards_removed":["Defend_P"],"damage_healed":0.0,"max_hp_gain":0.0,"max_hp_loss":0.0,"gold_gain":0.0,"event_name":"Bonfire Elementals","player_choice":"Offered Basic","floor":2.0,"gold_loss":0.0,"damage_taken":0.0},{"damage_healed":0.0,"max_hp_gain":0.0,"max_hp_loss":0.0,"gold_gain":0.0,"event_name":"Addict","player_choice":"Obtained Relic","floor":27.0,"gold_loss":85.0,"damage_taken":0.0,"relics_obtained":["Boot"]},{"cards_removed":["Strike_P"],"damage_healed":0.0,"max_hp_gain":0.0,"max_hp_loss":0.0,"gold_gain":0.0,"event_name":"Beggar","player_choice":"Gave Gold","floor":29.0,"gold_loss":75.0,"damage_taken":0.0},{"damage_healed":0.0,"max_hp_gain":0.0,"max_hp_loss":0.0,"gold_gain":0.0,"event_name":"WeMeetAgain","player_choice":"Gave Potion","floor":30.0,"gold_loss":0.0,"damage_taken":0.0,"relics_obtained":["Lantern"]},{"damage_healed":0.0,"max_hp_gain":0.0,"max_hp_loss":0.0,"gold_gain":0.0,"event_name":"The Woman in Blue","player_choice":"Bought 3 Potions","floor":37.0,"gold_loss":0.0,"damage_taken":0.0}],"is_beta":false,"boss_relics":[{"not_picked":["Ectoplasm","Philosopher\u0027s Stone"],"picked":"SacredBark"},{"not_picked":["Sozu","HolyWater"],"picked":"Runic Pyramid"}],"items_purged_floors":[3,8,19,21],"is_endless":false,"potions_floor_spawned":[4,5,7,22,28,31,35,36],"killed_by":"Reptomancer","ascension_level":20}}