{"host":"wz9xchfsxwfj1bs2","time":1610867040,"event":{"mods":["BaseMod","Minty Spire (QoL Compilation)","Quick Restart","StSLib"],"gold_per_floor":[117,117,117,12,12,52,73,93,93,107,127,168,168,186,186,317,317,332,350,350,350,371,411,190,190,190],"floor_reached":25,"language":"ZHS","playtime":2683,"items_purged":["Strike_P"],"score":258,"play_id":"d2697a2a-8507-403f-8e33-06efee28a961","local_time":"20210117150400","is_ascension_mode":false,"campfire_choices":[{"data":"Eruption","floor":13.0,"key":"SMITH"},{"floor":15.0,"key":"RECALL"}],"circlet_count":0,"master_deck":["Strike_P","Strike_P","Defend_P","Defend_P","Defend_P","Defend_P","Eruption+1","Vigilance","SandsOfTime","Study","PathToVictory","Protect","Halt","InnerPeace","DevaForm","PathToVictory+1","EmptyBody"],"relics":["PureWater","NeowsBlessing","Golden Idol","Question Card","Pear","Dead Branch","Black Star","Toy Ornithopter","Lantern","Frozen Egg 2","Art of War"],"acts_visited":["Exordium","TheCity"],"potions_floor_usage":[25],"damage_taken":[{"damage":0.0,"enemies":"Jaw Worm","floor":1.0,"turns":1.0},{"damage":0.0,"enemies":"Lagavulin","floor":6.0,"turns":2.0},{"damage":0.0,"enemies":"2 Louse","floor":7.0,"turns":1.0},{"damage":0.0,"enemies":"Cultist","floor":8.0,"turns":3.0},{"damage":8.0,"enemies":"Red Slaver","floor":10.0,"turns":3.0},{"damage":8.0,"enemies":"Looter","floor":11.0,"turns":3.0},{"damage":7.0,"enemies":"Gremlin Nob","floor":12.0,"turns":4.0},{"damage":8.0,"enemies":"Exordium Wildlife","floor":14.0,"turns":5.0},{"damage":7.0,"enemies":"Hexaghost","floor":16.0,"turns":8.0},{"damage":5.0,"enemies":"Spheric Guardian","floor":18.0,"turns":3.0},{"damage":18.0,"enemies":"Shell Parasite","floor":19.0,"turns":6.0},{"damage":20.0,"enemies":"3 Cultists","floor":22.0,"turns":7.0},{"damage":43.0,"enemies":"Gremlin Leader","floor":23.0,"turns":5.0},{"damage":27,"enemies":"Book of Stabbing","floor":25,"turns":3}],"seed_played":"19669589400755626","potions_obtained":[{"floor":1.0,"key":"SneckoOil"},{"floor":6.0,"key":"BlessingOfTheForge"},{"floor":11.0,"key":"AttackPotion"},{"floor":18.0,"key":"SteroidPotion"},{"floor":19.0,"key":"Fire Potion"},{"floor":23,"key":"PowerPotion"}],"is_trial":false,"path_per_floor":["M","$","?","$","?","E","M","M","T","M","M","E","R","M","R","B",null,"M","M","?","?","M","E","$","E"],"character_chosen":"WATCHER","items_purchased":["Study","PathToVictory","Art of War"],"campfire_rested":0,"item_purchase_floors":[4,4,24],"current_hp_per_floor":[72,72,54,54,54,54,54,54,64,56,48,41,41,33,33,26,82,77,59,59,59,49,11,11,0,0],"gold":190,"neow_bonus":"THREE_ENEMY_KILL","is_daily":false,"chose_seed":false,"campfire_upgraded":1,"win_rate":0.0,"timestamp":1610867040,"path_taken":["M","$","?","$","?","E","M","M","T","M","M","E","R","?","R","BOSS","M","M","?","?","?","E","?","E"],"items_purchased_type":["Card","Card","Relic"],"build_version":"2020-12-22","purchased_purges":1,"victory":false,"max_hp_per_floor":[72,72,72,72,72,72,72,72,82,82,82,82,82,82,82,82,82,82,82,82,82,82,82,82,82,82],"card_choices":[{"not_picked":["ClearTheMind","JustLucky"],"picked":"SandsOfTime","floor":1.0},{"not_picked":["Ragnarok","Wallop"],"picked":"Protect","floor":6.0},{"not_picked":["WheelKick","EmptyMind","Meditate"],"picked":"Halt","floor":7.0},{"not_picked":["BowlingBash","SignatureMove","Halt","Collect"],"picked":"SKIP","floor":8.0},{"not_picked":["SandsOfTime","Nirvana","DeceiveReality","Consecrate"],"picked":"SKIP","floor":10.0},{"not_picked":["EmptyBody","BowlingBash","TalkToTheHand"],"picked":"InnerPeace","floor":11.0},{"not_picked":["CrushJoints","Wallop","Evaluate","CutThroughFate"],"picked":"SKIP","floor":12.0},{"not_picked":["FlyingSleeves","Sanctity","InnerPeace","EmptyBody"],"picked":"SKIP","floor":14.0},{"not_picked":["MasterReality","ConjureBlade","Ragnarok"],"picked":"DevaForm","floor":16.0},{"not_picked":["Crescendo","CarveReality","SignatureMove"],"picked":"PathToVictory+1","floor":18.0},{"not_picked":["FlyingSleeves","Weave","EmptyFist+1","JustLucky"],"picked":"SKIP","floor":19.0},{"not_picked":["Weave","JustLucky","PathToVictory"],"picked":"EmptyBody","floor":22.0},{"not_picked":["EmptyFist","Consecrate","Evaluate","FlyingSleeves"],"picked":"SKIP","floor":23}],"player_experience":94651,"relics_obtained":[{"floor":6.0,"key":"Question Card"},{"floor":9.0,"key":"Pear"},{"floor":12.0,"key":"Dead Branch"},{"floor":23,"key":"Lantern"},{"floor":23,"key":"Frozen Egg 2"}],"event_choices":[{"damage_healed":0.0,"max_hp_gain":0.0,"max_hp_loss":0.0,"gold_gain":0.0,"event_name":"Golden Idol","player_choice":"Take Damage","floor":3.0,"gold_loss":0.0,"damage_taken":18.0,"relics_obtained":["Golden Idol"]},{"cards_removed":["Strike_P"],"damage_healed":0.0,"max_hp_gain":0.0,"max_hp_loss":0.0,"gold_gain":0.0,"event_name":"Purifier","player_choice":"Purged","floor":5.0,"gold_loss":0.0,"damage_taken":0.0},{"damage_healed":0.0,"max_hp_gain":0.0,"max_hp_loss":0.0,"gold_gain":0.0,"event_name":"The Mausoleum","player_choice":"Opened","floor":20.0,"gold_loss":0.0,"damage_taken":0.0,"relics_obtained":["Toy Ornithopter"]},{"damage_healed":0.0,"max_hp_gain":0.0,"max_hp_loss":0.0,"gold_gain":0.0,"event_name":"The Woman in Blue","player_choice":"Bought 0 Potions","floor":21.0,"gold_loss":0.0,"damage_taken":0.0}],"is_beta":false,"boss_relics":[{"not_picked":["Velvet Choker","Coffee Dripper"],"picked":"Black Star"}],"items_purged_floors":[24],"is_endless":false,"potions_floor_spawned":[1,6,11,14,18,19,23],"killed_by":"Book of Stabbing","ascension_level":0}}