{"host":"i7jfea87xc8lz16p","time":1610897023,"event":{"mods":["AchievementEnabler","BaseMod","Colored Powertips","Minty Spire (QoL Compilation)","Relic Stats"],"gold_per_floor":[99,99,24,24,24,24,24,24,24,24,24],"floor_reached":10,"language":"ENG","playtime":351,"items_purged":["Strike_G"],"score":140,"play_id":"7ca6f4d9-9718-4a18-8fef-57437fe0ceea","local_time":"20210117162343","is_ascension_mode":true,"campfire_choices":[{"data":"Footwork","floor":7,"key":"SMITH"}],"circlet_count":0,"master_deck":["AscendersBane","Strike_G","Strike_G","Strike_G","Strike_G","Defend_G","Defend_G","Defend_G","Defend_G","Defend_G","Survivor","Neutralize","All Out Attack","Blade Dance","Backstab","Footwork+1","Blur","Deadly Poison"],"relics":["Ectoplasm","White Beast Statue","Ornamental Fan"],"acts_visited":["Exordium"],"potions_floor_usage":[6,10,10],"damage_taken":[{"damage":0,"enemies":"2 Louse","floor":1,"turns":3},{"damage":4,"enemies":"Jaw Worm","floor":2,"turns":4},{"damage":2,"enemies":"Small Slimes","floor":4,"turns":2},{"damage":4,"enemies":"3 Louse","floor":5,"turns":3},{"damage":21,"enemies":"Lagavulin","floor":6,"turns":6},{"damage":0,"enemies":"Blue Slaver","floor":8,"turns":4},{"damage":29,"enemies":"Gremlin Nob","floor":10,"turns":3}],"seed_played":"3961326919084354532","potions_obtained":[{"floor":2,"key":"Strength Potion"},{"floor":5,"key":"PowerPotion"},{"floor":6,"key":"GamblersBrew"}],"is_trial":false,"path_per_floor":["M","M","$","M","M","E","R","M","T","E"],"character_chosen":"THE_SILENT","items_purchased":[],"campfire_rested":0,"item_purchase_floors":[],"current_hp_per_floor":[59,55,55,53,49,28,28,28,28,0,0],"gold":24,"neow_bonus":"BOSS_RELIC","is_daily":false,"chose_seed":false,"campfire_upgraded":1,"win_rate":0.0,"timestamp":1610897023,"path_taken":["M","M","$","M","M","E","R","M","T","E"],"items_purchased_type":[],"build_version":"2020-12-22","purchased_purges":1,"victory":false,"max_hp_per_floor":[66,66,66,66,66,66,66,66,66,66,66],"relic_stats":{"counters":[7,25],"Ornamental Fan":[8],"Ectoplasm":121,"obtain_stats":[{"Ornamental Fan":9,"Ectoplasm":0,"White Beast Statue":6,"Ring of the Snake":0},{"Ornamental Fan":6,"Ectoplasm":0,"White Beast Statue":5,"Ring of the Snake":0},{"Ornamental Fan":22,"Ectoplasm":0,"White Beast Statue":18,"Ring of the Snake":0}]},"card_choices":[{"not_picked":["Flying Knee","Quick Slash"],"picked":"All Out Attack","floor":1},{"not_picked":["PiercingWail","Catalyst"],"picked":"Blade Dance","floor":2},{"not_picked":["Tactician","Dagger Spray"],"picked":"Backstab","floor":4},{"not_picked":["Reflex","Flying Knee"],"picked":"Footwork","floor":5},{"not_picked":["Flying Knee","Poisoned Stab"],"picked":"Blur","floor":6},{"not_picked":["Dodge and Roll","Predator"],"picked":"Deadly Poison","floor":8}],"player_experience":1787139,"relics_obtained":[{"floor":6,"key":"White Beast Statue"},{"floor":9,"key":"Ornamental Fan"}],"event_choices":[],"is_beta":false,"boss_relics":[],"items_purged_floors":[3],"is_endless":false,"potions_floor_spawned":[2,5,6,8],"killed_by":"Gremlin Nob","ascension_level":20}}