{"host":"87fdiiwflhrwsj8a","time":1610921092,"event":{"mods":["Aspiration","BaseMod","Better Match","Better Third Choice","BetterRewards","Colored Map","Conspire","GifTheSpireLib","Infinite Spire","Minty Spire (QoL Compilation)","Quick Restart","Relic Sorter","Replay The Spire","StSLib","Stuff the Spire","thorton"],"gold_per_floor":[114,114,114,137,137,137,182,182,209,249,303,354,403,403,403,528,528,579,579,579,579,282,282,282,338,413,469,469,539,539,581,581,724,724,744,744,767,767,817,817,891,944,997,1046,1070,1070,1122,740,740,749,749,749],"floor_reached":50,"language":"ENG","playtime":1960,"items_purged":[],"score":595,"play_id":"e605ed7f-4309-4011-97e8-5fcfaf3f439c","local_time":"20210117170452","is_ascension_mode":false,"campfire_choices":[{"data":"thethorton:CreditCard","floor":6.0,"key":"SMITH"},{"data":"thethorton:CreditCard+1","floor":8.0,"key":"SMITH"},{"data":"Normality","floor":15.0,"key":"PURGE"},{"data":"thethorton:SellShort","floor":23.0,"key":"SMITH"},{"floor":28.0,"key":"REST"},{"floor":32.0,"key":"REST"},{"data":"thethorton:CowardiceForm","floor":40.0,"key":"SMITH"},{"floor":46.0,"key":"RECALL"},{"floor":49,"key":"REST"}],"circlet_count":0,"master_deck":["thethorton:Strike","thethorton:Strike","thethorton:Strike","thethorton:Strike","thethorton:Defend","thethorton:Defend","thethorton:Defend","thethorton:Defend","thethorton:Heckle+1","thethorton:CreditCard+2","Apotheosis+1","thethorton:ScalingIsWin+1","thethorton:BusinessBash","thethorton:CashBash","thethorton:AngerMoment","thethorton:BookBash+1","thethorton:SellShort+1","thethorton:ScalingIsWin+1","thethorton:CoinClash+1","thethorton:PowerUp+1","thethorton:BusinessBash+1","thethorton:Heckle+1","Flying Knee","Flying Knee+1","thethorton:Heckle+1","thethorton:CowardiceForm+1","thethorton:RunningKick+1","thethorton:TakeAccounts+1","Enlightenment","thethorton:PowerUp+1","thethorton:CardboardBox","Sword Boomerang","thethorton:CowardiceForm+1","Skim+1","conspire:PoisonWeapons+1","conspire:PoisonWeapons+1"],"relics":["thethorton:CouragePotion","NeowsBlessing","Pear","aspiration:Lifesprig","StuffTheSpire:HeavyRock","conspire:SpecialSausage","aspiration:PoetsPen_weak","Whetstone","Ice Cream","PrismaticShard","Du-Vu Doll","MealTicket","Nunchaku","Painkiller Herb","Centennial Puzzle","conspire:GiftBox","CeramicFish","Art of War","Divine Protection","infinitespire:Lucky Rock"],"acts_visited":["Exordium","TheCity","TheBeyond"],"potions_floor_usage":[47,50,50],"damage_taken":[{"damage":0.0,"enemies":"2 Louse","floor":1.0,"turns":1.0},{"damage":0.0,"enemies":"Cultist","floor":4.0,"turns":2.0},{"damage":0.0,"enemies":"Lagavulin","floor":7.0,"turns":2.0},{"damage":9.0,"enemies":"Small Slimes","floor":10.0,"turns":5.0},{"damage":28.0,"enemies":"3 Sentries","floor":11.0,"turns":7.0},{"damage":0.0,"enemies":"2 Fungi Beasts","floor":12.0,"turns":4.0},{"damage":3.0,"enemies":"3 Louse","floor":13.0,"turns":4.0},{"damage":30.0,"enemies":"Hexaghost","floor":16.0,"turns":8.0},{"damage":12.0,"enemies":"Shell Parasite","floor":18.0,"turns":4.0},{"damage":0.0,"enemies":"Chosen","floor":25.0,"turns":3.0},{"damage":43.0,"enemies":"Slavers","floor":27.0,"turns":4.0},{"damage":17.0,"enemies":"conspire:SneckoGhost","floor":29.0,"turns":5.0},{"damage":16.0,"enemies":"Sentry and Sphere","floor":31.0,"turns":3.0},{"damage":31.0,"enemies":"Automaton","floor":33.0,"turns":6.0},{"damage":2.0,"enemies":"3 Darklings","floor":35.0,"turns":2.0},{"damage":3.0,"enemies":"Orb Walker","floor":37.0,"turns":2.0},{"damage":11.0,"enemies":"Writhing Mass","floor":39.0,"turns":2.0},{"damage":14.0,"enemies":"Giant Head","floor":41.0,"turns":3.0},{"damage":16.0,"enemies":"Spire Growth","floor":42.0,"turns":2.0},{"damage":11.0,"enemies":"3 Darklings","floor":44.0,"turns":2.0},{"damage":0.0,"enemies":"Transient","floor":45.0,"turns":3.0},{"damage":10,"enemies":"Jaw Worm Horde","floor":47,"turns":2},{"damage":55,"enemies":"conspire:OrnateMirror","floor":50,"turns":2}],"seed_played":"-1708568507959308821","potions_obtained":[{"floor":1.0,"key":"Adrenaline Potion"},{"floor":12.0,"key":"Explosive Potion"},{"floor":13.0,"key":"FearPotion"},{"floor":16.0,"key":"Adrenaline Potion"},{"floor":18.0,"key":"SpeedPotion"},{"floor":31.0,"key":"Fire Potion"},{"floor":35.0,"key":"ColorlessPotion"},{"floor":42.0,"key":"Adrenaline Potion"},{"floor":44.0,"key":"Dexterity Potion"},{"floor":45.0,"key":"Languid Potion"}],"is_trial":false,"path_per_floor":["M","$","?","M","?","R","E","R","T","M","E","M","M","?","R_BF","B",null,"M","?","AVR","?","$","R","?","M","T","E","R","E","$","M","R","B",null,"?","AVR","?","T","?","T","E","?","T","?","?","T","?","T","T","B"],"character_chosen":"THE_THORT","items_purchased":["Ice Cream","Divine Protection","infinitespire:Lucky Rock"],"campfire_rested":3,"item_purchase_floors":[22,48,48],"current_hp_per_floor":[68,68,68,68,68,68,78,78,78,69,41,41,38,53,53,23,78,66,66,66,66,66,66,58,58,58,15,38,21,36,20,43,12,78,76,76,73,78,67,67,53,37,37,26,26,26,16,31,54,0,0,0],"gold":749,"neow_bonus":"THREE_ENEMY_KILL","is_daily":false,"chose_seed":false,"campfire_upgraded":4,"win_rate":0.0,"timestamp":1610921092,"path_taken":["M","$","?","M","?","R","E","R","T","M","E","M","?","?","R_BF","BOSS","M","?","AVR","?","$","R","?","M","T","E","R","E","$","M","R","BOSS","?","AVR","?","T","?","T","E","?","T","?","?","T","?","T","T","BOSS"],"items_purchased_type":["Relic","Relic","Relic"],"build_version":"2020-12-22","purchased_purges":0,"victory":false,"max_hp_per_floor":[68,68,68,68,68,68,78,78,78,78,78,78,78,78,78,78,78,78,78,78,78,78,78,78,78,78,78,78,78,78,78,78,78,78,78,78,78,78,78,78,78,78,78,78,78,78,78,78,78,78,78,78],"card_choices":[{"not_picked":["thethorton:LongTermPayoff","thethorton:SicklyRun","thethorton:WhirlingBriefcase"],"picked":"SKIP","floor":1.0},{"not_picked":["thethorton:CallIn","thethorton:BookBash"],"picked":"thethorton:ScalingIsWin","floor":4.0},{"not_picked":["thethorton:StampSmack","thethorton:FearfulRun","thethorton:DownPayment"],"picked":"SKIP","floor":7.0},{"not_picked":["thethorton:Distance","thethorton:SicklyRun"],"picked":"thethorton:BusinessBash","floor":10.0},{"not_picked":["thethorton:ROI","thethorton:SheetShred"],"picked":"thethorton:CashBash","floor":11.0},{"not_picked":["thethorton:ShoutAndRun","thethorton:ToxicGreed"],"picked":"thethorton:AngerMoment","floor":12.0},{"not_picked":["thethorton:DockPay","thethorton:Distance"],"picked":"thethorton:BookBash","floor":13.0},{"not_picked":["thethorton:Fortune","thethorton:TemporalBlast"],"picked":"thethorton:SellShort","floor":16.0},{"not_picked":["thethorton:WhirlingBriefcase","thethorton:ShoutAndRun+1"],"picked":"thethorton:CoinClash+1","floor":18.0},{"not_picked":["thethorton:CallIn","thethorton:CashBash"],"picked":"thethorton:PowerUp+1","floor":24.0},{"not_picked":["Replay:ManipulateFuture","Vengeance+1","PathToVictory+1"],"picked":"SKIP","floor":25.0},{"not_picked":["Masterful Stab","ClearTheMind","thethorton:CrashingStocks"],"picked":"SKIP","floor":27.0},{"not_picked":["ClearTheMind","Bandage Up"],"picked":"Flying Knee","floor":29.0},{"not_picked":["thethorton:Rebalance+1","thethorton:HitAhead+1"],"picked":"Flying Knee+1","floor":31.0},{"not_picked":["Corpse Explosion","Master of Strategy"],"picked":"thethorton:CowardiceForm","floor":33.0},{"not_picked":["SignatureMove+1","Prostrate"],"picked":"thethorton:RunningKick+1","floor":35.0},{"not_picked":["thethorton:AngerMoment","Outmaneuver"],"picked":"thethorton:TakeAccounts+1","floor":37.0},{"not_picked":["Indignation","Worship+1"],"picked":"Enlightenment","floor":39.0},{"not_picked":["thethorton:TrueForm","thethorton:SummonProfit"],"picked":"thethorton:CardboardBox","floor":41.0},{"not_picked":["Cleave","LikeWater"],"picked":"Sword Boomerang","floor":41.0},{"not_picked":["Dramatic Entrance","StuffTheSpire:ClusterCrunch+1","Warcry+1"],"picked":"SKIP","floor":42.0},{"not_picked":["thethorton:ShoutAndRun+1","Acrobatics+1"],"picked":"Skim+1","floor":44.0},{"not_picked":["Consecrate","StuffTheSpire:Injection","EmptyFist+1"],"picked":"SKIP","floor":45.0},{"not_picked":["Dark Embrace","ReplayTheSpireMod:Necrosis"],"picked":"conspire:PoisonWeapons+1","floor":47}],"player_experience":2527249,"relics_obtained":[{"floor":7.0,"key":"Pear"},{"floor":9.0,"key":"aspiration:Lifesprig"},{"floor":11.0,"key":"StuffTheSpire:HeavyRock"},{"floor":24.0,"key":"PrismaticShard"},{"floor":27.0,"key":"Du-Vu Doll"},{"floor":29.0,"key":"Nunchaku"},{"floor":41.0,"key":"conspire:GiftBox"},{"floor":43.0,"key":"Art of War"}],"event_choices":[{"damage_healed":68.0,"max_hp_gain":0.0,"max_hp_loss":68.0,"gold_gain":0.0,"event_name":"betterThird:BetterShining","player_choice":"Embrace","floor":3.0,"gold_loss":0.0,"damage_taken":0.0},{"damage_healed":0.0,"max_hp_gain":0.0,"max_hp_loss":0.0,"gold_gain":0.0,"event_name":"Upgrade Shrine","player_choice":"Upgraded","floor":5.0,"gold_loss":0.0,"damage_taken":0.0,"cards_upgraded":["thethorton:ScalingIsWin"]},{"damage_healed":0.0,"max_hp_gain":0.0,"max_hp_loss":0.0,"gold_gain":0.0,"event_name":"Ghosts","player_choice":"Ignored","floor":21.0,"gold_loss":0.0,"damage_taken":0.0}],"is_beta":false,"boss_relics":[{"not_picked":["aspiration:FutureDiary","conspire:SeveredTorchhead"],"picked":"conspire:SpecialSausage"},{"not_picked":["Pandora\u0027s Box","thethorton:BottledFunds"],"picked":"Painkiller Herb"}],"items_purged_floors":[],"is_endless":false,"potions_floor_spawned":[1,12,13,16,18,31,35,42,44,45],"killed_by":"conspire:OrnateMirror","ascension_level":0}}