{"host":"s5olpoz35hr9wai9","time":1610887122,"event":{"mods":["Act Like it!","BaseMod","Colored Powertips","Friendly Minions","Gensokyo","Kiyohime£®«Âºß£©","Koishi","KomeijiMod","Marisa£®ÏF”Í°°ƒß¿Ì…≥£©","Minty Spire (QoL Compilation)","Quick Restart","Reimu£®≤©¿ˆ¡È√Œ£©","Remilia£®¿Ÿ√◊¿Ú—«£©","Replay The Spire","Shop Mod","StSLib","The Administrix","The Animator","The Servant 0.9.4","Youmu£®ªÍ∆«—˝√Œ£©","Yuyuko"],"gold_per_floor":[110,110,110,120,130,160,160,175,175,175,20,39,74,86,86,184,184,201,8,8,8,8,8,34,34,57,57,88,61,61,111,111,214,214,226,103,53,70,70,70,70],"floor_reached":40,"language":"ZHS","playtime":1454,"items_purged":["Defend_S","Decay","Strike_S"],"score":690,"play_id":"71afab1d-0f69-4953-a6a8-1888a365ac0e","local_time":"20210117203842","is_ascension_mode":true,"campfire_choices":[{"data":"MoonPhase","floor":7.0,"key":"SMITH"},{"floor":10.0,"key":"REST"},{"floor":23,"key":"REST"},{"floor":25,"key":"REST"},{"floor":30,"key":"REST"},{"floor":32,"key":"RECALL"}],"circlet_count":0,"master_deck":["Strike_S","Strike_S","Strike_S","Defend_S","Defend_S","Defend_S","KidneyShot","Exchange","LightFlow+1","DualDimension","Revamp","Misdirection","MoonPhase+1","BottledTime+1","Moondial","Rewind","Moonlight","FastForward","Unruled","FlawlessForm","Collapse","Reset","TimeTheft","GearUp","MoonPhase","Dramatic Entrance","FastForward","Moonlight","Spin","Replace","Rearm","Moondial","Contraction","SurpressingFire","Shame","Duplication+1","FastForward+1"],"relics":["SplendidAttire","Bottled Lightning","Ginger","Orrery","Du-Vu Doll","MysterySword","BargainBundle","Dream Catcher","MutagenicStrength","Pantograph","ReplayTheSpireMod:CursedCoin","ReplayTheSpireMod:Ring of Exchange","Ring of Greed","Golden Egg","Smiling Mask","GoodDreamPillow"],"acts_visited":["Exordium","TheCity","TheBeyond"],"potions_floor_usage":[16,16,28],"damage_taken":[{"damage":3.0,"enemies":"2 Louse","floor":1.0,"turns":2.0},{"damage":0.0,"enemies":"Small Slimes","floor":4.0,"turns":2.0},{"damage":0.0,"enemies":"Cultist","floor":5.0,"turns":3.0},{"damage":20.0,"enemies":"Gremlin Nob","floor":6.0,"turns":4.0},{"damage":30.0,"enemies":"Lots of Slimes","floor":8.0,"turns":4.0},{"damage":9.0,"enemies":"3 Louse","floor":12.0,"turns":5.0},{"damage":11.0,"enemies":"Lagavulin","floor":13.0,"turns":4.0},{"damage":4.0,"enemies":"2 Fungi Beasts","floor":14.0,"turns":5.0},{"damage":5,"enemies":"The Guardian","floor":16,"turns":10},{"damage":26,"enemies":"2 Thieves","floor":18,"turns":3},{"damage":12,"enemies":"Replay:Snechameleon","floor":24,"turns":6},{"damage":34,"enemies":"Slavers","floor":28,"turns":3},{"damage":13,"enemies":"Pondfish","floor":33,"turns":13},{"damage":7,"enemies":"Orb Walker","floor":35,"turns":2},{"damage":25,"enemies":"3 Darklings","floor":38,"turns":5},{"damage":59,"enemies":"Awakened One","floor":40,"turns":3}],"seed_played":"-4243302227927576104","potions_obtained":[{"floor":1.0,"key":"GamblersBrew"},{"floor":4.0,"key":"Strength Potion"},{"floor":8.0,"key":"DistilledChaos"},{"floor":14.0,"key":"Dexterity Potion"},{"floor":16,"key":"Explosive Potion"},{"floor":24,"key":"Elixir"},{"floor":28,"key":"CalmPotion"}],"is_trial":false,"path_per_floor":["M","?","?","M","M","E","R","M","T","R","$","M","E","M","R","B",null,"M","$","?","?","$","R","E","R","T","?","E","$","R","?","R","B",null,"M","?","$","M","?","B"],"character_chosen":"THE_SERVANT","items_purchased":["Orrery","BargainBundle","MoonPhase","Dramatic Entrance","FastForward","Moonlight","Spin","Replace","ReplayTheSpireMod:CursedCoin","SurpressingFire"],"campfire_rested":4,"item_purchase_floors":[11,19,19,19,19,19,19,19,29,29],"current_hp_per_floor":[62,62,62,62,62,42,42,12,12,31,31,22,11,7,26,21,65,39,39,39,39,39,58,46,65,65,65,31,31,50,50,50,52,65,58,58,58,33,33,0,0],"gold":70,"neow_bonus":"ONE_RANDOM_RARE_CARD","is_daily":false,"chose_seed":false,"campfire_upgraded":1,"win_rate":0.0,"timestamp":1610887122,"path_taken":["M","?","?","M","?","E","R","?","T","R","$","M","E","M","R","BOSS","M","$","?","?","$","R","E","R","T","?","E","$","R","?","R","BOSS","M","?","$","M","?","BOSS"],"items_purchased_type":["Relic","Relic","Card","Card","Card","Card","Card","Card","Relic","Card"],"build_version":"2020-12-22","purchased_purges":3,"victory":false,"max_hp_per_floor":[65,65,65,65,65,65,65,65,65,65,65,65,65,65,65,65,65,65,65,65,65,65,65,65,65,65,65,65,65,65,65,65,65,65,65,65,65,65,65,65,65],"card_choices":[{"not_picked":["BottledTime","Replace"],"picked":"DualDimension","floor":1.0},{"not_picked":["Replace","Alleviate"],"picked":"Misdirection","floor":4.0},{"not_picked":["Rearm","Moonlight"],"picked":"MoonPhase","floor":5.0},{"not_picked":["Alleviate","FastForward"],"picked":"BottledTime","floor":6.0},{"not_picked":["Spin","Misdirection"],"picked":"Moondial","floor":8.0},{"not_picked":["Shuttle","BottledTime"],"picked":"Rewind","floor":11.0},{"not_picked":["Deny","Revamp"],"picked":"Moonlight","floor":11.0},{"not_picked":["Alleviate","Rewind"],"picked":"FastForward","floor":11.0},{"not_picked":["Rewind","ShatteredReality"],"picked":"Unruled","floor":11.0},{"not_picked":["BottledTime","Defy"],"picked":"FlawlessForm","floor":11.0},{"not_picked":["Unruled","Revamp"],"picked":"Collapse","floor":12.0},{"not_picked":["Rearm","Barrier"],"picked":"Reset","floor":13.0},{"not_picked":["Hightail","WasteNot"],"picked":"TimeTheft","floor":14.0},{"not_picked":["Shuttle","ShatteredReality"],"picked":"GearUp","floor":18},{"not_picked":["StarChef+1","Starlight"],"picked":"Rearm","floor":24},{"not_picked":["Potential+1","Revamp+1"],"picked":"Moondial","floor":25},{"not_picked":["Unruled","Rearm+1"],"picked":"Contraction","floor":28},{"not_picked":["ForgedInTime","PendulumOfEternity"],"picked":"Duplication","floor":33},{"not_picked":["Starlight+1","Rearm"],"picked":"FastForward+1","floor":35},{"not_picked":["StarChef+1","Rewind+1","TimeWarp+1"],"picked":"SKIP","floor":38}],"player_experience":237550,"relics_obtained":[{"floor":6.0,"key":"Bottled Lightning"},{"floor":9.0,"key":"Ginger"},{"floor":13.0,"key":"Du-Vu Doll"},{"floor":24,"key":"Dream Catcher"},{"floor":28,"key":"Pantograph"},{"floor":31,"key":"ReplayTheSpireMod:Ring of Exchange"},{"floor":31,"key":"Ring of Greed"},{"floor":31,"key":"Golden Egg"},{"floor":31,"key":"Smiling Mask"}],"event_choices":[{"damage_healed":0.0,"max_hp_gain":0.0,"max_hp_loss":0.0,"gold_gain":0.0,"event_name":"Living Wall","player_choice":"Grow","floor":2.0,"gold_loss":0.0,"damage_taken":0.0,"cards_upgraded":["LightFlow"]},{"damage_healed":0.0,"max_hp_gain":0.0,"max_hp_loss":0.0,"gold_gain":0.0,"event_name":"Match and Keep!","player_choice":"1 cards matched","floor":3.0,"gold_loss":0.0,"damage_taken":0.0,"cards_obtained":["Revamp"]},{"damage_healed":0,"gold_gain":0,"player_choice":"Inject Mutagens","damage_taken":0,"relics_obtained":["MutagenicStrength"],"max_hp_gain":0,"max_hp_loss":0,"event_name":"Drug Dealer","floor":27,"gold_loss":0},{"damage_healed":0,"gold_gain":0,"player_choice":"Took Portal","damage_taken":0,"max_hp_gain":0,"max_hp_loss":0,"event_name":"SecretPortal","floor":39,"gold_loss":0}],"is_beta":false,"boss_relics":[{"not_picked":["Replay:Drink Me","ChewingGum"],"picked":"MysterySword"},{"not_picked":["Busted Crown","Runic Pyramid"],"picked":"SplendidAttire"}],"items_purged_floors":[19,29,37],"is_endless":false,"potions_floor_spawned":[1,4,8,14,16,24,28],"killed_by":"Awakened One","ascension_level":3}}