{"host":"fmwbmnqnrup981we","time":1610880822,"event":{"mods":["AchievementEnabler","Act Like it!","Alarm Clock","BaseMod","Better Altar","Better Match","Better Note","Better Skull","Better Synergies","Better Third Choice","Better Vampires","Block Reminder","Curses Come First","Displayed Cursed Tome","Downfall","Duelist Mod","Ekko","Elementarium","GungeonMod","HexUI Lib","HornydragonMod","Kratos Character Expansion","Marked Mod","Minty Spire (QoL Compilation)","Pikachu Mod","Poor People Problems","Quick Restart","Relic Stats","SIMod","StSLib","The Bug Knight","The Death Knight","The Forsaken","The Marked","The Necromancer","The Runesmith","The Servant 0.9.4","The Wild Card","TheHero","TheVacant","TheVelvet","Thieving Mod","Transform Curses","Waifu the Spire","Yuri Mod","everything is the same but u backflip on backflip"],"gold_per_floor":[116,66,241,24,38,70,84,110,157,157,172,191,223,253,253,358,358,374,374,374,299,315,340,340,369,369,384,403,82,82,82,82,177,177,192,117,164,164,178,205,223,248,248,248,268,293,293,318,318,318,318,318,36,67,67,67],"floor_reached":55,"language":"ENG","playtime":3157,"items_purged":["Doubt","Eruption","Vigilance"],"score":1037,"play_id":"e59f90db-ce5f-407a-b6d4-4509323f9111","local_time":"20210117105342","is_ascension_mode":true,"campfire_choices":[{"floor":15.0,"key":"REST"},{"floor":24.0,"key":"REST"},{"floor":30.0,"key":"REST"},{"floor":32.0,"key":"RECALL"},{"floor":44,"key":"REST"},{"data":"Mayhem","floor":47,"key":"SMITH"},{"data":"Trip","floor":49,"key":"SMITH"},{"data":"FollowUp","floor":52,"key":"SMITH"}],"circlet_count":0,"master_deck":["Defend_P","Defend_P","Defend_P","Swift Strike","Prostrate","Trip+1","FlurryOfBlows","FollowUp+1","JustLucky+1","MasterReality+1","FlurryOfBlows","Alpha+1","Bite","Bite","Bite","EmptyBody","Halt","FollowUp+1","Weave","Panacea","Prostrate+1","Enlightenment+1","Dark Shackles","Mayhem+1","Halt"],"relics":["PureWater","Potion Belt","Unceasing Top","DemoMod:LamentConfigurum","Ancient Tea Set","theForsaken:Kindling","DemoMod:BigBoy","KratosMod:minohorn","Busted Crown","GoldenEye","DemoMod:Metronome","Mummified Hand","Black Star","TeardropLocket","DemoMod:GreenGuonStone","Ornamental Fan","Bag of Marbles","Regal Pillow","DemoMod:WeirdEgg","Pantograph","KratosMod:amulet","Toy Ornithopter","Yang","Oddly Smooth Stone","DemoMod:Bottle","Strange Spoon","Whetstone","DeathKnight:PutricidesVial"],"acts_visited":["Exordium","TheCity","TheBeyond","TheEnding"],"potions_floor_usage":[54,54,55,55,55,55,55],"damage_taken":[{"damage":2.0,"enemies":"Jaw Worm","floor":1.0,"turns":5.0},{"damage":0.0,"enemies":"Small Slimes","floor":5.0,"turns":3.0},{"damage":30.0,"enemies":"Lagavulin","floor":6.0,"turns":4.0},{"damage":0.0,"enemies":"2 Louse","floor":7.0,"turns":3.0},{"damage":16.0,"enemies":"3 Sentries","floor":8.0,"turns":10.0},{"damage":0.0,"enemies":"Exordium Thugs","floor":11.0,"turns":4.0},{"damage":0.0,"enemies":"Looter","floor":12.0,"turns":4.0},{"damage":13.0,"enemies":"Gremlin Nob","floor":13.0,"turns":5.0},{"damage":24.0,"enemies":"The Guardian","floor":16.0,"turns":10.0},{"damage":9.0,"enemies":"2 Thieves","floor":18.0,"turns":4.0},{"damage":1.0,"enemies":"Centurion and Healer","floor":22.0,"turns":6.0},{"damage":35.0,"enemies":"theDuelist:KaibaA2","floor":23.0,"turns":4.0},{"damage":46.0,"enemies":"Book of Stabbing","floor":25.0,"turns":5.0},{"damage":0.0,"enemies":"Cultist and Chosen","floor":27.0,"turns":3.0},{"damage":22.0,"enemies":"Chosen and Byrds","floor":28.0,"turns":7.0},{"damage":2.0,"enemies":"Collector","floor":33.0,"turns":4.0},{"damage":9.0,"enemies":"3 Darklings","floor":35.0,"turns":3.0},{"damage":19.0,"enemies":"2 Orb Walkers","floor":37.0,"turns":3.0},{"damage":3.0,"enemies":"3 Shapes","floor":39.0,"turns":3.0},{"damage":42.0,"enemies":"Nemesis","floor":40.0,"turns":6.0},{"damage":0,"enemies":"3 Darklings","floor":41,"turns":3},{"damage":0,"enemies":"HollowMod:StalkingDevout","floor":42,"turns":4},{"damage":0,"enemies":"Writhing Mass","floor":45,"turns":2},{"damage":0,"enemies":"Giant Head","floor":46,"turns":3},{"damage":0,"enemies":"HollowMod:StalkingDevout","floor":48,"turns":4},{"damage":18,"enemies":"Donu and Deca","floor":50,"turns":5},{"damage":116,"enemies":"Shield and Spear","floor":54,"turns":8},{"damage":119,"enemies":"The Heart","floor":55,"turns":5}],"seed_played":"5082174853062413282","potions_obtained":[{"floor":1.0,"key":"Strength Potion"},{"floor":11.0,"key":"FearPotion"},{"floor":12.0,"key":"DistilledChaos"},{"floor":13.0,"key":"StancePotion"},{"floor":23.0,"key":"Fruit Juice"},{"floor":25.0,"key":"BottledMiracle"},{"floor":27.0,"key":"DemoMod:LeadSkinPotion"},{"floor":28.0,"key":"AttackPotion"},{"floor":33.0,"key":"LiquidMemories"},{"floor":37.0,"key":"PowerPotion"},{"floor":45,"key":"Fire Potion"},{"floor":46,"key":"BottledMiracle"},{"floor":54,"key":"champ:CounterPotion"}],"is_trial":false,"path_per_floor":["M","?","?","$","M","E","M","E","T","?","M","M","E","?","R","B",null,"M","?","?","?","M","E","R","E","T","M","M","$","R","?","R","B",null,"M","?","?","?","M","E","M","E","T","R","M","E","R","E","R","B",null,"R","$","E","B"],"character_chosen":"WATCHER","items_purchased":["Prostrate","Trip","FollowUp","Weave","Panacea","Strange Spoon"],"campfire_rested":4,"item_purchase_floors":[4,4,29,29,29,53],"current_hp_per_floor":[70,70,70,70,70,40,40,24,24,24,24,24,11,11,37,13,77,68,68,63,63,63,37,62,24,24,32,20,20,46,46,46,56,78,73,73,59,54,61,37,41,53,53,83,83,83,83,83,83,73,83,83,83,21,0,0],"gold":67,"neow_bonus":"RANDOM_COLORLESS","is_daily":false,"chose_seed":false,"campfire_upgraded":3,"win_rate":0.0,"timestamp":1610880822,"path_taken":["M","?","?","$","M","E","M","E","T","?","M","?","E","?","R","BOSS","M","?","?","?","M","E","R","E","T","M","?","$","R","?","R","BOSS","M","?","?","?","?","E","M","E","T","R","M","E","R","E","R","BOSS","R","$","E","BOSS"],"items_purchased_type":["Card","Card","Card","Card","Card","Relic"],"build_version":"2020-12-22","purchased_purges":3,"victory":false,"max_hp_per_floor":[72,72,72,72,72,72,72,72,72,72,72,72,72,72,77,77,77,77,77,63,63,63,68,73,73,73,73,73,73,78,78,78,78,78,78,78,78,78,78,78,78,78,78,83,83,83,83,83,83,83,83,83,83,83,83,83],"relic_stats":{"Regal Pillow":2,"counters":[28,130],"Yang":[109],"Whetstone":["JustLucky","FollowUp"],"GoldenEye":[54],"Strange Spoon":[16],"Busted Crown":58,"Mummified Hand":[30],"Ornamental Fan":[196],"Pantograph":26,"Black Star":5,"obtain_stats":[{"DemoMod:GreenGuonStone":37,"Regal Pillow":42,"DemoMod:BigBoy":13,"Yang":46,"DemoMod:GlassGuonStoneRelic":1,"TeardropLocket":35,"Whetstone":54,"Ancient Tea Set":10,"KratosMod:amulet":45,"theForsaken:Kindling":13,"DemoMod:Metronome":23,"Mummified Hand":25,"Pantograph":43,"DemoMod:LamentConfigurum":9,"Potion Belt":6,"KratosMod:minohorn":14,"DemoMod:WeirdEgg":42,"Oddly Smooth Stone":48,"GoldenEye":23,"Strange Spoon":53,"Busted Crown":17,"Ornamental Fan":40,"DeathKnight:PutricidesVial":54,"Black Star":34,"Bag of Marbles":40,"PureWater":0,"DemoMod:Bottle":48,"Unceasing Top":8,"Toy Ornithopter":46},{"DemoMod:GreenGuonStone":18,"Regal Pillow":22,"DemoMod:BigBoy":8,"Yang":24,"DemoMod:GlassGuonStoneRelic":1,"TeardropLocket":17,"Whetstone":27,"Ancient Tea Set":5,"KratosMod:amulet":23,"theForsaken:Kindling":8,"DemoMod:Metronome":12,"Mummified Hand":13,"Pantograph":22,"DemoMod:LamentConfigurum":5,"Potion Belt":3,"KratosMod:minohorn":8,"DemoMod:WeirdEgg":22,"Oddly Smooth Stone":25,"GoldenEye":12,"Strange Spoon":26,"Busted Crown":9,"Ornamental Fan":20,"DeathKnight:PutricidesVial":27,"Black Star":16,"Bag of Marbles":20,"PureWater":0,"DemoMod:Bottle":25,"Unceasing Top":5,"Toy Ornithopter":24},{"DemoMod:GreenGuonStone":87,"Regal Pillow":103,"DemoMod:BigBoy":38,"Yang":108,"DemoMod:GlassGuonStoneRelic":5,"TeardropLocket":84,"Whetstone":125,"Ancient Tea Set":25,"KratosMod:amulet":105,"theForsaken:Kindling":37,"DemoMod:Metronome":62,"Mummified Hand":67,"Pantograph":103,"DemoMod:LamentConfigurum":25,"Potion Belt":12,"KratosMod:minohorn":38,"DemoMod:WeirdEgg":103,"Oddly Smooth Stone":112,"GoldenEye":62,"Strange Spoon":117,"Busted Crown":48,"Ornamental Fan":96,"DeathKnight:PutricidesVial":125,"Black Star":81,"Bag of Marbles":96,"PureWater":0,"DemoMod:Bottle":112,"Unceasing Top":25,"Toy Ornithopter":108}],"Unceasing Top":[426],"Toy Ornithopter":42},"card_choices":[{"not_picked":["PanicButton","Mind Blast"],"picked":"Swift Strike","floor":0.0},{"not_picked":["Perseverance","CutThroughFate","EmptyFist"],"picked":"SKIP","floor":1.0},{"not_picked":["Consecrate","EmptyBody"],"picked":"FlurryOfBlows","floor":5.0},{"not_picked":["Wallop","Conclude"],"picked":"FollowUp","floor":6.0},{"not_picked":["Crescendo","SashWhip"],"picked":"JustLucky","floor":7.0},{"not_picked":["Adaptation","FlyingSleeves","Protect"],"picked":"SKIP","floor":8.0},{"not_picked":["SpiritShield","Protect","MarkedMod:PinPointDefense"],"picked":"SKIP","floor":11.0},{"not_picked":["WreathOfFlame","Crescendo","PathToVictory"],"picked":"SKIP","floor":12.0},{"not_picked":["Crescendo","Perseverance","WreathOfFlame"],"picked":"SKIP","floor":13.0},{"not_picked":["Ragnarok","MarkedMod:ChiBlock"],"picked":"MasterReality","floor":16.0},{"not_picked":[],"picked":"FlurryOfBlows","floor":18.0},{"not_picked":["MarkedMod:FirstStrike+1"],"picked":"SKIP","floor":22.0},{"not_picked":["CrushJoints"],"picked":"SKIP","floor":23.0},{"not_picked":[],"picked":"EmptyBody","floor":25.0},{"not_picked":["MarkedMod:FirstStrike+1"],"picked":"SKIP","floor":27.0},{"not_picked":[],"picked":"Halt","floor":28.0},{"not_picked":[],"picked":"Prostrate+1","floor":35.0},{"not_picked":[],"picked":"Enlightenment+1","floor":36.0},{"not_picked":[],"picked":"Dark Shackles","floor":38.0},{"not_picked":[],"picked":"Mayhem","floor":38.0},{"not_picked":["InnerPeace+1"],"picked":"SKIP","floor":39.0},{"not_picked":["MarkedMod:Acupuncture"],"picked":"SKIP","floor":40.0},{"not_picked":["ClearTheMind+1"],"picked":"SKIP","floor":41},{"not_picked":[],"picked":"Halt","floor":42},{"not_picked":["EmptyBody+1"],"picked":"SKIP","floor":45},{"not_picked":["FearNoEvil"],"picked":"SKIP","floor":46},{"not_picked":["Meditate+1"],"picked":"SKIP","floor":48},{"not_picked":["FlyingSleeves"],"picked":"SKIP","floor":54}],"player_experience":448319,"relics_obtained":[{"floor":6.0,"key":"Potion Belt"},{"floor":8.0,"key":"Unceasing Top"},{"floor":9.0,"key":"DemoMod:LamentConfigurum"},{"floor":13.0,"key":"DemoMod:BigBoy"},{"floor":23.0,"key":"DemoMod:Metronome"},{"floor":25.0,"key":"Mummified Hand"},{"floor":37.0,"key":"DemoMod:GreenGuonStone"},{"floor":40.0,"key":"Ornamental Fan"},{"floor":40.0,"key":"Bag of Marbles"},{"floor":42,"key":"Regal Pillow"},{"floor":42,"key":"DemoMod:WeirdEgg"},{"floor":43,"key":"Pantograph"},{"floor":46,"key":"Toy Ornithopter"},{"floor":46,"key":"Yang"},{"floor":48,"key":"Oddly Smooth Stone"},{"floor":48,"key":"DemoMod:Bottle"},{"floor":54,"key":"Whetstone"},{"floor":54,"key":"DeathKnight:PutricidesVial"}],"event_choices":[{"cards_removed":["Strike_P"],"damage_healed":0.0,"max_hp_gain":0.0,"max_hp_loss":0.0,"gold_gain":0.0,"event_name":"The Cleric","player_choice":"Card Removal","floor":2.0,"gold_loss":50.0,"damage_taken":0.0},{"damage_healed":0.0,"max_hp_gain":0.0,"max_hp_loss":0.0,"gold_gain":175.0,"event_name":"betterThird:BetterSerpent","player_choice":"AGREE","floor":3.0,"gold_loss":0.0,"damage_taken":66.0},{"damage_healed":0.0,"max_hp_gain":0.0,"max_hp_loss":0.0,"gold_gain":0.0,"event_name":"WeMeetAgain","player_choice":"Gave Potion","floor":10.0,"gold_loss":0.0,"damage_taken":0.0,"relics_obtained":["Ancient Tea Set"]},{"damage_healed":0.0,"max_hp_gain":0.0,"max_hp_loss":0.0,"gold_gain":30.0,"event_name":"Dead Adventurer","player_choice":"Searched \u00273\u0027 times","floor":14.0,"gold_loss":0.0,"damage_taken":0.0,"relics_obtained":["KratosMod:minohorn"]},{"cards_removed":["Swift Strike"],"damage_healed":0.0,"max_hp_gain":0.0,"max_hp_loss":0.0,"gold_gain":0.0,"event_name":"betterNote:BetterNote","player_choice":"Take \u0026 Give","floor":19.0,"gold_loss":0.0,"damage_taken":0.0,"cards_obtained":["Alpha"]},{"damage_healed":0.0,"max_hp_gain":0.0,"max_hp_loss":14.0,"gold_gain":0.0,"event_name":"Vampires","player_choice":"Became a vampire","floor":20.0,"gold_loss":0.0,"damage_taken":0.0,"cards_obtained":["Bite","Bite","Bite"]},{"cards_removed":["Defend_P"],"damage_healed":0.0,"max_hp_gain":0.0,"max_hp_loss":0.0,"gold_gain":0.0,"event_name":"Beggar","player_choice":"Gave Gold","floor":21.0,"gold_loss":75.0,"damage_taken":0.0},{"damage_healed":0.0,"max_hp_gain":0.0,"max_hp_loss":0.0,"gold_gain":0.0,"event_name":"Accursed Blacksmith","player_choice":"Forge","floor":31.0,"gold_loss":0.0,"damage_taken":0.0,"cards_upgraded":["MasterReality"]},{"damage_healed":0.0,"max_hp_gain":0.0,"max_hp_loss":0.0,"gold_gain":0.0,"event_name":"betterThird:BetterPortal","player_choice":"Random: Orange","floor":36.0,"gold_loss":0.0,"damage_taken":0.0},{"damage_healed":0.0,"max_hp_gain":0.0,"max_hp_loss":0.0,"gold_gain":0.0,"event_name":"betterMatch:BetterMatch","player_choice":"2","floor":36.0,"gold_loss":0.0,"damage_taken":0.0,"cards_obtained":["betterMatch:UncommonCard","betterMatch:ColorlessUncommonCard"]},{"damage_healed":0.0,"max_hp_gain":0.0,"max_hp_loss":0.0,"gold_gain":0.0,"event_name":"Mysterious Sphere","player_choice":"Fight","floor":37.0,"gold_loss":0.0,"damage_taken":0.0},{"damage_healed":0.0,"max_hp_gain":0.0,"max_hp_loss":0.0,"gold_gain":0.0,"event_name":"SensoryStone","player_choice":"Memory 2","floor":38.0,"gold_loss":0.0,"damage_taken":5.0}],"is_beta":false,"boss_relics":[{"not_picked":["Calling Bell","Tiny House"],"picked":"Busted Crown"},{"not_picked":["HolyWater","theForsaken:PaleLantern"],"picked":"Black Star"}],"items_purged_floors":[4,29,53],"is_endless":false,"potions_floor_spawned":[1,11,12,13,23,25,27,28,33,37,45,46,48,54],"killed_by":"The Heart","ascension_level":1}}