{"host":"q9718omregw4er46","time":1610911125,"event":{"mods":["BaseMod","Bestiary","Colored Powertips","Minty Spire (QoL Compilation)","Quick Restart","Relic Stats"],"gold_per_floor":[362,362,378,42,58,58,89,107,131,165,240,258,258,276,276,350,350,362,380,14,14,14],"floor_reached":21,"language":"ENG","playtime":736,"items_purged":["Strike_R","Strike_R"],"score":482,"play_id":"bb29332b-d204-492b-a450-1d49fce5515f","local_time":"20210118001845","is_ascension_mode":true,"campfire_choices":[{"data":"Bash","floor":6.0,"key":"SMITH"},{"data":"Limit Break","floor":13.0,"key":"SMITH"},{"data":"Inflame","floor":15.0,"key":"SMITH"}],"circlet_count":0,"master_deck":["AscendersBane","Strike_R","Strike_R","Strike_R","Defend_R","Defend_R","Defend_R","Defend_R","Bash+1","Clothesline","Battle Trance","Inflame","Twin Strike","Inflame+1","Twin Strike","Limit Break+1","Spot Weakness","Sword Boomerang","Apotheosis","Disarm"],"relics":["Burning Blood","Sling","Happy Flower","Bag of Preparation","Strawberry","Black Star","Membership Card"],"acts_visited":["Exordium","TheCity"],"potions_floor_usage":[21],"damage_taken":[{"damage":2.0,"enemies":"2 Louse","floor":1.0,"turns":4.0},{"damage":12.0,"enemies":"Small Slimes","floor":3.0,"turns":4.0},{"damage":4.0,"enemies":"Jaw Worm","floor":5.0,"turns":3.0},{"damage":30.0,"enemies":"Lagavulin","floor":7.0,"turns":6.0},{"damage":12.0,"enemies":"Lots of Slimes","floor":8.0,"turns":5.0},{"damage":10.0,"enemies":"3 Sentries","floor":10.0,"turns":6.0},{"damage":1.0,"enemies":"Exordium Thugs","floor":12.0,"turns":3.0},{"damage":6.0,"enemies":"3 Louse","floor":14.0,"turns":3.0},{"damage":0.0,"enemies":"Slime Boss","floor":16.0,"turns":5.0},{"damage":11.0,"enemies":"Shell Parasite","floor":18.0,"turns":3.0},{"damage":25.0,"enemies":"Spheric Guardian","floor":19.0,"turns":4.0},{"damage":53,"enemies":"Shelled Parasite and Fungi","floor":21,"turns":5}],"seed_played":"6870552160824770872","potions_obtained":[{"floor":3.0,"key":"Strength Potion"},{"floor":7.0,"key":"BloodPotion"},{"floor":12.0,"key":"Explosive Potion"},{"floor":16.0,"key":"ColorlessPotion"}],"is_trial":false,"path_per_floor":["M","?","M","$","M","R","E","M","T","E","?","M","R","M","R","B",null,"M","M","$","M"],"character_chosen":"IRONCLAD","items_purchased":["Inflame","Sling","Twin Strike","Membership Card","Apotheosis","Disarm","AttackPotion"],"campfire_rested":0,"item_purchase_floors":[4,4,4,20,20,20,20],"current_hp_per_floor":[54,59,53,53,55,55,31,25,25,28,17,39,39,39,39,45,77,72,53,53,0,0],"gold":14,"neow_bonus":"TWO_FIFTY_GOLD","is_daily":false,"chose_seed":false,"campfire_upgraded":3,"win_rate":0.0,"timestamp":1610911125,"path_taken":["M","?","M","$","M","R","E","M","T","E","?","M","R","M","R","BOSS","M","M","$","M"],"items_purchased_type":["Card","Relic","Card","Relic","Card","Card","Potion"],"build_version":"2020-12-22","purchased_purges":2,"victory":false,"max_hp_per_floor":[75,80,80,80,80,80,80,80,80,87,87,87,87,87,87,87,87,87,87,87,87,87],"relic_stats":{"Happy Flower":[11],"counters":[12,51],"Bag of Preparation":[14],"Black Star":0,"obtain_stats":[{"Happy Flower":7,"Strawberry":10,"Bag of Preparation":9,"Black Star":17,"Membership Card":20,"Sling":4,"Burning Blood":0},{"Happy Flower":4,"Strawberry":6,"Bag of Preparation":5,"Black Star":9,"Membership Card":11,"Sling":2,"Burning Blood":0},{"Happy Flower":17,"Strawberry":28,"Bag of Preparation":22,"Black Star":39,"Membership Card":46,"Sling":8,"Burning Blood":0}],"Burning Blood":66},"card_choices":[{"not_picked":["Iron Wave","Pommel Strike"],"picked":"Clothesline","floor":1.0},{"not_picked":["Armaments","Twin Strike"],"picked":"Battle Trance","floor":3.0},{"not_picked":["Second Wind","Armaments"],"picked":"Inflame","floor":5.0},{"not_picked":["Warcry","Flex"],"picked":"Twin Strike","floor":7.0},{"not_picked":["Blood for Blood","Armaments"],"picked":"Limit Break","floor":8.0},{"not_picked":["Clash","Searing Blow"],"picked":"Spot Weakness","floor":10.0},{"not_picked":["Armaments","Clash","True Grit"],"picked":"SKIP","floor":12.0},{"not_picked":["Second Wind","Barricade"],"picked":"Sword Boomerang","floor":14.0},{"not_picked":["Clash","Hemokinesis","Dark Embrace+1"],"picked":"SKIP","floor":18.0},{"not_picked":["Twin Strike+1","Havoc","Perfected Strike"],"picked":"SKIP","floor":19.0}],"player_experience":1217420,"relics_obtained":[{"floor":7.0,"key":"Happy Flower"},{"floor":9.0,"key":"Bag of Preparation"},{"floor":10.0,"key":"Strawberry"}],"event_choices":[{"damage_healed":0.0,"max_hp_gain":5.0,"max_hp_loss":0.0,"gold_gain":0.0,"event_name":"Big Fish","player_choice":"Donut","floor":2.0,"gold_loss":0.0,"damage_taken":0.0},{"damage_healed":0.0,"max_hp_gain":0.0,"max_hp_loss":0.0,"gold_gain":75.0,"event_name":"World of Goop","player_choice":"Gather Gold","floor":11.0,"gold_loss":0.0,"damage_taken":11.0}],"is_beta":false,"boss_relics":[{"not_picked":["Velvet Choker","Runic Dome"],"picked":"Black Star"}],"items_purged_floors":[4,20],"is_endless":false,"potions_floor_spawned":[3,7,12,14,16],"killed_by":"Shelled Parasite and Fungi","ascension_level":20}}