{"host":"6r341r9cz00j2qc1","time":1610912761,"event":{"mods":["BaseMod","Better Third Choice","GungeonMod","Hermit","Lobotomy","LobotomyExtend","Minty Spire (QoL Compilation)","Replay The Spire","Shop Mod","StSLib"],"gold_per_floor":[117,133,133,181,197,225,225,225,225,244,264,339,193,206,206,305,305,315,315,315,325,325,325,97,97,123,155,180,210,210,172,172,291,291,311,346,414,414,451,451,499,499,499,499,395,433,39,69,69,85],"floor_reached":51,"language":"ENG","playtime":4423,"items_purged":[],"score":873,"play_id":"91997f2f-2388-41d2-a917-a96127fb56f4","local_time":"20210117204601","is_ascension_mode":false,"campfire_choices":[{"floor":7,"key":"REST"},{"floor":15,"key":"REST"},{"floor":23,"key":"REST"},{"data":"hermit:Determination","floor":25,"key":"SMITH"},{"data":"hermit:Grudge","floor":44,"key":"SMITH"},{"floor":49,"key":"DIG"}],"circlet_count":0,"master_deck":["WhiteNight","DespairKnight","hermit:Strike_Hermit","hermit:Strike_Hermit","hermit:Strike_Hermit","hermit:Strike_Hermit","hermit:Defend_Hermit","hermit:Defend_Hermit","hermit:Defend_Hermit","hermit:Snapshot","hermit:Covet","Bloodbath","hermit:Desperado+1","hermit:Malice","BlackArmy","hermit:TrackingShot","hermit:Dissolve","Pain","MHz","hermit:SprayPray","hermit:HoleUp","hermit:Quickdraw+1","hermit:LowProfile","hermit:FromBeyond+1","hermit:Dive","PunishingBird","hermit:Quickdraw+1","hermit:Gambit","Wellcheers","hermit:Headshot","Shame","hermit:Determination+1","Looming Evil","Rudolta","hermit:Roulette+1","OSAHOGD","hermit:TrackingShot+1","LongBird","hermit:Enervate+1","Hallucinations","hermit:Grudge+1","CurseOfTheBell","hermit:Quickdraw+1","Writhe","hermit:Desperado+1","Looming Evil","DemoMod:Invincible","Pot Of Greed","Pot Of Greed","HereticApostle","Pot Of Greed","hermit:Grudge+1","hermit:Misfire+1"],"relics":["hermit:Momento","CogitoBucket","LetterFromLob","DemoMod:Metronome","Smiling Mask","WarpedTongs","Replay:Multitool","LuminousBracelet","SwordSharpenedByTears_r","Cursed Key","MutagenicStrength","Replay:Bandana","Moonlight_r","Sling","DemoMod:MonsterBlood","BackwardClock","Ring of Misfortune","ReplayTheSpireMod:Ring of Challenge","Replay:Wax Seal","Molten Egg 2","hermit:RedScarf","Gambling Chip","AtMidnight","DemoMod:DecoyRelic","DemoMod:OrangeGuonStone","MerchantsRug","Grinning Jar","DeathAngel","Replay:Rubber Ducky"],"acts_visited":["Exordium","TheCity","TheBeyond"],"potions_floor_usage":[16,16,48,51,51,51],"damage_taken":[{"damage":1,"enemies":"Cultist","floor":1,"turns":4},{"damage":6,"enemies":"Jaw Worm","floor":2,"turns":3},{"damage":4,"enemies":"Small Slimes","floor":5,"turns":2},{"damage":28,"enemies":"3 Sentries","floor":6,"turns":8},{"damage":10,"enemies":"Red Slaver","floor":10,"turns":2},{"damage":24,"enemies":"Gremlin Gang","floor":11,"turns":5},{"damage":0,"enemies":"2 Fungi Beasts","floor":14,"turns":2},{"damage":167,"enemies":"The Guardian","floor":16,"turns":26},{"damage":13,"enemies":"Shell Parasite","floor":18,"turns":4},{"damage":15,"enemies":"Shell Parasite","floor":21,"turns":6},{"damage":12,"enemies":"3 Byrds","floor":27,"turns":4},{"damage":33,"enemies":"Snecko","floor":28,"turns":5},{"damage":5,"enemies":"Chosen and Byrds","floor":29,"turns":4},{"damage":12,"enemies":"Collector","floor":33,"turns":8},{"damage":0,"enemies":"Orb Walker","floor":35,"turns":2},{"damage":15,"enemies":"3 Darklings","floor":36,"turns":3},{"damage":23,"enemies":"Mind Bloom Boss Battle","floor":37,"turns":5},{"damage":50,"enemies":"Spire Growth","floor":39,"turns":6},{"damage":3,"enemies":"R_Hoarder","floor":41,"turns":6},{"damage":15,"enemies":"4 Shapes","floor":46,"turns":4},{"damage":24,"enemies":"Maw","floor":48,"turns":7},{"damage":38,"enemies":"Donu and Deca","floor":50,"turns":8},{"damage":100,"enemies":"Malkuth","floor":51,"turns":12},{"damage":39,"enemies":"Netzach","floor":51,"turns":11},{"damage":144,"enemies":"Geburah","floor":51,"turns":23}],"seed_played":"-7411836315114348178","potions_obtained":[{"floor":6,"key":"LifebloodPotion"},{"floor":11,"key":"AttackPotion"},{"floor":16,"key":"Energy Potion"},{"floor":18,"key":"hermit:Tonic"},{"floor":33,"key":"DuplicationPotion"},{"floor":48,"key":"Adrenaline Potion"}],"is_trial":false,"path_per_floor":["M","M","?","T","M","E","R","?","T","M","M","?","$","M","R","B",null,"M","?","?","?","?","R","$","R","T","M","M","M","R","$","R","B",null,"M","M","?","?","M","R","E","?","T","R","$","M","$","M","R","B",null],"character_chosen":"HERMIT","items_purchased":["Orrery","hermit:Determination","Sling","hermit:Grudge","MerchantsRug","DemoMod:Invincible","Grinning Jar","hermit:Grudge+1"],"campfire_rested":3,"item_purchase_floors":[13,24,24,31,45,47,47,47],"current_hp_per_floor":[74,69,69,69,66,45,67,67,67,58,55,44,44,44,71,50,90,78,78,78,22,26,53,53,53,60,63,75,79,79,79,97,93,97,97,86,82,97,63,63,79,84,84,84,84,74,74,62,62,79],"gold":151,"neow_bonus":"","is_daily":false,"chose_seed":false,"campfire_upgraded":2,"win_rate":0.0,"timestamp":1610912761,"path_taken":["M","M","?","?","M","E","R","?","T","?","M","?","$","M","R","BOSS","M","?","?","?","?","R","$","R","T","M","M","?","R","$","R","BOSS","M","M","?","?","M","R","E","?","T","R","$","M","$","M","R","BOSS"],"items_purchased_type":["Relic","Card","Relic","Card","Relic","Card","Relic","Card"],"build_version":"2020-12-22","purchased_purges":0,"victory":true,"max_hp_per_floor":[75,75,75,75,75,75,75,75,75,75,90,90,90,90,90,90,90,90,90,90,90,90,90,90,90,97,97,97,97,97,97,97,97,97,97,97,97,97,97,97,87,87,87,87,87,87,87,87,87,87],"card_choices":[{"not_picked":["SnowQueen","Woodsman"],"picked":"Bloodbath","floor":1},{"not_picked":["hermit:Coalescence","hermit:Quickdraw"],"picked":"hermit:Desperado","floor":1},{"not_picked":["FairyFestival","CrumblingArmor","BeautyBeast"],"picked":"Singing Bowl","floor":2},{"not_picked":["hermit:Glare","hermit:FlashPowder"],"picked":"hermit:Malice","floor":2},{"not_picked":["Murderer","SilentOrchestra"],"picked":"BlackArmy","floor":5},{"not_picked":["hermit:GhostlyPresence","hermit:EyeOfTheStorm"],"picked":"hermit:TrackingShot","floor":5},{"not_picked":["MeatLantern","CherryBlossoms","BeautyBeast"],"picked":"Singing Bowl","floor":6},{"not_picked":["hermit:EyeOfTheStorm","hermit:Snipe"],"picked":"hermit:Dissolve","floor":6},{"not_picked":["VoidDream","SpiderBud","MHz"],"picked":"Singing Bowl","floor":10},{"not_picked":["WallGazer","LittlePrince"],"picked":"MHz","floor":10},{"not_picked":["hermit:Roulette","hermit:Coalescence"],"picked":"hermit:SprayPray","floor":10},{"not_picked":["SpiderBud","VoidDream","CherryBlossoms"],"picked":"Singing Bowl","floor":11},{"not_picked":["HeroicMonk","Scorched"],"picked":"DespairKnight","floor":11},{"not_picked":["hermit:Showdown","hermit:Magnum"],"picked":"hermit:HoleUp","floor":11},{"not_picked":["hermit:BodyArmor","hermit:Enervate"],"picked":"hermit:Quickdraw","floor":13},{"not_picked":["hermit:Deadeye","hermit:GoldenBullet"],"picked":"hermit:LowProfile","floor":13},{"not_picked":["hermit:OverwhelmingPower","hermit:Misfire"],"picked":"hermit:FromBeyond","floor":13},{"not_picked":["hermit:Magnum","hermit:CursedWeapon"],"picked":"hermit:BodyArmor","floor":13},{"not_picked":["hermit:Ricochet","hermit:Coalescence"],"picked":"hermit:Dive","floor":13},{"not_picked":["WallGazer","OSAHOGD","UniverseFragment"],"picked":"Singing Bowl","floor":14},{"not_picked":["BeautyBeast","MeatLantern"],"picked":"PunishingBird","floor":14},{"not_picked":["hermit:Malice","hermit:Coalescence"],"picked":"hermit:Quickdraw","floor":14},{"not_picked":["BeautyBeast","FairyFestival","BigBadWolf"],"picked":"Singing Bowl","floor":16},{"not_picked":["hermit:Reprieve","hermit:Purgatory"],"picked":"hermit:Gambit","floor":16},{"not_picked":["BeautyBeast","Murderer","DreamingCurrent"],"picked":"Singing Bowl","floor":18},{"not_picked":["FairyFestival","Scorched"],"picked":"Wellcheers","floor":18},{"not_picked":["hermit:LuckOfTheDraw","hermit:WideOpen"],"picked":"hermit:Headshot","floor":18},{"not_picked":["UniverseFragment","HappyTeddy"],"picked":"Rudolta","floor":27},{"not_picked":["hermit:SprayPray","hermit:Glare"],"picked":"hermit:Roulette+1","floor":27},{"not_picked":["QueenOfHatred","SnowQueen","FairyFestival"],"picked":"Singing Bowl","floor":28},{"not_picked":["DreamingCurrent","Laetitia"],"picked":"OSAHOGD","floor":28},{"not_picked":["hermit:Showdown+1","hermit:NoHoldsBarred+1"],"picked":"hermit:TrackingShot+1","floor":28},{"not_picked":["Variant","CrumblingArmor","SingingMachine"],"picked":"Singing Bowl","floor":29},{"not_picked":["NakedNest","Porccubus"],"picked":"LongBird","floor":29},{"not_picked":["hermit:Quickdraw","hermit:Manifest"],"picked":"hermit:Enervate+1","floor":29},{"not_picked":["NothingThere","BeautyBeast","OldLady"],"picked":"Singing Bowl","floor":33},{"not_picked":["CrumblingArmor","Alriune","FairyFestival"],"picked":"Singing Bowl","floor":35},{"not_picked":["hermit:SprayPray+1","hermit:TrackingShot+1"],"picked":"hermit:Quickdraw+1","floor":35},{"not_picked":["HeroicMonk","RedShoes","Murderer"],"picked":"Singing Bowl","floor":36},{"not_picked":["hermit:Vantage+1","hermit:Glare+1","hermit:Brawl"],"picked":"SKIP","floor":36},{"not_picked":["LittlePrince","QueenBee","HappyTeddy"],"picked":"Singing Bowl","floor":37},{"not_picked":["hermit:GhostlyPresence","hermit:Maintenance+1"],"picked":"hermit:Quickdraw+1","floor":37},{"not_picked":["Freischutz","WallGazer","MeatLantern"],"picked":"Singing Bowl","floor":39},{"not_picked":["hermit:Vantage+1","hermit:TrackingShot+1"],"picked":"hermit:Desperado+1","floor":39},{"not_picked":["WallGazer","DreamingCurrent","BodiesMountain"],"picked":"Singing Bowl","floor":41},{"not_picked":["hermit:ItchyTrigger+1","hermit:NoHoldsBarred+1","hermit:PistolWhip+1"],"picked":"SKIP","floor":41},{"not_picked":["SnowQueen","Woodsman"],"picked":"WhiteNight","floor":46},{"not_picked":["hermit:Enervate+1","hermit:TrackingShot+1","hermit:BigShot+1"],"picked":"SKIP","floor":46},{"not_picked":["QueenBee","WallGazer","HeroicMonk"],"picked":"Singing Bowl","floor":48},{"not_picked":["hermit:CursedWeapon+1","hermit:DeadMansHand"],"picked":"hermit:Misfire+1","floor":48}],"player_experience":438819,"relics_obtained":[{"floor":1,"key":"LetterFromLob"},{"floor":4,"key":"DemoMod:Metronome"},{"floor":6,"key":"Smiling Mask"},{"floor":9,"key":"Replay:Multitool"},{"floor":26,"key":"DemoMod:MonsterBlood"},{"floor":30,"key":"Ring of Misfortune"},{"floor":30,"key":"ReplayTheSpireMod:Ring of Challenge"},{"floor":34,"key":"Replay:Wax Seal"},{"floor":34,"key":"Molten Egg 2"},{"floor":34,"key":"hermit:RedScarf"},{"floor":37,"key":"Gambling Chip"},{"floor":39,"key":"AtMidnight"},{"floor":41,"key":"DemoMod:DecoyRelic"},{"floor":43,"key":"DemoMod:OrangeGuonStone"},{"floor":48,"key":"DeathAngel"},{"floor":49,"key":"Replay:Rubber Ducky"}],"event_choices":[{"damage_healed":0,"gold_gain":0,"player_choice":"Rummage","damage_taken":0,"relics_obtained":["WarpedTongs"],"max_hp_gain":0,"max_hp_loss":0,"event_name":"Accursed Blacksmith","floor":8,"gold_loss":0,"cards_obtained":["Pain"]},{"damage_healed":0,"gold_gain":75,"player_choice":"Gold","damage_taken":11,"max_hp_gain":0,"max_hp_loss":0,"event_name":"betterThird:BetterGoop","floor":12,"gold_loss":0},{"damage_healed":0,"gold_gain":0,"player_choice":"Inject Mutagens","damage_taken":0,"relics_obtained":["MutagenicStrength"],"max_hp_gain":0,"max_hp_loss":0,"event_name":"Drug Dealer","floor":19,"gold_loss":0},{"damage_healed":0,"gold_gain":0,"player_choice":"Stole Relic","damage_taken":0,"relics_obtained":["Replay:Bandana"],"max_hp_gain":0,"max_hp_loss":0,"event_name":"Addict","floor":20,"gold_loss":0,"cards_obtained":["Shame"]},{"damage_healed":0,"gold_gain":0,"player_choice":"Fight","damage_taken":0,"max_hp_gain":0,"max_hp_loss":0,"event_name":"MindBloom","floor":37,"gold_loss":0},{"damage_healed":24,"gold_gain":0,"player_choice":"Writhe","damage_taken":0,"max_hp_gain":0,"max_hp_loss":0,"event_name":"Winding Halls","floor":38,"gold_loss":0,"cards_obtained":["Writhe"]},{"damage_healed":0,"gold_gain":0,"player_choice":"Ignored","damage_taken":0,"max_hp_gain":0,"max_hp_loss":0,"event_name":"Tomb of Lord Red Mask","floor":40,"gold_loss":0},{"cards_removed":["hermit:BodyArmor"],"damage_healed":5,"gold_gain":0,"player_choice":"Offered Common","damage_taken":0,"max_hp_gain":0,"max_hp_loss":0,"event_name":"Bonfire Elementals","floor":42,"gold_loss":0},{"cards_removed":["hermit:BodyArmor"],"damage_healed":5,"gold_gain":0,"player_choice":"Offered Special","damage_taken":0,"max_hp_gain":0,"max_hp_loss":0,"event_name":"Bonfire Elementals","floor":42,"gold_loss":0}],"is_beta":false,"boss_relics":[{"not_picked":["Empty Cage","Replay:Wanted Poster"],"picked":"Cursed Key"},{"not_picked":["Honey Jar","Replay:Bronze Core"],"picked":"Calling Bell"}],"items_purged_floors":[],"is_endless":false,"potions_floor_spawned":[6,11,16,18,33,35,39,48],"ascension_level":0}}