{"host":"h4qgcirtxz6qax9j","time":1610855625,"event":{"mods":["AchievementEnabler","Astrologer","BaseMod","Colored Powertips","Minty Spire (QoL Compilation)","StSLib","SuperFastMode","The Cursed"],"gold_per_floor":[116,116,140,215,239,239,239,259,259,287,315,315,353,372,372,467,467,493,277,277,277,304,313,313,313],"floor_reached":24,"language":"KOR","playtime":690,"items_purged":[],"score":186,"play_id":"c4485c04-cd0b-4f02-a7bc-d75a4c03f01f","local_time":"20210117125345","is_ascension_mode":false,"campfire_choices":[{"data":"astrologer:Starfield","floor":7,"key":"SMITH"},{"floor":15,"key":"REST"},{"floor":23,"key":"REST"}],"circlet_count":0,"master_deck":["astrologer:Strike","astrologer:Strike","astrologer:Strike","astrologer:Strike+1","astrologer:Defend","astrologer:Defend","astrologer:Defend","astrologer:Defend","astrologer:NorthStar","astrologer:TheFool","astrologer:Starfield+1","astrologer:Prismatic+1","astrologer:Moonlight","astrologer:FrozenStar","astrologer:Moonlight","astrologer:Strength","astrologer:Eclipse","astrologer:SolarFlare","astrologer:FrozenStar","astrologer:TheWorld","astrologer:SolarFlare","astrologer:SolarFlare+1"],"relics":["astrologer:SkyMirror","CeramicFish","Mummified Hand","Odd Mushroom","Black Star","Dream Catcher","Nunchaku"],"acts_visited":["Exordium","TheCity"],"potions_floor_usage":[16,16],"damage_taken":[{"damage":1,"enemies":"Jaw Worm","floor":1,"turns":6},{"damage":0,"enemies":"Small Slimes","floor":5,"turns":4},{"damage":0,"enemies":"2 Louse","floor":8,"turns":2},{"damage":4,"enemies":"Looter","floor":10,"turns":4},{"damage":4,"enemies":"2 Fungi Beasts","floor":11,"turns":5},{"damage":21,"enemies":"The Mushroom Lair","floor":13,"turns":5},{"damage":5,"enemies":"Exordium Thugs","floor":14,"turns":4},{"damage":46,"enemies":"The Guardian","floor":16,"turns":12},{"damage":29,"enemies":"Spheric Guardian","floor":18,"turns":6},{"damage":7,"enemies":"Chosen","floor":22,"turns":6},{"damage":61,"enemies":"Gremlin Leader","floor":24,"turns":5}],"seed_played":"1862598494102353829","potions_obtained":[{"floor":5,"key":"ColorlessPotion"},{"floor":8,"key":"ColorlessPotion"},{"floor":10,"key":"FearPotion"}],"is_trial":false,"path_per_floor":["M","?","T","?","M","?","R","M","T","M","M","?","?","M","R","B",null,"M","$","?","?","M","R","E"],"character_chosen":"ASTROLOGER","items_purchased":["astrologer:TheWorld","Dream Catcher"],"campfire_rested":2,"item_purchase_floors":[19,19],"current_hp_per_floor":[69,55,55,44,44,67,67,67,67,63,59,59,38,33,54,8,70,41,41,41,41,34,55,0,0],"gold":313,"neow_bonus":"ONE_RANDOM_RARE_CARD","is_daily":false,"chose_seed":false,"campfire_upgraded":1,"win_rate":0.0,"timestamp":1610855625,"path_taken":["M","?","?","?","?","?","R","M","T","M","M","?","?","M","R","BOSS","M","$","?","?","M","R","E"],"items_purchased_type":["Card","Relic"],"build_version":"2020-12-22","purchased_purges":0,"victory":false,"max_hp_per_floor":[70,70,70,70,70,70,70,70,70,70,70,70,70,70,70,70,70,70,70,70,70,70,70,70,70],"card_choices":[{"not_picked":["astrologer:Stardust","astrologer:GlassStar"],"picked":"astrologer:Prismatic","floor":1},{"not_picked":["astrologer:StarOfRegret","astrologer:Stardust"],"picked":"astrologer:Moonlight","floor":5},{"not_picked":["astrologer:TheHermit","astrologer:TheHierophant"],"picked":"astrologer:FrozenStar","floor":8},{"not_picked":["astrologer:Stardust","astrologer:Eclipse"],"picked":"astrologer:Moonlight","floor":10},{"not_picked":["astrologer:Starfield","astrologer:TheEmperor"],"picked":"astrologer:Strength","floor":11},{"not_picked":["astrologer:TheEmpress","astrologer:Radiance"],"picked":"astrologer:Eclipse","floor":13},{"not_picked":["astrologer:Eclipse","astrologer:Divination"],"picked":"astrologer:SolarFlare","floor":14},{"not_picked":["astrologer:Radiance+1","astrologer:Opposition"],"picked":"astrologer:FrozenStar","floor":18},{"not_picked":["astrologer:Judgement+1","astrologer:Radiance"],"picked":"astrologer:SolarFlare","floor":22},{"not_picked":["astrologer:Radiance+1","astrologer:Premonition"],"picked":"astrologer:SolarFlare+1","floor":23}],"player_experience":57629,"relics_obtained":[{"floor":3,"key":"CeramicFish"},{"floor":9,"key":"Mummified Hand"},{"floor":13,"key":"Odd Mushroom"}],"event_choices":[{"damage_healed":0,"gold_gain":0,"player_choice":"Entered Light","damage_taken":14,"max_hp_gain":0,"max_hp_loss":0,"event_name":"Shining Light","floor":2,"gold_loss":0,"cards_upgraded":["astrologer:Strike","astrologer:Prismatic"]},{"damage_healed":0,"gold_gain":75,"player_choice":"Gather Gold","damage_taken":11,"max_hp_gain":0,"max_hp_loss":0,"event_name":"World of Goop","floor":4,"gold_loss":0},{"damage_healed":23,"gold_gain":0,"player_choice":"Banana","damage_taken":0,"max_hp_gain":0,"max_hp_loss":0,"event_name":"Big Fish","floor":6,"gold_loss":0},{"damage_healed":0,"gold_gain":0,"player_choice":"Ignored","damage_taken":0,"max_hp_gain":0,"max_hp_loss":0,"event_name":"Liars Game","floor":12,"gold_loss":0},{"damage_healed":0,"gold_gain":0,"player_choice":"Fought Mushrooms","damage_taken":0,"max_hp_gain":0,"max_hp_loss":0,"event_name":"Mushrooms","floor":13,"gold_loss":0},{"damage_healed":0,"gold_gain":0,"player_choice":"Opened","damage_taken":0,"relics_obtained":["Nunchaku"],"max_hp_gain":0,"max_hp_loss":0,"event_name":"The Mausoleum","floor":20,"gold_loss":0},{"damage_healed":0,"gold_gain":0,"player_choice":"Ignored","damage_taken":0,"max_hp_gain":0,"max_hp_loss":0,"event_name":"NoteForYourself","floor":21,"gold_loss":0}],"is_beta":false,"boss_relics":[{"not_picked":["Empty Cage","Cursed Key"],"picked":"Black Star"}],"items_purged_floors":[],"is_endless":false,"potions_floor_spawned":[5,8,10],"killed_by":"Gremlin Leader","ascension_level":0}}