{"host":"jscggscbx0p7706o","time":1610859728,"event":{"mods":["AchievementEnabler","BaseMod","Block Reminder","Colored Powertips","Minty Spire (QoL Compilation)","Permanent Neow","Quick Restart","StSLib"],"gold_per_floor":[216,233,233,247,5,5,34,99,99,99,25,48,76,89,89,164,164,182,198,10,29,44,44,73,87,87,99,99,131,131,62,62,137,137,148,159,171,186,186,186,211,223,223,250,27,45,45,63,63,63,63,63,9,38,38],"floor_reached":56,"language":"ENG","playtime":3368,"items_purged":["Clumsy"],"score":1965,"play_id":"49293ddd-c66b-4cc4-8b0d-8ba9c88a19ad","local_time":"20210117130208","is_ascension_mode":true,"campfire_choices":[{"data":"Dagger Spray","floor":6.0,"key":"SMITH"},{"data":"Footwork","floor":10.0,"key":"SMITH"},{"data":"Footwork","floor":15.0,"key":"SMITH"},{"data":"Adrenaline","floor":23.0,"key":"SMITH"},{"data":"Noxious Fumes","floor":30.0,"key":"SMITH"},{"data":"Accuracy","floor":32.0,"key":"SMITH"},{"data":"Noxious Fumes","floor":40.0,"key":"SMITH"},{"floor":49.0,"key":"RECALL"},{"floor":52.0,"key":"REST"}],"circlet_count":0,"master_deck":["AscendersBane","Strike_G","Strike_G","Strike_G","Defend_G","Defend_G","Defend_G","Defend_G","Defend_G","Survivor","Neutralize","Infinite Blades","Dagger Spray+1","Footwork+1","Blade Dance","Footwork+1","Slice","Dagger Throw","Backflip","Noxious Fumes+1","Adrenaline+1","Noxious Fumes+1","Deflect+1","Blur","Dodge and Roll+1","Cloak And Dagger+1","Dodge and Roll+1","Accuracy+1","PiercingWail+1","Escape Plan+1","Blur+1","Catalyst+1","Acrobatics+1","Deadly Poison+1","Tactician+1","Well Laid Plans","Acrobatics+1","Tactician+1"],"relics":["Ring of the Snake","Ninja Scroll","Ornamental Fan","Omamori","Toy Ornithopter","Vajra","Potion Belt","HornCleat","Cursed Key","Lee\u0027s Waffle","Toxic Egg 2","Mummified Hand","Dream Catcher","Empty Cage","Darkstone Periapt","Kunai","Blue Candle","Frozen Eye","Du-Vu Doll"],"acts_visited":["Exordium","TheCity","TheBeyond","TheEnding"],"potions_floor_usage":[55],"damage_taken":[{"damage":1.0,"enemies":"Jaw Worm","floor":1.0,"turns":5.0},{"damage":1.0,"enemies":"2 Louse","floor":2.0,"turns":4.0},{"damage":0.0,"enemies":"Cultist","floor":4.0,"turns":3.0},{"damage":21.0,"enemies":"Gremlin Nob","floor":7.0,"turns":4.0},{"damage":8.0,"enemies":"Gremlin Nob","floor":8.0,"turns":4.0},{"damage":12.0,"enemies":"3 Sentries","floor":13.0,"turns":6.0},{"damage":0.0,"enemies":"Looter","floor":14.0,"turns":2.0},{"damage":13.0,"enemies":"Slime Boss","floor":16.0,"turns":11.0},{"damage":0.0,"enemies":"Chosen","floor":18.0,"turns":5.0},{"damage":0.0,"enemies":"3 Byrds","floor":19.0,"turns":4.0},{"damage":2.0,"enemies":"Cultist and Chosen","floor":21.0,"turns":6.0},{"damage":3.0,"enemies":"Shelled Parasite and Fungi","floor":22.0,"turns":6.0},{"damage":9.0,"enemies":"Book of Stabbing","floor":24.0,"turns":7.0},{"damage":0.0,"enemies":"Snake Plant","floor":25.0,"turns":6.0},{"damage":0.0,"enemies":"3 Cultists","floor":27.0,"turns":6.0},{"damage":22.0,"enemies":"Gremlin Leader","floor":29.0,"turns":7.0},{"damage":12.0,"enemies":"Automaton","floor":33.0,"turns":10.0},{"damage":0.0,"enemies":"3 Darklings","floor":35.0,"turns":4.0},{"damage":0.0,"enemies":"Orb Walker","floor":36.0,"turns":3.0},{"damage":0.0,"enemies":"4 Shapes","floor":37.0,"turns":5.0},{"damage":2.0,"enemies":"Sphere and 2 Shapes","floor":38.0,"turns":5.0},{"damage":0.0,"enemies":"Nemesis","floor":41.0,"turns":9.0},{"damage":0.0,"enemies":"Maw","floor":42.0,"turns":9.0},{"damage":0.0,"enemies":"Reptomancer","floor":44.0,"turns":9.0},{"damage":0.0,"enemies":"Jaw Worm Horde","floor":46.0,"turns":5.0},{"damage":2.0,"enemies":"Spire Growth","floor":48.0,"turns":6.0},{"damage":67.0,"enemies":"Awakened One","floor":50.0,"turns":15.0},{"damage":24.0,"enemies":"Shield and Spear","floor":54.0,"turns":7.0},{"damage":38,"enemies":"The Heart","floor":55,"turns":12}],"seed_played":"6380022090683120184","potions_obtained":[{"floor":2.0,"key":"Dexterity Potion"},{"floor":4.0,"key":"LiquidMemories"},{"floor":14.0,"key":"ColorlessPotion"},{"floor":16.0,"key":"PowerPotion"},{"floor":18.0,"key":"PowerPotion"},{"floor":22.0,"key":"Ancient Potion"},{"floor":27.0,"key":"FearPotion"},{"floor":41.0,"key":"SteroidPotion"},{"floor":54.0,"key":"DuplicationPotion"}],"is_trial":false,"path_per_floor":["M","M","?","M","$","R","E","?","T","R","$","T","E","M","R","B",null,"M","M","$","M","M","R","E","M","T","M","?","E","R","$","R","B",null,"M","M","M","M","?","R","E","M","T","E","$","M","?","M","R","B",null,"R","$","E","B",null],"character_chosen":"THE_SILENT","items_purchased":["Ornamental Fan","Slice","Dagger Throw","Lee\u0027s Waffle","Noxious Fumes","Accuracy","Frozen Eye","Acrobatics+1"],"campfire_rested":1,"item_purchase_floors":[5,11,11,20,20,31,45,53],"current_hp_per_floor":[62,61,58,58,58,58,37,29,29,29,29,29,17,17,17,4,54,54,54,77,75,74,74,65,65,65,65,65,43,43,43,43,31,66,66,66,66,64,64,64,64,64,70,70,70,70,70,68,68,1,63,83,83,59,26],"gold":38,"neow_bonus":"HUNDRED_GOLD","is_daily":false,"chose_seed":false,"campfire_upgraded":7,"win_rate":0.0,"timestamp":1610859728,"path_taken":["M","M","?","M","$","R","E","?","T","R","?","?","E","?","R","BOSS","M","M","$","M","M","R","E","M","T","M","?","E","R","$","R","BOSS","M","?","M","M","?","R","E","?","T","E","?","M","?","M","R","BOSS","R","$","E","BOSS"],"items_purchased_type":["Relic","Card","Card","Relic","Card","Card","Relic","Card"],"build_version":"2020-12-22","purchased_purges":1,"victory":true,"max_hp_per_floor":[70,70,70,70,70,70,70,70,70,70,70,70,70,70,70,70,70,70,70,77,77,77,77,77,77,77,77,77,77,77,77,77,77,77,77,77,77,77,77,77,77,77,83,83,83,83,83,83,83,83,83,83,83,83,83],"card_choices":[{"not_picked":["Prepared","Expertise"],"picked":"Infinite Blades","floor":1.0},{"not_picked":["Quick Slash","Underhanded Strike"],"picked":"Dagger Spray","floor":2.0},{"not_picked":["Flying Knee","Quick Slash"],"picked":"Footwork","floor":4.0},{"not_picked":["Dagger Spray","Finisher"],"picked":"Blade Dance","floor":7.0},{"not_picked":["Calculated Gamble","Setup"],"picked":"Footwork","floor":8.0},{"not_picked":["Leg Sweep","Infinite Blades"],"picked":"Backflip","floor":13.0},{"not_picked":["Escape Plan","Endless Agony"],"picked":"Noxious Fumes","floor":14.0},{"not_picked":["Grand Finale","A Thousand Cuts"],"picked":"Adrenaline","floor":16.0},{"not_picked":["PiercingWail","Bane","Slice+1"],"picked":"SKIP","floor":18.0},{"not_picked":["Infinite Blades","A Thousand Cuts","Endless Agony"],"picked":"SKIP","floor":19.0},{"not_picked":["Calculated Gamble","Blade Dance"],"picked":"Deflect+1","floor":21.0},{"not_picked":["Calculated Gamble","Noxious Fumes"],"picked":"Blur","floor":22.0},{"not_picked":["Underhanded Strike","Escape Plan+1"],"picked":"Dodge and Roll+1","floor":24.0},{"not_picked":["Prepared+1","Slice+1"],"picked":"Cloak And Dagger+1","floor":25.0},{"not_picked":["Dagger Spray","Expertise+1"],"picked":"Deadly Poison+1","floor":27.0},{"not_picked":["Predator+1","Cloak And Dagger+1"],"picked":"Dodge and Roll+1","floor":29.0},{"not_picked":["Heel Hook+1","Deflect+1"],"picked":"PiercingWail+1","floor":35.0},{"not_picked":["Sucker Punch+1","Prepared+1"],"picked":"Escape Plan+1","floor":36.0},{"not_picked":["Dagger Throw","Deadly Poison+1","Prepared+1"],"picked":"SKIP","floor":37.0},{"not_picked":["Deflect+1","Flying Knee","Outmaneuver+1"],"picked":"SKIP","floor":38.0},{"not_picked":["Terror+1","A Thousand Cuts"],"picked":"Blur+1","floor":41.0},{"not_picked":["Sucker Punch","Dagger Spray"],"picked":"Catalyst+1","floor":42.0},{"not_picked":["Slice+1","Blade Dance+1"],"picked":"Acrobatics+1","floor":44.0},{"not_picked":["Riddle With Holes","Flying Knee"],"picked":"Deadly Poison+1","floor":46.0},{"not_picked":["PiercingWail+1","Reflex+1"],"picked":"Tactician+1","floor":48.0},{"not_picked":["Quick Slash+1","Escape Plan+1"],"picked":"Well Laid Plans","floor":52.0},{"not_picked":["Dagger Throw","Setup+1"],"picked":"Tactician+1","floor":54.0}],"player_experience":277061,"relics_obtained":[{"floor":7.0,"key":"Omamori"},{"floor":8.0,"key":"Toy Ornithopter"},{"floor":9.0,"key":"Vajra"},{"floor":12.0,"key":"Potion Belt"},{"floor":13.0,"key":"HornCleat"},{"floor":24.0,"key":"Toxic Egg 2"},{"floor":26.0,"key":"Mummified Hand"},{"floor":29.0,"key":"Dream Catcher"},{"floor":41.0,"key":"Kunai"},{"floor":44.0,"key":"Blue Candle"},{"floor":54.0,"key":"Du-Vu Doll"}],"event_choices":[{"damage_healed":0.0,"max_hp_gain":0.0,"max_hp_loss":0.0,"gold_gain":0.0,"event_name":"Scrap Ooze","player_choice":"Success","floor":3.0,"gold_loss":0.0,"damage_taken":3.0,"relics_obtained":["Ninja Scroll"]},{"damage_healed":0.0,"max_hp_gain":0.0,"max_hp_loss":0.0,"gold_gain":0.0,"event_name":"Dead Adventurer","player_choice":"Searched \u00271\u0027 times","floor":8.0,"gold_loss":0.0,"damage_taken":0.0},{"damage_healed":0.0,"max_hp_gain":0.0,"max_hp_loss":0.0,"gold_gain":0.0,"event_name":"Wheel of Change","player_choice":"Cursed","floor":28.0,"gold_loss":0.0,"damage_taken":0.0,"cards_obtained":["Decay"]},{"cards_removed":["Deadly Poison"],"damage_healed":0.0,"max_hp_gain":0.0,"max_hp_loss":0.0,"gold_gain":0.0,"event_name":"WeMeetAgain","player_choice":"Gave Card","floor":39.0,"gold_loss":0.0,"damage_taken":0.0,"relics_obtained":["Darkstone Periapt"]},{"damage_healed":0.0,"max_hp_gain":0.0,"max_hp_loss":0.0,"gold_gain":0.0,"event_name":"SensoryStone","player_choice":"Memory 1","floor":47.0,"gold_loss":0.0,"damage_taken":0.0}],"is_beta":false,"boss_relics":[{"not_picked":["Pandora\u0027s Box","Ectoplasm"],"picked":"Cursed Key"},{"not_picked":["Calling Bell","Black Star"],"picked":"Empty Cage"}],"items_purged_floors":[45],"is_endless":false,"potions_floor_spawned":[2,4,14,16,18,22,27,29,35,41,44,48,54],"ascension_level":13}}