{"host":"rj1j8apb2x4vafcu","time":1610912039,"event":{"mods":["AchievementEnabler","Act Like it!","BaseMod","Colored Map","Colored Powertips","Minty Spire (QoL Compilation)","Rare Cards Sparkle","StSLib"],"gold_per_floor":[118,137,157,157,1,29,29,58,58,87,12,12,30,43,43,148,148,159,175,21,34,51,85,104,135,135,160,160,180,37,37,37,141,141,155,200,217,230,230,265,265,282,282,282,296,330,330,330,330,330],"floor_reached":51,"language":"ENG","playtime":11347,"items_purged":["Strike_R"],"score":825,"play_id":"240f9201-7e62-4356-801c-fa5e10193faa","local_time":"20210117173359","is_ascension_mode":true,"campfire_choices":[{"data":"Seeing Red","floor":12,"key":"SMITH"},{"data":"Feel No Pain","floor":15,"key":"SMITH"},{"floor":28,"key":"DIG"},{"floor":32,"key":"DIG"},{"data":"1","floor":41,"key":"LIFT"},{"floor":44,"key":"DIG"},{"floor":49,"key":"REST"}],"circlet_count":0,"master_deck":["Defend_R","Defend_R","Defend_R","Defend_R","Bash","Corruption","Armaments+1","Havoc","Seeing Red+1","Shrug It Off","Warcry","Feel No Pain+1","Carnage","Dark Embrace","Shrug It Off","Spot Weakness+1","Spot Weakness+1","Havoc","Fire Breathing","Disarm","Bite","Bite","Bite","Bite","Bite","Limit Break+1","Heavy Blade","Fire Breathing+1","Rampage","Juggernaut","Power Through","Parasite","Flex","Feed"],"relics":["Burning Blood","Red Skull","TheAbacus","Incense Burner","Strawberry","Meat on the Bone","Shovel","SlaversCollar","Medical Kit","MealTicket","Pen Nib","Whetstone","Bag of Preparation","Letter Opener","Blood Vial","Mark of Pain","Girya","Lantern","Bottled Lightning","Potion Belt","TungstenRod","War Paint"],"acts_visited":["Exordium","TheCity","TheBeyond"],"potions_floor_usage":[6,13,16,19,21,23,25,27,40,42,46,50,50],"damage_taken":[{"damage":0,"enemies":"2 Louse","floor":1,"turns":3},{"damage":6,"enemies":"Jaw Worm","floor":2,"turns":4},{"damage":1,"enemies":"Cultist","floor":3,"turns":3},{"damage":19,"enemies":"Lagavulin","floor":6,"turns":8},{"damage":18,"enemies":"Gremlin Nob","floor":8,"turns":5},{"damage":28,"enemies":"3 Sentries","floor":10,"turns":9},{"damage":5,"enemies":"Exordium Wildlife","floor":13,"turns":6},{"damage":2,"enemies":"Blue Slaver","floor":14,"turns":4},{"damage":5,"enemies":"The Guardian","floor":16,"turns":10},{"damage":0,"enemies":"Chosen","floor":18,"turns":7},{"damage":22,"enemies":"3 Byrds","floor":19,"turns":9},{"damage":0,"enemies":"Snecko","floor":21,"turns":7},{"damage":14,"enemies":"Centurion and Healer","floor":22,"turns":11},{"damage":32,"enemies":"Slavers","floor":23,"turns":6},{"damage":24,"enemies":"Snake Plant","floor":24,"turns":7},{"damage":7,"enemies":"Book of Stabbing","floor":25,"turns":6},{"damage":39,"enemies":"Gremlin Leader","floor":27,"turns":7},{"damage":5,"enemies":"Cultist and Chosen","floor":29,"turns":7},{"damage":100,"enemies":"Automaton","floor":33,"turns":11},{"damage":20,"enemies":"3 Shapes","floor":35,"turns":5},{"damage":24,"enemies":"2 Orb Walkers","floor":36,"turns":5},{"damage":8,"enemies":"Orb Walker","floor":37,"turns":4},{"damage":71,"enemies":"Jaw Worm Horde","floor":38,"turns":6},{"damage":82,"enemies":"Reptomancer","floor":40,"turns":7},{"damage":2,"enemies":"Sphere and 2 Shapes","floor":42,"turns":4},{"damage":12,"enemies":"Writhing Mass","floor":45,"turns":7},{"damage":58,"enemies":"Giant Head","floor":46,"turns":8},{"damage":32,"enemies":"Time Eater","floor":50,"turns":8}],"seed_played":"-3819449568802330129","potions_obtained":[{"floor":2,"key":"Block Potion"},{"floor":8,"key":"Dexterity Potion"},{"floor":13,"key":"EssenceOfSteel"},{"floor":14,"key":"CultistPotion"},{"floor":19,"key":"Energy Potion"},{"floor":21,"key":"DuplicationPotion"},{"floor":24,"key":"DistilledChaos"},{"floor":25,"key":"Strength Potion"},{"floor":37,"key":"Ancient Potion"},{"floor":38,"key":"BloodPotion"},{"floor":40,"key":"PowerPotion"},{"floor":45,"key":"Strength Potion"},{"floor":46,"key":"Energy Potion"}],"is_trial":false,"path_per_floor":["M","M","M","?","$","E","?","E","T","E","$","R","M","M","R","B",null,"M","M","$","M","M","E","M","E","T","E","R","M","$","?","R","B",null,"M","?","M","M","?","E","R","M","T","R","M","E","?","T","R","B",null],"character_chosen":"IRONCLAD","items_purchased":["TheAbacus","Medical Kit","Fire Breathing","Disarm"],"campfire_rested":1,"item_purchase_floors":[5,20,30,30],"current_hp_per_floor":[80,80,80,68,68,55,55,50,50,40,40,40,53,57,57,58,87,90,74,74,84,80,57,55,69,69,48,48,64,79,77,77,24,77,74,69,81,37,78,42,42,57,57,57,61,38,38,38,61,51],"gold":330,"neow_bonus":"ONE_RANDOM_RARE_CARD","is_daily":false,"chose_seed":false,"campfire_upgraded":2,"win_rate":0.0,"timestamp":1610912039,"path_taken":["M","M","M","?","$","E","?","E","T","E","?","R","M","M","R","BOSS","M","M","$","M","M","E","M","E","T","E","R","M","?","?","R","BOSS","M","?","M","M","?","E","R","M","T","R","M","E","?","?","R","BOSS"],"items_purchased_type":["Relic","Relic","Card","Card"],"build_version":"2020-12-22","purchased_purges":1,"victory":true,"max_hp_per_floor":[80,80,80,80,80,80,80,87,87,87,87,87,87,87,87,87,87,90,90,90,94,98,101,105,108,108,108,108,111,111,77,77,77,77,80,83,86,89,78,78,78,78,78,78,78,78,78,78,78,78],"card_choices":[{"not_picked":["Heavy Blade","Pommel Strike"],"picked":"Armaments","floor":1},{"not_picked":["Bloodletting","Twin Strike","Combust"],"picked":"SKIP","floor":2},{"not_picked":["Twin Strike","Heavy Blade"],"picked":"Havoc","floor":3},{"not_picked":["Clothesline","Anger","Brutality"],"picked":"SKIP","floor":6},{"not_picked":["Heavy Blade","Pommel Strike"],"picked":"Seeing Red","floor":8},{"not_picked":["Sever Soul","Power Through"],"picked":"Shrug It Off","floor":10},{"not_picked":["Anger","Sword Boomerang"],"picked":"Warcry","floor":13},{"not_picked":["Twin Strike","Reckless Charge"],"picked":"Feel No Pain","floor":14},{"not_picked":["Double Tap","Impervious"],"picked":"Feed","floor":16},{"not_picked":["Cleave","Whirlwind+1"],"picked":"Carnage","floor":18},{"not_picked":["Headbutt","Havoc"],"picked":"Dark Embrace","floor":19},{"not_picked":["Headbutt","Ghostly Armor","Havoc"],"picked":"SKIP","floor":21},{"not_picked":["Anger","Clothesline","True Grit+1"],"picked":"SKIP","floor":22},{"not_picked":["Sword Boomerang+1","Cleave"],"picked":"Shrug It Off","floor":23},{"not_picked":["Flame Barrier","Ghostly Armor"],"picked":"Spot Weakness+1","floor":24},{"not_picked":["Thunderclap+1","Combust","Bloodletting"],"picked":"SKIP","floor":25},{"not_picked":["Anger+1","Cleave+1"],"picked":"Spot Weakness","floor":27},{"not_picked":["Ghostly Armor","Thunderclap"],"picked":"Havoc","floor":29},{"not_picked":["Offering","Barricade"],"picked":"Limit Break","floor":33},{"not_picked":["Shrug It Off","True Grit+1"],"picked":"Heavy Blade","floor":35},{"not_picked":["Iron Wave+1","Anger+1"],"picked":"Fire Breathing+1","floor":37},{"not_picked":["Armaments","Seeing Red+1"],"picked":"Rampage","floor":38},{"not_picked":["Reckless Charge+1","Perfected Strike+1"],"picked":"Juggernaut","floor":40},{"not_picked":["Wild Strike+1","Shockwave"],"picked":"Power Through","floor":42},{"not_picked":["Headbutt","Flame Barrier"],"picked":"Flex","floor":45},{"not_picked":["Immolate","Dark Embrace+1"],"picked":"Feed","floor":46}],"player_experience":81869,"relics_obtained":[{"floor":6,"key":"Incense Burner"},{"floor":8,"key":"Strawberry"},{"floor":9,"key":"Meat on the Bone"},{"floor":10,"key":"Shovel"},{"floor":23,"key":"MealTicket"},{"floor":25,"key":"Pen Nib"},{"floor":26,"key":"Whetstone"},{"floor":27,"key":"Bag of Preparation"},{"floor":28,"key":"Letter Opener"},{"floor":32,"key":"Blood Vial"},{"floor":36,"key":"Girya"},{"floor":40,"key":"Lantern"},{"floor":43,"key":"Bottled Lightning"},{"floor":44,"key":"Potion Belt"},{"floor":46,"key":"TungstenRod"},{"floor":48,"key":"War Paint"}],"event_choices":[{"damage_healed":0,"gold_gain":0,"player_choice":"Success","damage_taken":12,"relics_obtained":["Red Skull"],"max_hp_gain":0,"max_hp_loss":0,"event_name":"Scrap Ooze","floor":4,"gold_loss":0},{"damage_healed":0,"gold_gain":0,"player_choice":"Grow","damage_taken":0,"max_hp_gain":0,"max_hp_loss":0,"event_name":"Living Wall","floor":7,"gold_loss":0,"cards_upgraded":["Armaments"]},{"damage_healed":0,"gold_gain":0,"player_choice":"Became a vampire","damage_taken":0,"max_hp_gain":0,"max_hp_loss":34,"event_name":"Vampires","floor":31,"gold_loss":0,"cards_obtained":["Bite","Bite","Bite","Bite","Bite"]},{"damage_healed":0,"gold_gain":0,"player_choice":"Fight","damage_taken":0,"max_hp_gain":0,"max_hp_loss":0,"event_name":"Mysterious Sphere","floor":36,"gold_loss":0},{"damage_healed":78,"gold_gain":0,"player_choice":"Heal","damage_taken":0,"max_hp_gain":0,"max_hp_loss":11,"event_name":"The Moai Head","floor":39,"gold_loss":0},{"cards_removed":["Feed"],"damage_healed":0,"gold_gain":0,"player_choice":"Removed Attack","damage_taken":0,"max_hp_gain":0,"max_hp_loss":0,"event_name":"Falling","floor":47,"gold_loss":0}],"is_beta":false,"boss_relics":[{"not_picked":["SacredBark","Snecko Eye"],"picked":"SlaversCollar"},{"not_picked":["Tiny House","Velvet Choker"],"picked":"Mark of Pain"}],"items_purged_floors":[11],"is_endless":false,"potions_floor_spawned":[2,8,13,14,19,21,24,25,37,38,40,45,46],"ascension_level":1}}