{"host":"hzyv8pm5uot6l4n9","time":1610920358,"event":{"mods":["Act Like it!","Aspiration","BaseMod","Better Note","Better Third Choice","BetterRewards","Conspire","Dota2Spire","Energized Spire","GifTheSpireLib","Halation","Hallownest","Marisa????????","Minty Spire (QoL Compilation)","QueenMod","Quick Restart","Replay The Spire","StSLib","Stuff the Spire","The Cursed","The Dragon Tamer","The Servant 0.9.4","vexMod"],"gold_per_floor":[116,7,7,7,28,28,61,61,137,153,184,262,301,324,324,452,452,475,475,475,105,121,139,159,202,202,218,262,281,322,342,342,467,467,483,504,575,328,328,328,341,380,405,405,426,462,485,400,400,400,400,400,47,83,83],"floor_reached":56,"language":"ENG","playtime":3303,"items_purged":["Pain","Defend_S","Defend_S"],"score":1944,"play_id":"30a8d635-0ca1-4dc7-a011-01ed9ce4541c","local_time":"20210117225238","is_ascension_mode":true,"campfire_choices":[{"data":"Exchange","floor":6,"key":"SMITH"},{"data":"MoonPhase","floor":8,"key":"SMITH"},{"floor":15,"key":"REST"},{"data":"Hightail","floor":32,"key":"SMITH"},{"floor":40,"key":"RECALL"},{"data":"Reset","floor":44,"key":"SMITH"},{"data":"Hallownest:skillKingdomsEdgeMap","floor":49,"key":"SMITH"},{"data":"BottledTime","floor":52,"key":"SMITH"}],"circlet_count":0,"master_deck":["Strike_S","Strike_S","Strike_S","Strike_S","Defend_S","Defend_S","KidneyShot","Exchange+1","Replace","MoonPhase","MoonPhase+1","Defy","Defy","Defy","Reset+1","Unruled+1","DoubleEdge+1","Spin+1","SpecialFormula","Deny","Hightail+1","BottledTime+1","Potential+1","Unruled+1","Contraction","Potential+1","Luminosity+1","Potential+1","LightFlow+1","ReplayTheSpireMod:Speed Training+1","StuffTheSpire:ClusterCrunch+1","Dagger Throw+1","Initiator+1","ShatteredReality+1","Hallownest:skillKingdomsEdgeMap+1","ShiftingGears","PendulumOfEternity+1","Acrobatics+1"],"relics":["Uniform","NeowsBlessing","Golden Idol","Spirit Poop","StuffTheSpire:ForceGauntlet","Molten Egg 2","Boot","Dota2Spire:Vanguard","vexMod:Dragonfruit","vexMod:MysteryBossChallenge","ReplayTheSpireMod:DimensionalGlitch","conspire:Dentures","Bronze Scales","PreservedInsect","vexMod:PlasmaPancake","vexMod:MemoryStick","Gremlin Horn","aspiration:SilentSkillbook","ReplayTheSpireMod:Ninjato","Strange Spoon","Dota2Spire:EtherealBlade","Happy Flower","TungstenRod","Blue Doll"],"acts_visited":["Exordium","Exordium","Hallownest:CityofTears","TheEnding"],"potions_floor_usage":[13,28,33,50,50,50],"damage_taken":[{"damage":0,"enemies":"Cultist","floor":1,"turns":1},{"damage":0,"enemies":"Small Slimes","floor":5,"turns":1},{"damage":0,"enemies":"Lagavulin","floor":7,"turns":2},{"damage":0,"enemies":"2 Louse","floor":10,"turns":4},{"damage":39,"enemies":"Gremlin Nob","floor":11,"turns":7},{"damage":5,"enemies":"Gremlin Nob","floor":12,"turns":6},{"damage":4,"enemies":"Lagavulin","floor":13,"turns":6},{"damage":0,"enemies":"Looter","floor":14,"turns":2},{"damage":0,"enemies":"Hexaghost","floor":16,"turns":8},{"damage":0,"enemies":"Hallownest:2_Mistakes","floor":18,"turns":5},{"damage":0,"enemies":"Hallownest:Guard_and_Sentry","floor":22,"turns":5},{"damage":0,"enemies":"Hallownest:Master_and_Novice","floor":23,"turns":4},{"damage":0,"enemies":"Hallownest:monsterShrumalOgre","floor":24,"turns":5},{"damage":6,"enemies":"Hallownest:Nosk","floor":25,"turns":5},{"damage":0,"enemies":"Hallownest:2_Flukemon","floor":27,"turns":7},{"damage":0,"enemies":"Hallownest:eliteWatcherKnight","floor":28,"turns":13},{"damage":14,"enemies":"Hallownest:Master_and_Novice","floor":29,"turns":3},{"damage":0,"enemies":"Hallownest:Nosk","floor":30,"turns":8},{"damage":0,"enemies":"Hallownest:monsterShrumalOgre","floor":31,"turns":3},{"damage":33,"enemies":"Hallownest:BossGrimm","floor":33,"turns":8},{"damage":0,"enemies":"Hallownest:2_Littles","floor":35,"turns":4},{"damage":18,"enemies":"Hallownest:3_Siblings","floor":36,"turns":5},{"damage":0,"enemies":"Hallownest:Shield_Sturdy","floor":41,"turns":3},{"damage":0,"enemies":"Hallownest:eliteCollector","floor":42,"turns":3},{"damage":0,"enemies":"Hallownest:Xero_Hu_Marmu","floor":45,"turns":9},{"damage":0,"enemies":"Hallownest:eliteHiveKnight","floor":46,"turns":5},{"damage":33,"enemies":"Hallownest:Slobbering_and_Violent","floor":47,"turns":5},{"damage":4,"enemies":"Hallownest:BossGreyPrinceZote","floor":50,"turns":5},{"damage":34,"enemies":"Shield and Spear","floor":54,"turns":6},{"damage":36,"enemies":"The Heart","floor":55,"turns":9}],"seed_played":"7640440169582845447","potions_obtained":[{"floor":5,"key":"Elixir"},{"floor":10,"key":"Doom Potion"},{"floor":14,"key":"Strength Potion"},{"floor":16,"key":"Fire Potion"},{"floor":24,"key":"LiquidBronze"},{"floor":29,"key":"Dexterity Potion"},{"floor":31,"key":"PowerPotion"},{"floor":37,"key":"Dexterity Potion"},{"floor":47,"key":"Fruit Juice"}],"is_trial":false,"path_per_floor":["M","$","?","?","M","R","E","R","T","M","E","?","E","M","R","B",null,"M","?","?","$","M","M","M","E","T","M","E","M","E","M","R","B",null,"M","M","?","$","?","R","M","E","T","R","M","E","M","?","R","B",null,"R","$","E","B",null],"character_chosen":"THE_SERVANT","items_purchased":["MoonPhase","Defy","Bronze Scales","PreservedInsect","Strange Spoon","ShiftingGears","PendulumOfEternity+1"],"campfire_rested":1,"item_purchase_floors":[2,2,21,21,38,53,53],"current_hp_per_floor":[59,59,59,59,59,59,59,59,59,59,20,15,16,16,37,42,63,66,70,70,70,70,70,70,70,70,73,76,65,68,68,68,38,67,70,55,55,55,55,55,55,58,58,58,64,67,37,37,37,39,71,71,71,40,10],"gold":83,"neow_bonus":"THREE_ENEMY_KILL","is_daily":false,"chose_seed":false,"campfire_upgraded":6,"win_rate":0.0,"timestamp":1610920358,"path_taken":["M","$","?","?","M","R","E","R","T","?","E","?","E","M","R","BOSS","M","?","?","$","M","M","M","E","T","M","E","?","E","M","R","BOSS","M","M","?","$","?","R","?","E","T","R","M","E","M","?","R","BOSS","R","$","E","BOSS"],"items_purchased_type":["Card","Card","Relic","Relic","Relic","Card","Card"],"build_version":"2020-12-22","purchased_purges":3,"victory":true,"max_hp_per_floor":[65,65,65,65,65,65,65,65,65,65,65,65,70,70,70,70,70,70,70,70,70,70,70,70,76,76,76,76,76,76,76,76,76,76,76,76,76,76,76,76,76,76,76,76,76,76,76,76,76,81,81,81,81,81,81],"card_choices":[{"not_picked":["Unruled","Rewind"],"picked":"Replace","floor":1},{"not_picked":["ShatteredReality","Orbit"],"picked":"Defy","floor":5},{"not_picked":["Shuttle","Starlight"],"picked":"Defy","floor":7},{"not_picked":["Alleviate","DancingSilver"],"picked":"Reset","floor":10},{"not_picked":["Deny","RealityMarble"],"picked":"Unruled+1","floor":11},{"not_picked":["FastForward","Replace"],"picked":"DoubleEdge+1","floor":12},{"not_picked":["TimeTheft","DoubleEdge+1"],"picked":"Spin+1","floor":13},{"not_picked":["FastForward","Revamp"],"picked":"SpecialFormula","floor":14},{"not_picked":["TheWorld","KillingDoll+1"],"picked":"Deny","floor":16},{"not_picked":["ShatteredReality+1","TimeWarp+1"],"picked":"Hightail","floor":18},{"not_picked":["Replace","Moonlight+1"],"picked":"BottledTime","floor":22},{"not_picked":["FastForward+1","Defy"],"picked":"Potential+1","floor":23},{"not_picked":["Comet+1","SurpressingFire"],"picked":"Unruled+1","floor":24},{"not_picked":["Defy","Rewind","Replace"],"picked":"SKIP","floor":25},{"not_picked":["SilverBlades","Starlight+1"],"picked":"Contraction","floor":27},{"not_picked":["SurpressingFire","Misdirection"],"picked":"Potential+1","floor":28},{"not_picked":["Spin+1","Advance+1"],"picked":"Luminosity+1","floor":29},{"not_picked":["Replace","Alleviate","ForgedInTime"],"picked":"SKIP","floor":30},{"not_picked":["Starlight+1","Rearm"],"picked":"Potential+1","floor":31},{"not_picked":["KillingDoll+1","SilverMatrix"],"picked":"LightFlow+1","floor":33},{"not_picked":["Shuttle+1","Potential+1","Revamp+1","BottledTime"],"picked":"SKIP","floor":35},{"not_picked":["Sneak Up","Deadly Poison+1","Quick Slash+1"],"picked":"ReplayTheSpireMod:Speed Training+1","floor":36},{"not_picked":["Toxin Wave","SurpressingFire+1","Noxious Fumes"],"picked":"StuffTheSpire:ClusterCrunch+1","floor":37},{"not_picked":["Acrobatics","Contraction+1","Backflip"],"picked":"Dagger Throw+1","floor":41},{"not_picked":["Bane+1","Endless Agony+1","Deflect","Defy+1"],"picked":"SKIP","floor":42},{"not_picked":["Catalyst","Deadly Poison+1","Flying Knee+1"],"picked":"Initiator+1","floor":45},{"not_picked":["Bane+1","Catalyst","ReplayTheSpireMod:Tripwire","Rewind"],"picked":"SKIP","floor":46},{"not_picked":["ReplayTheSpireMod:Exploit Weakness","Outmaneuver+1","Distraction+1"],"picked":"ShatteredReality+1","floor":47},{"not_picked":["Deadly Poison+1","Flying Knee+1","Sunlight+1"],"picked":"Acrobatics+1","floor":54}],"player_experience":520242,"relics_obtained":[{"floor":7,"key":"StuffTheSpire:ForceGauntlet"},{"floor":9,"key":"Molten Egg 2"},{"floor":11,"key":"Boot"},{"floor":13,"key":"vexMod:Dragonfruit"},{"floor":25,"key":"vexMod:PlasmaPancake"},{"floor":28,"key":"vexMod:MemoryStick"},{"floor":30,"key":"Gremlin Horn"},{"floor":37,"key":"ReplayTheSpireMod:Ninjato"},{"floor":42,"key":"Dota2Spire:EtherealBlade"},{"floor":43,"key":"Happy Flower"},{"floor":46,"key":"TungstenRod"},{"floor":54,"key":"Blue Doll"}],"event_choices":[{"damage_healed":0,"gold_gain":0,"player_choice":"Take Wound","damage_taken":0,"relics_obtained":["Golden Idol"],"max_hp_gain":0,"max_hp_loss":0,"event_name":"Golden Idol","floor":3,"gold_loss":0,"cards_obtained":["Injury"]},{"cards_removed":["Injury"],"damage_healed":0,"gold_gain":0,"player_choice":"Offered Curse","damage_taken":0,"relics_obtained":["Spirit Poop"],"max_hp_gain":0,"max_hp_loss":0,"event_name":"Bonfire Elementals","floor":4,"gold_loss":0},{"damage_healed":0,"gold_gain":0,"player_choice":"Searched \u00272\u0027 times","damage_taken":0,"relics_obtained":["Dota2Spire:Vanguard"],"max_hp_gain":0,"max_hp_loss":0,"event_name":"Dead Adventurer","floor":12,"gold_loss":0}],"is_beta":false,"boss_relics":[{"not_picked":["energizedSpire:EnergizedDie","Ectoplasm"],"picked":"vexMod:MysteryBossChallenge"},{"not_picked":["conspire:RoyalGoblet","halation:ForbiddenBikini"],"picked":"aspiration:SilentSkillbook"}],"items_purged_floors":[21,38,53],"is_endless":false,"potions_floor_spawned":[5,10,14,16,18,22,24,29,31,42,45,47],"ascension_level":9}}