{"host":"9n9nzkokhxe59gmc","time":1610924798,"event":{"mods":["Act Like it!","BaseMod","Elementarium","Hallownest","Hermit","Hubris","Infinite Spire","Menagerie","Minty Spire (QoL Compilation)","Replay The Spire","Shade Mod","StSLib","The Marked","The Servant 0.9.4"],"gold_per_floor":[110,110,110,127,142,142,162,162,185,185,185,520,536,571,594,612,612,612,612],"floor_reached":18,"language":"ENG","playtime":6681,"items_purged":[],"score":147,"play_id":"c1b9df67-417f-41d9-a8eb-e2f6917ed560","local_time":"20210117150638","is_ascension_mode":false,"campfire_choices":[{"data":"theMarked:BanishingWave","floor":6,"key":"SMITH"},{"floor":17,"key":"REST"}],"circlet_count":0,"master_deck":["theMarked:Strike","theMarked:Strike","theMarked:Strike","theMarked:Strike+1","theMarked:Strike","theMarked:Defend","theMarked:Defend","theMarked:Defend","theMarked:Defend","theMarked:SoldierOfQuellstein","theMarked:Aftermath+1","theMarked:BanishingWave+1","theMarked:Aftermath","theMarked:TakeOffHeels","Strike_B","theMarked:RepellingDischarge","theMarked:Indomitable","theMarked:MaelstromOfLightning","theMarked:BanishingStrike"],"relics":["theMarked:ArtifactOfAir","NeowsBlessing","Lantern","Old Coin","Blood Vial","ReplayTheSpireMod:Lightbulb"],"acts_visited":["Exordium"],"potions_floor_usage":[7,14,14,18],"damage_taken":[{"damage":0,"enemies":"Menagerie:2_RABBITS","floor":1,"turns":1},{"damage":0,"enemies":"Menagerie:StygianBoar","floor":4,"turns":1},{"damage":1,"enemies":"Menagerie:MonstrousExperiment","floor":5,"turns":1},{"damage":4,"enemies":"Menagerie:EntropyWarlock","floor":7,"turns":4},{"damage":22,"enemies":"Menagerie:VoidReaper","floor":12,"turns":8},{"damage":17,"enemies":"Menagerie:Hexasnake","floor":13,"turns":5},{"damage":0,"enemies":"Menagerie:Hydra","floor":14,"turns":4},{"damage":5,"enemies":"Menagerie:3_RABBITS","floor":16,"turns":3},{"damage":42,"enemies":"Menagerie:Chimera","floor":18,"turns":9}],"seed_played":"-8472175739957365725","potions_obtained":[{"floor":1,"key":"Dexterity Potion"},{"floor":4,"key":"SpeedPotion"},{"floor":7,"key":"Strength Potion"},{"floor":14,"key":"DistilledChaos"}],"is_trial":false,"path_per_floor":["M","?","?","M","M","R","M","?","T","PTL","PTL","E","M","E","T","M","R","B"],"character_chosen":"THE_DEFAULT","items_purchased":[],"campfire_rested":1,"item_purchase_floors":[],"current_hp_per_floor":[70,70,65,65,64,64,60,60,60,60,60,38,21,21,21,18,39,0,0],"gold":612,"neow_bonus":"THREE_ENEMY_KILL","is_daily":false,"chose_seed":false,"campfire_upgraded":1,"win_rate":0.0,"timestamp":1610924798,"path_taken":["M","?","?","M","M","R","?","?","T","PTL","PTL","E","M","E","?","M","R","BOSS"],"items_purchased_type":[],"build_version":"2020-12-22","purchased_purges":0,"victory":false,"max_hp_per_floor":[70,70,70,70,70,70,70,70,70,70,70,70,70,70,70,70,70,70,70],"card_choices":[{"not_picked":["theMarked:DeterminationOfTheMarked","theMarked:Static"],"picked":"theMarked:Aftermath","floor":1},{"not_picked":["theMarked:RepellingDischarge","theMarked:WastefulAttack"],"picked":"theMarked:BanishingWave","floor":4},{"not_picked":["theMarked:TwofoldDefense","theMarked:Improvise"],"picked":"theMarked:Aftermath","floor":5},{"not_picked":["theMarked:GodGivenPower","theMarked:Aftermath"],"picked":"theMarked:TakeOffHeels","floor":7},{"not_picked":["theMarked:TwofoldDefense","theMarked:Static"],"picked":"theMarked:RepellingDischarge","floor":12},{"not_picked":["theMarked:Aftermath","theMarked:StartUp"],"picked":"theMarked:Indomitable","floor":13},{"not_picked":["theMarked:FavorableWinds","theMarked:Snap"],"picked":"theMarked:MaelstromOfLightning","floor":14},{"not_picked":["theMarked:HeightenedSenses","theMarked:ChainLightning"],"picked":"theMarked:BanishingStrike","floor":16}],"player_experience":730117,"relics_obtained":[{"floor":9,"key":"Lantern"},{"floor":12,"key":"Old Coin"},{"floor":14,"key":"Blood Vial"},{"floor":15,"key":"ReplayTheSpireMod:Lightbulb"}],"event_choices":[{"damage_healed":0,"gold_gain":0,"player_choice":"Accept","damage_taken":0,"max_hp_gain":0,"max_hp_loss":5,"event_name":"Menagerie:HarrowingRitual","floor":3,"gold_loss":0,"cards_upgraded":["theMarked:Strike"]},{"damage_healed":0,"gold_gain":0,"player_choice":"Ignore","damage_taken":0,"max_hp_gain":0,"max_hp_loss":0,"event_name":"Menagerie:ShimmeringGrove","floor":8,"gold_loss":0,"cards_obtained":["Strike_B"]}],"is_beta":false,"boss_relics":[],"items_purged_floors":[],"is_endless":false,"potions_floor_spawned":[1,4,7,14],"killed_by":"Menagerie:Chimera","ascension_level":0}}