{"host":"kg61lsvem4dxoat8","time":1610897153,"event":{"mods":["BaseMod","Colored Powertips","Minty Spire (QoL Compilation)","Quick Restart","Rare Cards Sparkle","Relic Stats","slay the spire mod where everything is the same but ironclad has a cowboy hat"],"gold_per_floor":[109,123,123,123,123,152,152,152,152],"floor_reached":8,"language":"ENG","playtime":96,"items_purged":[],"score":138,"play_id":"2dbab724-764c-456d-add7-83cf32783db1","local_time":"20210117232553","is_ascension_mode":true,"campfire_choices":[{"data":"Blade Dance","floor":7,"key":"SMITH"}],"circlet_count":0,"master_deck":["AscendersBane","Strike_G","Strike_G","Strike_G","Strike_G","Strike_G","Defend_G","Defend_G","Defend_G","Defend_G","Defend_G","Survivor","Neutralize","Escape Plan","Blade Dance+1"],"relics":["Ring of the Snake","NeowsBlessing","TungstenRod","Molten Egg 2","Blood Vial"],"acts_visited":["Exordium"],"potions_floor_usage":[8],"damage_taken":[{"damage":0,"enemies":"Cultist","floor":1,"turns":1},{"damage":0,"enemies":"Small Slimes","floor":2,"turns":1},{"damage":0,"enemies":"Lagavulin","floor":6,"turns":1},{"damage":68,"enemies":"Gremlin Nob","floor":8,"turns":5}],"seed_played":"-5235888534767331340","potions_obtained":[{"floor":2,"key":"SkillPotion"},{"floor":6,"key":"DistilledChaos"}],"is_trial":false,"path_per_floor":["M","M","?","?","?","E","R","E"],"character_chosen":"THE_SILENT","items_purchased":[],"campfire_rested":0,"item_purchase_floors":[],"current_hp_per_floor":[59,59,48,53,53,53,53,0,0],"gold":152,"neow_bonus":"THREE_ENEMY_KILL","is_daily":false,"chose_seed":false,"campfire_upgraded":1,"win_rate":0.0,"timestamp":1610897153,"path_taken":["M","?","?","?","?","E","R","E"],"items_purchased_type":[],"build_version":"2020-12-22","purchased_purges":0,"victory":false,"max_hp_per_floor":[66,66,66,71,71,71,71,71,71],"relic_stats":{"Blood Vial":2,"counters":[4,8],"obtain_stats":[{"Blood Vial":6,"NeowsBlessing":0,"Molten Egg 2":5,"TungstenRod":3,"Ring of the Snake":0},{"Blood Vial":3,"NeowsBlessing":0,"Molten Egg 2":2,"TungstenRod":2,"Ring of the Snake":0},{"Blood Vial":3,"NeowsBlessing":0,"Molten Egg 2":2,"TungstenRod":2,"Ring of the Snake":0}],"TungstenRod":4,"Ring of the Snake":[8]},"card_choices":[{"not_picked":["Dagger Throw","All Out Attack"],"picked":"Escape Plan","floor":1},{"not_picked":["Dagger Throw","Setup"],"picked":"Blade Dance","floor":2},{"not_picked":["Dagger Throw+1","Skewer+1","Glass Knife+1"],"picked":"SKIP","floor":6}],"player_experience":1380593,"relics_obtained":[{"floor":6,"key":"Blood Vial"}],"event_choices":[{"damage_healed":0,"gold_gain":0,"player_choice":"Success","damage_taken":11,"relics_obtained":["TungstenRod"],"max_hp_gain":0,"max_hp_loss":0,"event_name":"Scrap Ooze","floor":3,"gold_loss":0},{"damage_healed":0,"gold_gain":0,"player_choice":"Donut","damage_taken":0,"max_hp_gain":5,"max_hp_loss":0,"event_name":"Big Fish","floor":4,"gold_loss":0},{"damage_healed":0,"gold_gain":0,"player_choice":"Gave Potion","damage_taken":0,"relics_obtained":["Molten Egg 2"],"max_hp_gain":0,"max_hp_loss":0,"event_name":"WeMeetAgain","floor":5,"gold_loss":0}],"is_beta":false,"boss_relics":[],"items_purged_floors":[],"is_endless":false,"potions_floor_spawned":[2,6],"killed_by":"Gremlin Nob","ascension_level":15}}