{"host":"y3h3n3f7seyagppx","time":1610864085,"event":{"mods":["AlwaysNeverKeys","BaseMod","Better Vampires","Colored Powertips","DeckTracker","Emptier Cage","Minty Spire (QoL Compilation)","Permanent Neow","Quick Restart","Rare Cards Sparkle","Relic Sorter","Relic Stats","StSLib","Transform Curses"],"gold_per_floor":[113,132,146,165,179,211,211,211,211,245,245,272,272,282,282,358,358,370,370,381,415,395,421,431,464,464,474,474,20,34,61,61,139,139,153,172,189,189,203,229,229,229,254,266,296,518,552,562,562,562,562,562],"floor_reached":51,"language":"ENG","playtime":9549,"items_purged":["Writhe"],"score":1688,"play_id":"d904de6d-36cc-42de-bb41-862ebb0da289","local_time":"20210117011445","is_ascension_mode":true,"campfire_choices":[{"floor":8.0,"key":"REST"},{"data":"Noxious Fumes","floor":13.0,"key":"SMITH"},{"data":"Leg Sweep","floor":15.0,"key":"SMITH"},{"data":"Footwork","floor":32.0,"key":"SMITH"},{"floor":41.0,"key":"DIG"},{"data":"Dodge and Roll","floor":49.0,"key":"SMITH"}],"circlet_count":0,"master_deck":["AscendersBane","Strike_G","Strike_G","Strike_G","Strike_G","Defend_G","Defend_G","Defend_G","Defend_G","Defend_G","Survivor","Neutralize+1","Dagger Spray","Dagger Throw","Noxious Fumes+1","Glass Knife+1","Backstab","Calculated Gamble","Leg Sweep+1","Adrenaline","Outmaneuver+1","PiercingWail","Deflect","Envenom","Blade Dance","Footwork+1","Concentrate+1","Calculated Gamble","Adrenaline","PiercingWail","Bouncing Flask","Dodge and Roll+1"],"relics":["Ring of the Snake","Tingsha","Mercury Hourglass","Singing Bowl","Ninja Scroll","TungstenRod","Runic Pyramid","Red Mask","Bag of Preparation","Shovel","Eternal Feather","Dream Catcher","Snake Skull","Potion Belt","Frozen Egg 2","Coffee Dripper","Blood Vial","Sundial","Ancient Tea Set","Anchor","Darkstone Periapt"],"acts_visited":["Exordium","TheCity","TheBeyond"],"potions_floor_usage":[51,51],"damage_taken":[{"damage":1.0,"enemies":"Small Slimes","floor":1.0,"turns":3.0},{"damage":0.0,"enemies":"2 Louse","floor":2.0,"turns":4.0},{"damage":4.0,"enemies":"Jaw Worm","floor":3.0,"turns":4.0},{"damage":18.0,"enemies":"Large Slime","floor":4.0,"turns":5.0},{"damage":5.0,"enemies":"Lots of Slimes","floor":5.0,"turns":3.0},{"damage":17.0,"enemies":"3 Sentries","floor":6.0,"turns":5.0},{"damage":15.0,"enemies":"Lagavulin","floor":10.0,"turns":5.0},{"damage":0.0,"enemies":"3 Sentries","floor":12.0,"turns":4.0},{"damage":0.0,"enemies":"Blue Slaver","floor":14.0,"turns":2.0},{"damage":1.0,"enemies":"The Guardian","floor":16.0,"turns":13.0},{"damage":0.0,"enemies":"Chosen","floor":18.0,"turns":3.0},{"damage":1.0,"enemies":"Shell Parasite","floor":20.0,"turns":3.0},{"damage":2.0,"enemies":"Masked Bandits","floor":21.0,"turns":3.0},{"damage":0.0,"enemies":"Slavers","floor":23.0,"turns":3.0},{"damage":3.0,"enemies":"Sentry and Sphere","floor":24.0,"turns":4.0},{"damage":18.0,"enemies":"Book of Stabbing","floor":25.0,"turns":5.0},{"damage":0.0,"enemies":"Snake Plant","floor":27.0,"turns":4.0},{"damage":0.0,"enemies":"Cultist and Chosen","floor":30.0,"turns":4.0},{"damage":1.0,"enemies":"Slavers","floor":31.0,"turns":5.0},{"damage":19.0,"enemies":"Champ","floor":33.0,"turns":10.0},{"damage":0.0,"enemies":"Orb Walker","floor":35.0,"turns":3.0},{"damage":0.0,"enemies":"3 Darklings","floor":36.0,"turns":4.0},{"damage":0.0,"enemies":"Sphere and 2 Shapes","floor":37.0,"turns":5.0},{"damage":0.0,"enemies":"Writhing Mass","floor":39.0,"turns":7.0},{"damage":54.0,"enemies":"Giant Head","floor":40.0,"turns":8.0},{"damage":0.0,"enemies":"Transient","floor":44.0,"turns":6.0},{"damage":0.0,"enemies":"Nemesis","floor":45.0,"turns":5.0},{"damage":40.0,"enemies":"Giant Head","floor":47.0,"turns":8.0},{"damage":3.0,"enemies":"Maw","floor":48.0,"turns":6.0},{"damage":16,"enemies":"Awakened One","floor":50,"turns":20},{"damage":35,"enemies":"Time Eater","floor":51,"turns":10}],"seed_played":"-2402583597219974187","potions_obtained":[{"floor":3.0,"key":"ColorlessPotion"},{"floor":5.0,"key":"CunningPotion"},{"floor":10.0,"key":"GamblersBrew"},{"floor":20.0,"key":"EssenceOfSteel"},{"floor":21.0,"key":"Strength Potion"},{"floor":30.0,"key":"Block Potion"},{"floor":31.0,"key":"AttackPotion"},{"floor":35.0,"key":"Strength Potion"},{"floor":36.0,"key":"Fire Potion"},{"floor":40.0,"key":"CultistPotion"},{"floor":48.0,"key":"SpeedPotion"}],"is_trial":false,"path_per_floor":["M","M","M","M","M","E","?","R","T","E","?","E","R","M","R","B",null,"M","?","M","?","?","E","M","E","T","M","?","$","M","E","R","B",null,"M","M","M","?","M","E","R","?","T","M","E","?","E","M","R","B","B"],"character_chosen":"THE_SILENT","items_purchased":["Snake Skull","Footwork","Potion Belt"],"campfire_rested":1,"item_purchase_floors":[29,29,29],"current_hp_per_floor":[58,58,54,36,31,14,7,25,25,10,10,10,10,12,12,11,49,49,49,50,48,48,48,45,29,29,31,31,31,31,30,45,26,58,58,60,62,62,64,12,30,62,62,62,62,62,24,25,43,29,0,0],"gold":562,"neow_bonus":"ONE_RARE_RELIC","is_daily":false,"chose_seed":false,"campfire_upgraded":4,"win_rate":0.0,"timestamp":1610864085,"path_taken":["M","M","M","M","M","E","?","R","T","E","?","E","R","M","R","BOSS","M","?","M","?","?","E","?","E","T","M","?","$","M","E","R","BOSS","M","M","M","?","?","E","R","?","T","M","E","?","E","M","R","BOSS","BOSS"],"items_purchased_type":["Relic","Card","Relic"],"build_version":"2020-12-22","purchased_purges":1,"victory":false,"max_hp_per_floor":[60,60,60,60,60,60,60,60,60,60,60,60,60,62,62,62,62,62,62,64,64,64,64,64,66,66,68,68,68,68,68,68,68,68,68,70,72,72,74,76,76,62,62,62,62,62,64,66,66,66,66,66],"relic_stats":{"Darkstone Periapt":0,"Singing Bowl":20,"counters":[31,173],"Tingsha":[575],"Eternal Feather":51,"Snake Skull":[311],"Bag of Preparation":[0],"Mercury Hourglass":[473],"Blood Vial":6,"Dream Catcher":0,"Shovel":1,"Sundial":[6],"obtain_stats":[{"Potion Belt":29,"Darkstone Periapt":47,"Singing Bowl":9,"Tingsha":0,"Eternal Feather":26,"Snake Skull":29,"Bag of Preparation":23,"Frozen Egg 2":31,"Ancient Tea Set":43,"Mercury Hourglass":6,"Blood Vial":40,"Dream Catcher":28,"Anchor":45,"Shovel":25,"Ninja Scroll":10,"Sundial":41,"Red Mask":21,"Coffee Dripper":34,"TungstenRod":12,"Ring of the Snake":0,"Runic Pyramid":17},{"Potion Belt":17,"Darkstone Periapt":28,"Singing Bowl":6,"Tingsha":0,"Eternal Feather":16,"Snake Skull":17,"Bag of Preparation":14,"Frozen Egg 2":19,"Ancient Tea Set":25,"Mercury Hourglass":6,"Blood Vial":25,"Dream Catcher":17,"Anchor":27,"Shovel":16,"Ninja Scroll":7,"Sundial":25,"Red Mask":13,"Coffee Dripper":20,"TungstenRod":8,"Ring of the Snake":0,"Runic Pyramid":10},{"Potion Belt":73,"Darkstone Periapt":138,"Singing Bowl":24,"Tingsha":0,"Eternal Feather":69,"Snake Skull":73,"Bag of Preparation":60,"Frozen Egg 2":82,"Ancient Tea Set":119,"Mercury Hourglass":24,"Blood Vial":119,"Dream Catcher":73,"Anchor":130,"Shovel":69,"Ninja Scroll":29,"Sundial":119,"Red Mask":57,"Coffee Dripper":92,"TungstenRod":33,"Ring of the Snake":0,"Runic Pyramid":48}],"TungstenRod":38,"Ring of the Snake":[62]},"card_choices":[{"not_picked":["Acrobatics","Backflip"],"picked":"Dagger Spray","floor":1.0},{"not_picked":["Dodge and Roll","Slice"],"picked":"Dagger Throw","floor":2.0},{"not_picked":["Flechettes","Backflip"],"picked":"Noxious Fumes","floor":3.0},{"not_picked":["Backflip","Outmaneuver"],"picked":"Glass Knife","floor":4.0},{"not_picked":["Sucker Punch","Dagger Spray","Acrobatics"],"picked":"SKIP","floor":5.0},{"not_picked":["Cloak And Dagger","Dagger Throw"],"picked":"Backstab","floor":6.0},{"not_picked":["Dodge and Roll","Prepared"],"picked":"Calculated Gamble","floor":10.0},{"not_picked":["Distraction","Backflip"],"picked":"Leg Sweep","floor":12.0},{"not_picked":["Predator","Choke","Reflex"],"picked":"Singing Bowl","floor":14.0},{"not_picked":["Glass Knife","Malaise"],"picked":"Adrenaline","floor":16.0},{"not_picked":["Dagger Spray","Poisoned Stab"],"picked":"Outmaneuver+1","floor":18.0},{"not_picked":["Dagger Throw","Outmaneuver","Eviscerate+1"],"picked":"Singing Bowl","floor":20.0},{"not_picked":["Predator","Quick Slash"],"picked":"Deflect","floor":21.0},{"not_picked":["Tactician+1","Heel Hook"],"picked":"Envenom","floor":23.0},{"not_picked":["Backstab","Cloak And Dagger"],"picked":"Blade Dance","floor":24.0},{"not_picked":["Caltrops","Bane","Crippling Poison"],"picked":"Singing Bowl","floor":25.0},{"not_picked":["Deflect","Sucker Punch","Dagger Throw"],"picked":"Singing Bowl","floor":27.0},{"not_picked":["Backflip","Calculated Gamble"],"picked":"Concentrate+1","floor":30.0},{"not_picked":["Infinite Blades+1","Riddle With Holes"],"picked":"Calculated Gamble","floor":31.0},{"not_picked":["Phantasmal Killer","Venomology"],"picked":"Adrenaline","floor":33.0},{"not_picked":["Outmaneuver","Distraction"],"picked":"PiercingWail","floor":35.0},{"not_picked":["Backflip","Noxious Fumes+1","Endless Agony"],"picked":"Singing Bowl","floor":36.0},{"not_picked":["Cloak And Dagger","Flying Knee+1","Deadly Poison+1"],"picked":"Singing Bowl","floor":37.0},{"not_picked":["Terror","PiercingWail","Backstab"],"picked":"Singing Bowl","floor":39.0},{"not_picked":["Unload","Glass Knife","Slice"],"picked":"Singing Bowl","floor":40.0},{"not_picked":["Flying Knee","PiercingWail"],"picked":"Bouncing Flask","floor":44.0},{"not_picked":["Skewer","Slice"],"picked":"Dodge and Roll","floor":45.0},{"not_picked":["Riddle With Holes","Dodge and Roll","Sucker Punch+1"],"picked":"Singing Bowl","floor":47.0},{"not_picked":["Dagger Throw","Noxious Fumes+1","Die Die Die"],"picked":"Singing Bowl","floor":48.0}],"player_experience":21149060,"relics_obtained":[{"floor":6.0,"key":"Mercury Hourglass"},{"floor":9.0,"key":"Singing Bowl"},{"floor":10.0,"key":"Ninja Scroll"},{"floor":12.0,"key":"TungstenRod"},{"floor":21.0,"key":"Red Mask"},{"floor":23.0,"key":"Bag of Preparation"},{"floor":25.0,"key":"Shovel"},{"floor":26.0,"key":"Eternal Feather"},{"floor":31.0,"key":"Frozen Egg 2"},{"floor":40.0,"key":"Blood Vial"},{"floor":41.0,"key":"Sundial"},{"floor":43.0,"key":"Ancient Tea Set"},{"floor":45.0,"key":"Anchor"},{"floor":47.0,"key":"Darkstone Periapt"}],"event_choices":[{"cards_removed":["Strike_G"],"damage_healed":0.0,"max_hp_gain":0.0,"max_hp_loss":0.0,"gold_gain":0.0,"event_name":"Golden Wing","player_choice":"Card Removal","floor":7.0,"gold_loss":0.0,"damage_taken":7.0},{"damage_healed":0.0,"max_hp_gain":0.0,"max_hp_loss":0.0,"gold_gain":0.0,"event_name":"Living Wall","player_choice":"Grow","floor":11.0,"gold_loss":0.0,"damage_taken":0.0,"cards_upgraded":["Glass Knife"]},{"damage_healed":0.0,"max_hp_gain":0.0,"max_hp_loss":0.0,"gold_gain":0.0,"event_name":"The Library","player_choice":"Read","floor":19.0,"gold_loss":0.0,"damage_taken":0.0,"cards_obtained":["PiercingWail"]},{"damage_healed":0.0,"max_hp_gain":0.0,"max_hp_loss":0.0,"gold_gain":0.0,"event_name":"Masked Bandits","player_choice":"Fought Bandits","floor":21.0,"gold_loss":0.0,"damage_taken":0.0},{"damage_healed":0.0,"max_hp_gain":0.0,"max_hp_loss":0.0,"gold_gain":0.0,"event_name":"The Woman in Blue","player_choice":"Bought 1 Potion","floor":22.0,"gold_loss":0.0,"damage_taken":0.0},{"damage_healed":0.0,"max_hp_gain":0.0,"max_hp_loss":0.0,"gold_gain":0.0,"event_name":"The Mausoleum","player_choice":"Opened","floor":28.0,"gold_loss":0.0,"damage_taken":0.0,"relics_obtained":["Dream Catcher"],"cards_obtained":["Writhe"]},{"damage_healed":0.0,"max_hp_gain":0.0,"max_hp_loss":0.0,"gold_gain":0.0,"event_name":"Accursed Blacksmith","player_choice":"Forge","floor":38.0,"gold_loss":0.0,"damage_taken":0.0,"cards_upgraded":["Neutralize"]},{"damage_healed":62.0,"max_hp_gain":0.0,"max_hp_loss":14.0,"gold_gain":0.0,"event_name":"The Moai Head","player_choice":"Heal","floor":42.0,"gold_loss":0.0,"damage_taken":0.0},{"damage_healed":0.0,"max_hp_gain":0.0,"max_hp_loss":0.0,"gold_gain":222.0,"event_name":"Tomb of Lord Red Mask","player_choice":"Wore Mask","floor":46.0,"gold_loss":0.0,"damage_taken":0.0}],"is_beta":false,"boss_relics":[{"not_picked":["Runic Dome","HoveringKite"],"picked":"Runic Pyramid"},{"not_picked":["Busted Crown","Fusion Hammer"],"picked":"Coffee Dripper"}],"items_purged_floors":[29],"is_endless":false,"potions_floor_spawned":[3,5,10,12,20,21,30,31,35,36,40,48],"killed_by":"Time Eater","ascension_level":20}}