{"host":"8n2lgrrkrt9pi315","time":1610892614,"event":{"mods":["BaseMod","Colored Map","Downfall","Minty Spire (QoL Compilation)","StSLib","The Cursed"],"gold_per_floor":[99,117,117,136,153,153,153,166,166,178,178,178,178,195,212,313,313,313,328,328,328,339,36,36,50,68,80,99,129,129,14,30,133,133,133,150,168,295,295,307,332,332,332,361,361,376,76,76,91,91,91,91,91,91],"floor_reached":52,"language":"ENG","playtime":3378,"items_purged":["champ:GladiatorStyle","champ:HeartStrike","champ:GutPunch"],"score":673,"play_id":"76c590e5-b302-4336-8f68-f38276f88b7e","local_time":"20210117151014","is_ascension_mode":false,"campfire_choices":[{"data":"champ:Taunt","floor":1,"key":"SMITH"},{"data":"champ:StanceDance","floor":6,"key":"SMITH"},{"data":"champ:GutPunch","floor":11,"key":"SMITH"},{"data":"champ:StanceDance","floor":18,"key":"SMITH"},{"floor":30,"key":"REST"},{"data":"champ:StanceDance","floor":35,"key":"SMITH"},{"floor":42,"key":"RECALL"},{"data":"champ:CalledShot","floor":47,"key":"SMITH"}],"circlet_count":0,"master_deck":["champ:Execute","champ:Taunt+1","champ:StanceDance+1","champ:GutPunch+1","champ:FaceSlap","champ:CalledShot+1","champ:DancingMaster","champ:FlashCut","champ:LastStand","champ:LastStand","champ:LastStand","champ:DefensiveShout","champ:StanceDance+1","champ:AdrenalArmor+1","champ:PreciseThrust","champ:FanOfKnives","expansioncontent:DashGenerateEvil","champ:BerserkersShout","champ:Encircle+1","champ:StanceDance+1","CurseOfTheBell","champ:FancyFootwork","champ:IronFortress"],"relics":["champ:ChampionCrown","Toy Ornithopter","Anchor","downfall:ShatteredFragment","Pandora\u0027s Box","champ:FightingForDummies","StoneCalendar","Dream Catcher","Calling Bell","Lantern","Question Card","Shovel","Letter Opener","downfall:HeartBlessingBlue","downfall:HeartBlessingRed","downfall:HeartBlessingGreen"],"acts_visited":["Exordium","TheCity","TheBeyond","TheEnding"],"potions_floor_usage":[14,16,28,28,33,44,44,50,50],"damage_taken":[{"damage":20,"enemies":"Jaw Worm","floor":2,"turns":4},{"damage":10,"enemies":"2 Louse","floor":4,"turns":3},{"damage":14,"enemies":"Small Slimes","floor":5,"turns":5},{"damage":18,"enemies":"Exordium Wildlife","floor":8,"turns":6},{"damage":0,"enemies":"2 Fungi Beasts","floor":10,"turns":2},{"damage":5,"enemies":"Large Slime","floor":14,"turns":3},{"damage":0,"enemies":"Blue Slaver","floor":15,"turns":2},{"damage":75,"enemies":"IC_STATUS_ARCHETYPE","floor":16,"turns":9},{"damage":15,"enemies":"Spheric Guardian","floor":19,"turns":4},{"damage":70,"enemies":"3 Cultists","floor":22,"turns":6},{"damage":20,"enemies":"downfall:FleeingMerchant","floor":23,"turns":4},{"damage":29,"enemies":"Snecko","floor":25,"turns":5},{"damage":5,"enemies":"Snake Plant","floor":26,"turns":1},{"damage":27,"enemies":"Shelled Parasite and Fungi","floor":27,"turns":5},{"damage":10,"enemies":"Cultist and Chosen","floor":28,"turns":3},{"damage":0,"enemies":"Slavers","floor":29,"turns":3},{"damage":19,"enemies":"downfall:FleeingMerchant","floor":31,"turns":4},{"damage":21,"enemies":"Snake Plant","floor":32,"turns":4},{"damage":56,"enemies":"SI_MIRROR_ARCHETYPE","floor":33,"turns":6},{"damage":10,"enemies":"Orb Walker","floor":36,"turns":2},{"damage":23,"enemies":"3 Shapes","floor":37,"turns":3},{"damage":41,"enemies":"downfall:FleeingMerchant","floor":38,"turns":4},{"damage":17,"enemies":"3 Darklings","floor":40,"turns":4},{"damage":44,"enemies":"Reptomancer","floor":44,"turns":6},{"damage":25,"enemies":"Sphere and 2 Shapes","floor":46,"turns":4},{"damage":4,"enemies":"Jaw Worm Horde","floor":49,"turns":3},{"damage":62,"enemies":"DF_ARCHETYPE_ORBS","floor":50,"turns":6},{"damage":135,"enemies":"downfall:CharBossMerchant","floor":52,"turns":7}],"seed_played":"-4487014488719310226","potions_obtained":[{"floor":8,"key":"GamblersBrew"},{"floor":10,"key":"AttackPotion"},{"floor":15,"key":"DuplicationPotion"},{"floor":20,"key":"CultistPotion"},{"floor":25,"key":"GamblersBrew"},{"floor":26,"key":"ColorlessPotion"},{"floor":32,"key":"DuplicationPotion"},{"floor":36,"key":"DuplicationPotion"},{"floor":44,"key":"Swift Potion"},{"floor":49,"key":"Block Potion"}],"is_trial":false,"path_per_floor":["R","M","?","M","M","R","T","M","?","M","R","?","?","M","M","B",null,"R","M","?","?","M","$","T","M","M","M","M","E","R","$","M","B",null,"R","M","M","$","?","M","T","R","?","E","?","M","R","?","M","B",null,"E"],"character_chosen":"THE_CHAMP","items_purchased":["champ:FanOfKnives","expansioncontent:DashGenerateEvil","champ:IronFortress"],"campfire_rested":1,"item_purchase_floors":[23,23,38],"current_hp_per_floor":[99,99,92,92,88,88,88,85,90,90,90,90,63,68,68,18,104,104,89,89,89,59,59,59,35,35,23,33,33,64,60,59,33,104,104,104,91,85,85,83,83,83,83,84,84,74,84,100,96,69,100,0,0,0],"gold":91,"neow_bonus":"TEN_PERCENT_HP_BONUS","is_daily":false,"chose_seed":false,"campfire_upgraded":6,"win_rate":0.0,"timestamp":1610892614,"path_taken":["R","M","?","M","M","R","T","M","?","M","R","?","?","?","M","BOSS","R","M","?","?","M","$","T","M","M","M","M","E","R","$","M","BOSS","R","M","M","$","?","M","T","R","?","E","?","M","R","?","M","BOSS","E"],"items_purchased_type":["Card","Card","Card"],"build_version":"2020-12-22","purchased_purges":3,"victory":false,"max_hp_per_floor":[99,99,99,99,99,99,99,99,104,104,104,104,104,104,104,104,104,104,104,104,104,104,104,104,104,104,104,104,104,104,104,104,104,104,104,104,104,104,104,104,104,104,104,104,104,104,114,100,100,100,100,100,100,100],"card_choices":[{"not_picked":["champ:Haymaker","champ:PreciseThrust"],"picked":"champ:StanceDance","floor":2},{"not_picked":["champ:BringItOn","champ:Shatter"],"picked":"champ:GutPunch","floor":4},{"not_picked":["champ:DefensiveShout","champ:Circumvent"],"picked":"champ:GutPunch","floor":5},{"not_picked":["champ:RapidStrikes","champ:BladeFlurry"],"picked":"champ:FaceSlap","floor":8},{"not_picked":["champ:BerserkersShout","champ:DefensiveShout"],"picked":"champ:CalledShot","floor":10},{"not_picked":["champ:BladeFlurry","champ:Circumvent"],"picked":"champ:DancingMaster","floor":14},{"not_picked":["champ:CalledShot","champ:Duel"],"picked":"champ:FlashCut","floor":15},{"not_picked":["champ:EnGarde","champ:Backstep"],"picked":"champ:AdrenalArmor+1","floor":19},{"not_picked":["champ:CrownThrow","champ:PerfectedStrike","champ:EnGarde+1"],"picked":"SKIP","floor":22},{"not_picked":["champ:CrownThrow","champ:PerfectedStrike"],"picked":"champ:PreciseThrust","floor":23},{"not_picked":["champ:HeartStrike","champ:FlashCut","champ:GutPunch"],"picked":"SKIP","floor":25},{"not_picked":["champ:RisingSlash","champ:StrikeOfGenius","champ:BladeFlurry"],"picked":"SKIP","floor":26},{"not_picked":["champ:Shatter+1","champ:Parry","champ:CrownThrow"],"picked":"SKIP","floor":27},{"not_picked":["champ:EnragedBash+1","champ:RapidStrikes+1"],"picked":"champ:BerserkersShout","floor":28},{"not_picked":["champ:DefensiveShout","champ:ShieldWall"],"picked":"champ:Encircle+1","floor":29},{"not_picked":["champ:LastStand","champ:BerserkersShout"],"picked":"champ:StanceDance","floor":30},{"not_picked":["champ:FanOfKnives+1","champ:CrookedStrike","champ:TornadoPunch"],"picked":"SKIP","floor":31},{"not_picked":["champ:DeathBlow","champ:TornadoPunch+1","champ:Backstep"],"picked":"SKIP","floor":32},{"not_picked":["champ:BringItOn+1","champ:Haymaker+1","champ:SetATrap","champ:PerfectedStrike"],"picked":"SKIP","floor":36},{"not_picked":["champ:ShieldSlam+1","champ:Circumvent","champ:LastStand"],"picked":"champ:FancyFootwork","floor":37},{"not_picked":["champ:GutPunch+1","champ:CrownThrow+1","champ:PreemptiveStrike","champ:ShieldThrow"],"picked":"SKIP","floor":38},{"not_picked":["champ:PreemptiveStrike+1","champ:DefensiveShout","champ:EnragedBash","champ:CrownThrow+1"],"picked":"SKIP","floor":40},{"not_picked":["champ:DefensiveShout+1","champ:BringItOn+1","champ:SkillfulDodge","champ:Parry+1"],"picked":"SKIP","floor":44},{"not_picked":["champ:EnGarde","champ:AdrenalArmor","champ:Duel","champ:Shatter+1"],"picked":"SKIP","floor":46},{"not_picked":["champ:Backstep+1","champ:BringItOn","champ:DefensiveShout","champ:EnGarde"],"picked":"SKIP","floor":49}],"player_experience":70730,"relics_obtained":[{"floor":7,"key":"Anchor"},{"floor":24,"key":"StoneCalendar"},{"floor":29,"key":"Dream Catcher"},{"floor":34,"key":"Lantern"},{"floor":34,"key":"Question Card"},{"floor":34,"key":"Shovel"},{"floor":44,"key":"Letter Opener"}],"event_choices":[{"damage_healed":0,"gold_gain":0,"player_choice":"Success","damage_taken":7,"relics_obtained":["Toy Ornithopter"],"max_hp_gain":0,"max_hp_loss":0,"event_name":"Scrap Ooze","floor":3,"gold_loss":0},{"damage_healed":0,"gold_gain":0,"player_choice":"Donut","damage_taken":0,"max_hp_gain":5,"max_hp_loss":0,"event_name":"Big Fish","floor":9,"gold_loss":0},{"cards_removed":["champ:RisingSlash"],"damage_healed":0,"gold_gain":0,"player_choice":"Removed Attack","damage_taken":0,"max_hp_gain":0,"max_hp_loss":0,"event_name":"Falling","floor":39,"gold_loss":0},{"damage_healed":0,"gold_gain":0,"player_choice":"Ignored","damage_taken":0,"max_hp_gain":0,"max_hp_loss":0,"event_name":"Mysterious Sphere","floor":43,"gold_loss":0}],"is_beta":false,"boss_relics":[{"not_picked":["Runic Dome","Velvet Choker"],"picked":"Pandora\u0027s Box"},{"not_picked":["Philosopher\u0027s Stone","Cursed Key"],"picked":"Calling Bell"}],"items_purged_floors":[23,31,38],"is_endless":false,"potions_floor_spawned":[8,10,15,25,26,27,32,36,44,49],"killed_by":"downfall:CharBossMerchant","ascension_level":0}}