{"host":"q6ff4ns2kep02ti6","time":1610903883,"event":{"mods":["AchievementEnabler","BaseMod","Minty Spire (QoL Compilation)","Relic Stats","StSLib","Unceasing Turn Reminder"],"gold_per_floor":[109,122,140,140,140,140,153,169,192,221,251,21,21,21],"floor_reached":13,"language":"ENG","playtime":830,"items_purged":["Injury"],"score":154,"play_id":"a6f78178-4959-4f05-b8aa-d676cb70a976","local_time":"20210117181803","is_ascension_mode":true,"campfire_choices":[{"data":"Carnage","floor":6,"key":"SMITH"}],"circlet_count":0,"master_deck":["AscendersBane","Strike_R","Strike_R","Strike_R","Strike_R","Strike_R","Defend_R","Defend_R","Defend_R","Defend_R","Bash","Purity","Carnage+1","Sword Boomerang","Spot Weakness","Ghostly Armor","True Grit","Uppercut"],"relics":["Burning Blood","Smiling Mask","Golden Idol","CeramicFish","Membership Card"],"acts_visited":["Exordium"],"potions_floor_usage":[8,8,8],"damage_taken":[{"damage":11,"enemies":"Jaw Worm","floor":1,"turns":5},{"damage":6,"enemies":"Small Slimes","floor":2,"turns":4},{"damage":4,"enemies":"2 Louse","floor":3,"turns":4},{"damage":40,"enemies":"Large Slime","floor":7,"turns":6},{"damage":0,"enemies":"2 Fungi Beasts","floor":8,"turns":2},{"damage":8,"enemies":"Blue Slaver","floor":10,"turns":3},{"damage":30,"enemies":"3 Sentries","floor":13,"turns":6}],"seed_played":"-2256368588939023523","potions_obtained":[{"floor":1,"key":"EntropicBrew"},{"floor":3,"key":"Explosive Potion"}],"is_trial":false,"path_per_floor":["M","M","M","?","?","R","M","M","T","M","?","$","E"],"character_chosen":"IRONCLAD","items_purchased":["Membership Card","Uppercut"],"campfire_rested":0,"item_purchase_floors":[12,12],"current_hp_per_floor":[63,63,65,54,54,54,20,26,26,24,24,24,0,0],"gold":21,"neow_bonus":"RANDOM_COLORLESS","is_daily":false,"chose_seed":false,"campfire_upgraded":1,"win_rate":0.0,"timestamp":1610903883,"path_taken":["M","M","M","?","?","R","M","M","T","M","?","$","E"],"items_purchased_type":["Relic","Card"],"build_version":"2020-12-22","purchased_purges":1,"victory":false,"max_hp_per_floor":[75,75,75,75,75,75,75,75,75,75,75,75,75,75],"relic_stats":{"counters":[7,30],"Golden Idol":10,"CeramicFish":18,"Smiling Mask":-12,"obtain_stats":[{"Golden Idol":5,"CeramicFish":9,"Membership Card":12,"Smiling Mask":4,"Burning Blood":0},{"Golden Idol":3,"CeramicFish":5,"Membership Card":6,"Smiling Mask":3,"Burning Blood":0},{"Golden Idol":13,"CeramicFish":21,"Membership Card":24,"Smiling Mask":13,"Burning Blood":0}],"Burning Blood":36},"card_choices":[{"not_picked":["Finesse","Swift Strike"],"picked":"Purity","floor":0},{"not_picked":["Bloodletting","Dropkick"],"picked":"Carnage","floor":1},{"not_picked":["True Grit","Rupture"],"picked":"Sword Boomerang","floor":2},{"not_picked":["Burning Pact","Clash","Anger"],"picked":"SKIP","floor":3},{"not_picked":["Inflame","Disarm"],"picked":"Spot Weakness","floor":7},{"not_picked":["Cleave","Entrench"],"picked":"Ghostly Armor","floor":8},{"not_picked":["Heavy Blade","Anger"],"picked":"True Grit","floor":10}],"player_experience":970653,"relics_obtained":[{"floor":9,"key":"CeramicFish"}],"event_choices":[{"damage_healed":0,"gold_gain":0,"player_choice":"Success","damage_taken":11,"relics_obtained":["Smiling Mask"],"max_hp_gain":0,"max_hp_loss":0,"event_name":"Scrap Ooze","floor":4,"gold_loss":0},{"damage_healed":0,"gold_gain":0,"player_choice":"Take Wound","damage_taken":0,"relics_obtained":["Golden Idol"],"max_hp_gain":0,"max_hp_loss":0,"event_name":"Golden Idol","floor":5,"gold_loss":0,"cards_obtained":["Injury"]},{"damage_healed":0,"gold_gain":30,"player_choice":"Searched \u00271\u0027 times","damage_taken":0,"max_hp_gain":0,"max_hp_loss":0,"event_name":"Dead Adventurer","floor":11,"gold_loss":0}],"is_beta":false,"boss_relics":[],"items_purged_floors":[12],"is_endless":false,"potions_floor_spawned":[1,3,7],"killed_by":"3 Sentries","ascension_level":20}}