{"host":"7sni158j623xchr2","time":1610927911,"event":{"mods":["BaseMod","Colored Map","Highlight Path","Minty Spire (QoL Compilation)","Permanent Neow","Potion Indicator Mod","Rare Cards Sparkle","Relic Sorter","Relic Stats","StSLib","everything is the same but u backflip on backflip"],"gold_per_floor":[118,136,136,136,136,165,165,177,200,215,225,225,256,275,275,375,375,393,393,409,7,7,39,39,56,82,82,117,134,134,147,147,248,248,265,1264,1274,1274,1274,1304,1304,1304,1353,1368,1398,1443,824,838,838,838,838,838,154,189,189],"floor_reached":56,"language":"ENG","playtime":1855,"items_purged":["Normality","Normality"],"score":1354,"play_id":"81b0be9f-754b-4684-9577-47f8e4073d28","local_time":"20210117175831","is_ascension_mode":true,"campfire_choices":[{"data":"Bane","floor":7.0,"key":"SMITH"},{"floor":12.0,"key":"REST"},{"data":"Terror","floor":15.0,"key":"SMITH"},{"data":"Malaise","floor":24.0,"key":"SMITH"},{"data":"Well Laid Plans","floor":27.0,"key":"SMITH"},{"data":"Deadly Poison","floor":32.0,"key":"SMITH"},{"data":"Dodge and Roll","floor":41.0,"key":"SMITH"},{"floor":49.0,"key":"RECALL"},{"data":"Dash","floor":52,"key":"SMITH"}],"circlet_count":0,"master_deck":["Strike_G+1","Strike_G+1","Strike_G+1","Strike_G+1","Strike_G+1","Defend_G+1","Defend_G+1","Defend_G+1","Defend_G+1","Defend_G+1","Survivor","Neutralize+1","Corpse Explosion+1","Predator","Bane+1","Deflect","Dagger Spray","Terror+1","Dodge and Roll+1","Well Laid Plans+1","Malaise+1","PiercingWail","Deadly Poison+1","Bullet Time","Backflip+1","PiercingWail","Dash+1","Master of Strategy","Acrobatics+1","Caltrops"],"relics":["Ring of the Snake","Dream Catcher","Happy Flower","Paper Crane","SlaversCollar","TwistedFunnel","HornCleat","InkBottle","PreservedInsect","Shuriken","Black Star","Gambling Chip","Matryoshka","Eternal Feather","Letter Opener","Gremlin Horn","CaptainsWheel","Anchor","Regal Pillow","Toy Ornithopter","Mummified Hand","Strange Spoon","Mercury Hourglass","Pen Nib"],"acts_visited":["Exordium","TheCity","TheBeyond","TheEnding"],"potions_floor_usage":[55,55],"damage_taken":[{"damage":0.0,"enemies":"2 Louse","floor":1.0,"turns":2.0},{"damage":3.0,"enemies":"Small Slimes","floor":2.0,"turns":2.0},{"damage":9.0,"enemies":"3 Sentries","floor":6.0,"turns":3.0},{"damage":0.0,"enemies":"Cultist","floor":8.0,"turns":3.0},{"damage":15.0,"enemies":"Large Slime","floor":10.0,"turns":5.0},{"damage":0.0,"enemies":"Exordium Thugs","floor":11.0,"turns":3.0},{"damage":10.0,"enemies":"Gremlin Nob","floor":13.0,"turns":3.0},{"damage":0.0,"enemies":"Red Slaver","floor":14.0,"turns":3.0},{"damage":5.0,"enemies":"Hexaghost","floor":16.0,"turns":9.0},{"damage":2.0,"enemies":"3 Byrds","floor":18.0,"turns":4.0},{"damage":11.0,"enemies":"Shell Parasite","floor":20.0,"turns":4.0},{"damage":8.0,"enemies":"Book of Stabbing","floor":23.0,"turns":5.0},{"damage":0.0,"enemies":"Centurion and Healer","floor":25.0,"turns":3.0},{"damage":0.0,"enemies":"Gremlin Leader","floor":28.0,"turns":5.0},{"damage":10.0,"enemies":"Shelled Parasite and Fungi","floor":29.0,"turns":3.0},{"damage":5.0,"enemies":"3 Cultists","floor":31.0,"turns":4.0},{"damage":30.0,"enemies":"Automaton","floor":33.0,"turns":11.0},{"damage":0.0,"enemies":"3 Darklings","floor":35.0,"turns":2.0},{"damage":7.0,"enemies":"3 Shapes","floor":37.0,"turns":5.0},{"damage":2.0,"enemies":"Reptomancer","floor":40.0,"turns":5.0},{"damage":8.0,"enemies":"Spire Growth","floor":44.0,"turns":5.0},{"damage":15.0,"enemies":"Giant Head","floor":45.0,"turns":8.0},{"damage":15.0,"enemies":"2 Orb Walkers","floor":46.0,"turns":4.0},{"damage":0.0,"enemies":"4 Shapes","floor":48.0,"turns":2.0},{"damage":31,"enemies":"Time Eater","floor":50,"turns":16},{"damage":7,"enemies":"Shield and Spear","floor":54,"turns":4},{"damage":52,"enemies":"The Heart","floor":55,"turns":10}],"seed_played":"-5577577156603358978","potions_obtained":[{"floor":2.0,"key":"GhostInAJar"},{"floor":5.0,"key":"EntropicBrew"},{"floor":5.0,"key":"LiquidMemories"},{"floor":8.0,"key":"GamblersBrew"},{"floor":10.0,"key":"Ancient Potion"},{"floor":13.0,"key":"Weak Potion"},{"floor":16.0,"key":"SneckoOil"},{"floor":23.0,"key":"Fire Potion"},{"floor":33.0,"key":"LiquidMemories"},{"floor":44.0,"key":"Regen Potion"}],"is_trial":false,"path_per_floor":["M","M","?","?","?","E","R","M","T","M","M","R","E","M","R","B",null,"M","?","M","$","$","E","R","M","T","R","E","M","?","M","R","B",null,"M","?","M","?","?","E","R","?","T","M","E","?","$","M","R","B",null,"R","$","E","B",null],"character_chosen":"THE_SILENT","items_purchased":["TwistedFunnel","HornCleat","LiquidMemories","Master of Strategy","Anchor","Regal Pillow","Toy Ornithopter","Mummified Hand","Caltrops","Strange Spoon"],"campfire_rested":1,"item_purchase_floors":[21,21,47,47,47,47,53,53,53,53],"current_hp_per_floor":[49,46,32,32,32,23,23,23,23,8,8,29,19,19,19,14,70,68,68,57,57,57,49,49,49,49,49,49,39,39,34,34,4,70,70,70,63,63,63,61,61,61,61,53,53,38,38,38,56,25,66,66,66,59,17],"gold":189,"neow_bonus":"THREE_RARE_CARDS","is_daily":false,"chose_seed":false,"campfire_upgraded":7,"win_rate":0.0,"timestamp":1610927911,"path_taken":["M","M","?","?","?","E","R","?","T","M","M","R","E","M","R","BOSS","M","?","M","?","$","E","R","?","T","R","E","M","?","M","R","BOSS","M","?","M","?","?","E","R","?","T","M","E","?","$","M","R","BOSS","R","$","E","BOSS"],"items_purchased_type":["Relic","Relic","Potion","Card","Relic","Relic","Relic","Relic","Card","Relic"],"build_version":"2020-12-22","purchased_purges":2,"victory":true,"max_hp_per_floor":[70,70,70,70,70,70,70,70,70,70,70,70,70,70,70,70,70,70,70,70,70,70,70,70,70,70,70,70,70,70,70,70,70,70,70,70,70,70,70,70,70,66,66,66,66,66,66,66,66,66,66,66,66,66,66],"relic_stats":{"Regal Pillow":0,"Happy Flower":[41],"Gremlin Horn":[3,3],"counters":[27,133],"Eternal Feather":18,"PreservedInsect":298,"Pen Nib":[2],"Letter Opener":[95],"Mercury Hourglass":[30],"Strange Spoon":[4],"Dream Catcher":1,"Shuriken":[17],"Mummified Hand":[3],"Gambling Chip":[11],"Black Star":3,"obtain_stats":[{"TwistedFunnel":21,"Regal Pillow":47,"Happy Flower":9,"Gremlin Horn":45,"Eternal Feather":43,"PreservedInsect":26,"Pen Nib":54,"Letter Opener":45,"Paper Crane":13,"Mercury Hourglass":54,"SlaversCollar":17,"Strange Spoon":53,"Dream Catcher":6,"CaptainsWheel":46,"Anchor":47,"HornCleat":21,"Matryoshka":40,"Shuriken":28,"Mummified Hand":53,"Gambling Chip":40,"Black Star":34,"InkBottle":23,"Toy Ornithopter":53,"Ring of the Snake":0},{"TwistedFunnel":11,"Regal Pillow":23,"Happy Flower":4,"Gremlin Horn":22,"Eternal Feather":20,"PreservedInsect":13,"Pen Nib":26,"Letter Opener":22,"Paper Crane":7,"Mercury Hourglass":26,"SlaversCollar":9,"Strange Spoon":25,"Dream Catcher":3,"CaptainsWheel":23,"Anchor":23,"HornCleat":11,"Matryoshka":20,"Shuriken":14,"Mummified Hand":25,"Gambling Chip":20,"Black Star":17,"InkBottle":12,"Toy Ornithopter":25,"Ring of the Snake":0},{"TwistedFunnel":41,"Regal Pillow":101,"Happy Flower":10,"Gremlin Horn":97,"Eternal Feather":84,"PreservedInsect":49,"Pen Nib":123,"Letter Opener":97,"Paper Crane":21,"Mercury Hourglass":123,"SlaversCollar":33,"Strange Spoon":119,"Dream Catcher":7,"CaptainsWheel":101,"Anchor":101,"HornCleat":41,"Matryoshka":84,"Shuriken":54,"Mummified Hand":119,"Gambling Chip":84,"Black Star":72,"InkBottle":46,"Toy Ornithopter":119,"Ring of the Snake":0}],"InkBottle":[22],"Toy Ornithopter":10,"Ring of the Snake":[54]},"card_choices":[{"not_picked":["Wraith Form v2","Bullet Time"],"picked":"Corpse Explosion","floor":0.0},{"not_picked":["Flying Knee","Slice"],"picked":"Predator","floor":1.0},{"not_picked":["Dodge and Roll","Heel Hook"],"picked":"Bane","floor":2.0},{"not_picked":["Deadly Poison","Prepared"],"picked":"Deflect","floor":6.0},{"not_picked":["Expertise","Dagger Throw","Accuracy"],"picked":"SKIP","floor":8.0},{"not_picked":["Blade Dance","Setup"],"picked":"Dagger Spray","floor":10.0},{"not_picked":["Tactician","Footwork"],"picked":"Terror","floor":11.0},{"not_picked":["Leg Sweep","Masterful Stab"],"picked":"Dodge and Roll","floor":12.0},{"not_picked":["Skewer","Poisoned Stab"],"picked":"Well Laid Plans","floor":13.0},{"not_picked":["Terror","Flying Knee","Expertise"],"picked":"SKIP","floor":14.0},{"not_picked":["Doppelganger","Tools of the Trade"],"picked":"Malaise","floor":16.0},{"not_picked":["Prepared","Dagger Throw","Flechettes"],"picked":"SKIP","floor":18.0},{"not_picked":["Sucker Punch","Slice","Tactician+1"],"picked":"SKIP","floor":20.0},{"not_picked":["Choke","Sucker Punch"],"picked":"PiercingWail","floor":23.0},{"not_picked":["Heel Hook","Accuracy+1","Flying Knee"],"picked":"SKIP","floor":25.0},{"not_picked":["Riddle With Holes","Bane+1","All Out Attack"],"picked":"SKIP","floor":28.0},{"not_picked":["Blade Dance","Night Terror","Outmaneuver"],"picked":"SKIP","floor":29.0},{"not_picked":["Flechettes+1","Prepared"],"picked":"Deadly Poison","floor":31.0},{"not_picked":["Venomology","Die Die Die"],"picked":"Bullet Time","floor":33.0},{"not_picked":["Endless Agony","Masterful Stab+1"],"picked":"Noxious Fumes+1","floor":35.0},{"not_picked":["Underhanded Strike","Outmaneuver+1"],"picked":"Backflip+1","floor":37.0},{"not_picked":["Eviscerate+1","Bane","Backflip"],"picked":"SKIP","floor":40.0},{"not_picked":["Deflect+1","Finisher+1"],"picked":"PiercingWail","floor":44.0},{"not_picked":["Sucker Punch+1","Masterful Stab"],"picked":"Dash","floor":45.0},{"not_picked":["Concentrate","Deflect"],"picked":"Acrobatics+1","floor":48.0},{"not_picked":["Slice","Corpse Explosion","Noxious Fumes"],"picked":"SKIP","floor":54}],"player_experience":1636685,"relics_obtained":[{"floor":6.0,"key":"Dream Catcher"},{"floor":9.0,"key":"Happy Flower"},{"floor":13.0,"key":"Paper Crane"},{"floor":23.0,"key":"InkBottle"},{"floor":26.0,"key":"PreservedInsect"},{"floor":28.0,"key":"Shuriken"},{"floor":40.0,"key":"Gambling Chip"},{"floor":40.0,"key":"Matryoshka"},{"floor":43.0,"key":"Eternal Feather"},{"floor":45.0,"key":"Letter Opener"},{"floor":45.0,"key":"Gremlin Horn"},{"floor":46.0,"key":"CaptainsWheel"},{"floor":54,"key":"Mercury Hourglass"},{"floor":54,"key":"Pen Nib"}],"event_choices":[{"damage_healed":0.0,"max_hp_gain":0.0,"max_hp_loss":0.0,"gold_gain":0.0,"event_name":"Shining Light","player_choice":"Entered Light","floor":3.0,"gold_loss":0.0,"damage_taken":14.0,"cards_upgraded":["Corpse Explosion","Strike_G"]},{"damage_healed":0.0,"max_hp_gain":0.0,"max_hp_loss":0.0,"gold_gain":0.0,"event_name":"Living Wall","player_choice":"Grow","floor":4.0,"gold_loss":0.0,"damage_taken":0.0,"cards_upgraded":["Neutralize"]},{"damage_healed":0.0,"max_hp_gain":0.0,"max_hp_loss":0.0,"gold_gain":0.0,"event_name":"Lab","player_choice":"Got Potions","floor":5.0,"gold_loss":0.0,"damage_taken":0.0},{"damage_healed":0.0,"max_hp_gain":0.0,"max_hp_loss":0.0,"gold_gain":0.0,"event_name":"NoteForYourself","player_choice":"Ignored","floor":19.0,"gold_loss":0.0,"damage_taken":0.0},{"damage_healed":0.0,"max_hp_gain":0.0,"max_hp_loss":0.0,"gold_gain":0.0,"event_name":"Back to Basics","player_choice":"Simplicity","floor":30.0,"gold_loss":0.0,"damage_taken":0.0,"cards_upgraded":["Strike_G","Strike_G","Strike_G","Strike_G","Defend_G","Defend_G","Defend_G","Defend_G","Defend_G"]},{"damage_healed":0.0,"max_hp_gain":0.0,"max_hp_loss":0.0,"gold_gain":999.0,"event_name":"MindBloom","player_choice":"Gold","floor":36.0,"gold_loss":0.0,"damage_taken":0.0,"cards_obtained":["Normality","Normality"]},{"cards_removed":["Noxious Fumes"],"damage_healed":0.0,"max_hp_gain":0.0,"max_hp_loss":0.0,"gold_gain":0.0,"event_name":"Falling","player_choice":"Removed Power","floor":38.0,"gold_loss":0.0,"damage_taken":0.0},{"damage_healed":0.0,"max_hp_gain":0.0,"max_hp_loss":0.0,"gold_gain":0.0,"event_name":"Tomb of Lord Red Mask","player_choice":"Ignored","floor":39.0,"gold_loss":0.0,"damage_taken":0.0},{"damage_healed":0.0,"max_hp_gain":0.0,"max_hp_loss":4.0,"gold_gain":0.0,"event_name":"Winding Halls","player_choice":"Max HP","floor":42.0,"gold_loss":0.0,"damage_taken":0.0},{"damage_healed":0.0,"max_hp_gain":0.0,"max_hp_loss":0.0,"gold_gain":0.0,"event_name":"Mysterious Sphere","player_choice":"Fight","floor":46.0,"gold_loss":0.0,"damage_taken":0.0}],"is_beta":false,"boss_relics":[{"not_picked":["Pandora\u0027s Box","Sozu"],"picked":"SlaversCollar"},{"not_picked":["Runic Dome","Ring of the Serpent"],"picked":"Black Star"}],"items_purged_floors":[47,53],"is_endless":false,"potions_floor_spawned":[2,8,10,13,16,23,28,29,33,35,37,44],"ascension_level":1}}