{"host":"d7fiu2yjkssjxoz6","time":1610876986,"event":{"mods":["AchievementEnabler","BaseMod","Duelist Mod","GifTheSpireLib","Minty Spire (QoL Compilation)","StSLib"],"gold_per_floor":[135,150,150,164,164,164,13,42,94,113,113,124,124,138,138,239,239,276,306,332,332,370,422,422,422,449,548,548,254,304,332,332,332,332],"floor_reached":33,"language":"ENG","playtime":1402,"items_purged":[],"score":444,"play_id":"20757257-4613-411c-a2c3-c5a99490a897","local_time":"20210117014946","is_ascension_mode":true,"campfire_choices":[{"data":"theDuelist:RedMirror","floor":6,"key":"SMITH"},{"floor":11,"key":"RECALL"},{"data":"theDuelist:Nameless:Power:SpiralSpearStrike","floor":13,"key":"SMITH"},{"data":"theDuelist:DarklordMarie","floor":15,"key":"SMITH"},{"data":"theDuelist:SphereKuriboh","floor":24,"key":"SMITH"},{"data":"theDuelist:Nameless:Power:SpiralSpearStrike+1","floor":28,"key":"SMITH"},{"data":"theDuelist:Raigeki","floor":32,"key":"SMITH"}],"circlet_count":0,"master_deck":["theDuelist:ArchfiendSoldier","theDuelist:ArchfiendSoldier","theDuelist:ArchfiendSoldier","theDuelist:CastleWalls","theDuelist:CastleWalls","theDuelist:CastleWalls","theDuelist:FiendMegacyber","theDuelist:Sparks+1","theDuelist:Sparks","theDuelist:SummonedSkull","theDuelist:CyberArchfiend","theDuelist:RedMirror+1","theDuelist:Nameless:Power:SpiralSpearStrike+2","theDuelist:FiendSkull+1","theDuelist:EvilswarmHeliotrope","theDuelist:RedSprinter","theDuelist:DarklordMarie+1","theDuelist:DoomsdayHorror","theDuelist:PutridPudding","theDuelist:GoblinKing","theDuelist:Zombyra","theDuelist:RainbowKuriboh","theDuelist:SphereKuriboh+1","Ghostly","Ghostly","Ghostly","Ghostly","Ghostly","theDuelist:Relinkuriboh","theDuelist:Doomdog","theDuelist:Raigeki+1","theDuelist:AlienTelepath","theDuelist:Pumprincess+1","theDuelist:DrivenDaredevil"],"relics":["theDuelist:MillenniumPuzzle","theDuelist:CardPoolRelic","theDuelist:CardPoolBasicRelic","theDuelist:BoosterPackPoolRelic","theDuelist:CardPoolAddRelic","theDuelist:CardPoolMinusRelic","theDuelist:CardPoolSaveRelic","theDuelist:CardPoolOptionsRelic","Omamori","theDuelist:NamelessWarRelicA","Akabeko","theDuelist:DuelistOrichalcum","Whetstone","Bag of Preparation","Calling Bell","Anchor","theDuelist:KaibaToken","Bird Faced Urn","theDuelist:MillenniumArmor","theDuelist:SolderToken","MealTicket","Membership Card","Thread and Needle"],"acts_visited":["Exordium","TheCity"],"potions_floor_usage":[],"damage_taken":[{"damage":0,"enemies":"Small Slimes","floor":1,"turns":3},{"damage":0,"enemies":"Cultist","floor":2,"turns":3},{"damage":0,"enemies":"2 Louse","floor":4,"turns":2},{"damage":10,"enemies":"Lagavulin","floor":8,"turns":3},{"damage":0,"enemies":"Looter","floor":10,"turns":1},{"damage":0,"enemies":"Blue Slaver","floor":12,"turns":2},{"damage":5,"enemies":"Red Slaver","floor":14,"turns":2},{"damage":22,"enemies":"Hexaghost","floor":16,"turns":4},{"damage":2,"enemies":"Chosen","floor":18,"turns":2},{"damage":14,"enemies":"Shell Parasite","floor":19,"turns":4},{"damage":0,"enemies":"Snake Plant","floor":22,"turns":2},{"damage":10,"enemies":"Book of Stabbing","floor":23,"turns":5},{"damage":0,"enemies":"Gremlin Leader","floor":30,"turns":5},{"damage":0,"enemies":"Snecko","floor":31,"turns":4},{"damage":50,"enemies":"Champ","floor":33,"turns":9}],"seed_played":"-3309701066538641869","potions_obtained":[{"floor":1,"key":"theDuelist:BigTributeBottle"},{"floor":10,"key":"ColorlessPotion"},{"floor":12,"key":"theDuelist:WaterBottle"},{"floor":18,"key":"theDuelist:TokenPotion"}],"is_trial":false,"path_per_floor":["M","M","?","M","?","R","$","E","T","M","R","M","R","M","R","B",null,"M","M","T","?","M","E","R","?","T","?","R","$","E","M","R","B"],"character_chosen":"THE_DUELIST","items_purchased":["theDuelist:DuelistOrichalcum","theDuelist:Relinkuriboh","Membership Card","theDuelist:Doomdog","theDuelist:Raigeki","theDuelist:AlienTelepath"],"campfire_rested":0,"item_purchase_floors":[7,29,29,29,29,29],"current_hp_per_floor":[72,72,74,74,74,74,74,64,64,64,64,64,64,62,62,43,83,83,74,74,68,71,63,63,48,48,48,48,48,48,48,48,0,0],"gold":332,"neow_bonus":"RANDOM_COMMON_RELIC","is_daily":false,"chose_seed":false,"campfire_upgraded":6,"win_rate":0.0,"timestamp":1610876986,"path_taken":["M","M","?","M","?","R","$","E","T","M","R","?","R","M","R","BOSS","M","?","?","?","M","E","R","?","T","?","R","$","E","M","R","BOSS"],"items_purchased_type":["Relic","Card","Relic","Card","Card","Card"],"build_version":"2020-12-22","purchased_purges":0,"victory":false,"max_hp_per_floor":[80,80,96,96,96,96,96,96,96,96,96,96,96,96,96,96,96,96,96,96,96,96,96,96,48,48,48,48,48,48,48,48,48,48],"card_choices":[{"not_picked":["theDuelist:UmbralHorrorGhost","theDuelist:TwinHeadedWolf","theDuelist:Zombyra","theDuelist:SummonedSkull"],"picked":"theDuelist:CyberArchfiend","floor":1},{"not_picked":["theDuelist:DoomDonuts","theDuelist:DarknessNeosphere","theDuelist:Doomdog"],"picked":"theDuelist:RedMirror","floor":2},{"not_picked":["theDuelist:BlueBloodedOni","theDuelist:GreyGreedOni","theDuelist:RainbowOverdragon","theDuelist:RedHeadedOni"],"picked":"theDuelist:FiendSkull","floor":4},{"not_picked":["theDuelist:DarkHole","theDuelist:BattleFootballer","theDuelist:MagicalStone","theDuelist:BlueBloodedOni"],"picked":"theDuelist:EvilswarmHeliotrope","floor":8},{"not_picked":["theDuelist:DarklordMarie","theDuelist:DarkFusion","theDuelist:PortraitSecret","theDuelist:CyberArchfiend"],"picked":"theDuelist:RedSprinter","floor":10},{"not_picked":["theDuelist:BlastAsmodian","theDuelist:AlienTelepath","theDuelist:GrossGhost","theDuelist:Pumpking"],"picked":"theDuelist:DarklordMarie","floor":12},{"not_picked":["theDuelist:CyberArchfiend","theDuelist:GiantOrc","theDuelist:Zombyra","theDuelist:Pumpking"],"picked":"theDuelist:DoomsdayHorror","floor":14},{"not_picked":["theDuelist:DarkCubicLord","theDuelist:Wildfire","theDuelist:ArchfiendGeneral","theDuelist:ArchfiendCommander"],"picked":"theDuelist:PutridPudding","floor":16},{"not_picked":["theDuelist:AlienTelepath","theDuelist:DarkFusion","theDuelist:CheerfulCoffin","theDuelist:AmbitiousGofer"],"picked":"theDuelist:GoblinKing","floor":18},{"not_picked":["theDuelist:DarkTinker+1","theDuelist:CheerfulCoffin","theDuelist:ArchfiendSoldier","theDuelist:GoblinKing+1"],"picked":"theDuelist:Zombyra","floor":19},{"not_picked":["theDuelist:FiendSkull","theDuelist:GreenGraveOni","theDuelist:YellowBelliedOni"],"picked":"theDuelist:RainbowKuriboh","floor":22},{"not_picked":["theDuelist:DarklordSuperbia","theDuelist:StrayLambs","theDuelist:Fissure","theDuelist:MillenniumScorpion"],"picked":"theDuelist:SphereKuriboh","floor":23},{"not_picked":["theDuelist:WanderingKing","theDuelist:DrivenDaredevil","theDuelist:GoblinKing","theDuelist:FiendishChain"],"picked":"theDuelist:Pumprincess+1","floor":30},{"not_picked":["theDuelist:TwinHeadedWolf+1","theDuelist:CheerfulCoffin+1","theDuelist:GiantOrc","theDuelist:RedMirror"],"picked":"theDuelist:DrivenDaredevil","floor":31}],"player_experience":220538,"relics_obtained":[{"floor":8,"key":"Whetstone"},{"floor":9,"key":"Bag of Preparation"},{"floor":17,"key":"Anchor"},{"floor":17,"key":"theDuelist:KaibaToken"},{"floor":17,"key":"Bird Faced Urn"},{"floor":20,"key":"theDuelist:MillenniumArmor"},{"floor":23,"key":"MealTicket"},{"floor":30,"key":"Thread and Needle"}],"event_choices":[{"power_reward":4,"total_magic_score":47,"gold_gain":0,"duelist":true,"damage_taken":14,"relics_obtained":["theDuelist:NamelessWarRelicA"],"points":9,"war_reward":1,"max_hp_gain":16,"max_hp_loss":0,"spent_points":{"magic":0,"greed":0,"war":1,"power":4,"hunger":4},"event_name":"Nameless Tomb","hunger_reward":4,"floor":3,"gold_loss":0,"cards_obtained":["theDuelist:Nameless:Power:SpiralSpearStrike"]},{"damage_healed":0,"gold_gain":0,"player_choice":"Gave Potion","damage_taken":0,"relics_obtained":["Akabeko"],"max_hp_gain":0,"max_hp_loss":0,"event_name":"WeMeetAgain","floor":5,"gold_loss":0},{"damage_healed":0,"gold_gain":0,"player_choice":"Dig - random Duelist relic","duelist":true,"damage_taken":0,"max_hp_gain":0,"max_hp_loss":0,"event_name":"Aknamkanon\u0027s Tomb","floor":21,"gold_loss":0},{"damage_healed":0,"gold_gain":0,"player_choice":"Became a Ghost","damage_taken":0,"max_hp_gain":0,"max_hp_loss":48,"event_name":"Ghosts","floor":25,"gold_loss":0,"cards_obtained":["Ghostly","Ghostly","Ghostly","Ghostly","Ghostly"]},{"damage_healed":0,"gold_gain":99,"player_choice":"Stole From Cult","damage_taken":0,"max_hp_gain":0,"max_hp_loss":0,"event_name":"Nest","floor":27,"gold_loss":0}],"is_beta":false,"boss_relics":[{"not_picked":["theDuelist:HauntedRelic","Runic Pyramid"],"picked":"Calling Bell"}],"items_purged_floors":[],"is_endless":false,"potions_floor_spawned":[1,10,12,18],"killed_by":"Champ","ascension_level":7}}