{"host":"oc9z8cublggqyfxu","time":1610867250,"event":{"mods":["AchievementEnabler","Act Like it!","Aspiration","BaseMod","Colored Map","Colored Powertips","Dio Mod","Dota2Spire","Friendly Minions","Gensokyo","GifTheSpireLib","Hallownest","Hermit","Highlight Path","Infinite Spire","KinomotoSakuraMod(木之本樱)","Koishi","Lobotomy","LobotomyExtend","Marisa（F雨　魔理沙）","Minty Spire (QoL Compilation)","Quick Restart","Rare Cards Sparkle","Reimu（博丽灵梦）","Relic Stats","Remilia（蕾米莉亚）","Replay The Spire","RumiaBox-露米娅的神秘盒子","Spicy Shops","StSLib","The Administrix","The Animator","The Blackbeard","The Bug Knight","The Cursed","The Hierophant","The Mystic","The Runesmith","The Servant 0.9.4","Yakumo Yukari mod","Youmu（魂魄妖梦）","Yuyuko","vexMod","【功能Mod】混沌之环修复补丁","【功能Mod】聪明的最终Boss"],"gold_per_floor":[115,115,127,127,48,48,79,79,79,79,4,17,17,31,31,31,31],"floor_reached":16,"language":"ZHS","playtime":1129,"items_purged":["Strike_B"],"score":102,"play_id":"739b283d-e623-4e10-b1e4-3c2fb3cb6f42","local_time":"20210117150730","is_ascension_mode":true,"campfire_choices":[{"data":"Zap","floor":6.0,"key":"SMITH"},{"data":"Dualcast","floor":10.0,"key":"SMITH"},{"floor":13,"key":"RECALL"},{"floor":15,"key":"REST"}],"circlet_count":1,"master_deck":["Strike_B","Strike_B","Strike_B","Defend_B","Defend_B","Defend_B","Defend_B","Zap+1","Dualcast+1","Creative AI+1","GalaxyChild","Ball Lightning","Bloodbath","Conserve Battery","Melter","SnowQueen","Rudolta","QueenBee"],"relics":["Cracked Core","CogitoBucket","LetterFromLob","Hallownest:DreamNailRelic","Blue Candle","Circlet","Incense Burner"],"acts_visited":["Hallownest:Greenpath"],"potions_floor_usage":[16],"damage_taken":[{"damage":1.0,"enemies":"Hallownest:2_Tiktiks_and_1_Crawlid","floor":1.0,"turns":4.0},{"damage":1.0,"enemies":"Hallownest:monsterHuskWarrior","floor":3.0,"turns":4.0},{"damage":14.0,"enemies":"Hallownest:eliteVengeflyKing","floor":7.0,"turns":6.0},{"damage":2,"enemies":"2_ Uuma","floor":12,"turns":7},{"damage":13,"enemies":"Hallownest:1_Ooma_and_2_Uuma","floor":14,"turns":6},{"damage":101,"enemies":"Hallownest:BossHornet","floor":16,"turns":9}],"seed_played":"4645992964928035120","potions_obtained":[{"floor":14,"key":"Regen Potion"}],"is_trial":false,"path_per_floor":["M","?","M","?","$","R","E","?","T","R","$","M","R","M","R","B"],"character_chosen":"DEFECT","items_purchased":["Conserve Battery"],"campfire_rested":1,"item_purchase_floors":[5],"current_hp_per_floor":[74,74,73,73,73,73,61,61,61,61,61,61,61,49,71,0,0],"gold":31,"neow_bonus":"","is_daily":false,"chose_seed":false,"campfire_upgraded":2,"win_rate":0.0,"timestamp":1610867250,"path_taken":["M","?","?","?","?","R","E","?","T","R","$","?","R","M","R","BOSS"],"items_purchased_type":["Card"],"build_version":"2020-12-22","purchased_purges":1,"victory":false,"max_hp_per_floor":[75,75,75,75,75,75,75,75,75,75,75,75,75,75,75,75,75],"relic_stats":{"counters":[6,35],"Blue Candle":[0],"obtain_stats":[{"CogitoBucket":0,"Blue Candle":7,"Circlet":8,"LetterFromLob":1,"Hallownest:DreamNailRelic":2,"Incense Burner":9,"Cracked Core":0},{"CogitoBucket":0,"Blue Candle":3,"Circlet":3,"LetterFromLob":1,"Hallownest:DreamNailRelic":1,"Incense Burner":3,"Cracked Core":0},{"CogitoBucket":0,"Blue Candle":14,"Circlet":14,"LetterFromLob":4,"Hallownest:DreamNailRelic":4,"Incense Burner":14,"Cracked Core":0}]},"card_choices":[{"not_picked":["Panic Button","Lockon"],"picked":"Creative AI","floor":1.0},{"not_picked":["MHz","Woodsman"],"picked":"GalaxyChild","floor":1.0},{"not_picked":["Steam","ReplayTheSpireMod:Repulse"],"picked":"Ball Lightning","floor":3.0},{"not_picked":["UniverseFragment","SpiderBud"],"picked":"Bloodbath","floor":3.0},{"not_picked":["Cold Snap","Hello World"],"picked":"Melter","floor":7.0},{"not_picked":["OldLady","Scarecrow"],"picked":"SnowQueen","floor":7.0},{"not_picked":["BlackSwan","UniverseFragment"],"picked":"Rudolta","floor":12},{"not_picked":["Hologram","Scrape","Steam Power"],"picked":"SKIP","floor":12},{"not_picked":["BigBird","OldLady"],"picked":"QueenBee","floor":14},{"not_picked":["Turbo","Recycle","Go for the Eyes"],"picked":"SKIP","floor":14}],"player_experience":277286,"relics_obtained":[{"floor":1.0,"key":"LetterFromLob"},{"floor":7.0,"key":"Blue Candle"},{"floor":9.0,"key":"Incense Burner"}],"event_choices":[],"is_beta":false,"boss_relics":[],"items_purged_floors":[11],"is_endless":false,"potions_floor_spawned":[14],"killed_by":"Hallownest:BossHornet","ascension_level":1}}