{"host":"8d3fefv2347kqkpz","time":1610885868,"event":{"mods":["100% Spire Juice","AchievementEnabler","Act Like it!","Aspiration","BaseMod","Better Vampires","BetterRewards","Colored Map","Colored Powertips","Conspire","GifTheSpireLib","Halation","Highlight Path","Hubris","Infinite Spire","Mimic Mod","Minty Spire (QoL Compilation)","Quick Restart","Reimu£®≤©¿ˆ¡È√Œ£©","Relic Stats","Remilia£®¿Ÿ√◊¿Ú—«£©","Replay The Spire","Spicy Shops","StSLib","TestMod","The Gatherer","The Jungle","The Senshi","The Servant 0.9.4","Waifu the Spire","vexMod"],"gold_per_floor":[118,293,293,293,293,322,337,337,337,337,356,373,408,426,426,527,527,547,102,102,102,114,145,163,163,237,237,237,369,24,24,24,138,138,154,171,343,1342,1342,1377,1377,1393,1393,318,228,228,257,310,310,329],"floor_reached":51,"language":"ZHS","playtime":2588,"items_purged":["conspire:GhostlyStrike","conspire:GhostlyDefend","conspire:GhostlyStrike","conspire:GhostlyStrike","Normality","conspire:GhostlyDefend"],"score":746,"play_id":"ad9a8d6a-547b-4258-a700-73fc9025d830","local_time":"20210117201748","is_ascension_mode":false,"campfire_choices":[{"data":"After Image","floor":8,"key":"SMITH"},{"floor":15,"key":"REST"},{"data":"Accuracy","floor":25,"key":"SMITH"},{"data":"Venomology","floor":28,"key":"SMITH"},{"data":"ReplayTheSpireMod:Black Plague","floor":32,"key":"SMITH"},{"floor":41,"key":"REST"}],"circlet_count":0,"master_deck":["conspire:GhostlyStrike","conspire:GhostlyStrike","conspire:GhostlyDefend","conspire:GhostlyDefend","conspire:GhostlyDefend","Survivor+1","Neutralize+1","Doubt","ReplayTheSpireMod:Black Plague+1","After Image+1","Well Laid Plans","Replay:Bag of Tricks+1","Cloak And Dagger","Accuracy+1","Venomology+1","Accuracy+1","ReplayTheSpireMod:Scrap Shanks","Cloak And Dagger","Caltrops+1","Dagger Throw+1","Accuracy+1","After Image+1","Bane","Backflip","Caltrops+1","Prepared+1"],"relics":["Ring of the Snake","testmod-TestBox","testmod-RealStoneCalender","Matryoshka","vexMod:InvisibilityCloak","hubris:64BitClover","Orichalcum","SlaversCollar","Replay:Wax Seal","Oddly Smooth Stone","theJungle:WildPear","theJungle:BirthdayCakeSlice","ReplayTheSpireMod:TigerMarble","PureWhite:ReiMu","testmod-InfectionSource","Mercury Hourglass","testmod-Acrobat","halation:PromiseList","Golden Egg","testmod-CardMagician","Chameleon Ring","hubris:SlimyHat","aspiration:ChemicalBlood","testmod-Hope","Ancient Tea Set","Happy Flower","hubris:DisguiseKit","halation:BottledHappiness","halation:Diary","conspire:DecoderRing","Potion Belt"],"acts_visited":["Exordium","Exordium","TheBeyond"],"potions_floor_usage":[18,18,22,23,29,29,29,33,36,37,42,47,47,48,50,50,50,50,50,50],"damage_taken":[{"damage":3,"enemies":"Jaw Worm","floor":1,"turns":3},{"damage":9,"enemies":"Gremlin Nob","floor":6,"turns":4},{"damage":0,"enemies":"Small Slimes","floor":7,"turns":3},{"damage":2,"enemies":"2 Louse","floor":11,"turns":2},{"damage":0,"enemies":"Looter","floor":12,"turns":3},{"damage":5,"enemies":"3 Sentries","floor":13,"turns":5},{"damage":0,"enemies":"3 Louse","floor":14,"turns":3},{"damage":17,"enemies":"Hexaghost","floor":16,"turns":6},{"damage":8,"enemies":"theJungle:MUSHROOMGANG","floor":18,"turns":4},{"damage":6,"enemies":"theJungle:5_Spyders","floor":22,"turns":6},{"damage":10,"enemies":"theJungle:MamaSnecko","floor":23,"turns":5},{"damage":2,"enemies":"theJungle:2_Snecko_Cultists","floor":24,"turns":4},{"damage":0,"enemies":"theJungle:2_Phrogs","floor":29,"turns":5},{"damage":6,"enemies":"theJungle:TotemBoss","floor":33,"turns":5},{"damage":3,"enemies":"Orb Walker","floor":35,"turns":3},{"damage":10,"enemies":"3 Shapes","floor":36,"turns":3},{"damage":8,"enemies":"Transient","floor":37,"turns":5},{"damage":11,"enemies":"R_Hoarder","floor":40,"turns":5},{"damage":16,"enemies":"Sphere and 2 Shapes","floor":42,"turns":3},{"damage":0,"enemies":"Spire Growth","floor":47,"turns":3},{"damage":0,"enemies":"conspire:MimicChest","floor":48,"turns":5},{"damage":2,"enemies":"Replay:Hell Engine","floor":50,"turns":4}],"seed_played":"2908178051208589849","potions_obtained":[{"floor":1,"key":"LiquidMemories"},{"floor":12,"key":"Dexterity Potion"},{"floor":14,"key":"Regen Potion"},{"floor":18,"key":"PowerPotion"},{"floor":22,"key":"Milkshake"},{"floor":29,"key":"DuplicationPotion"},{"floor":29,"key":"testmod-SpacePotion"},{"floor":36,"key":"testmod-SpacePotion"},{"floor":37,"key":"CultistPotion"},{"floor":37,"key":"Weak Potion"},{"floor":47,"key":"Toxic Potion"},{"floor":49,"key":"DuplicationPotion"}],"is_trial":false,"path_per_floor":["M","?","?","?","?","E","M","R","T","?","M","M","E","M","R","B",null,"M","$","?","?","M","E","M","R","T","?","R","E","$","?","R","B",null,"M","M","M","?","?","E","R","M","T","$","?","AVR","M","?","R","B",null],"character_chosen":"THE_SILENT","items_purchased":["ReplayTheSpireMod:Scrap Shanks","Replay:Wax Seal","Oddly Smooth Stone","Accuracy","Caltrops","Ancient Tea Set","Happy Flower","hubris:DisguiseKit","halation:BottledHappiness","halation:Diary","Prepared"],"campfire_rested":2,"item_purchase_floors":[19,19,19,30,44,44,44,44,44,44,44],"current_hp_per_floor":[74,74,74,55,55,46,46,46,46,46,44,44,39,39,62,45,77,74,74,84,89,83,73,71,71,71,71,71,71,71,83,83,77,92,89,79,71,71,71,60,87,71,71,71,71,71,71,71,71,69],"gold":329,"neow_bonus":"TEN_PERCENT_HP_BONUS","is_daily":false,"chose_seed":false,"campfire_upgraded":4,"win_rate":0.0,"timestamp":1610885868,"path_taken":["M","?","?","?","?","E","M","R","T","?","M","M","E","M","R","BOSS","M","$","?","?","M","E","M","R","T","?","R","E","$","?","R","BOSS","M","M","M","?","?","E","R","M","T","$","?","AVR","?","?","R","BOSS"],"items_purchased_type":["Card","Relic","Relic","Card","Card","Relic","Relic","Relic","Relic","Relic","Card"],"build_version":"2020-12-22","purchased_purges":6,"victory":true,"max_hp_per_floor":[77,77,77,77,77,77,77,77,77,77,77,77,77,77,77,77,77,77,77,87,92,92,92,92,92,92,92,92,92,92,92,92,92,92,92,92,92,92,92,92,92,92,92,92,92,92,92,92,92,92],"relic_stats":{"Happy Flower":[4],"counters":[22,89],"Orichalcum":[6],"obtain_stats":[{"Golden Egg":29,"halation:Diary":44,"theJungle:WildPear":20,"hubris:SlimyHat":37,"Ancient Tea Set":44,"vexMod:InvisibilityCloak":9,"Matryoshka":6,"Chameleon Ring":37,"theJungle:BirthdayCakeSlice":21,"conspire:DecoderRing":46,"halation:PromiseList":29,"testmod-InfectionSource":26,"Replay:Wax Seal":19,"Ring of the Snake":0,"aspiration:ChemicalBlood":40,"Potion Belt":48,"hubris:DisguiseKit":44,"testmod-TestBox":0,"Happy Flower":44,"hubris:64BitClover":9,"Oddly Smooth Stone":19,"testmod-CardMagician":34,"halation:BottledHappiness":44,"Orichalcum":13,"Mercury Hourglass":26,"testmod-RealStoneCalender":0,"SlaversCollar":17,"PureWhite:ReiMu":24,"testmod-Acrobat":29,"testmod-Hope":43,"ReplayTheSpireMod:TigerMarble":23},{"Golden Egg":13,"halation:Diary":19,"theJungle:WildPear":9,"hubris:SlimyHat":17,"Ancient Tea Set":19,"vexMod:InvisibilityCloak":3,"Matryoshka":2,"Chameleon Ring":17,"theJungle:BirthdayCakeSlice":9,"conspire:DecoderRing":19,"halation:PromiseList":13,"testmod-InfectionSource":12,"Replay:Wax Seal":9,"Ring of the Snake":0,"aspiration:ChemicalBlood":18,"Potion Belt":21,"hubris:DisguiseKit":19,"testmod-TestBox":0,"Happy Flower":19,"hubris:64BitClover":3,"Oddly Smooth Stone":9,"testmod-CardMagician":14,"halation:BottledHappiness":19,"Orichalcum":6,"Mercury Hourglass":12,"testmod-RealStoneCalender":0,"SlaversCollar":8,"PureWhite:ReiMu":12,"testmod-Acrobat":13,"testmod-Hope":19,"ReplayTheSpireMod:TigerMarble":11},{"Golden Egg":53,"halation:Diary":77,"theJungle:WildPear":33,"hubris:SlimyHat":69,"Ancient Tea Set":77,"vexMod:InvisibilityCloak":10,"Matryoshka":7,"Chameleon Ring":69,"theJungle:BirthdayCakeSlice":33,"conspire:DecoderRing":77,"halation:PromiseList":53,"testmod-InfectionSource":48,"Replay:Wax Seal":33,"Ring of the Snake":0,"aspiration:ChemicalBlood":74,"Potion Belt":85,"hubris:DisguiseKit":77,"testmod-TestBox":0,"Happy Flower":77,"hubris:64BitClover":10,"Oddly Smooth Stone":33,"testmod-CardMagician":58,"halation:BottledHappiness":77,"Orichalcum":20,"Mercury Hourglass":48,"testmod-RealStoneCalender":0,"SlaversCollar":29,"PureWhite:ReiMu":48,"testmod-Acrobat":53,"testmod-Hope":77,"ReplayTheSpireMod:TigerMarble":44}],"Ring of the Snake":[44],"Mercury Hourglass":[164]},"card_choices":[{"not_picked":["Dodge and Roll","Blade Dance"],"picked":"Cloak And Dagger","floor":1},{"not_picked":["infinitespire:Menacing","infinitespire:Collect"],"picked":"ReplayTheSpireMod:Black Plague","floor":4},{"not_picked":["Skewer","Replay:Bag of Tricks"],"picked":"After Image","floor":6},{"not_picked":["Flying Knee","Fluid Movement"],"picked":"Well Laid Plans","floor":7},{"not_picked":["Slice","Underhanded Strike"],"picked":"Cloak And Dagger","floor":11},{"not_picked":["Deflect","Riddle With Holes","Blur"],"picked":"SKIP","floor":12},{"not_picked":["Sucker Punch","Flying Knee","Deflect"],"picked":"SKIP","floor":13},{"not_picked":["Finisher","Tactician"],"picked":"Accuracy","floor":14},{"not_picked":["Night Terror","Poison Darts"],"picked":"Venomology","floor":16},{"not_picked":["Choke","Outmaneuver+1"],"picked":"Accuracy+1","floor":18},{"not_picked":["Well Laid Plans","Deadly Poison"],"picked":"Cloak And Dagger","floor":22},{"not_picked":["Masterful Stab","Tactician"],"picked":"Caltrops+1","floor":23},{"not_picked":["Dodge and Roll","Bane","Acrobatics"],"picked":"SKIP","floor":24},{"not_picked":["Backflip","hubris:SlightOfHand"],"picked":"Dagger Throw+1","floor":29},{"not_picked":["ReplayTheSpireMod:From All Sides","aspiration:Lunge"],"picked":"After Image","floor":33},{"not_picked":["Outmaneuver+1","ReplayTheSpireMod:Exploit Weakness+1"],"picked":"Bane","floor":35},{"not_picked":["Replay:Poison Smokescreen","Sucker Punch"],"picked":"Backflip","floor":36},{"not_picked":["Deadly Poison+1","Bane","Terror+1"],"picked":"SKIP","floor":37},{"not_picked":["Backflip+1","Acrobatics","Die Die Die"],"picked":"SKIP","floor":40},{"not_picked":["Backstab+1","Poisoned Stab+1","Terror+1"],"picked":"SKIP","floor":42},{"not_picked":["Slice","Hidden Blade+1","Deflect","Ghostly Armor"],"picked":"SKIP","floor":47},{"not_picked":["Slice","Hidden Blade+1","Deflect","Ghostly Armor"],"picked":"SKIP","floor":47}],"player_experience":87033,"relics_obtained":[{"floor":6,"key":"Matryoshka"},{"floor":9,"key":"vexMod:InvisibilityCloak"},{"floor":9,"key":"hubris:64BitClover"},{"floor":13,"key":"Orichalcum"},{"floor":23,"key":"ReplayTheSpireMod:TigerMarble"},{"floor":24,"key":"PureWhite:ReiMu"},{"floor":26,"key":"testmod-InfectionSource"},{"floor":26,"key":"Mercury Hourglass"},{"floor":29,"key":"testmod-Acrobat"},{"floor":29,"key":"halation:PromiseList"},{"floor":29,"key":"Golden Egg"},{"floor":37,"key":"Chameleon Ring"},{"floor":37,"key":"hubris:SlimyHat"},{"floor":40,"key":"aspiration:ChemicalBlood"},{"floor":43,"key":"testmod-Hope"},{"floor":48,"key":"Potion Belt"}],"event_choices":[{"damage_healed":0,"gold_gain":175,"player_choice":"AGREE","damage_taken":0,"max_hp_gain":0,"max_hp_loss":0,"event_name":"Liars Game","floor":2,"gold_loss":0,"cards_obtained":["Doubt"]},{"damage_healed":0,"gold_gain":0,"player_choice":"Agree","damage_taken":0,"max_hp_gain":0,"max_hp_loss":0,"event_name":"conspire:LoneGhost","floor":3,"gold_loss":0},{"damage_healed":0,"gold_gain":999,"player_choice":"Gold","damage_taken":0,"max_hp_gain":0,"max_hp_loss":0,"event_name":"MindBloom","floor":38,"gold_loss":0,"cards_obtained":["Normality","Normality"]},{"damage_healed":0,"gold_gain":0,"player_choice":"Leave","damage_taken":0,"max_hp_gain":0,"max_hp_loss":0,"event_name":"conspire:Investor","floor":39,"gold_loss":0},{"cards_removed":["Normality"],"damage_healed":0,"gold_gain":0,"player_choice":"Upgrade and Remove","damage_taken":0,"max_hp_gain":0,"max_hp_loss":0,"event_name":"Designer","floor":45,"gold_loss":90,"cards_upgraded":["Survivor"]}],"is_beta":false,"boss_relics":[{"not_picked":["Replay:Bronze Core","testmod-Temperance"],"picked":"SlaversCollar"},{"not_picked":["Tiny House","conspire:SlowCooker"],"picked":"testmod-CardMagician"}],"items_purged_floors":[19,19,30,30,44,46],"is_endless":false,"potions_floor_spawned":[1,12,14,16,18,22,36,37,47],"ascension_level":0}}