{"host":"aafov9cd2fud23mo","time":1610849538,"event":{"mods":["Bartender","BaseMod","Colored Map","KinomotoSakuraMod(Ä¾Ö®±¾Ó£)","Koishi","Minty Spire (QoL Compilation)","Replay The Spire","StSLib","The Senshi"],"gold_per_floor":[112,132,146,159,177,177,206,206,233,265,265,69,89,89,89,109,109,210,210,228,278,47,60,70,86,86,86],"floor_reached":26,"language":"ZHS","playtime":1254,"items_purged":["Strike_R"],"score":255,"play_id":"c769bff2-98e4-430e-b0f3-7409a1a5c0a5","local_time":"20210117101218","is_ascension_mode":true,"campfire_choices":[{"data":"Pommel Strike","floor":6,"key":"SMITH"},{"data":"Shrug It Off","floor":8,"key":"SMITH"},{"data":"Metallicize","floor":11,"key":"SMITH"},{"data":"Body Slam","floor":17,"key":"SMITH"}],"circlet_count":0,"master_deck":["Strike_R","Strike_R","Strike_R","Strike_R","Defend_R","Defend_R","Defend_R","Defend_R","Bash","Sword Boomerang","ReplayReversal","Carnage","Pommel Strike+1","Shrug It Off+1","Metallicize+1","Metallicize","Metallicize","Armaments","Body Slam+1","Impervious","Shockwave"],"relics":["Burning Blood","NeowsBlessing","Lantern","Blood Vial","Blue Doll","Boot","Bronze Scales"],"acts_visited":["Exordium","TheCity"],"potions_floor_usage":[7,10,18,18,24,25,26,26],"damage_taken":[{"damage":0,"enemies":"2 Louse","floor":1,"turns":1},{"damage":0,"enemies":"Cultist","floor":2,"turns":1},{"damage":0,"enemies":"Small Slimes","floor":3,"turns":1},{"damage":12,"enemies":"Looter","floor":4,"turns":3},{"damage":31,"enemies":"Large Slime","floor":5,"turns":6},{"damage":30,"enemies":"Lagavulin","floor":7,"turns":6},{"damage":18,"enemies":"3 Sentries","floor":10,"turns":9},{"damage":0,"enemies":"3 Louse","floor":13,"turns":3},{"damage":7,"enemies":"Gremlin Gang","floor":16,"turns":5},{"damage":20,"enemies":"Hexaghost","floor":18,"turns":12},{"damage":26,"enemies":"Spheric Guardian","floor":20,"turns":9},{"damage":4,"enemies":"Shell Parasite","floor":23,"turns":6},{"damage":12,"enemies":"Centurion and Healer","floor":24,"turns":9},{"damage":20,"enemies":"3 Cultists","floor":25,"turns":6},{"damage":78,"enemies":"Gremlin Leader","floor":26,"turns":5}],"seed_played":"1945484533797715181","potions_obtained":[{"floor":3,"key":"PowerPotion"},{"floor":4,"key":"SteroidPotion"},{"floor":5,"key":"SteroidPotion"},{"floor":7,"key":"SpeedPotion"},{"floor":10,"key":"Elixir"},{"floor":16,"key":"SkillPotion"},{"floor":20,"key":"DuplicationPotion"},{"floor":23,"key":"BloodPotion"},{"floor":24,"key":"Weak Potion"},{"floor":25,"key":"Dexterity Potion"}],"is_trial":false,"path_per_floor":["M","M","M","M","M","R","E","R","T","E","R","$","M","PTL","PTL","M","R","B",null,"M","?","$","M","M","M","E"],"character_chosen":"IRONCLAD","items_purchased":["Metallicize","Boot","Bronze Scales"],"campfire_rested":0,"item_purchase_floors":[12,12,22],"current_hp_per_floor":[80,80,80,74,49,49,25,25,25,15,15,15,23,23,23,24,24,12,80,60,60,60,64,76,64,0,0],"gold":86,"neow_bonus":"THREE_ENEMY_KILL","is_daily":false,"chose_seed":false,"campfire_upgraded":4,"win_rate":0.0,"timestamp":1610849538,"path_taken":["M","M","M","M","M","R","E","R","T","E","R","$","M","PTL","PTL","M","R","BOSS","M","?","$","M","?","M","E"],"items_purchased_type":["Card","Relic","Relic"],"build_version":"2020-12-22","purchased_purges":1,"victory":false,"max_hp_per_floor":[80,80,80,80,80,80,80,80,80,80,80,80,80,80,80,80,80,80,80,80,80,80,80,80,80,80,80],"card_choices":[{"not_picked":["Heavy Blade","Burning Pact"],"picked":"Sword Boomerang","floor":1},{"not_picked":["Massacre","Hemokinesis"],"picked":"ReplayReversal","floor":2},{"not_picked":["Clothesline","Fire Breathing","Flex"],"picked":"SKIP","floor":3},{"not_picked":["Searing Blow","Cleave"],"picked":"Carnage","floor":4},{"not_picked":["Perfected Strike","Twin Strike"],"picked":"Pommel Strike","floor":5},{"not_picked":["Rupture","Shockwave"],"picked":"Shrug It Off","floor":7},{"not_picked":["Armaments","Berserk"],"picked":"Metallicize","floor":10},{"not_picked":["Entrench","Power Through"],"picked":"Armaments","floor":13},{"not_picked":["Clothesline","Abandon"],"picked":"Body Slam","floor":16},{"not_picked":["Limit Break","Feed"],"picked":"Impervious","floor":18},{"not_picked":["Sword Boomerang","Evolve","Heavy Blade"],"picked":"SKIP","floor":20},{"not_picked":["Twin Strike","Hemokinesis"],"picked":"Shockwave","floor":23},{"not_picked":["Armaments","Headbutt","Evolve"],"picked":"SKIP","floor":24},{"not_picked":["Wild Strike","Flex","Feel No Pain+1"],"picked":"SKIP","floor":25}],"player_experience":8692,"relics_obtained":[{"floor":7,"key":"Lantern"},{"floor":9,"key":"Blood Vial"},{"floor":10,"key":"Blue Doll"}],"event_choices":[{"damage_healed":0,"gold_gain":100,"player_choice":"Bet on Murderer","damage_taken":0,"max_hp_gain":0,"max_hp_loss":0,"event_name":"The Joust","floor":21,"gold_loss":50}],"is_beta":false,"boss_relics":[{"not_picked":["Snecko Eye","Electric Blood","Busted Crown"]}],"items_purged_floors":[22],"is_endless":false,"potions_floor_spawned":[3,4,5,7,10,16,20,23,24,25],"killed_by":"Gremlin Leader","ascension_level":3}}