{"host":"fkig9nrckec4xsh0","time":1610862085,"event":{"mods":["BaseMod","Colored Map","Minty Spire (QoL Compilation)","Quick Restart","Replay The Spire","StSLib"],"gold_per_floor":[119,119,119,61,77,115,115,148,148,181,32,32,118,157,157,281,281,300,300,300,10,10,43,30,61,61],"floor_reached":25,"language":"ENG","playtime":1316,"items_purged":[],"score":289,"play_id":"dc860490-a566-4c15-b08a-5ea8746b79ea","local_time":"20210117004125","is_ascension_mode":true,"campfire_choices":[{"data":"Parasite","floor":7,"key":"PURGE"},{"data":"Strike_G","floor":15,"key":"PURGE"}],"circlet_count":0,"master_deck":["Strike_G","Strike_G+1","Strike_G+1","Defend_G","Defend_G","Defend_G","Defend_G","Defend_G","Survivor","Neutralize","Flying Knee","Backstab+1","All Out Attack","Quick Slash","Glass Knife","Backflip","Dodge and Roll","Glass Knife+1","Tools of the Trade+1","Calculated Gamble+1","Riddle With Holes","Quick Slash+1"],"relics":["Ring of the Snake","Peace Pipe","ReplayTheSpireMod:Ring of Addiction","ReplayTheSpireMod:Ring of Collecting","White Beast Statue","Toy Ornithopter","Golden Idol","Byrd Skull","Shuriken","Ring of Peace","Vampiric Spirits","Odd Mushroom","Blue Doll","ReplayTheSpireMod:Ring of Challenge","Golden Egg","Pet Ghost","Simple Rune","HoveringKite","Prayer Wheel","Nilry\u0027s Codex","Replay:Kaleidoscope","Oddly Smooth Stone"],"acts_visited":["Exordium","TheCity"],"potions_floor_usage":[5,6,8,8,13,16,18,23,25],"damage_taken":[{"damage":1,"enemies":"Cultist","floor":1,"turns":4},{"damage":0,"enemies":"Small Slimes","floor":5,"turns":4},{"damage":15,"enemies":"3 Sentries","floor":6,"turns":6},{"damage":11,"enemies":"Gremlin Nob","floor":8,"turns":4},{"damage":6,"enemies":"The Mushroom Lair","floor":10,"turns":4},{"damage":7,"enemies":"3 Sentries","floor":13,"turns":6},{"damage":6,"enemies":"3 Sentries","floor":14,"turns":5},{"damage":40,"enemies":"Fading Forest","floor":16,"turns":11},{"damage":0,"enemies":"3 Byrds","floor":18,"turns":4},{"damage":21,"enemies":"Slavers","floor":23,"turns":5},{"damage":7,"enemies":"Gremlin Leader","floor":25,"turns":6}],"seed_played":"3380345621078279500","potions_obtained":[{"floor":2,"key":"Adrenaline Potion"},{"floor":2,"key":"Regen Potion"},{"floor":2,"key":"Dexterity Potion"},{"floor":5,"key":"Strength Potion"},{"floor":6,"key":"SpeedPotion"},{"floor":8,"key":"GamblersBrew"},{"floor":10,"key":"LiquidBronze"},{"floor":13,"key":"SteroidPotion"},{"floor":14,"key":"Weak Potion"},{"floor":16,"key":"Swift Potion"},{"floor":18,"key":"SteroidPotion"},{"floor":23,"key":"Elixir"},{"floor":25,"key":"SteroidPotion"}],"is_trial":false,"path_per_floor":["M","?","?","$","M","E","R","E","T","?","$","T","?","E","R","B",null,"M","?","?","$","?","E","$","E"],"character_chosen":"THE_SILENT","items_purchased":["Backstab+1","Blue Doll","Prayer Wheel","Quick Slash"],"campfire_rested":0,"item_purchase_floors":[4,11,21,24],"current_hp_per_floor":[62,62,47,47,63,48,48,47,47,46,46,46,48,47,47,18,58,58,58,58,58,40,38,38,45,45],"gold":61,"neow_bonus":"ONE_RARE_RELIC","is_daily":false,"chose_seed":false,"campfire_upgraded":0,"win_rate":0.0,"timestamp":1610862085,"path_taken":["M","?","?","$","M","E","R","E","T","?","?","?","?","E","R","BOSS","M","?","?","$","?","E","$","E"],"items_purchased_type":["Card","Relic","Relic","Card"],"build_version":"2020-12-22","purchased_purges":0,"victory":false,"max_hp_per_floor":[63,63,63,63,63,63,60,60,60,60,60,58,58,58,58,58,58,58,58,58,58,56,56,56,56,56],"card_choices":[{"not_picked":["Terror","Backflip"],"picked":"Flying Knee","floor":1},{"not_picked":["Blade Dance","Deflect"],"picked":"All Out Attack","floor":5},{"not_picked":["Sneak Up","Masterful Stab"],"picked":"Quick Slash","floor":6},{"not_picked":["Blade Dance","Tactician"],"picked":"Glass Knife","floor":8},{"not_picked":["Fluid Movement","Acrobatics"],"picked":"Backflip","floor":10},{"not_picked":["Deflect","Prepared"],"picked":"Dodge and Roll","floor":13},{"not_picked":["Blur","Crippling Poison"],"picked":"Glass Knife","floor":14},{"not_picked":["Envenom","Burst"],"picked":"Tools of the Trade","floor":16},{"not_picked":["Hidden Blade","Deflect"],"picked":"Calculated Gamble+1","floor":18},{"not_picked":["Deadly Poison","Slice"],"picked":"Riddle With Holes","floor":23}],"player_experience":320677,"relics_obtained":[{"floor":2,"key":"ReplayTheSpireMod:Ring of Addiction"},{"floor":2,"key":"ReplayTheSpireMod:Ring of Collecting"},{"floor":2,"key":"White Beast Statue"},{"floor":2,"key":"Toy Ornithopter"},{"floor":6,"key":"Byrd Skull"},{"floor":8,"key":"Shuriken"},{"floor":9,"key":"Ring of Peace"},{"floor":9,"key":"Vampiric Spirits"},{"floor":10,"key":"Odd Mushroom"},{"floor":12,"key":"ReplayTheSpireMod:Ring of Challenge"},{"floor":12,"key":"Golden Egg"},{"floor":13,"key":"Pet Ghost"},{"floor":14,"key":"Simple Rune"},{"floor":22,"key":"Nilry\u0027s Codex"},{"floor":23,"key":"Replay:Kaleidoscope"},{"floor":25,"key":"Oddly Smooth Stone"}],"event_choices":[{"damage_healed":0,"gold_gain":0,"player_choice":"Take Damage","damage_taken":15,"relics_obtained":["Golden Idol"],"max_hp_gain":0,"max_hp_loss":0,"event_name":"Golden Idol","floor":3,"gold_loss":0},{"damage_healed":0,"gold_gain":0,"player_choice":"Fought Mushrooms","damage_taken":0,"max_hp_gain":0,"max_hp_loss":0,"event_name":"Mushrooms","floor":10,"gold_loss":0},{"damage_healed":0,"gold_gain":0,"player_choice":"Searched \u00272\u0027 times","damage_taken":0,"max_hp_gain":0,"max_hp_loss":0,"event_name":"Dead Adventurer","floor":13,"gold_loss":0},{"cards_removed":["Strike_G"],"damage_healed":0,"gold_gain":0,"player_choice":"Elegance","damage_taken":0,"max_hp_gain":0,"max_hp_loss":0,"event_name":"Back to Basics","floor":19,"gold_loss":0},{"damage_healed":0,"gold_gain":0,"player_choice":"Ignored","damage_taken":0,"max_hp_gain":0,"max_hp_loss":0,"event_name":"Ghosts","floor":20,"gold_loss":0},{"damage_healed":0,"gold_gain":0,"player_choice":"Obtained Book","damage_taken":16,"max_hp_gain":0,"max_hp_loss":0,"event_name":"Cursed Tome","floor":22,"gold_loss":0}],"is_beta":false,"boss_relics":[{"not_picked":["Replay:Wanted Poster","Kintsugi"],"picked":"HoveringKite"}],"items_purged_floors":[],"is_endless":false,"potions_floor_spawned":[5,6,8,10,13,14,16,18,23,25],"killed_by":"Gremlin Leader","ascension_level":3}}