{"host":"pghde1rvj8zzw0ih","time":1610900682,"event":{"mods":["BaseMod","Beaked The Cultist","Colored Powertips","Downfall","Hermit","Highlight Path","Hubris","Infinite Spire","Minty Spire (QoL Compilation)","Shop Mod","StSLib","The Disciple"],"gold_per_floor":[119,72,72,82,82,82,111,111,160,194,211,224,251,49,49,154,154,169,268,280,280,280],"floor_reached":21,"language":"ENG","playtime":3794,"items_purged":[],"score":233,"play_id":"c0bb510a-521d-44f1-b0cf-2b762391a9c0","local_time":"20210117162442","is_ascension_mode":true,"campfire_choices":[{"data":"HandsUpC","floor":8,"key":"SMITH"},{"floor":15,"key":"REST"}],"circlet_count":0,"master_deck":["Strike_Br+1","Strike_Br","Strike_Br","Strike_Br","Defend_Br","Defend_Br","Defend_Br","Defend_Br","SecondHand+1","PatternShift","BlueShift","HandsUpC+1","PrimeTime","ExoVibe","LockedScales","Vivace","RageCommand","WindUp+1"],"relics":["Chronometer","NeowsBlessing","Regal Pillow","Art of War","MealTicket","WingedGreaves","HandDrill","SlaversCollar"],"acts_visited":["TheCity"],"potions_floor_usage":[13,16,21],"damage_taken":[{"damage":0,"enemies":"Small Slimes","floor":1,"turns":2},{"damage":0,"enemies":"Cultist","floor":4,"turns":1},{"damage":0,"enemies":"3 Sentries","floor":7,"turns":2},{"damage":10,"enemies":"Gremlin Nob","floor":10,"turns":6},{"damage":0,"enemies":"2 Louse","floor":11,"turns":3},{"damage":0,"enemies":"Blue Slaver","floor":12,"turns":4},{"damage":12,"enemies":"3 Sentries","floor":13,"turns":8},{"damage":28,"enemies":"The Guardian","floor":16,"turns":14},{"damage":10,"enemies":"Shell Parasite","floor":18,"turns":4},{"damage":30,"enemies":"Chosen","floor":20,"turns":7},{"damage":29,"enemies":"Masked Bandits","floor":21,"turns":3}],"seed_played":"-5945938684569322602","potions_obtained":[{"floor":1,"key":"hexamod:SoulburnPotion"},{"floor":10,"key":"Explosive Potion"},{"floor":11,"key":"Guardian:BlockOnCardUsePotion"},{"floor":16,"key":"infinitespire:BlackPotion"},{"floor":20,"key":"SteroidPotion"}],"is_trial":false,"path_per_floor":["M","$","?","M","?","?","E","R","T","E","M","M","E","$","R","B",null,"M","?","M","?"],"character_chosen":"CHRONO_CLASS","items_purchased":["HandsUpC","HandDrill","Tempo"],"campfire_rested":1,"item_purchase_floors":[2,14,14],"current_hp_per_floor":[65,65,65,65,65,52,52,52,52,42,42,42,30,45,65,37,65,55,55,25,0,0],"gold":280,"neow_bonus":"THREE_ENEMY_KILL","is_daily":false,"chose_seed":false,"campfire_upgraded":1,"win_rate":0.0,"timestamp":1610900682,"path_taken":["M","$","?","?","?","?","E","R","T","E","M","M","E","?","R","BOSS","M","?","M","?"],"items_purchased_type":["Card","Relic","Card"],"build_version":"2020-12-22","purchased_purges":0,"victory":false,"max_hp_per_floor":[65,65,65,65,65,65,65,65,65,65,65,65,65,65,65,65,65,65,65,65,65,65],"card_choices":[{"not_picked":["Echoward","CrunchTime"],"picked":"BlueShift","floor":1},{"not_picked":["Chronoelasticity","LockedScales"],"picked":"PrimeTime","floor":4},{"not_picked":["VestedLegacy","DaylightSavings","HandsUpB"],"picked":"SKIP","floor":7},{"not_picked":["ResonantCall","FormalWear"],"picked":"ExoVibe","floor":10},{"not_picked":["WatchCommand","Recurrance","ExoVibe"],"picked":"SKIP","floor":11},{"not_picked":["LockedMawBank","Break"],"picked":"LockedScales","floor":12},{"not_picked":["VestedLegacy","Echonomics","LockedWhetstone"],"picked":"SKIP","floor":13},{"not_picked":["OverTime","LockedFlame"],"picked":"RageCommand","floor":16},{"not_picked":["Tempo+1","Echoward","AlternateTimeline+1"],"picked":"SKIP","floor":18},{"not_picked":["BlueShift","LockedAnchor"],"picked":"WindUp+1","floor":20}],"player_experience":312832,"relics_obtained":[{"floor":7,"key":"Regal Pillow"},{"floor":9,"key":"Art of War"},{"floor":10,"key":"MealTicket"},{"floor":13,"key":"WingedGreaves"}],"event_choices":[{"damage_healed":0,"gold_gain":0,"player_choice":"Bought 0 Potions","damage_taken":0,"max_hp_gain":0,"max_hp_loss":0,"event_name":"The Woman in Blue","floor":3,"gold_loss":0},{"damage_healed":0,"gold_gain":0,"player_choice":"Leave","damage_taken":0,"max_hp_gain":0,"max_hp_loss":0,"event_name":"The Cleric","floor":5,"gold_loss":0},{"damage_healed":0,"gold_gain":0,"player_choice":"Entered Light","damage_taken":13,"max_hp_gain":0,"max_hp_loss":0,"event_name":"Shining Light","floor":6,"gold_loss":0,"cards_upgraded":["Strike_Br","SecondHand"]},{"damage_healed":0,"gold_gain":99,"player_choice":"Stole From Cult","damage_taken":0,"max_hp_gain":0,"max_hp_loss":0,"event_name":"Nest","floor":19,"gold_loss":0},{"damage_healed":0,"gold_gain":0,"player_choice":"Fought Bandits","damage_taken":0,"max_hp_gain":0,"max_hp_loss":0,"event_name":"Masked Bandits","floor":21,"gold_loss":0}],"is_beta":false,"boss_relics":[{"not_picked":["Black Star","Astrolabe"],"picked":"SlaversCollar"}],"items_purged_floors":[],"is_endless":false,"potions_floor_spawned":[1,10,11,12,16,20],"killed_by":"Masked Bandits","ascension_level":1}}