{"host":"n264v15x7h51zqzc","time":1610845329,"event":{"mods":["AchievementEnabler","BaseMod","BetterRewards","Colored Powertips","Hermit","Hubris","Infinite Spire","Minty Spire (QoL Compilation)","Replay The Spire","StSLib","The Construct"],"gold_per_floor":[116,10009,10047,10065,10015,10015,9226,9237,9264,9264,9298,9298,9318,9350,9350,9453,9453,9468,9012,9031,8946,8946,8972,8972,9003,9029,9029,9029,9039,9039,9050,9050,9735,9735,10385,9320,9320,9947,10605,11331,11331,11291,11315,12084,12893,13743,14669,15640,15640,16761,16761,17860,19034,20274,19442,20706,22072,22072,23514,23563,25087,25187,26832,26832,28583,28583,30521,30521,32501,32501,34606,33894,36101,38355,38454,38379,38402,40912,40280,40280,42911,45680,45680,48713,48713,51871,51589,54943,58512,58540,62339,66357,70675,70699,70699,75318,75418,80343,85588,85588,91239,91239,91239],"floor_reached":102,"language":"ENG","playtime":4345,"items_purged":["hermit:Covet","hermit:ImpendingDoom","Normality","hermit:LoneWolf+1","Discovery","hermit:Strike_Hermit"],"score":2133,"play_id":"056890f0-34d3-4dbf-a563-53913386004b","local_time":"20210116190209","is_ascension_mode":false,"campfire_choices":[{"data":"Metamorphosis","floor":10.0,"key":"SMITH"},{"data":"hermit:Vantage","floor":12.0,"key":"SMITH"},{"data":"hermit:Vantage","floor":15.0,"key":"SMITH"},{"floor":24.0,"key":"REST"},{"floor":27.0,"key":"REST"},{"floor":30.0,"key":"REST"},{"data":"hermit:Determination","floor":32.0,"key":"SMITH"},{"data":"ReplayTheSpireMod:Private Reserves","floor":41.0,"key":"SMITH"},{"floor":49.0,"key":"REST"},{"data":"hermit:GoldenBullet","floor":58.0,"key":"SMITH"},{"data":"hermit:Strike_Hermit","floor":64.0,"key":"SMITH"},{"floor":66.0,"key":"DIG"},{"data":"infinitespire:Gouge","floor":83.0,"key":"SMITH"},{"data":"1","floor":95,"key":"LIFT"},{"data":"2","floor":100,"key":"LIFT"}],"circlet_count":0,"master_deck":["hermit:Strike_Hermit","hermit:Strike_Hermit","hermit:Strike_Hermit","hermit:Defend_Hermit","hermit:Defend_Hermit","hermit:Defend_Hermit","hermit:GhostlyPresence","hermit:Quickdraw","hermit:GhostlyPresence","Metamorphosis+1","hermit:Vantage+1","hermit:Ricochet","hermit:Desperado","hermit:Vantage+1","hermit:GoldenBullet+1","hermit:Desperado+1","ReplayTheSpireMod:Private Reserves+1","hermit:Ricochet","hermit:Determination+1","hermit:Dive+1","hermit:Vantage","CurseOfTheBell","hermit:LowProfile","hermit:BigShot","hermit:LowProfile+1","hermit:Determination","hermit:Scavenge","hermit:Ricochet","hermit:Ricochet","Voices","hermit:Determination","Spreading Infection","hermit:Scavenge+1","hermit:Desperado","hermit:HoleUp+1","hermit:SprayPray+1","hermit:Deadeye","hermit:HoleUp","hermit:ShadowCloak","hermit:Virtue","hermit:Headshot","Doubt","hermit:Gambit","infinitespire:Gouge+1","infinitespire:Collect","Regret","Pot Of Greed","Pot Of Greed","Pot Of Greed","Pot Of Greed","Pot Of Greed","hermit:Determination","hermit:ShadowCloak+1","hermit:Maintenance+1","ReplayTheSpireMod:Restless Dread","infinitespire:Gouge"],"relics":["hermit:ClaspedLocket","Simple Rune","Meat on the Bone","hermit:PetGhost","Dream Catcher","hermit:RyeStalk","Cursed Key","ReplayTheSpireMod:CursedCoin","Potion Belt","Anchor","infinitespire:FocusingShard","FaceOfCleric","TungstenRod","Replay:Rubber Ducky","infinitespire:Lucky Rock","Calling Bell","Bag of Marbles","hermit:Spyglass","infinitespire:Golems Mask","infinitespire:EvilPickle","Replay:Towering Pillar of Hats","OrangePellets","Toy Ornithopter","Ring of Fangs","Ring of Fury","Darkstone Periapt","Blood Vial","Pen Nib","infinitespire:WardingShard","Sozu","infinitespire:ShieldingShard","Orrery","Pantograph","Pet Ghost","WingedGreaves","infinitespire:Beetle Shell","Replay:Wanted Poster","Bag of Preparation","ReplayTheSpireMod:SealedPack","PreservedInsect","HandDrill","Singing Bowl","Bottled Flame","Replay:Wax Seal","Blue Candle","Grinning Jar","Boot","TheAbacus","infinitespire:PuzzleCube","Oddly Smooth Stone","SlaversCollar","Counterbalance","Girya","Replay:Bandana","Ancient Tea Set"],"acts_visited":["Exordium","TheCity","TheBeyond","Exordium","TheCity","TheBeyond","Exordium"],"potions_floor_usage":[],"damage_taken":[{"damage":0.0,"enemies":"Cultist","floor":1.0,"turns":3.0},{"damage":0.0,"enemies":"Small Slimes","floor":2.0,"turns":3.0},{"damage":0.0,"enemies":"2 Louse","floor":4.0,"turns":3.0},{"damage":0.0,"enemies":"2 Fungi Beasts","floor":8.0,"turns":3.0},{"damage":11.0,"enemies":"3 Sentries","floor":11.0,"turns":4.0},{"damage":0.0,"enemies":"Exordium Thugs","floor":13.0,"turns":3.0},{"damage":1.0,"enemies":"Gremlin Gang","floor":14.0,"turns":4.0},{"damage":41.0,"enemies":"Fading Forest","floor":16.0,"turns":11.0},{"damage":4.0,"enemies":"Chosen","floor":18.0,"turns":4.0},{"damage":13.0,"enemies":"Shell Parasite","floor":20.0,"turns":2.0},{"damage":35.0,"enemies":"Slavers","floor":23.0,"turns":5.0},{"damage":29.0,"enemies":"Gremlin Leader","floor":25.0,"turns":8.0},{"damage":25.0,"enemies":"Shelled Parasite and Fungi","floor":29.0,"turns":4.0},{"damage":19.0,"enemies":"Centurion and Healer","floor":31.0,"turns":6.0},{"damage":75.0,"enemies":"Pondfish","floor":33.0,"turns":10.0},{"damage":22.0,"enemies":"3 Shapes","floor":35.0,"turns":4.0},{"damage":0.0,"enemies":"3 Darklings","floor":38.0,"turns":4.0},{"damage":2.0,"enemies":"Spire Growth","floor":39.0,"turns":5.0},{"damage":28.0,"enemies":"R_Hoarder","floor":40.0,"turns":9.0},{"damage":55.0,"enemies":"Reptomancer","floor":44.0,"turns":7.0},{"damage":0.0,"enemies":"Writhing Mass","floor":45.0,"turns":4.0},{"damage":18.0,"enemies":"Jaw Worm Horde","floor":46.0,"turns":5.0},{"damage":53.0,"enemies":"Nightmare","floor":47.0,"turns":8.0},{"damage":0.0,"enemies":"Transient","floor":48.0,"turns":5.0},{"damage":58.0,"enemies":"Replay:Hell Engine","floor":50.0,"turns":11.0},{"damage":0.0,"enemies":"Small Slimes","floor":52.0,"turns":2.0},{"damage":0.0,"enemies":"Jaw Worm","floor":53.0,"turns":1.0},{"damage":0.0,"enemies":"Cultist","floor":54.0,"turns":2.0},{"damage":12.0,"enemies":"Lots of Slimes","floor":56.0,"turns":4.0},{"damage":20.0,"enemies":"Gremlin Nob","floor":57.0,"turns":3.0},{"damage":13.0,"enemies":"Lagavulin","floor":59.0,"turns":5.0},{"damage":0.0,"enemies":"Exordium Thugs","floor":61.0,"turns":3.0},{"damage":0.0,"enemies":"Looter","floor":63.0,"turns":3.0},{"damage":0.0,"enemies":"2 Fungi Beasts","floor":65.0,"turns":3.0},{"damage":64.0,"enemies":"Hexaghost","floor":67.0,"turns":7.0},{"damage":0.0,"enemies":"2 Thieves","floor":69.0,"turns":2.0},{"damage":19.0,"enemies":"3 Byrds","floor":71.0,"turns":5.0},{"damage":9.0,"enemies":"Snake Plant","floor":73.0,"turns":3.0},{"damage":2.0,"enemies":"Gremlin Leader","floor":74.0,"turns":2.0},{"damage":26.0,"enemies":"Slavers","floor":78.0,"turns":4.0},{"damage":0.0,"enemies":"Book of Stabbing","floor":81.0,"turns":2.0},{"damage":0.0,"enemies":"Sentry and Sphere","floor":82.0,"turns":3.0},{"damage":0.0,"enemies":"Automaton","floor":84.0,"turns":5.0},{"damage":0.0,"enemies":"3 Shapes","floor":86.0,"turns":2.0},{"damage":0.0,"enemies":"Orb Walker","floor":88.0,"turns":2.0},{"damage":0.0,"enemies":"Spire Growth","floor":89.0,"turns":3.0},{"damage":67.0,"enemies":"Mind Bloom Boss Battle","floor":90.0,"turns":4.0},{"damage":6.0,"enemies":"4 Shapes","floor":91.0,"turns":3.0},{"damage":18,"enemies":"3 Darklings","floor":92,"turns":7},{"damage":1,"enemies":"Nemesis","floor":93,"turns":3},{"damage":17,"enemies":"Giant Head","floor":96,"turns":6},{"damage":5,"enemies":"Writhing Mass","floor":98,"turns":4},{"damage":19,"enemies":"Maw","floor":99,"turns":4},{"damage":34,"enemies":"Replay:Hell Engine","floor":101,"turns":7}],"seed_played":"-626392503154746301","potions_obtained":[{"floor":2.0,"key":"SmokeBomb"},{"floor":3.0,"key":"hermit:BlackBile"},{"floor":3.0,"key":"Weak Potion"},{"floor":3.0,"key":"DistilledChaos"},{"floor":11.0,"key":"ColorlessPotion"},{"floor":14.0,"key":"Regen Potion"},{"floor":20.0,"key":"Languid Potion"},{"floor":23.0,"key":"BlessingOfTheForge"},{"floor":29.0,"key":"SpeedPotion"},{"floor":33.0,"key":"Swift Potion"},{"floor":35.0,"key":"Energy Potion"},{"floor":42.0,"key":"Swift Potion"},{"floor":42.0,"key":"Explosive Potion"},{"floor":42.0,"key":"Flashbang"},{"floor":46.0,"key":"FearPotion"},{"floor":48.0,"key":"Cursed Concoction"}],"is_trial":false,"path_per_floor":["M","M","?","M","?","?","$","M","T","R","E","R","M","M","R","B",null,"M","$","M","?","?","E","R","E","T","R","AVR","M","R","M","R","B",null,"M","$","?","M","M","E","R","?","T","E","M","M","NM","M","R","B",null,"M","M","M","$","M","E","R","E","T","M","AVR","M","R","M","R","B",null,"M","AVR","M","$","M","E","?","?","T","E","$","?","E","M","R","B",null,"M","$","M","M","?","M","M","E","T","R","E","?","M","M","R","B",null],"character_chosen":"HERMIT","items_purchased":["Meat on the Bone","hermit:PetGhost","Dream Catcher","Metamorphosis","hermit:Vantage","ReplayTheSpireMod:CursedCoin","Potion Belt","Anchor","hermit:Desperado+1","ColorlessPotion","SkillPotion","ReplayTheSpireMod:Private Reserves","Replay:Towering Pillar of Hats","OrangePellets","hermit:Determination","hermit:Scavenge","hermit:Ricochet","Explosive Potion","Strength Potion","Toy Ornithopter","Toxic Potion","infinitespire:ShieldingShard","Orrery","Pantograph","hermit:ShadowCloak","PreservedInsect","HandDrill","Singing Bowl","Grinning Jar","Boot","TheAbacus","hermit:Determination"],"campfire_rested":4,"item_purchase_floors":[7,7,7,7,7,19,19,19,19,19,19,19,36,36,36,36,36,36,36,36,36,55,55,55,55,72,72,72,79,79,79,87],"current_hp_per_floor":[75,75,57,57,57,62,62,62,62,62,51,51,51,50,50,46,80,76,76,63,63,63,41,65,49,49,73,73,49,73,55,55,14,85,64,64,64,75,79,57,57,57,63,38,53,83,50,53,83,45,101,102,103,104,104,93,76,76,66,72,75,75,78,78,81,81,57,123,124,124,106,106,102,105,105,105,111,91,91,91,96,102,102,132,149,152,152,153,154,90,89,89,93,99,99,100,100,101,99,99,96,184,184],"gold":91239,"neow_bonus":"RANDOM_COMMON_RELIC","is_daily":false,"chose_seed":false,"campfire_upgraded":8,"win_rate":0.0,"timestamp":1610845329,"path_taken":["M","M","?","M","?","?","$","M","T","R","E","R","?","M","R","BOSS","M","$","?","?","?","E","R","E","T","R","AVR","?","R","M","R","BOSS","M","$","?","M","M","E","R","?","T","E","M","M","NM","M","R","BOSS","M","M","M","$","M","E","R","E","T","M","AVR","M","R","M","R","BOSS","M","AVR","?","$","M","E","?","?","T","E","$","?","E","M","R","BOSS","M","$","M","M","?","M","M","E","T","R","E","?","M","M","R","BOSS"],"items_purchased_type":["Relic","Relic","Relic","Card","Card","Relic","Relic","Relic","Card","Potion","Potion","Card","Relic","Relic","Card","Card","Card","Potion","Potion","Relic","Potion","Relic","Relic","Relic","Card","Relic","Relic","Relic","Relic","Relic","Relic","Card"],"build_version":"2020-12-22","purchased_purges":6,"victory":false,"max_hp_per_floor":[75,75,75,75,75,80,80,80,80,80,80,80,80,80,80,80,80,80,80,80,80,80,81,81,82,82,82,82,83,83,84,84,85,85,86,86,86,87,88,89,89,89,95,96,97,98,99,100,100,101,101,102,103,104,104,105,106,106,107,113,114,114,115,115,116,116,117,123,124,124,125,125,128,131,131,131,137,140,140,140,143,146,146,149,149,152,152,153,154,157,160,163,166,172,172,175,175,178,181,181,184,184,184],"card_choices":[{"not_picked":["hermit:Snipe","hermit:LuckOfTheDraw","hermit:NoHoldsBarred"],"picked":"SKIP","floor":1.0},{"not_picked":["hermit:TakeCover","hermit:BodyArmor"],"picked":"hermit:GhostlyPresence","floor":2.0},{"not_picked":["hermit:WideOpen","hermit:Shortfuse"],"picked":"hermit:Quickdraw","floor":3.0},{"not_picked":["hermit:EyeOfTheStorm","hermit:FullyLoaded"],"picked":"hermit:GhostlyPresence","floor":4.0},{"not_picked":["hermit:Snipe","hermit:CalledShot"],"picked":"hermit:Ricochet","floor":8.0},{"not_picked":["hermit:HeroicBravado","hermit:EyeOfTheStorm","hermit:Gestalt"],"picked":"SKIP","floor":11.0},{"not_picked":["hermit:ItchyTrigger","hermit:Manifest"],"picked":"hermit:Desperado","floor":13.0},{"not_picked":["hermit:Misfire","hermit:EyeOfTheStorm"],"picked":"hermit:Vantage","floor":14.0},{"not_picked":["hermit:FullyLoaded+1","hermit:Gestalt+1"],"picked":"hermit:GoldenBullet","floor":18.0},{"not_picked":["hermit:Grudge","hermit:CalledShot"],"picked":"hermit:Ricochet","floor":20.0},{"not_picked":["hermit:BigShot","hermit:Cheat"],"picked":"hermit:Determination","floor":23.0},{"not_picked":["hermit:Combo","hermit:DeadMansHand"],"picked":"hermit:Dive+1","floor":24.0},{"not_picked":["hermit:Horror","hermit:Midnight","hermit:TrackingShot"],"picked":"SKIP","floor":25.0},{"not_picked":["hermit:Midnight","hermit:Glare"],"picked":"hermit:Vantage","floor":27.0},{"not_picked":["hermit:Quickdraw","hermit:HoleUp"],"picked":"hermit:LowProfile","floor":29.0},{"not_picked":["hermit:SprayPray","hermit:Ricochet+1"],"picked":"hermit:BigShot","floor":31.0},{"not_picked":["hermit:BigShot+1","hermit:BodyArmor"],"picked":"hermit:LowProfile+1","floor":35.0},{"not_picked":["hermit:ItchyTrigger","hermit:Spite","hermit:BodyArmor"],"picked":"SKIP","floor":38.0},{"not_picked":["hermit:BodyArmor","hermit:Ricochet"],"picked":"hermit:Determination","floor":39.0},{"not_picked":["hermit:Adapt","hermit:Manifest+1","hermit:CursedWeapon"],"picked":"SKIP","floor":40.0},{"not_picked":["hermit:Magnum","hermit:Misfire+1"],"picked":"hermit:Scavenge+1","floor":44.0},{"not_picked":["hermit:TrackingShot","hermit:Vantage","hermit:Gestalt+1"],"picked":"SKIP","floor":45.0},{"not_picked":["hermit:EyeOfTheStorm","hermit:Brawl"],"picked":"hermit:Desperado","floor":46.0},{"not_picked":["hermit:Scavenge+1","hermit:Enervate"],"picked":"hermit:HoleUp+1","floor":47.0},{"not_picked":["hermit:CalledShot","hermit:TakeCover+1"],"picked":"hermit:SprayPray+1","floor":48.0},{"not_picked":["hermit:Desperado","hermit:TrackingShot"],"picked":"hermit:LoneWolf+1","floor":49.0},{"not_picked":["hermit:Scavenge","hermit:BigShot","hermit:LowProfile"],"picked":"SKIP","floor":52.0},{"not_picked":["hermit:Virtue","hermit:SprayPray"],"picked":"hermit:Deadeye","floor":53.0},{"not_picked":["hermit:LowProfile","hermit:CursedWeapon","hermit:ShadowCloak"],"picked":"SKIP","floor":54.0},{"not_picked":["hermit:Cheat","hermit:Brawl"],"picked":"hermit:HoleUp","floor":55.0},{"not_picked":["hermit:Ricochet","hermit:Combo","hermit:GhostlyPresence"],"picked":"SKIP","floor":56.0},{"not_picked":["hermit:Manifest","hermit:Coalescence","hermit:Gestalt"],"picked":"SKIP","floor":57.0},{"not_picked":["hermit:Desperado","hermit:SprayPray"],"picked":"hermit:Virtue","floor":59.0},{"not_picked":["hermit:ItchyTrigger","hermit:Roulette"],"picked":"hermit:Headshot","floor":61.0},{"not_picked":["hermit:CursedWeapon","hermit:Virtue","hermit:EyeOfTheStorm"],"picked":"SKIP","floor":63.0},{"not_picked":["hermit:ItchyTrigger","hermit:Ricochet","hermit:TrackingShot"],"picked":"SKIP","floor":65.0},{"not_picked":["hermit:EternalForm","hermit:Adapt"],"picked":"hermit:Gambit","floor":68.0},{"not_picked":["Panacea","Replay:Sssssssssstrike"],"picked":"Discovery","floor":68.0},{"not_picked":["infinitespire:SealOfDarkness+","infinitespire:Oblivion"],"picked":"infinitespire:Gouge","floor":68.0},{"not_picked":["hermit:SprayPray","hermit:Coalescence","hermit:Vantage+1"],"picked":"SKIP","floor":69.0},{"not_picked":["hermit:Desperado","hermit:LowProfile","hermit:Ricochet"],"picked":"SKIP","floor":71.0},{"not_picked":["hermit:LowProfile","hermit:Virtue","hermit:Roulette+1"],"picked":"Singing Bowl","floor":73.0},{"not_picked":["hermit:Gestalt+1","hermit:WideOpen","hermit:Desperado"],"picked":"Singing Bowl","floor":74.0},{"not_picked":["hermit:Manifest","hermit:Misfire","hermit:Glare+1"],"picked":"Singing Bowl","floor":78.0},{"not_picked":["hermit:Headshot","hermit:Roughhouse","hermit:Dive"],"picked":"Singing Bowl","floor":81.0},{"not_picked":["hermit:Spite","hermit:Glare","hermit:BodyArmor"],"picked":"Singing Bowl","floor":82.0},{"not_picked":["hermit:OverwhelmingPower","hermit:Gambit","hermit:Adapt"],"picked":"Singing Bowl","floor":84.0},{"not_picked":["hermit:Desperado+1","hermit:Horror","hermit:Coalescence+1"],"picked":"Singing Bowl","floor":86.0},{"not_picked":["hermit:Quickdraw+1","hermit:LowProfile"],"picked":"hermit:ShadowCloak+1","floor":88.0},{"not_picked":["hermit:Snipe+1","hermit:HighCaliber+1"],"picked":"hermit:Maintenance+1","floor":89.0},{"not_picked":["hermit:TakeCover+1","hermit:CursedWeapon+1","hermit:SprayPray"],"picked":"Singing Bowl","floor":90.0},{"not_picked":["hermit:LowProfile","hermit:Showdown+1","hermit:Cheat"],"picked":"Singing Bowl","floor":91.0},{"not_picked":["hermit:PistolWhip+1","hermit:Snipe","hermit:Maintenance"],"picked":"Singing Bowl","floor":92},{"not_picked":["hermit:FromBeyond","hermit:Scavenge","hermit:CalledShot+1"],"picked":"Singing Bowl","floor":93},{"not_picked":["hermit:LuckOfTheDraw","hermit:Coalescence+1","hermit:Headshot"],"picked":"Singing Bowl","floor":96},{"not_picked":["hermit:LowProfile","hermit:HighCaliber","hermit:Feint+1"],"picked":"Singing Bowl","floor":98},{"not_picked":["hermit:CalledShot+1","hermit:Feint+1","hermit:Vantage+1"],"picked":"Singing Bowl","floor":99},{"not_picked":["ReplayTheSpireMod:Echoes of Time","infinitespire:Punishment"],"picked":"infinitespire:Gouge","floor":101},{"not_picked":["hermit:EternalForm","hermit:Roughhouse","hermit:RoundhouseKick"],"picked":"Singing Bowl","floor":101}],"player_experience":176931,"relics_obtained":[{"floor":11.0,"key":"hermit:RyeStalk"},{"floor":23.0,"key":"TungstenRod"},{"floor":25.0,"key":"Replay:Rubber Ducky"},{"floor":26.0,"key":"infinitespire:Lucky Rock"},{"floor":28.0,"key":"Bag of Marbles"},{"floor":28.0,"key":"hermit:Spyglass"},{"floor":28.0,"key":"infinitespire:Golems Mask"},{"floor":37.0,"key":"Ring of Fangs"},{"floor":37.0,"key":"Ring of Fury"},{"floor":40.0,"key":"Darkstone Periapt"},{"floor":43.0,"key":"Blood Vial"},{"floor":44.0,"key":"Pen Nib"},{"floor":47.0,"key":"infinitespire:WardingShard"},{"floor":57.0,"key":"Pet Ghost"},{"floor":59.0,"key":"WingedGreaves"},{"floor":60.0,"key":"infinitespire:Beetle Shell"},{"floor":66.0,"key":"Bag of Preparation"},{"floor":74.0,"key":"Bottled Flame"},{"floor":77.0,"key":"Replay:Wax Seal"},{"floor":78.0,"key":"Blue Candle"},{"floor":81.0,"key":"Oddly Smooth Stone"},{"floor":90.0,"key":"Counterbalance"},{"floor":93,"key":"Girya"},{"floor":94,"key":"Replay:Bandana"},{"floor":96,"key":"Ancient Tea Set"}],"event_choices":[{"cards_removed":["hermit:Defend_Hermit"],"damage_healed":0.0,"max_hp_gain":0.0,"max_hp_loss":0.0,"gold_gain":0.0,"event_name":"The Cleric","player_choice":"Card Removal","floor":5.0,"gold_loss":50.0,"damage_taken":0.0},{"damage_healed":0.0,"max_hp_gain":5.0,"max_hp_loss":0.0,"gold_gain":0.0,"event_name":"Big Fish","player_choice":"Donut","floor":6.0,"gold_loss":0.0,"damage_taken":0.0},{"damage_healed":0.0,"max_hp_gain":0.0,"max_hp_loss":0.0,"gold_gain":0.0,"event_name":"Addict","player_choice":"Obtained Relic","floor":21.0,"gold_loss":85.0,"damage_taken":0.0,"relics_obtained":["infinitespire:FocusingShard"]},{"damage_healed":0.0,"max_hp_gain":0.0,"max_hp_loss":0.0,"gold_gain":0.0,"event_name":"FaceTrader","player_choice":"Trade","floor":22.0,"gold_loss":0.0,"damage_taken":0.0,"relics_obtained":["FaceOfCleric"]},{"damage_healed":0.0,"max_hp_gain":0.0,"max_hp_loss":0.0,"gold_gain":0.0,"event_name":"The Woman in Blue","player_choice":"Bought 3 Potions","floor":42.0,"gold_loss":0.0,"damage_taken":0.0},{"damage_healed":0.0,"max_hp_gain":0.0,"max_hp_loss":0.0,"gold_gain":99.0,"event_name":"Nest","player_choice":"Stole From Cult","floor":75.0,"gold_loss":0.0,"damage_taken":0.0},{"cards_removed":["hermit:Snapshot"],"damage_healed":0.0,"max_hp_gain":0.0,"max_hp_loss":0.0,"gold_gain":0.0,"event_name":"Beggar","player_choice":"Gave Gold","floor":76.0,"gold_loss":75.0,"damage_taken":0.0},{"damage_healed":0.0,"max_hp_gain":0.0,"max_hp_loss":0.0,"gold_gain":0.0,"event_name":"MindBloom","player_choice":"Fight","floor":90.0,"gold_loss":0.0,"damage_taken":0.0},{"damage_healed":0,"gold_gain":100,"player_choice":"Pray","damage_taken":0,"max_hp_gain":0,"max_hp_loss":0,"event_name":"Golden Shrine","floor":97,"gold_loss":0}],"is_beta":false,"boss_relics":[{"not_picked":["Busted Crown","Coffee Dripper"],"picked":"Cursed Key"},{"not_picked":["ReplayTheSpireMod:DimensionalGlitch","Runic Pyramid"],"picked":"hermit:ClaspedLocket"},{"not_picked":["hermit:DentedPlate","ReplayTheSpireMod:SealedPack"],"picked":"Sozu"},{"not_picked":["hermit:DentedPlate","SacredBark"],"picked":"ReplayTheSpireMod:SealedPack"},{"not_picked":["Replay:Ancient Bell","Painkiller Herb"],"picked":"SlaversCollar"},{"not_picked":["Astrolabe","ReplayTheSpireMod:Onyx Gauntlets","ReplayTheSpireMod:DimensionalGlitch"]}],"items_purged_floors":[19,36,55,72,79,87],"is_endless":true,"potions_floor_spawned":[2,11,14,20,23,29,33,35,46,48,53,63,65,67,69,73,78,84,89,90,92,99,101],"ascension_level":0}}