{"host":"yfdtuf6ojcxn06xg","time":1610858743,"event":{"mods":["2.2 Compatiblity","AchievementEnabler","BaseMod","Colored Map","Colored Powertips","Curses Come First","Hermit","JesterMod","Jorbs\u0027s Wanderer Trilogy","Minty Spire (QoL Compilation)","Quick Restart","Rare Cards Sparkle","Relic Stats","Replay The Spire","StSLib","The Cursed","The Disciple","The Hierophant","The Jungle","The Marked","The Necromancer","The Servant 0.9.4"],"gold_per_floor":[119,0,20,20,20,20,55,55,81,6,20,52,67,86,86,185,185,205,120,177,196,60,60,93,93,118,118,25,58,75,89,89,184,184,200,200,252,252,252,252,264,8,85,1,21,35,35,49,49,49],"floor_reached":51,"language":"ENG","playtime":2245,"items_purged":["Strike_R","ReplayTheSpireMod:Splinters"],"score":778,"play_id":"ae03bf2a-7195-4d30-8eec-118cd5b73b19","local_time":"20210116234543","is_ascension_mode":true,"campfire_choices":[{"data":"Combust","floor":6,"key":"SMITH"},{"data":"Inflame","floor":8,"key":"SMITH"},{"data":"Offering","floor":15,"key":"SMITH"},{"data":"Replay:Many Hands","floor":23,"key":"SMITH"},{"floor":25,"key":"REST"},{"data":"Dark Embrace","floor":32,"key":"SMITH"},{"data":"1","floor":40,"key":"LIFT"},{"data":"2","floor":47,"key":"LIFT"},{"data":"3","floor":49,"key":"LIFT"}],"circlet_count":0,"master_deck":["Strike_R","Strike_R","Defend_R","Defend_R","Defend_R+1","Defend_R","Bash","Inflame+1","Combust+1","Replay:Undeath\u0027s Touch","Thunderclap","Seeing Red","Offering+1","Hemokinesis","Headbutt","Replay:Many Hands+1","Carnage+1","Cleave+1","Ghostly Armor+1","Power Through+1","Ghostly Armor+1","Dramatic Entrance","Dark Embrace+1","Brutality","Bludgeon","Madness+1","Madness+1","Apotheosis+1","Shrug It Off+1","Madness+1","Feel No Pain+1","Rupture"],"relics":["Burning Blood","Magic Flower","ReplayTheSpireMod:Spearhead","Strawberry","Torii","Philosopher\u0027s Stone","Toxic Egg 2","Gremlin Food","Omamori","Toy Ornithopter","Replay:Baseball","ChewingGum","Girya","Divine Protection","Bottled Tornado"],"acts_visited":["Exordium","TheCity","TheBeyond"],"potions_floor_usage":[12,21,21,30,30,37,46,48],"damage_taken":[{"damage":7,"enemies":"Cultist","floor":1,"turns":5},{"damage":8,"enemies":"Jaw Worm","floor":3,"turns":3},{"damage":30,"enemies":"Lagavulin","floor":7,"turns":7},{"damage":11,"enemies":"2 Louse","floor":11,"turns":3},{"damage":20,"enemies":"3 Sentries","floor":12,"turns":4},{"damage":14,"enemies":"Exordium Wildlife","floor":13,"turns":4},{"damage":10,"enemies":"Large Slime","floor":14,"turns":2},{"damage":13,"enemies":"Slime Boss","floor":16,"turns":4},{"damage":31,"enemies":"Shell Parasite","floor":18,"turns":4},{"damage":6,"enemies":"Spheric Guardian","floor":21,"turns":4},{"damage":42,"enemies":"Slavers","floor":24,"turns":5},{"damage":19,"enemies":"Replay:Snechameleon","floor":29,"turns":6},{"damage":8,"enemies":"Snecko","floor":30,"turns":2},{"damage":9,"enemies":"Snake Plant","floor":31,"turns":2},{"damage":39,"enemies":"Pondfish","floor":33,"turns":10},{"damage":9,"enemies":"3 Shapes","floor":35,"turns":2},{"damage":45,"enemies":"2 Orb Walkers","floor":37,"turns":5},{"damage":8,"enemies":"Orb Walker","floor":41,"turns":3},{"damage":1,"enemies":"Spire Growth","floor":45,"turns":4},{"damage":13,"enemies":"4 Shapes","floor":46,"turns":4},{"damage":4,"enemies":"Jaw Worm Horde","floor":48,"turns":2},{"damage":22,"enemies":"Replay:Hell Engine","floor":50,"turns":9}],"seed_played":"3304313322285659021","potions_obtained":[{"floor":3,"key":"Weak Potion"},{"floor":11,"key":"AttackPotion"},{"floor":14,"key":"Venom Potion"},{"floor":16,"key":"SpeedPotion"},{"floor":20,"key":"Flashbang"},{"floor":24,"key":"Adrenaline Potion"},{"floor":29,"key":"DistilledChaos"},{"floor":35,"key":"Fire Potion"},{"floor":37,"key":"DistilledChaos"},{"floor":45,"key":"ColorlessPotion"}],"is_trial":false,"path_per_floor":["M","$","M","?","$","R","E","R","T","$","M","E","M","M","R","B",null,"M","?","?","M","$","R","E","R","T","?","$","E","M","M","R","B",null,"M","?","?","?","?","R","M","$","T","$","M","M","R","M","R","B",null],"character_chosen":"IRONCLAD","items_purchased":["Combust","Replay:Undeath\u0027s Touch","Ghostly Armor+1","Dramatic Entrance","Divine Protection","Madness+1"],"campfire_rested":1,"item_purchase_floors":[2,2,22,28,42,44],"current_hp_per_floor":[79,79,77,77,77,77,56,56,63,63,61,50,45,44,44,40,87,65,65,65,68,68,68,35,61,61,61,61,51,68,68,68,38,87,87,76,48,48,48,48,49,49,49,49,57,61,61,74,74,61],"gold":49,"neow_bonus":"REMOVE_CARD","is_daily":false,"chose_seed":false,"campfire_upgraded":5,"win_rate":0.0,"timestamp":1610858743,"path_taken":["M","$","M","?","?","R","E","R","T","$","M","E","M","M","R","BOSS","M","?","?","M","$","R","E","R","T","?","$","E","?","M","R","BOSS","M","?","?","?","?","R","M","$","T","?","M","M","R","M","R","BOSS"],"items_purchased_type":["Card","Card","Card","Card","Relic","Card"],"build_version":"2020-12-22","purchased_purges":2,"victory":true,"max_hp_per_floor":[80,80,80,80,80,80,80,80,87,87,87,87,87,87,87,87,87,87,87,87,87,87,87,87,87,87,87,87,87,87,87,87,87,87,87,87,87,87,87,87,87,87,87,87,87,87,87,87,87,87],"relic_stats":{"Torii":41,"counters":[22,94],"Magic Flower":[75],"obtain_stats":[{"Gremlin Food":20,"Girya":37,"Divine Protection":42,"Torii":12,"Magic Flower":4,"Omamori":24,"Bottled Tornado":43,"Burning Blood":0,"ReplayTheSpireMod:Spearhead":7,"Replay:Baseball":29,"Strawberry":9,"Philosopher\u0027s Stone":17,"ChewingGum":34,"Toxic Egg 2":19,"Toy Ornithopter":26},{"Gremlin Food":9,"Girya":17,"Divine Protection":18,"Torii":5,"Magic Flower":2,"Omamori":11,"Bottled Tornado":18,"Burning Blood":0,"ReplayTheSpireMod:Spearhead":3,"Replay:Baseball":12,"Strawberry":3,"Philosopher\u0027s Stone":8,"ChewingGum":15,"Toxic Egg 2":9,"Toy Ornithopter":11},{"Gremlin Food":36,"Girya":72,"Divine Protection":75,"Torii":22,"Magic Flower":8,"Omamori":45,"Bottled Tornado":75,"Burning Blood":0,"ReplayTheSpireMod:Spearhead":15,"Replay:Baseball":51,"Strawberry":15,"Philosopher\u0027s Stone":32,"ChewingGum":65,"Toxic Egg 2":36,"Toy Ornithopter":45}],"Burning Blood":192,"Toy Ornithopter":40},"card_choices":[{"not_picked":["Anger","Fire Breathing"],"picked":"Inflame","floor":1},{"not_picked":["True Grit","Clothesline"],"picked":"Thunderclap","floor":3},{"not_picked":["Wild Strike","Searing Blow"],"picked":"Seeing Red","floor":7},{"not_picked":["Flex","Demonic Infusion","Armaments"],"picked":"SKIP","floor":11},{"not_picked":["Shrug It Off","Havoc"],"picked":"Offering","floor":12},{"not_picked":["Clash","Clothesline"],"picked":"Hemokinesis","floor":13},{"not_picked":["Flex","Run Through"],"picked":"Headbutt","floor":14},{"not_picked":["Exhume","Corruption"],"picked":"Replay:Many Hands","floor":16},{"not_picked":["Perfected Strike+1","Warcry"],"picked":"Carnage+1","floor":18},{"not_picked":["Anger","Power Through+1"],"picked":"Cleave+1","floor":20},{"not_picked":["Hemokinesis","Warcry+1"],"picked":"Ghostly Armor+1","floor":20},{"not_picked":["Run Through+1","Fire Breathing"],"picked":"Power Through+1","floor":21},{"not_picked":["Heavy Blade","Pummel","Twin Strike"],"picked":"SKIP","floor":24},{"not_picked":["Seeing Red+1","Pommel Strike"],"picked":"Dark Embrace","floor":29},{"not_picked":["Pummel","Sword Boomerang"],"picked":"Brutality","floor":30},{"not_picked":["Cleave","Pummel","Warcry+1"],"picked":"SKIP","floor":31},{"not_picked":["Cleave","Pummel","Warcry+1"],"picked":"SKIP","floor":31},{"not_picked":["Limit Break+1","Barricade"],"picked":"Bludgeon","floor":33},{"not_picked":["Anger","Replay:Undeath\u0027s Touch","Twin Strike"],"picked":"SKIP","floor":35},{"not_picked":["The Bomb+1","ReplayTheSpireMod:Private Reserves+1"],"picked":"Apotheosis+1","floor":39},{"not_picked":["Sword Boomerang+1","Rage+1"],"picked":"Shrug It Off+1","floor":41},{"not_picked":["Massacre","Heavy Blade+1","Flex+1"],"picked":"SKIP","floor":45},{"not_picked":["Cleave","Spot Weakness+1"],"picked":"Feel No Pain+1","floor":46},{"not_picked":["Metallicize+1","Sever Soul+1"],"picked":"Rupture","floor":48}],"player_experience":205181,"relics_obtained":[{"floor":7,"key":"ReplayTheSpireMod:Spearhead"},{"floor":9,"key":"Strawberry"},{"floor":12,"key":"Torii"},{"floor":20,"key":"Gremlin Food"},{"floor":24,"key":"Omamori"},{"floor":26,"key":"Toy Ornithopter"},{"floor":29,"key":"Replay:Baseball"},{"floor":37,"key":"Girya"},{"floor":43,"key":"Bottled Tornado"}],"event_choices":[{"damage_healed":0,"gold_gain":0,"player_choice":"Gave Potion","damage_taken":0,"relics_obtained":["Magic Flower"],"max_hp_gain":0,"max_hp_loss":0,"event_name":"WeMeetAgain","floor":4,"gold_loss":0},{"damage_healed":0,"gold_gain":0,"player_choice":"Obtained Relic","damage_taken":0,"relics_obtained":["Toxic Egg 2"],"max_hp_gain":0,"max_hp_loss":0,"event_name":"Addict","floor":19,"gold_loss":85},{"cards_removed":["Strike_R"],"damage_healed":0,"gold_gain":0,"player_choice":"Elegance","damage_taken":0,"max_hp_gain":0,"max_hp_loss":0,"event_name":"Back to Basics","floor":27,"gold_loss":0},{"damage_healed":0,"gold_gain":0,"player_choice":"Embrace Madness","damage_taken":11,"max_hp_gain":0,"max_hp_loss":0,"event_name":"Winding Halls","floor":36,"gold_loss":0,"cards_obtained":["Madness","Madness"]},{"damage_healed":0,"gold_gain":0,"player_choice":"Fight","damage_taken":0,"max_hp_gain":0,"max_hp_loss":0,"event_name":"Mysterious Sphere","floor":37,"gold_loss":0},{"damage_healed":0,"gold_gain":0,"player_choice":"Memory 1","damage_taken":0,"max_hp_gain":0,"max_hp_loss":0,"event_name":"SensoryStone","floor":39,"gold_loss":0}],"is_beta":false,"boss_relics":[{"not_picked":["Busted Crown","Abe\u0027s Treasure"],"picked":"Philosopher\u0027s Stone"},{"not_picked":["Astrolabe","Black Star"],"picked":"ChewingGum"}],"items_purged_floors":[10,22],"is_endless":false,"potions_floor_spawned":[3,11,14,16,24,29,35,37,45],"ascension_level":1}}