{"host":"sum4dy402bbv9y4o","time":1610902337,"event":{"mods":["Aspiration","BaseMod","Conspire","Highlight Path","Minty Spire (QoL Compilation)","StSLib"],"gold_per_floor":[118,136,150,13,13,13,13,13,36,67,87,87,2,27,27,99,99,113,113,38,53,68,102,102,135,161,183,195,219,257,279,291,374,386,409,436,461,473,66,66,91,91,91,36,62,79,105,130,130,130,130],"floor_reached":52,"language":"ENG","playtime":2181,"items_purged":["Strike_P"],"score":2266,"play_id":"8005afaf-3998-4bab-b3fe-e3f5986cdff4","local_time":"20210117195217","is_ascension_mode":true,"campfire_choices":[{"data":"Eruption","floor":6,"key":"SMITH"},{"data":"TalkToTheHand","floor":15,"key":"SMITH"},{"data":"MentalFortress","floor":24,"key":"SMITH"},{"data":"Wallop","floor":28,"key":"SMITH"},{"data":"SashWhip","floor":32,"key":"SMITH"},{"data":"Choke","floor":40,"key":"SMITH"},{"data":"EmptyBody","floor":42,"key":"SMITH"},{"data":"Vigilance","floor":49,"key":"SMITH"}],"circlet_count":0,"master_deck":["AscendersBane","Strike_P+1","Defend_P","Defend_P","Defend_P","Eruption+1","Vigilance+1","Consecrate","TalkToTheHand+1","EmptyBody+1","MentalFortress+1","SashWhip+1","ConjureBlade+1","Wallop+1","Die Die Die","Choke+1","Deflect+1","FearNoEvil","ClearTheMind+1","LessonLearned","FearNoEvil+1","EmptyBody+1","Crescendo+1","FlurryOfBlows","Halt+1","FlurryOfBlows","Consecrate","Coolheaded+1","Rebound+1","Halt+1","TalkToTheHand+1","White Noise+1","Weave"],"relics":["PureWater","NeowsBlessing","Toxic Egg 2","Toy Ornithopter","aspiration:HummingbirdHeart","aspiration:HiddenCompartment","aspiration:PoetsPen","Meat on the Bone","aspiration:ChemicalBlood","MawBank","aspiration:Stabinomicon","aspiration:DefectSkillbook","aspiration:FaultyCoupler","Lee\u0027s Waffle","Damaru","Pear","MealTicket","CloakClasp","aspiration:AnachronicSnailShell"],"acts_visited":["Exordium","TheCity","TheBeyond"],"potions_floor_usage":[10,10,16,21,21,25,27,30,41,46,48,50,50,51],"damage_taken":[{"damage":0,"enemies":"2 Louse","floor":1,"turns":1},{"damage":0,"enemies":"Small Slimes","floor":2,"turns":1},{"damage":0,"enemies":"Jaw Worm","floor":3,"turns":1},{"damage":6,"enemies":"3 Sentries","floor":10,"turns":4},{"damage":1,"enemies":"Red Slaver","floor":11,"turns":2},{"damage":0,"enemies":"Lagavulin","floor":14,"turns":3},{"damage":21,"enemies":"The Guardian","floor":16,"turns":10},{"damage":0,"enemies":"3 Byrds","floor":18,"turns":5},{"damage":11,"enemies":"Chosen","floor":21,"turns":7},{"damage":0,"enemies":"Centurion and Healer","floor":22,"turns":7},{"damage":32,"enemies":"Book of Stabbing","floor":23,"turns":5},{"damage":20,"enemies":"Slavers","floor":25,"turns":6},{"damage":5,"enemies":"Shelled Parasite and Fungi","floor":27,"turns":3},{"damage":12,"enemies":"3 Cultists","floor":29,"turns":5},{"damage":0,"enemies":"Book of Stabbing","floor":30,"turns":3},{"damage":0,"enemies":"Snake Plant","floor":31,"turns":2},{"damage":6,"enemies":"Champ","floor":33,"turns":5},{"damage":0,"enemies":"3 Darklings","floor":35,"turns":2},{"damage":0,"enemies":"Orb Walker","floor":36,"turns":1},{"damage":4,"enemies":"Sphere and 2 Shapes","floor":37,"turns":4},{"damage":0,"enemies":"Nemesis","floor":41,"turns":3},{"damage":0,"enemies":"Giant Head","floor":45,"turns":4},{"damage":0,"enemies":"Maw","floor":46,"turns":4},{"damage":0,"enemies":"Reptomancer","floor":47,"turns":4},{"damage":9,"enemies":"Mind Bloom Boss Battle","floor":48,"turns":3},{"damage":38,"enemies":"Time Eater","floor":50,"turns":8},{"damage":10,"enemies":"Awakened One","floor":51,"turns":7}],"seed_played":"2218077060051980256","potions_obtained":[{"floor":2,"key":"DuplicationPotion"},{"floor":3,"key":"SteroidPotion"},{"floor":10,"key":"SneckoOil"},{"floor":14,"key":"ColorlessPotion"},{"floor":18,"key":"Energy Potion"},{"floor":23,"key":"ColorlessPotion"},{"floor":25,"key":"ColorlessPotion"},{"floor":27,"key":"SpeedPotion"},{"floor":36,"key":"SneckoOil"},{"floor":37,"key":"Energy Potion"},{"floor":46,"key":"Fire Potion"},{"floor":48,"key":"FairyPotion"},{"floor":50,"key":"PowerPotion"},{"floor":51,"key":"LiquidMemories"}],"is_trial":false,"path_per_floor":["M","M","M","$","?","R","?","?","T","E","M","?","$","E","R","B",null,"M","?","$","M","M","E","R","E","T","M","R","M","E","M","R","B",null,"M","M","M","?","$","R","E","R","T","$","E","M","E","?","R","B","B",null],"character_chosen":"WATCHER","items_purchased":["MentalFortress","SashWhip","FearNoEvil","aspiration:FaultyCoupler","Lee\u0027s Waffle","BlessingOfTheForge"],"campfire_rested":0,"item_purchase_floors":[4,4,13,39,39,44],"current_hp_per_floor":[61,61,61,61,57,57,57,57,57,61,60,60,60,60,60,44,62,62,62,62,60,60,28,28,25,25,37,37,37,51,51,51,45,62,62,62,58,58,75,75,75,75,85,85,85,85,85,81,81,53,48],"gold":130,"neow_bonus":"THREE_ENEMY_KILL","is_daily":false,"chose_seed":false,"campfire_upgraded":8,"win_rate":0.0,"timestamp":1610902337,"path_taken":["M","M","M","$","?","R","?","?","T","E","M","?","$","E","R","BOSS","M","?","$","M","?","E","R","E","T","M","R","M","E","M","R","BOSS","M","M","M","?","$","R","E","R","T","$","E","M","E","?","R","BOSS","BOSS"],"items_purchased_type":["Card","Card","Card","Relic","Relic","Potion"],"build_version":"2020-12-22","purchased_purges":1,"victory":true,"max_hp_per_floor":[68,68,68,68,68,68,68,68,68,68,68,68,68,68,68,68,68,68,68,68,68,68,68,68,68,68,68,68,68,68,68,68,68,68,68,68,68,68,75,75,75,75,85,85,85,85,85,85,85,85,85],"card_choices":[{"not_picked":["ClearTheMind","ReachHeaven"],"picked":"Consecrate","floor":1},{"not_picked":["PathToVictory","Consecrate"],"picked":"TalkToTheHand","floor":2},{"not_picked":["DeceiveReality","Protect"],"picked":"EmptyBody","floor":3},{"not_picked":["Prostrate+1","Swivel+1"],"picked":"ConjureBlade+1","floor":10},{"not_picked":["Wireheading","Crescendo+1"],"picked":"Wallop","floor":11},{"not_picked":["EmptyBody+1","SignatureMove"],"picked":"ClearTheMind+1","floor":14},{"not_picked":["Ragnarok","SpiritShield+1"],"picked":"LessonLearned","floor":16},{"not_picked":["CutThroughFate","CrushJoints"],"picked":"FearNoEvil+1","floor":18},{"not_picked":["ClearTheMind+1","Fasting2"],"picked":"EmptyBody+1","floor":21},{"not_picked":["InnerPeace+1","Consecrate"],"picked":"Crescendo+1","floor":22},{"not_picked":["WheelKick","CarveReality"],"picked":"FlurryOfBlows","floor":23},{"not_picked":["JustLucky","ReachHeaven"],"picked":"Halt+1","floor":25},{"not_picked":["BowlingBash","Judgement+1","PathToVictory+1"],"picked":"SKIP","floor":27},{"not_picked":["Consecrate","FlyingSleeves"],"picked":"FlurryOfBlows","floor":29},{"not_picked":["Nirvana+1","WindmillStrike"],"picked":"Consecrate","floor":30},{"not_picked":["Wallop","Protect+1","BowlingBash"],"picked":"SKIP","floor":31},{"not_picked":["Stack+1","CarveReality","EmptyBody+1"],"picked":"Coolheaded+1","floor":35},{"not_picked":["Leap+1","Steam+1","conspire:Rain+1"],"picked":"Rebound+1","floor":36},{"not_picked":["Force Field+1","Leap+1","Pray+1"],"picked":"Halt+1","floor":37},{"not_picked":["Prostrate+1","Sweeping Beam","Compile Driver"],"picked":"TalkToTheHand+1","floor":41},{"not_picked":["Stack+1","Meteor Strike","ThirdEye+1","Protect+1"],"picked":"SKIP","floor":45},{"not_picked":["Chill+1","PathToVictory+1","LikeWater"],"picked":"White Noise+1","floor":46},{"not_picked":["Double Energy+1","PathToVictory+1","Prostrate+1","Sunder"],"picked":"SKIP","floor":47},{"not_picked":["WindmillStrike","ThirdEye+1","Wireheading"],"picked":"Weave","floor":48}],"player_experience":2947155,"relics_obtained":[{"floor":9,"key":"Toy Ornithopter"},{"floor":10,"key":"aspiration:HummingbirdHeart"},{"floor":14,"key":"aspiration:HiddenCompartment"},{"floor":23,"key":"Meat on the Bone"},{"floor":25,"key":"aspiration:ChemicalBlood"},{"floor":26,"key":"MawBank"},{"floor":30,"key":"aspiration:Stabinomicon"},{"floor":41,"key":"Damaru"},{"floor":43,"key":"Pear"},{"floor":45,"key":"MealTicket"},{"floor":47,"key":"CloakClasp"},{"floor":48,"key":"aspiration:AnachronicSnailShell"}],"event_choices":[{"damage_healed":0,"gold_gain":0,"player_choice":"Leave","damage_taken":0,"max_hp_gain":0,"max_hp_loss":0,"event_name":"conspire:Investor","floor":5,"gold_loss":0},{"damage_healed":0,"gold_gain":0,"player_choice":"Ignored","damage_taken":0,"max_hp_gain":0,"max_hp_loss":0,"event_name":"Liars Game","floor":8,"gold_loss":0},{"cards_removed":["Injury"],"damage_healed":0,"gold_gain":0,"player_choice":"Removed Curses","damage_taken":0,"max_hp_gain":0,"max_hp_loss":0,"event_name":"Fountain of Cleansing","floor":19,"gold_loss":0},{"damage_healed":0,"gold_gain":0,"player_choice":"Fight","damage_taken":0,"max_hp_gain":0,"max_hp_loss":0,"event_name":"MindBloom","floor":48,"gold_loss":0}],"is_beta":false,"boss_relics":[{"not_picked":["Snecko Eye","Ectoplasm"],"picked":"aspiration:PoetsPen"},{"not_picked":["aspiration:RunicSpoon","aspiration:FutureDiary"],"picked":"aspiration:DefectSkillbook"}],"items_purged_floors":[20],"is_endless":false,"potions_floor_spawned":[2,3,10,14,18,23,25,27,36,37,45,46,47],"ascension_level":20}}