{"host":"4ag909k4xupnj24b","time":1610877198,"event":{"mods":["BaseMod","Minty Spire (QoL Compilation)","StSLib"],"gold_per_floor":[115,130,149,149,149,149,224,224,224,224,240,257,257,257],"floor_reached":13,"language":"ENG","playtime":299,"items_purged":[],"score":131,"play_id":"bbd45580-76a0-4c82-ae28-270f2dfa8ee4","local_time":"20210117015318","is_ascension_mode":true,"campfire_choices":[{"data":"Darkness","floor":6,"key":"SMITH"},{"data":"Zap","floor":8,"key":"SMITH"},{"data":"1","floor":10,"key":"LIFT"}],"circlet_count":0,"master_deck":["AscendersBane","Strike_B","Strike_B","Strike_B","Strike_B","Defend_B","Defend_B","Defend_B","Defend_B","Zap+1","Dualcast","CurseOfTheBell","Rebound","Go for the Eyes","Darkness+1","Cold Snap","Defragment"],"relics":["Calling Bell","Bag of Marbles","Matryoshka","Mango","Happy Flower","Omamori","Girya"],"acts_visited":["Exordium"],"potions_floor_usage":[13],"damage_taken":[{"damage":18,"enemies":"Jaw Worm","floor":1,"turns":5},{"damage":4,"enemies":"2 Louse","floor":2,"turns":4},{"damage":0,"enemies":"Small Slimes","floor":3,"turns":3},{"damage":13,"enemies":"Exordium Wildlife","floor":11,"turns":3},{"damage":28,"enemies":"Large Slime","floor":12,"turns":6},{"damage":14,"enemies":"Lagavulin","floor":13,"turns":5}],"seed_played":"7172379376521538504","potions_obtained":[{"floor":2,"key":"ColorlessPotion"},{"floor":11,"key":"Explosive Potion"}],"is_trial":false,"path_per_floor":["M","M","M","?","?","R","?","R","T","R","M","M","E"],"character_chosen":"DEFECT","items_purchased":[],"campfire_rested":0,"item_purchase_floors":[],"current_hp_per_floor":[60,56,56,38,66,66,55,55,55,55,42,14,0,0],"gold":257,"neow_bonus":"BOSS_RELIC","is_daily":false,"chose_seed":false,"campfire_upgraded":2,"win_rate":0.0,"timestamp":1610877198,"path_taken":["M","M","M","?","?","R","?","R","T","R","M","M","E"],"items_purchased_type":[],"build_version":"2020-12-22","purchased_purges":0,"victory":false,"max_hp_per_floor":[85,85,85,85,85,85,85,85,85,85,85,85,85,85],"card_choices":[{"not_picked":["Beam Cell","Compile Driver"],"picked":"Rebound","floor":1},{"not_picked":["Scrape","Redo"],"picked":"Go for the Eyes","floor":2},{"not_picked":["Redo","Undo"],"picked":"Darkness","floor":3},{"not_picked":["Stack","Conserve Battery"],"picked":"Cold Snap","floor":11},{"not_picked":["Steam Power","Streamline"],"picked":"Defragment","floor":12}],"player_experience":857231,"relics_obtained":[{"floor":0,"key":"Bag of Marbles"},{"floor":0,"key":"Matryoshka"},{"floor":0,"key":"Mango"},{"floor":9,"key":"Omamori"},{"floor":9,"key":"Girya"}],"event_choices":[{"damage_healed":0,"gold_gain":0,"player_choice":"Success","damage_taken":18,"relics_obtained":["Happy Flower"],"max_hp_gain":0,"max_hp_loss":0,"event_name":"Scrap Ooze","floor":4,"gold_loss":0},{"damage_healed":28,"gold_gain":0,"player_choice":"Banana","damage_taken":0,"max_hp_gain":0,"max_hp_loss":0,"event_name":"Big Fish","floor":5,"gold_loss":0},{"damage_healed":0,"gold_gain":75,"player_choice":"Gather Gold","damage_taken":11,"max_hp_gain":0,"max_hp_loss":0,"event_name":"World of Goop","floor":7,"gold_loss":0}],"is_beta":false,"boss_relics":[],"items_purged_floors":[],"is_endless":false,"potions_floor_spawned":[2,11],"killed_by":"Lagavulin","ascension_level":15}}