{"host":"emhkbx8w48tb1pjr","time":1610920351,"event":{"mods":["AchievementEnabler","BaseMod","Better Note","Colored Map","Colored Powertips","DeckTracker","Downfall","Googly Eyes","Hermit","Marisa????????","Minty Spire (QoL Compilation)","Quick Restart","Rare Cards Sparkle","StSLib","The Bug Knight","The Cursed","The Jungle","The Servant 0.9.4","everything is the same but u backflip on backflip"],"gold_per_floor":[138,176,351,384,354,354,410,410,410,410,467,467,467,485,485,606,606,616,317,335,335,402,402,464,464,464,464,464,464,148,148,148,243,243,255,255,294,344,47,78,78,90,136,148,148],"floor_reached":44,"language":"ENG","playtime":2603,"items_purged":["Doubt","TheCursedMod:Strike_TheCursed"],"score":492,"play_id":"d7cb2c5a-4406-43f1-97ae-dd549af30ec2","local_time":"20210117225231","is_ascension_mode":false,"campfire_choices":[{"data":"HandOfGreed","floor":6,"key":"SMITH"},{"data":"TheCursedMod:CleanUpWorkshop","floor":8,"key":"SMITH"},{"data":"TheCursedMod:CursedWand","floor":10,"key":"SMITH"},{"data":"TheCursedMod:SpitefulPlan","floor":15,"key":"SMITH"},{"data":"TheCursedMod:NeowsMight","floor":23,"key":"SMITH"},{"data":"TheCursedMod:SpitefulStrike","floor":25,"key":"SMITH"},{"data":"TheCursedMod:LuckyCharm","floor":27,"key":"SMITH"},{"floor":32,"key":"REST"},{"floor":41,"key":"REST"}],"circlet_count":0,"master_deck":["TheCursedMod:Strike_TheCursed","TheCursedMod:Strike_TheCursed","TheCursedMod:Strike_TheCursed","TheCursedMod:Defend_TheCursed","TheCursedMod:Defend_TheCursed","TheCursedMod:Defend_TheCursed","TheCursedMod:Defend_TheCursed+1","TheCursedMod:CursedWand+1","TheCursedMod:CleanUpWorkshop+1","TheCursedMod:Dregs","downfall:Haunted","HandOfGreed+1","TheCursedMod:CursedAmulet","TheCursedMod:SpitefulStrike+1","TheCursedMod:HellfireBreathing+1","TheCursedMod:SpitefulPlan+1","TheCursedMod:NeowsMight+1","TheCursedMod:RapidMovement+1","TheCursedMod:LuckyCharm+1","TheCursedMod:TacticalStrike+1","champ:ShieldWall","RitualDagger","TheCursedMod:LuckyCharm","TheCursedMod:AntiAging","TheCursedMod:SurpriseAttack"],"relics":["TheCursedMod:BlackMagicAdvanced","Pear","Darkstone Periapt","Anchor","TheCursedMod:FourLeafCloverCharm","Sling","Gremlin Horn","Pen Nib","Oddly Smooth Stone","MutagenicStrength","TheCursedMod:CrystalBall","TungstenRod","Gambling Chip","MawBank"],"acts_visited":["Exordium","TheCity","TheBeyond"],"potions_floor_usage":[16,16,38,38,38,38],"damage_taken":[{"damage":0,"enemies":"2 Louse","floor":1,"turns":2},{"damage":0,"enemies":"Small Slimes","floor":2,"turns":3},{"damage":9,"enemies":"Jaw Worm","floor":4,"turns":6},{"damage":0,"enemies":"Looter","floor":5,"turns":4},{"damage":23,"enemies":"Gremlin Nob","floor":7,"turns":5},{"damage":16,"enemies":"3 Sentries","floor":11,"turns":6},{"damage":7,"enemies":"Blue Slaver","floor":14,"turns":4},{"damage":15,"enemies":"The Guardian","floor":16,"turns":7},{"damage":0,"enemies":"2 Thieves","floor":18,"turns":4},{"damage":9,"enemies":"Chosen","floor":20,"turns":6},{"damage":17,"enemies":"Centurion and Healer","floor":22,"turns":7},{"damage":13,"enemies":"Shelled Parasite and Fungi","floor":24,"turns":12},{"damage":78,"enemies":"Collector","floor":33,"turns":10},{"damage":18,"enemies":"3 Darklings","floor":35,"turns":11},{"damage":20,"enemies":"Orb Walker","floor":37,"turns":4},{"damage":26,"enemies":"Mind Bloom Boss Battle","floor":38,"turns":9},{"damage":19,"enemies":"Reptomancer","floor":40,"turns":6},{"damage":24,"enemies":"Transient","floor":42,"turns":5},{"damage":13,"enemies":"Maw","floor":44,"turns":4}],"seed_played":"4263689968083547835","potions_obtained":[{"floor":1,"key":"FairyPotion"},{"floor":7,"key":"SneckoOil"},{"floor":14,"key":"hexamod:SoulburnPotion"},{"floor":16,"key":"sneckomod:MuddlingPotion"},{"floor":20,"key":"FearPotion"},{"floor":33,"key":"EntropicBrew"},{"floor":37,"key":"champ:CounterPotion"}],"is_trial":false,"path_per_floor":["M","M","?","M","M","R","E","R","T","R","E","?","?","M","R","B",null,"M","$","M","?","M","R","M","R","T","R","?","?","$","?","R","B",null,"M","?","M","?","$","E","R","M","T","M"],"character_chosen":"THE_CURSED","items_purchased":["TheCursedMod:LuckyCharm","Sling","Oddly Smooth Stone","TheCursedMod:LuckyCharm","TungstenRod"],"campfire_rested":2,"item_purchase_floors":[19,19,30,30,39],"current_hp_per_floor":[75,75,75,66,66,66,53,53,53,53,37,65,48,41,41,26,85,85,85,76,76,59,59,46,46,46,46,46,40,40,40,65,22,85,67,67,47,23,23,6,32,10,10,0,0],"gold":148,"neow_bonus":"RANDOM_COLORLESS_2","is_daily":false,"chose_seed":false,"campfire_upgraded":7,"win_rate":0.0,"timestamp":1610920351,"path_taken":["M","M","?","M","M","R","E","R","T","R","E","?","?","?","R","BOSS","M","$","M","?","M","R","M","R","T","R","?","?","$","?","R","BOSS","M","?","M","?","?","E","R","M","T","M"],"items_purchased_type":["Card","Relic","Relic","Card","Relic"],"build_version":"2020-12-22","purchased_purges":2,"victory":false,"max_hp_per_floor":[75,75,75,75,75,75,85,85,85,85,85,85,85,85,85,85,85,85,85,85,85,85,85,85,85,85,85,85,85,85,85,85,85,85,85,85,85,87,87,89,89,91,91,93,93],"card_choices":[{"not_picked":["Thinking Ahead","Mayhem"],"picked":"HandOfGreed","floor":0},{"not_picked":["TheCursedMod:Stretching","TheCursedMod:CursedSpellbook"],"picked":"TheCursedMod:CursedAmulet","floor":1},{"not_picked":["TheCursedMod:Stretching","TheCursedMod:Wield"],"picked":"TheCursedMod:SpitefulStrike","floor":2},{"not_picked":["TheCursedMod:CursedMace","TheCursedMod:ReleasedKnowledge"],"picked":"TheCursedMod:HellfireBreathing","floor":4},{"not_picked":["TheCursedMod:CircleOfCorruption","TheCursedMod:SmokeScreen","TheCursedMod:Hemoplague"],"picked":"SKIP","floor":5},{"not_picked":["TheCursedMod:BloodBarrier","TheCursedMod:CursedAmulet","TheCursedMod:SmokeScreen"],"picked":"SKIP","floor":7},{"not_picked":["TheCursedMod:ReleasedStrength","TheCursedMod:Obscuration"],"picked":"TheCursedMod:SpitefulPlan","floor":11},{"not_picked":["TheCursedMod:FleshFromBone","TheCursedMod:SmokeScreen","TheCursedMod:Stigma"],"picked":"SKIP","floor":14},{"not_picked":["TheCursedMod:DemonicPact","TheCursedMod:VoidForm"],"picked":"TheCursedMod:NeowsMight","floor":16},{"not_picked":["TheCursedMod:RavingStaff+1","TheCursedMod:VitalStrike+1"],"picked":"TheCursedMod:RapidMovement+1","floor":18},{"not_picked":["TheCursedMod:VitalStrike","TheCursedMod:CursedStaff"],"picked":"TheCursedMod:TacticalStrike+1","floor":20},{"not_picked":["TheCursedMod:ManaBullet","TheCursedMod:Stretching","TheCursedMod:CursedBlade"],"picked":"SKIP","floor":22},{"not_picked":["TheCursedMod:Stigma","TheCursedMod:VitalStrike","TheCursedMod:CircleOfCorruption"],"picked":"SKIP","floor":24},{"not_picked":["TheCursedMod:DemonicPact","TheCursedMod:UltimatePain"],"picked":"TheCursedMod:AntiAging","floor":33},{"not_picked":["TheCursedMod:DoubleShield+1","TheCursedMod:VitalStrike","TheCursedMod:Torture"],"picked":"SKIP","floor":35},{"not_picked":["TheCursedMod:Wield","TheCursedMod:SmokeScreen+1","TheCursedMod:FleshFromBone"],"picked":"SKIP","floor":37},{"not_picked":["TheCursedMod:Torture+1","TheCursedMod:AshesToAshes+1"],"picked":"TheCursedMod:SurpriseAttack","floor":38},{"not_picked":["TheCursedMod:VitalStrike+1","TheCursedMod:CircleOfCorruption","TheCursedMod:CursedShiv"],"picked":"SKIP","floor":40},{"not_picked":["TheCursedMod:DoubleShield+1","TheCursedMod:SpitefulStrike","TheCursedMod:CursedBlade"],"picked":"SKIP","floor":42}],"player_experience":32807,"relics_obtained":[{"floor":7,"key":"Pear"},{"floor":9,"key":"Darkstone Periapt"},{"floor":11,"key":"Anchor"},{"floor":26,"key":"Pen Nib"},{"floor":38,"key":"TheCursedMod:CrystalBall"},{"floor":40,"key":"Gambling Chip"},{"floor":43,"key":"MawBank"}],"event_choices":[{"damage_healed":0,"gold_gain":175,"player_choice":"AGREE","damage_taken":0,"max_hp_gain":0,"max_hp_loss":0,"event_name":"Liars Game","floor":3,"gold_loss":0,"cards_obtained":["Doubt"]},{"damage_healed":28,"gold_gain":0,"player_choice":"Banana","damage_taken":0,"max_hp_gain":0,"max_hp_loss":0,"event_name":"Big Fish","floor":12,"gold_loss":0},{"damage_healed":0,"gold_gain":0,"player_choice":"Entered Light","damage_taken":17,"max_hp_gain":0,"max_hp_loss":0,"event_name":"Shining Light","floor":13,"gold_loss":0,"cards_upgraded":["TheCursedMod:Defend_TheCursed","TheCursedMod:HellfireBreathing"]},{"damage_healed":0,"gold_gain":0,"player_choice":"Gave Potion","damage_taken":0,"relics_obtained":["Gremlin Horn"],"max_hp_gain":0,"max_hp_loss":0,"event_name":"WeMeetAgain","floor":21,"gold_loss":0},{"cards_removed":["TheCursedMod:NeowsMight"],"damage_healed":0,"gold_gain":0,"player_choice":"Take \u0026 Give","damage_taken":0,"max_hp_gain":0,"max_hp_loss":0,"event_name":"betterNote:BetterNote","floor":28,"gold_loss":0,"cards_obtained":["champ:ShieldWall"]},{"damage_healed":0,"gold_gain":0,"player_choice":"Joined the Cult","damage_taken":6,"max_hp_gain":0,"max_hp_loss":0,"event_name":"Nest","floor":29,"gold_loss":0,"cards_obtained":["RitualDagger"]},{"damage_healed":0,"gold_gain":0,"player_choice":"Inject Mutagens","damage_taken":0,"relics_obtained":["MutagenicStrength"],"max_hp_gain":0,"max_hp_loss":0,"event_name":"Drug Dealer","floor":31,"gold_loss":0},{"damage_healed":0,"gold_gain":0,"player_choice":"Ignored","damage_taken":0,"max_hp_gain":0,"max_hp_loss":0,"event_name":"Mysterious Sphere","floor":36,"gold_loss":0},{"damage_healed":0,"gold_gain":0,"player_choice":"Fight","damage_taken":0,"max_hp_gain":0,"max_hp_loss":0,"event_name":"MindBloom","floor":38,"gold_loss":0}],"is_beta":false,"boss_relics":[{"not_picked":["Astrolabe","SacredBark"],"picked":"TheCursedMod:FourLeafCloverCharm"},{"not_picked":["SlaversCollar","Velvet Choker"],"picked":"TheCursedMod:BlackMagicAdvanced"}],"items_purged_floors":[19,30],"is_endless":false,"potions_floor_spawned":[1,7,14,16,20,33,37],"killed_by":"Maw","ascension_level":0}}