{"host":"v54ek091sdz7ha6h","time":1610873372,"event":{"mods":["BaseMod","Better Vampires","Colored Map","Colored Powertips","Custom Start","DeckTracker","Highlight Path","KOR Keyword Fix","Minty Spire (QoL Compilation)","Rare Cards Sparkle","Relic Stats","StSLib","SuperFastMode","everything is the same but u backflip on backflip","slay the spire mod where everything is the same but ironclad has a cowboy hat"],"gold_per_floor":[117,130,145,145,145,145,160,160,160,160,173,173,191,211,211,283,333,349,349,366,123,123,123,137,137,137,137,156,169,169,169],"floor_reached":30,"language":"KOR","playtime":832,"items_purged":["Strike_G"],"score":598,"play_id":"412afa4b-afb7-4fea-b4e4-646fa6e0b291","local_time":"20210117174932","is_ascension_mode":true,"campfire_choices":[{"data":"Neutralize","floor":6.0,"key":"SMITH"},{"data":"Venomology","floor":8.0,"key":"SMITH"},{"floor":10.0,"key":"REST"},{"data":"Well Laid Plans","floor":15.0,"key":"SMITH"},{"floor":23.0,"key":"REST"},{"floor":27.0,"key":"REST"}],"circlet_count":0,"master_deck":["AscendersBane","Strike_G","Strike_G","Defend_G","Defend_G+1","Defend_G+1","Defend_G","Survivor","Neutralize+1","Dagger Spray+1","Flying Knee","Well Laid Plans+1","Accuracy","Venomology+1","Acrobatics","PiercingWail","Corpse Explosion","Infinite Blades","Reflex","Infinite Blades"],"relics":["Ring of the Snake","Tiny House","Toy Ornithopter","Toxic Egg 2"],"acts_visited":["TheCity"],"potions_floor_usage":[29,29,29,30],"damage_taken":[{"damage":0.0,"enemies":"2 Louse","floor":1.0,"turns":4.0},{"damage":7.0,"enemies":"Small Slimes","floor":2.0,"turns":3.0},{"damage":0.0,"enemies":"Jaw Worm","floor":3.0,"turns":5.0},{"damage":11.0,"enemies":"Large Slime","floor":7.0,"turns":5.0},{"damage":0.0,"enemies":"Exordium Wildlife","floor":11.0,"turns":3.0},{"damage":0.0,"enemies":"2 Fungi Beasts","floor":13.0,"turns":2.0},{"damage":0.0,"enemies":"Blue Slaver","floor":14.0,"turns":6.0},{"damage":0.0,"enemies":"The Guardian","floor":16.0,"turns":16.0},{"damage":21.0,"enemies":"2 Thieves","floor":18.0,"turns":4.0},{"damage":36.0,"enemies":"Spheric Guardian","floor":20.0,"turns":8.0},{"damage":2.0,"enemies":"Centurion and Healer","floor":24.0,"turns":6.0},{"damage":24.0,"enemies":"Snake Plant","floor":28.0,"turns":5.0},{"damage":16,"enemies":"Chosen and Byrds","floor":29,"turns":7},{"damage":27,"enemies":"Book of Stabbing","floor":30,"turns":6}],"seed_played":"-3463465298466064363","potions_obtained":[{"floor":1.0,"key":"EssenceOfSteel"},{"floor":3.0,"key":"Dexterity Potion"},{"floor":16.0,"key":"Weak Potion"},{"floor":24.0,"key":"Poison Potion"},{"floor":28.0,"key":"Ancient Potion"}],"is_trial":false,"path_per_floor":["M","M","M","?","?","R","M","R","T","R","M","?","M","M","R","B",null,"M","?","M","$","?","R","M","?","T","R","M","M","E"],"character_chosen":"THE_SILENT","items_purchased":["Toy Ornithopter"],"campfire_rested":3,"item_purchase_floors":[21],"current_hp_per_floor":[59,52,52,52,32,32,21,21,21,40,40,33,33,33,33,33,63,42,42,6,6,6,27,35,15,15,37,23,22,0,0],"gold":169,"neow_bonus":"REMOVE_CARD","is_daily":false,"chose_seed":false,"campfire_upgraded":3,"win_rate":0.0,"timestamp":1610873372,"path_taken":["M","M","M","?","?","R","M","R","T","R","M","?","M","?","R","BOSS","M","?","M","$","?","R","M","?","T","R","M","?","E"],"items_purchased_type":["Relic"],"build_version":"2020-12-22","purchased_purges":1,"victory":false,"max_hp_per_floor":[66,66,66,66,66,66,66,66,66,66,66,66,66,66,66,66,71,71,71,71,71,71,71,71,76,76,76,76,76,76,76],"relic_stats":{"counters":[11,68],"obtain_stats":[{"Tiny House":17,"Toxic Egg 2":26,"Toy Ornithopter":21,"Ring of the Snake":0},{"Tiny House":5,"Toxic Egg 2":8,"Toy Ornithopter":7,"Ring of the Snake":0},{"Tiny House":32,"Toxic Egg 2":50,"Toy Ornithopter":44,"Ring of the Snake":0}],"Toy Ornithopter":40,"Ring of the Snake":[22]},"card_choices":[{"not_picked":["Tactician","Well Laid Plans"],"picked":"Dagger Spray","floor":1.0},{"not_picked":["Finisher","Prepared"],"picked":"Flying Knee","floor":2.0},{"not_picked":["Expertise","Cloak And Dagger"],"picked":"Well Laid Plans","floor":3.0},{"not_picked":["Poisoned Stab","Masterful Stab"],"picked":"Venomology","floor":7.0},{"not_picked":["Endless Agony","Finisher"],"picked":"Acrobatics","floor":11.0},{"not_picked":["Flying Knee","All Out Attack","PiercingWail"],"picked":"SKIP","floor":13.0},{"not_picked":["Flying Knee","All Out Attack"],"picked":"PiercingWail","floor":13.0},{"not_picked":["Underhanded Strike","Backstab","Bane"],"picked":"SKIP","floor":14.0},{"not_picked":["Malaise","Bullet Time"],"picked":"Corpse Explosion","floor":16.0},{"not_picked":["PiercingWail","Flying Knee"],"picked":"Infinite Blades","floor":18.0},{"not_picked":["Catalyst","Underhanded Strike"],"picked":"Reflex","floor":20.0},{"not_picked":["PiercingWail","Underhanded Strike","Bouncing Flask"],"picked":"SKIP","floor":24.0},{"not_picked":["Deadly Poison+1","Expertise+1","Poisoned Stab"],"picked":"SKIP","floor":28.0},{"not_picked":["Flying Knee","Flechettes","Underhanded Strike"],"picked":"SKIP","floor":29}],"player_experience":1449505,"relics_obtained":[{"floor":26.0,"key":"Toxic Egg 2"}],"event_choices":[{"damage_healed":0.0,"max_hp_gain":0.0,"max_hp_loss":0.0,"gold_gain":0.0,"cards_transformed":["Strike_G"],"event_name":"Living Wall","player_choice":"Change","floor":4.0,"gold_loss":0.0,"damage_taken":0.0,"cards_obtained":["Accuracy"]},{"damage_healed":0.0,"max_hp_gain":0.0,"max_hp_loss":0.0,"gold_gain":0.0,"event_name":"Shining Light","player_choice":"Entered Light","floor":5.0,"gold_loss":0.0,"damage_taken":20.0,"cards_upgraded":["Dagger Spray","Defend_G"]},{"cards_removed":["Strike_G"],"damage_healed":0.0,"max_hp_gain":0.0,"max_hp_loss":0.0,"gold_gain":0.0,"event_name":"Golden Wing","player_choice":"Card Removal","floor":12.0,"gold_loss":0.0,"damage_taken":7.0},{"damage_healed":0.0,"max_hp_gain":0.0,"max_hp_loss":0.0,"gold_gain":0.0,"event_name":"Ghosts","player_choice":"Ignored","floor":19.0,"gold_loss":0.0,"damage_taken":0.0},{"damage_healed":0.0,"max_hp_gain":0.0,"max_hp_loss":0.0,"gold_gain":0.0,"event_name":"The Library","player_choice":"Read","floor":22.0,"gold_loss":0.0,"damage_taken":0.0,"cards_obtained":["Infinite Blades"]},{"damage_healed":0.0,"max_hp_gain":5.0,"max_hp_loss":0.0,"gold_gain":0.0,"event_name":"Forgotten Altar","player_choice":"Shed Blood","floor":25.0,"gold_loss":0.0,"damage_taken":25.0}],"is_beta":false,"boss_relics":[{"not_picked":["Cursed Key","Snecko Eye"],"picked":"Tiny House"}],"items_purged_floors":[21],"is_endless":false,"potions_floor_spawned":[1,3,14,16,24,28],"killed_by":"Book of Stabbing","ascension_level":20}}