{"host":"axuns55dzq466eei","time":1610886277,"event":{"mods":["BaseMod","Colored Map","Keyboard Shortcuts","Minty Spire (QoL Compilation)","StSLib","SuperFastMode"],"gold_per_floor":[116,127,141,157,157,157,182,193,193,43,43,61,61,81,81,156,156,172,187,197,18,18,18],"floor_reached":22,"language":"KOR","playtime":446,"items_purged":["Strike_B","Strike_B"],"score":380,"play_id":"a3df20a4-5b6a-41dc-8e4e-b122de856588","local_time":"20210117212437","is_ascension_mode":true,"campfire_choices":[{"data":"Zap","floor":6.0,"key":"SMITH"},{"data":"Defragment","floor":11.0,"key":"SMITH"},{"data":"Loop","floor":13.0,"key":"SMITH"},{"data":"Lockon","floor":15.0,"key":"SMITH"}],"circlet_count":0,"master_deck":["AscendersBane","Strike_B","Strike_B","Defend_B","Defend_B","Defend_B","Defend_B","Zap+1","Dualcast","Compile Driver","Ball Lightning","Genetic Algorithm","Lockon+1","Loop+1","Defragment+1","Amplify","Coolheaded","Barrage+1","Glacier","Force Field"],"relics":["Cracked Core","NeowsBlessing","Thread and Needle","Sundial","Inserter"],"acts_visited":["Exordium","TheCity"],"potions_floor_usage":[],"damage_taken":[{"damage":0.0,"enemies":"Cultist","floor":1.0,"turns":1.0},{"damage":0.0,"enemies":"Jaw Worm","floor":2.0,"turns":1.0},{"damage":0.0,"enemies":"Small Slimes","floor":3.0,"turns":1.0},{"damage":0.0,"enemies":"Gremlin Gang","floor":4.0,"turns":3.0},{"damage":8.0,"enemies":"Gremlin Nob","floor":7.0,"turns":3.0},{"damage":8.0,"enemies":"Large Slime","floor":8.0,"turns":4.0},{"damage":0.0,"enemies":"Looter","floor":12.0,"turns":3.0},{"damage":6.0,"enemies":"3 Louse","floor":14.0,"turns":3.0},{"damage":17.0,"enemies":"Hexaghost","floor":16.0,"turns":6.0},{"damage":24,"enemies":"2 Thieves","floor":18,"turns":3},{"damage":7,"enemies":"Chosen","floor":19,"turns":5},{"damage":26,"enemies":"Centurion and Healer","floor":20,"turns":8},{"damage":7,"enemies":"Shelled Parasite and Fungi","floor":22,"turns":2}],"seed_played":"-5423204141122958863","potions_obtained":[{"floor":2.0,"key":"Explosive Potion"},{"floor":5.0,"key":"Fire Potion"},{"floor":5.0,"key":"Weak Potion"},{"floor":7.0,"key":"CultistPotion"},{"floor":12.0,"key":"PotionOfCapacity"},{"floor":16.0,"key":"FocusPotion"}],"is_trial":false,"path_per_floor":["M","M","M","M","?","R","E","M","T","$","R","M","R","M","R","B",null,"M","M","M","$","M"],"character_chosen":"DEFECT","items_purchased":["Defragment","Force Field"],"campfire_rested":0,"item_purchase_floors":[10,21],"current_hp_per_floor":[64,64,64,64,64,64,56,48,48,48,48,48,48,42,42,25,60,36,29,3,3,0,0],"gold":18,"neow_bonus":"THREE_ENEMY_KILL","is_daily":false,"chose_seed":false,"campfire_upgraded":4,"win_rate":0.0,"timestamp":1610886277,"path_taken":["M","?","M","M","?","R","E","M","T","$","R","M","R","M","R","BOSS","M","?","M","$","M"],"items_purchased_type":["Card","Card"],"build_version":"2020-12-22","purchased_purges":2,"victory":false,"max_hp_per_floor":[71,71,71,71,71,71,71,71,71,71,71,71,71,71,71,71,71,71,71,71,71,71,71],"card_choices":[{"not_picked":["Beam Cell","Leap"],"picked":"Compile Driver","floor":1.0},{"not_picked":["Streamline","Conserve Battery"],"picked":"Ball Lightning","floor":2.0},{"not_picked":["Buffer","Streamline"],"picked":"Genetic Algorithm","floor":3.0},{"not_picked":["Stack","Ball Lightning","Go for the Eyes"],"picked":"SKIP","floor":4.0},{"not_picked":["Barrage","Loop"],"picked":"Lockon","floor":7.0},{"not_picked":["Ball Lightning","Storm"],"picked":"Loop","floor":8.0},{"not_picked":["Redo","Turbo","Stack"],"picked":"SKIP","floor":12.0},{"not_picked":["Self Repair","Meteor Strike","Sunder"],"picked":"SKIP","floor":14.0},{"not_picked":["All For One","Hyperbeam"],"picked":"Amplify","floor":16.0},{"not_picked":["Steam Power","Compile Driver"],"picked":"Coolheaded","floor":18},{"not_picked":["Steam Power","Go for the Eyes"],"picked":"Barrage+1","floor":19},{"not_picked":["Redo","Streamline"],"picked":"Glacier","floor":20}],"player_experience":1078244,"relics_obtained":[{"floor":7.0,"key":"Thread and Needle"},{"floor":9.0,"key":"Sundial"}],"event_choices":[{"damage_healed":0.0,"max_hp_gain":0.0,"max_hp_loss":0.0,"gold_gain":0.0,"event_name":"Lab","player_choice":"Got Potions","floor":5.0,"gold_loss":0.0,"damage_taken":0.0}],"is_beta":false,"boss_relics":[{"not_picked":["Busted Crown","Nuclear Battery"],"picked":"Inserter"}],"items_purged_floors":[10,21],"is_endless":false,"potions_floor_spawned":[2,7,12,14,16],"killed_by":"Shelled Parasite and Fungi","ascension_level":20}}