{"host":"gg","time":1610860486,"event":{"mods":["BaseMod","Colored Map","Googly Eyes","Minty Spire (QoL Compilation)","Permanent Neow","Relic Stats","The IronCluck"],"gold_per_floor":[111,130,130,145,164,190,206,234,260,289,309,258,268,36,36,110,110,130,130,140,39,39,67,95,115,193,211,244,159,177,205,205,276,276,288,342,362,584,859,889,889,915,938,964,964,981,1010,1029,1029,1029,1029],"floor_reached":50,"language":"ENG","playtime":3431,"items_purged":["Defend_P"],"score":1709,"play_id":"8f607ad5-a1d9-49be-b3d9-69dd84ce366c","local_time":"20210116211446","is_ascension_mode":true,"campfire_choices":[{"floor":15,"key":"REST"},{"floor":32,"key":"REST"},{"floor":41,"key":"RECALL"}],"circlet_count":0,"master_deck":["AscendersBane","Strike_P","Strike_P","Strike_P","Strike_P","Defend_P","Defend_P+1","Defend_P+1","Eruption+1","Vigilance","FollowUp","BowlingBash","SashWhip","WheelKick+1","TalkToTheHand","CrushJoints+1","FlurryOfBlows","Scrawl","Omniscience","FlurryOfBlows+1","Dramatic Entrance+1","FlurryOfBlows","CutThroughFate","Omniscience","Halt","TalkToTheHand","LessonLearned","Wireheading","EmptyFist","FearNoEvil","Crescendo+1","WaveOfTheHand+1","Tantrum","Meditate"],"relics":["Fusion Hammer","Blue Candle","Matryoshka","Akabeko","Lantern","Nunchaku","PreservedInsect","VioletLotus","MutagenicStrength","Juzu Bracelet","Red Mask","War Paint","Bottled Lightning","StrikeDummy","Kunai","Smiling Mask","Coffee Dripper","Bird Faced Urn","Dream Catcher","Vajra","Centennial Puzzle","Dead Branch"],"acts_visited":["Exordium","TheCity","TheBeyond"],"potions_floor_usage":[10,23,33,40,50],"damage_taken":[{"damage":1.0,"enemies":"2 Louse","floor":1.0,"turns":2.0},{"damage":0.0,"enemies":"Cultist","floor":2.0,"turns":2.0},{"damage":3.0,"enemies":"Small Slimes","floor":4.0,"turns":3.0},{"damage":3.0,"enemies":"Looter","floor":5.0,"turns":2.0},{"damage":16.0,"enemies":"Gremlin Nob","floor":6.0,"turns":3.0},{"damage":2.0,"enemies":"Large Slime","floor":7.0,"turns":3.0},{"damage":20.0,"enemies":"3 Sentries","floor":8.0,"turns":3.0},{"damage":0,"enemies":"Lagavulin","floor":10,"turns":5},{"damage":2,"enemies":"Exordium Thugs","floor":11,"turns":4},{"damage":0,"enemies":"Lots of Slimes","floor":13,"turns":3},{"damage":71,"enemies":"Slime Boss","floor":16,"turns":7},{"damage":4,"enemies":"3 Byrds","floor":18,"turns":3},{"damage":0,"enemies":"Spheric Guardian","floor":20,"turns":1},{"damage":0,"enemies":"Book of Stabbing","floor":23,"turns":4},{"damage":7,"enemies":"Masked Bandits","floor":24,"turns":2},{"damage":4,"enemies":"3 Cultists","floor":25,"turns":4},{"damage":0,"enemies":"Shelled Parasite and Fungi","floor":27,"turns":1},{"damage":0,"enemies":"Slavers","floor":28,"turns":1},{"damage":0,"enemies":"Snake Plant","floor":30,"turns":1},{"damage":0,"enemies":"Book of Stabbing","floor":31,"turns":3},{"damage":60,"enemies":"Collector","floor":33,"turns":6},{"damage":0,"enemies":"3 Shapes","floor":35,"turns":1},{"damage":0,"enemies":"2 Orb Walkers","floor":36,"turns":2},{"damage":0,"enemies":"Orb Walker","floor":37,"turns":2},{"damage":1,"enemies":"Reptomancer","floor":40,"turns":2},{"damage":1,"enemies":"Nemesis","floor":42,"turns":3},{"damage":1,"enemies":"Giant Head","floor":44,"turns":3},{"damage":0,"enemies":"Sphere and 2 Shapes","floor":46,"turns":1},{"damage":0,"enemies":"Nemesis","floor":47,"turns":1},{"damage":15,"enemies":"4 Shapes","floor":48,"turns":2},{"damage":43,"enemies":"Awakened One","floor":50,"turns":8}],"seed_played":"62157802208326479","potions_obtained":[{"floor":3.0,"key":"CultistPotion"},{"floor":3.0,"key":"SmokeBomb"},{"floor":6.0,"key":"Block Potion"},{"floor":7.0,"key":"FairyPotion"},{"floor":11,"key":"Weak Potion"},{"floor":18,"key":"Ancient Potion"},{"floor":25,"key":"Energy Potion"},{"floor":33,"key":"DistilledChaos"},{"floor":44,"key":"Fire Potion"},{"floor":46,"key":"GamblersBrew"}],"is_trial":false,"path_per_floor":["M","M","?","M","M","E","M","E","T","E","M","$","M","$","R","B",null,"M","$","M","$","?","E","?","M","T","M","E","?","M","E","R","B",null,"M","?","M","?","?","E","R","E","T","E","?","M","E","M","R","B"],"character_chosen":"WATCHER","items_purchased":["FlurryOfBlows","PreservedInsect","Dramatic Entrance"],"campfire_rested":2,"item_purchase_floors":[12,14,21],"current_hp_per_floor":[60,60,60,57,54,38,36,16,16,16,14,14,14,14,34,20,56,52,52,52,52,52,52,45,41,41,41,41,41,41,41,61,1,51,51,51,53,53,53,52,52,53,53,54,54,54,54,39,39,0,0],"gold":1029,"neow_bonus":"BOSS_RELIC","is_daily":false,"chose_seed":false,"campfire_upgraded":0,"win_rate":0.0,"timestamp":1610860486,"path_taken":["M","M","?","M","M","E","M","E","T","E","?","?","M","$","R","BOSS","M","?","M","$","?","E","?","M","T","M","E","?","M","E","R","BOSS","M","?","M","?","?","E","R","E","T","E","?","M","E","M","R","BOSS"],"items_purchased_type":["Card","Relic","Card"],"build_version":"2020-12-18","purchased_purges":1,"victory":false,"max_hp_per_floor":[68,68,68,68,68,68,68,68,68,68,68,68,68,68,68,68,68,68,68,68,68,68,68,68,68,68,68,68,68,68,68,68,68,68,68,68,68,68,68,68,68,68,68,68,68,68,68,68,68,68,68],"relic_stats":{"counters":[31,88],"Blue Candle":[3],"Dead Branch":[18],"PreservedInsect":420,"Juzu Bracelet":1,"War Paint":["Defend_P","Defend_P"],"Smiling Mask":0,"Nunchaku":[27],"Dream Catcher":0,"Centennial Puzzle":[3],"Bird Faced Urn":[6],"VioletLotus":[7],"Kunai":[44],"obtain_stats":[{"Lantern":9,"Blue Candle":6,"Dead Branch":47,"Vajra":42,"PreservedInsect":14,"Juzu Bracelet":23,"War Paint":26,"Smiling Mask":31,"Akabeko":9,"Nunchaku":10,"Dream Catcher":40,"Centennial Puzzle":44,"Matryoshka":8,"MutagenicStrength":22,"Bird Faced Urn":36,"Fusion Hammer":0,"VioletLotus":17,"Red Mask":24,"Coffee Dripper":34,"Bottled Lightning":26,"Kunai":29,"PureWater":0,"StrikeDummy":28},{"Lantern":7,"Blue Candle":5,"Dead Branch":29,"Vajra":26,"PreservedInsect":10,"Juzu Bracelet":14,"War Paint":16,"Smiling Mask":20,"Akabeko":7,"Nunchaku":8,"Dream Catcher":25,"Centennial Puzzle":27,"Matryoshka":7,"MutagenicStrength":13,"Bird Faced Urn":23,"Fusion Hammer":0,"VioletLotus":11,"Red Mask":15,"Coffee Dripper":21,"Bottled Lightning":16,"Kunai":18,"PureWater":0,"StrikeDummy":18},{"Lantern":18,"Blue Candle":12,"Dead Branch":78,"Vajra":73,"PreservedInsect":30,"Juzu Bracelet":45,"War Paint":51,"Smiling Mask":57,"Akabeko":18,"Nunchaku":23,"Dream Catcher":70,"Centennial Puzzle":76,"Matryoshka":18,"MutagenicStrength":41,"Bird Faced Urn":66,"Fusion Hammer":0,"VioletLotus":37,"Red Mask":47,"Coffee Dripper":63,"Bottled Lightning":51,"Kunai":53,"PureWater":0,"StrikeDummy":53}]},"card_choices":[{"not_picked":["FlurryOfBlows","SandsOfTime"],"picked":"FollowUp","floor":1.0},{"not_picked":["WreathOfFlame","PathToVictory"],"picked":"BowlingBash","floor":2.0},{"not_picked":["Worship","ClearTheMind"],"picked":"SashWhip","floor":4.0},{"not_picked":["ThirdEye","LikeWater","Nirvana"],"picked":"SKIP","floor":5.0},{"not_picked":["ReachHeaven","FlyingSleeves"],"picked":"WheelKick","floor":6.0},{"not_picked":["DeusExMachina","SignatureMove"],"picked":"TalkToTheHand","floor":7.0},{"not_picked":["Indignation","Nirvana"],"picked":"CrushJoints","floor":8.0},{"not_picked":["Indignation","ClearTheMind","Study"],"picked":"SKIP","floor":10},{"not_picked":["Study","FlurryOfBlows"],"picked":"Scrawl","floor":13},{"not_picked":["DeusExMachina","Brilliance"],"picked":"Omniscience","floor":16},{"not_picked":["Crescendo","Prostrate","SashWhip"],"picked":"SKIP","floor":18},{"not_picked":["Evaluate","PathToVictory"],"picked":"FlurryOfBlows","floor":20},{"not_picked":["Weave","Nirvana","Collect"],"picked":"SKIP","floor":23},{"not_picked":["Perseverance","ReachHeaven"],"picked":"FlurryOfBlows","floor":24},{"not_picked":["Perseverance","EmptyFist"],"picked":"CutThroughFate","floor":25},{"not_picked":["WheelKick","Protect"],"picked":"Omniscience","floor":27},{"not_picked":["Study","SashWhip+1","ConjureBlade"],"picked":"SKIP","floor":28},{"not_picked":["EmptyMind","WreathOfFlame"],"picked":"Halt","floor":30},{"not_picked":["Devotion","Evaluate"],"picked":"TalkToTheHand","floor":31},{"not_picked":["Establishment","Blasphemy"],"picked":"LessonLearned","floor":33},{"not_picked":["FollowUp","Adaptation+1"],"picked":"Wireheading","floor":35},{"not_picked":["JustLucky","PathToVictory+1"],"picked":"EmptyFist","floor":36},{"not_picked":["EmptyFist","JustLucky"],"picked":"FearNoEvil","floor":37},{"not_picked":["SandsOfTime","ConjureBlade"],"picked":"Crescendo+1","floor":40},{"not_picked":["SashWhip","FlyingSleeves"],"picked":"WaveOfTheHand","floor":42},{"not_picked":["Evaluate","EmptyFist","SashWhip"],"picked":"SKIP","floor":44},{"not_picked":["Crescendo+1","TalkToTheHand"],"picked":"Tantrum","floor":46},{"not_picked":["WreathOfFlame","Consecrate","Collect"],"picked":"SKIP","floor":47},{"not_picked":["Protect","ClearTheMind+1"],"picked":"Meditate","floor":48}],"player_experience":1218928,"relics_obtained":[{"floor":6.0,"key":"Blue Candle"},{"floor":8.0,"key":"Matryoshka"},{"floor":9.0,"key":"Akabeko"},{"floor":9.0,"key":"Lantern"},{"floor":10,"key":"Nunchaku"},{"floor":23,"key":"Juzu Bracelet"},{"floor":24,"key":"Red Mask"},{"floor":26,"key":"War Paint"},{"floor":26,"key":"Bottled Lightning"},{"floor":28,"key":"StrikeDummy"},{"floor":31,"key":"Smiling Mask"},{"floor":36,"key":"Bird Faced Urn"},{"floor":40,"key":"Dream Catcher"},{"floor":42,"key":"Vajra"},{"floor":44,"key":"Centennial Puzzle"},{"floor":47,"key":"Dead Branch"}],"event_choices":[{"damage_healed":0.0,"max_hp_gain":0.0,"max_hp_loss":0.0,"gold_gain":0.0,"event_name":"Lab","player_choice":"Got Potions","floor":3.0,"gold_loss":0.0,"damage_taken":0.0},{"damage_healed":0,"gold_gain":0,"player_choice":"Inject Mutagens","damage_taken":0,"relics_obtained":["MutagenicStrength"],"max_hp_gain":0,"max_hp_loss":0,"event_name":"Drug Dealer","floor":22,"gold_loss":0},{"damage_healed":0,"gold_gain":0,"player_choice":"Fought Bandits","damage_taken":0,"max_hp_gain":0,"max_hp_loss":0,"event_name":"Masked Bandits","floor":24,"gold_loss":0},{"damage_healed":0,"gold_gain":0,"player_choice":"Obtained Relic","damage_taken":0,"relics_obtained":["Kunai"],"max_hp_gain":0,"max_hp_loss":0,"event_name":"Addict","floor":29,"gold_loss":85},{"damage_healed":0,"gold_gain":0,"player_choice":"Fight","damage_taken":0,"max_hp_gain":0,"max_hp_loss":0,"event_name":"Mysterious Sphere","floor":36,"gold_loss":0},{"damage_healed":0,"gold_gain":222,"player_choice":"Wore Mask","damage_taken":0,"max_hp_gain":0,"max_hp_loss":0,"event_name":"Tomb of Lord Red Mask","floor":38,"gold_loss":0},{"damage_healed":0,"gold_gain":275,"player_choice":"Desecrate","damage_taken":0,"max_hp_gain":0,"max_hp_loss":0,"event_name":"Golden Shrine","floor":39,"gold_loss":0,"cards_obtained":["Regret"]},{"cards_removed":["Regret"],"damage_healed":0,"gold_gain":0,"player_choice":"Removed Curses","damage_taken":0,"max_hp_gain":0,"max_hp_loss":0,"event_name":"Fountain of Cleansing","floor":45,"gold_loss":0}],"is_beta":true,"boss_relics":[{"not_picked":["SlaversCollar","Empty Cage"],"picked":"VioletLotus"},{"not_picked":["Snecko Eye","Busted Crown"],"picked":"Coffee Dripper"}],"items_purged_floors":[14],"is_endless":false,"potions_floor_spawned":[4,6,7,11,13,18,25,28,30,31,33,37,44,46,47,48],"killed_by":"Awakened One","ascension_level":20}}