{"host":"q9718omregw4er46","time":1610865152,"event":{"mods":["BaseMod","Bestiary","Colored Powertips","Minty Spire (QoL Compilation)","Quick Restart","Relic Stats"],"gold_per_floor":[116,116,131,19,30,30,60,60,60,93,108,138,158,169,169,248,248,259,259,259],"floor_reached":19,"language":"ENG","playtime":635,"items_purged":["Strike_P"],"score":378,"play_id":"c3250d00-ef52-49e3-a445-ddf1b3a2f948","local_time":"20210117113232","is_ascension_mode":true,"campfire_choices":[{"data":"WindmillStrike","floor":6.0,"key":"SMITH"},{"floor":8.0,"key":"REST"},{"data":"Wallop","floor":15.0,"key":"SMITH"}],"circlet_count":0,"master_deck":["AscendersBane","Strike_P","Strike_P","Strike_P","Defend_P","Defend_P","Defend_P","Defend_P","Eruption","Vigilance","EmptyFist+1","EmptyMind","WindmillStrike+1","Wallop+1","Crescendo","SashWhip","DeusExMachina","TalkToTheHand"],"relics":["PureWater","Incense Burner","Dream Catcher","HornCleat","Turnip","Matryoshka","Fusion Hammer"],"acts_visited":["Exordium","TheCity"],"potions_floor_usage":[],"damage_taken":[{"damage":15.0,"enemies":"Small Slimes","floor":1.0,"turns":4.0},{"damage":0.0,"enemies":"Cultist","floor":3.0,"turns":3.0},{"damage":2.0,"enemies":"Jaw Worm","floor":5.0,"turns":3.0},{"damage":31.0,"enemies":"3 Sentries","floor":7.0,"turns":11.0},{"damage":1.0,"enemies":"Gremlin Nob","floor":10.0,"turns":4.0},{"damage":1.0,"enemies":"Exordium Wildlife","floor":11.0,"turns":3.0},{"damage":12.0,"enemies":"Lagavulin","floor":12.0,"turns":4.0},{"damage":1.0,"enemies":"3 Louse","floor":13.0,"turns":3.0},{"damage":0.0,"enemies":"Blue Slaver","floor":14.0,"turns":2.0},{"damage":9.0,"enemies":"The Guardian","floor":16.0,"turns":13.0},{"damage":12.0,"enemies":"2 Thieves","floor":18.0,"turns":4.0},{"damage":0,"enemies":"3 Byrds","floor":19,"turns":1}],"seed_played":"2192938975918694231","potions_obtained":[{"floor":7.0,"key":"EntropicBrew"},{"floor":11.0,"key":"Fruit Juice"},{"floor":13.0,"key":"Fire Potion"},{"floor":14.0,"key":"Strength Potion"}],"is_trial":false,"path_per_floor":["M","?","M","$","M","R","E","R","T","E","M","E","M","M","R","B",null,"M","M"],"character_chosen":"WATCHER","items_purchased":["WindmillStrike"],"campfire_rested":1,"item_purchase_floors":[4],"current_hp_per_floor":[46,46,46,46,44,44,13,31,31,30,29,22,21,21,21,12,53,41,41,41],"gold":259,"neow_bonus":"ONE_RARE_RELIC","is_daily":false,"chose_seed":false,"campfire_upgraded":2,"win_rate":0.0,"timestamp":1610865152,"path_taken":["M","?","M","$","M","R","E","R","T","E","M","E","M","M","R","BOSS","M","?"],"items_purchased_type":["Card"],"build_version":"2020-12-22","purchased_purges":1,"victory":false,"max_hp_per_floor":[62,62,62,62,62,62,62,62,62,62,62,67,67,67,67,67,67,67,67,67],"relic_stats":{"Dream Catcher":1,"counters":[12,55],"Turnip":[0],"obtain_stats":[{"Dream Catcher":7,"HornCleat":9,"Matryoshka":12,"Turnip":10,"Fusion Hammer":17,"Incense Burner":0,"PureWater":0},{"Dream Catcher":4,"HornCleat":4,"Matryoshka":7,"Turnip":5,"Fusion Hammer":10,"Incense Burner":0,"PureWater":0},{"Dream Catcher":21,"HornCleat":21,"Matryoshka":32,"Turnip":25,"Fusion Hammer":50,"Incense Burner":0,"PureWater":0}]},"card_choices":[{"not_picked":["Halt","FlurryOfBlows"],"picked":"EmptyFist","floor":1.0},{"not_picked":["ThirdEye","EmptyFist"],"picked":"EmptyMind","floor":3.0},{"not_picked":["PathToVictory","EmptyBody","SpiritShield"],"picked":"SKIP","floor":5.0},{"not_picked":["Sanctity","Alpha"],"picked":"Wallop","floor":7.0},{"not_picked":["Collect","BowlingBash"],"picked":"Crescendo","floor":8.0},{"not_picked":["EmptyBody","Judgement"],"picked":"SashWhip","floor":10.0},{"not_picked":["InnerPeace","Halt","Protect"],"picked":"SKIP","floor":11.0},{"not_picked":["ThirdEye","SpiritShield","FollowUp"],"picked":"SKIP","floor":12.0},{"not_picked":["Swivel","Evaluate","ForeignInfluence"],"picked":"SKIP","floor":13.0},{"not_picked":["Study","PathToVictory","EmptyFist"],"picked":"SKIP","floor":14.0},{"not_picked":["Judgement","Brilliance"],"picked":"DeusExMachina","floor":16.0},{"not_picked":["EmptyFist","ReachHeaven"],"picked":"TalkToTheHand","floor":18.0}],"player_experience":1213165,"relics_obtained":[{"floor":7.0,"key":"Dream Catcher"},{"floor":9.0,"key":"HornCleat"},{"floor":10.0,"key":"Turnip"},{"floor":12.0,"key":"Matryoshka"}],"event_choices":[{"damage_healed":0.0,"max_hp_gain":0.0,"max_hp_loss":0.0,"gold_gain":0.0,"event_name":"Upgrade Shrine","player_choice":"Upgraded","floor":2.0,"gold_loss":0.0,"damage_taken":0.0,"cards_upgraded":["EmptyFist"]}],"is_beta":false,"boss_relics":[{"not_picked":["VioletLotus","Empty Cage"],"picked":"Fusion Hammer"}],"items_purged_floors":[4],"is_endless":false,"potions_floor_spawned":[7,11,13,14,18],"killed_by":"3 Byrds","ascension_level":20}}