{"host":"rl5ku05escnl5kxo","time":1610922157,"event":{"mods":["Act Like it!","BaseMod","Minty Spire (QoL Compilation)","StSLib","The Bug Knight"],"gold_per_floor":[118,67,77,89,89,89,108,108,108,108,16,28,15,31,31,31,31],"floor_reached":16,"language":"ENG","playtime":936,"items_purged":[],"score":94,"play_id":"875ba6a9-9999-4422-a5af-da163ef0e5e9","local_time":"20210117142237","is_ascension_mode":false,"campfire_choices":[{"data":"Body Slam","floor":6,"key":"SMITH"},{"data":"Body Slam","floor":15,"key":"SMITH"}],"circlet_count":0,"master_deck":["Strike_R","Strike_R","Strike_R","Strike_R","Strike_R","Defend_R","Defend_R","Defend_R","Defend_R","Bash","Shrug It Off","Body Slam+1","Body Slam+1","Mind Blast","Armaments","Anger"],"relics":["Burning Blood","NeowsBlessing","Self Forming Clay"],"acts_visited":["Exordium"],"potions_floor_usage":[],"damage_taken":[{"damage":0,"enemies":"Jaw Worm","floor":1,"turns":1},{"damage":0,"enemies":"2 Louse","floor":3,"turns":1},{"damage":0,"enemies":"Small Slimes","floor":4,"turns":1},{"damage":16,"enemies":"Red Slaver","floor":7,"turns":5},{"damage":32,"enemies":"Large Slime","floor":12,"turns":11},{"damage":16,"enemies":"Exordium Thugs","floor":13,"turns":6},{"damage":15,"enemies":"Red Slaver","floor":14,"turns":4},{"damage":25,"enemies":"Slime Boss","floor":16,"turns":3}],"seed_played":"3605054982658463939","potions_obtained":[{"floor":3,"key":"Swift Potion"},{"floor":4,"key":"SpeedPotion"},{"floor":7,"key":"Dexterity Potion"},{"floor":13,"key":"Regen Potion"}],"is_trial":false,"path_per_floor":["M","$","M","M","$","R","M","?","T","?","$","M","M","M","R","B"],"character_chosen":"IRONCLAD","items_purchased":["Body Slam","Mind Blast"],"campfire_rested":0,"item_purchase_floors":[2,11],"current_hp_per_floor":[80,80,80,80,80,80,70,70,70,70,70,44,34,25,25,0,0],"gold":31,"neow_bonus":"THREE_ENEMY_KILL","is_daily":false,"chose_seed":false,"campfire_upgraded":2,"win_rate":0.0,"timestamp":1610922157,"path_taken":["M","$","M","M","$","R","M","?","T","?","?","M","M","M","R","BOSS"],"items_purchased_type":["Card","Card"],"build_version":"2020-12-22","purchased_purges":0,"victory":false,"max_hp_per_floor":[80,80,80,80,80,80,80,80,80,80,80,80,80,80,80,80,80],"card_choices":[{"not_picked":["Cleave","Anger"],"picked":"Shrug It Off","floor":1},{"not_picked":["Sword Boomerang","Havoc","Clash"],"picked":"SKIP","floor":3},{"not_picked":["Clash","Carnage","Uppercut"],"picked":"SKIP","floor":4},{"not_picked":["Heavy Blade","Pommel Strike"],"picked":"Body Slam","floor":7},{"not_picked":["Flex","Reckless Charge"],"picked":"Armaments","floor":12},{"not_picked":["Clothesline","Fire Breathing","Pummel"],"picked":"SKIP","floor":13},{"not_picked":["Clash","Perfected Strike"],"picked":"Anger","floor":14}],"player_experience":443378,"relics_obtained":[{"floor":9,"key":"Self Forming Clay"}],"event_choices":[{"damage_healed":0,"gold_gain":0,"player_choice":"Searched \u00270\u0027 times","damage_taken":0,"max_hp_gain":0,"max_hp_loss":0,"event_name":"Dead Adventurer","floor":8,"gold_loss":0},{"damage_healed":0,"gold_gain":0,"player_choice":"Leave","damage_taken":0,"max_hp_gain":0,"max_hp_loss":0,"event_name":"The Cleric","floor":10,"gold_loss":0}],"is_beta":false,"boss_relics":[],"items_purged_floors":[],"is_endless":false,"potions_floor_spawned":[3,4,7,12,13],"killed_by":"Slime Boss","ascension_level":0}}