{"host":"jksa5rawk3m4gilz","time":1610917273,"event":{"mods":["BaseMod","Colored Map","Highlight Path","Minty Spire (QoL Compilation)","Quick Restart"],"gold_per_floor":[110,110,130,146,71,71,101,119,119,137,137,137,156,188,188,264,264,284,294,294,304,317,344,344,344,344,344,344],"floor_reached":27,"language":"ENG","playtime":917,"items_purged":[],"score":404,"play_id":"b11aef1e-c2a0-4cb0-a06f-bb31c8aaca5e","local_time":"20210117220113","is_ascension_mode":true,"campfire_choices":[{"data":"Judgement","floor":6,"key":"SMITH"},{"data":"Eruption","floor":11,"key":"SMITH"},{"floor":15,"key":"REST"},{"floor":24,"key":"REST"}],"circlet_count":0,"master_deck":["AscendersBane","Strike_P","Strike_P","Strike_P","Defend_P","Defend_P","Defend_P","Eruption+1","Vigilance","EmptyBody","Weave","BowlingBash","JustLucky","Fasting2","Judgement+1","Parasite","Worship","DeusExMachina","FollowUp+1","Shame","Pray+1","DevaForm","Doubt"],"relics":["PureWater","FaceOfCleric","StoneCalendar","Du-Vu Doll","Ornamental Fan","Cursed Key","Incense Burner","Smiling Mask","Toxic Egg 2"],"acts_visited":["TheCity"],"potions_floor_usage":[16,21,21,23,27],"damage_taken":[{"damage":2,"enemies":"2 Louse","floor":1,"turns":3},{"damage":0,"enemies":"Cultist","floor":3,"turns":2},{"damage":7,"enemies":"Jaw Worm","floor":4,"turns":3},{"damage":15,"enemies":"Lagavulin","floor":7,"turns":6},{"damage":0,"enemies":"2 Fungi Beasts","floor":8,"turns":3},{"damage":0,"enemies":"Large Slime","floor":10,"turns":4},{"damage":17,"enemies":"Exordium Wildlife","floor":13,"turns":3},{"damage":15,"enemies":"Gremlin Nob","floor":14,"turns":3},{"damage":36,"enemies":"The Guardian","floor":16,"turns":11},{"damage":22,"enemies":"Shell Parasite","floor":18,"turns":6},{"damage":0,"enemies":"Spheric Guardian","floor":19,"turns":1},{"damage":23,"enemies":"Chosen and Byrds","floor":21,"turns":6},{"damage":4,"enemies":"3 Cultists","floor":22,"turns":4},{"damage":13,"enemies":"Slavers","floor":23,"turns":6},{"damage":27,"enemies":"Book of Stabbing","floor":27,"turns":3}],"seed_played":"-8647545674749036693","potions_obtained":[{"floor":7,"key":"EntropicBrew"},{"floor":8,"key":"Explosive Potion"},{"floor":22,"key":"GamblersBrew"},{"floor":23,"key":"SkillPotion"}],"is_trial":false,"path_per_floor":["M","?","M","M","$","R","E","M","T","M","R","?","M","E","R","B",null,"M","M","?","M","M","E","R","?","T","E"],"character_chosen":"WATCHER","items_purchased":["Judgement"],"campfire_rested":2,"item_purchase_floors":[5],"current_hp_per_floor":[63,63,64,58,58,58,44,45,45,46,46,63,47,33,54,19,60,39,40,40,18,15,3,26,26,26,0,0],"gold":344,"neow_bonus":"TRANSFORM_TWO_CARDS","is_daily":false,"chose_seed":false,"campfire_upgraded":2,"win_rate":0.0,"timestamp":1610917273,"path_taken":["M","?","M","M","$","R","E","?","T","M","R","?","M","E","R","BOSS","M","M","?","M","M","E","R","?","T","E"],"items_purchased_type":["Card"],"build_version":"2020-12-22","purchased_purges":0,"victory":false,"max_hp_per_floor":[65,65,66,67,67,67,68,69,69,70,70,70,71,72,72,73,73,74,75,75,76,77,78,78,78,78,78,78],"card_choices":[{"not_picked":["ClearTheMind","CrushJoints"],"picked":"BowlingBash","floor":1},{"not_picked":["SashWhip","FlyingSleeves"],"picked":"JustLucky","floor":3},{"not_picked":["FollowUp","PathToVictory"],"picked":"Fasting2","floor":4},{"not_picked":["Fasting2","CrushJoints","EmptyFist"],"picked":"SKIP","floor":7},{"not_picked":["Indignation","SashWhip","Halt"],"picked":"SKIP","floor":8},{"not_picked":["Evaluate","EmptyMind","PathToVictory"],"picked":"SKIP","floor":10},{"not_picked":["Perseverance","Vengeance","SandsOfTime"],"picked":"SKIP","floor":13},{"not_picked":["ReachHeaven","PathToVictory"],"picked":"Worship","floor":14},{"not_picked":["ConjureBlade","Alpha"],"picked":"DeusExMachina","floor":16},{"not_picked":["DeceiveReality","CutThroughFate","Perseverance"],"picked":"SKIP","floor":18},{"not_picked":["Protect+1","ReachHeaven"],"picked":"FollowUp+1","floor":19},{"not_picked":["PathToVictory","Consecrate","ThirdEye"],"picked":"SKIP","floor":21},{"not_picked":["Protect","WheelKick"],"picked":"Pray+1","floor":22},{"not_picked":["SashWhip","BowlingBash"],"picked":"DevaForm","floor":23}],"player_experience":1807137,"relics_obtained":[{"floor":7,"key":"StoneCalendar"},{"floor":9,"key":"Du-Vu Doll"},{"floor":14,"key":"Ornamental Fan"},{"floor":23,"key":"Smiling Mask"},{"floor":26,"key":"Toxic Egg 2"}],"event_choices":[{"damage_healed":0,"gold_gain":0,"player_choice":"Trade","damage_taken":0,"relics_obtained":["FaceOfCleric"],"max_hp_gain":0,"max_hp_loss":0,"event_name":"FaceTrader","floor":2,"gold_loss":0},{"damage_healed":17,"gold_gain":0,"player_choice":"Healed and dodged fight","damage_taken":0,"max_hp_gain":0,"max_hp_loss":0,"event_name":"Mushrooms","floor":12,"gold_loss":0,"cards_obtained":["Parasite"]},{"damage_healed":0,"gold_gain":0,"player_choice":"Stole Relic","damage_taken":0,"relics_obtained":["Incense Burner"],"max_hp_gain":0,"max_hp_loss":0,"event_name":"Addict","floor":20,"gold_loss":0,"cards_obtained":["Shame"]},{"damage_healed":0,"gold_gain":0,"player_choice":"Ignored","damage_taken":0,"max_hp_gain":0,"max_hp_loss":0,"event_name":"Vampires","floor":25,"gold_loss":0}],"is_beta":false,"boss_relics":[{"not_picked":["Runic Pyramid","Velvet Choker"],"picked":"Cursed Key"}],"items_purged_floors":[],"is_endless":false,"potions_floor_spawned":[7,8,10,13,14,22,23],"killed_by":"Book of Stabbing","ascension_level":13}}