{"host":"oc9z8cublggqyfxu","time":1610872081,"event":{"mods":["AchievementEnabler","Act Like it!","Aspiration","BaseMod","Colored Map","Colored Powertips","Dio Mod","Dota2Spire","Friendly Minions","Gensokyo","GifTheSpireLib","Hallownest","Hermit","Highlight Path","Infinite Spire","KinomotoSakuraMod(木之本樱)","Koishi","Lobotomy","LobotomyExtend","Marisa（F雨　魔理沙）","Minty Spire (QoL Compilation)","Quick Restart","Rare Cards Sparkle","Reimu（博丽灵梦）","Relic Stats","Remilia（蕾米莉亚）","Replay The Spire","RumiaBox-露米娅的神秘盒子","Spicy Shops","StSLib","The Administrix","The Animator","The Blackbeard","The Bug Knight","The Cursed","The Hierophant","The Mystic","The Runesmith","The Servant 0.9.4","Yakumo Yukari mod","Youmu（魂魄妖梦）","Yuyuko","vexMod","【功能Mod】混沌之环修复补丁","【功能Mod】聪明的最终Boss"],"gold_per_floor":[116,133,133,147,165,165,178,178,353,353,373,373,373,373,373,373,16,66,94,94,94,94,94],"floor_reached":16,"language":"ZHS","playtime":1326,"items_purged":["Doubt"],"score":144,"play_id":"058f775e-590c-40e9-9fa1-75de49a3c921","local_time":"20210117162801","is_ascension_mode":false,"campfire_choices":[{"data":"Eruption","floor":6,"key":"SMITH"},{"data":"Establishment","floor":6,"key":"SMITH"},{"data":"Eruption","floor":8,"key":"SMITH"},{"data":"Vengeance","floor":10,"key":"SMITH"}],"circlet_count":0,"master_deck":["Strike_P+1","Strike_P+1","Strike_P+1","Strike_P+1","Defend_P","Defend_P","Defend_P","Defend_P","Eruption+1","Vigilance","NakedNest","Alriune","Vengeance+1","RedShoes","ClearTheMind","SilentOrchestra","Consecrate+1","HappyTeddy","Eruption+1","Establishment+1","GalaxyChild","Perseverance","Adaptation+1","Looming Evil","UniverseFragment","Inflame"],"relics":["m_ScarletBlood","CogitoBucket","Hallownest:DreamNailRelic","LetterFromLob","infinitespire:Cubic Diamond","Theresia","Dota2Spire:MagicBottle","vexMod:BarristanHead","Ring of Fury","Ring of Greed","The Courier"],"acts_visited":["Hallownest:Greenpath"],"potions_floor_usage":[2,1,5,16],"damage_taken":[{"damage":0,"enemies":"Hallownest:2_Baldur","floor":1,"turns":4},{"damage":10,"enemies":"Hallownest:monsterHuskGuard","floor":2,"turns":3},{"damage":10,"enemies":"Hallownest:monsterHuskWarrior","floor":4,"turns":3},{"damage":18,"enemies":"Hallownest:1_Baldur_1_Crawlid_1_Warrior","floor":5,"turns":4},{"damage":2,"enemies":"Cultist","floor":1,"turns":4},{"damage":25,"enemies":"Small Slimes","floor":5,"turns":4},{"damage":7,"enemies":"Jaw Worm","floor":13,"turns":2},{"damage":27,"enemies":"The Guardian","floor":16,"turns":4}],"seed_played":"6985256622335756200","potions_obtained":[{"floor":1,"key":"PowerPotion"},{"floor":2,"key":"LiquidBronze"},{"floor":5,"key":"Flashbang"},{"floor":5,"key":"AttackPotion"}],"is_trial":false,"path_per_floor":["M","M","?","M","M","R","M","M","?","?","?","M","R","?","R","T","R","$","?","M","M","R_BF","B"],"character_chosen":"WATCHER","items_purchased":["Dota2Spire:MagicBottle","Adaptation+1","vexMod:BarristanHead"],"campfire_rested":0,"item_purchase_floors":[11,11,11],"current_hp_per_floor":[72,62,62,52,34,34,70,70,70,70,45,45,26,26,26,26,26,26,19,19,19,0,0],"gold":94,"neow_bonus":"","is_daily":false,"chose_seed":false,"campfire_upgraded":4,"win_rate":0.0,"timestamp":1610872081,"path_taken":["M","M","?","M","?","R","M","M","?","?","?","?","R","?","R","T","R","?","?","M","M","R_BF","BOSS"],"items_purchased_type":["Relic","Card","Relic"],"build_version":"2020-12-22","purchased_purges":1,"victory":false,"max_hp_per_floor":[72,72,72,72,72,72,72,72,72,72,72,72,72,72,72,72,72,72,72,72,72,72,72],"relic_stats":{"counters":[9,29],"obtain_stats":[{"infinitespire:Cubic Diamond":2,"The Courier":12,"Hallownest:DreamNailRelic":3,"Ring of Greed":12,"Dota2Spire:MagicBottle":11,"CogitoBucket":0,"m_ScarletBlood":2,"Replay:Bandana":12,"vexMod:BarristanHead":11,"Ring of Fury":12,"LetterFromLob":1,"PureWater":0,"Theresia":5},{"infinitespire:Cubic Diamond":5,"The Courier":7,"Hallownest:DreamNailRelic":2,"Ring of Greed":7,"Dota2Spire:MagicBottle":7,"CogitoBucket":0,"m_ScarletBlood":5,"Replay:Bandana":7,"vexMod:BarristanHead":7,"Ring of Fury":7,"LetterFromLob":1,"PureWater":0,"Theresia":7},{"infinitespire:Cubic Diamond":18,"The Courier":23,"Hallownest:DreamNailRelic":7,"Ring of Greed":23,"Dota2Spire:MagicBottle":23,"CogitoBucket":0,"m_ScarletBlood":18,"Replay:Bandana":23,"vexMod:BarristanHead":23,"Ring of Fury":23,"LetterFromLob":4,"PureWater":0,"Theresia":23}]},"card_choices":[{"not_picked":["Bloodbath","BeautyBeast"],"picked":"NakedNest","floor":1},{"not_picked":["Replay:Cycle","Replay:ManipulateFuture","EmptyFist"],"picked":"SKIP","floor":1},{"not_picked":["WallGazer","ShyLook"],"picked":"Alriune","floor":2},{"not_picked":["Replay:Battleflow","ConjureBlade"],"picked":"Vengeance","floor":2},{"not_picked":["Wellcheers","UniverseFragment"],"picked":"RedShoes","floor":4},{"not_picked":["JustLucky","FlyingSleeves"],"picked":"ClearTheMind","floor":4},{"not_picked":["UniverseFragment","OldLady"],"picked":"SilentOrchestra","floor":5},{"not_picked":["Replay:AtTheReady","EmptyFist"],"picked":"Consecrate","floor":5},{"not_picked":["BeautyBeast","Scorched"],"picked":"HappyTeddy","floor":1},{"not_picked":["PathToVictory","SignatureMove","WreathOfFlame"],"picked":"SKIP","floor":1},{"not_picked":["PathToVictory","SignatureMove","WreathOfFlame"],"picked":"SKIP","floor":1},{"not_picked":["MHz","FairyFestival"],"picked":"GalaxyChild","floor":5},{"not_picked":["SashWhip","Spot Weakness"],"picked":"Perseverance","floor":5},{"not_picked":["OSAHOGD","WallGazer"],"picked":"UniverseFragment","floor":13},{"not_picked":["SashWhip","Study"],"picked":"Inflame","floor":13}],"player_experience":281615,"relics_obtained":[{"floor":1,"key":"LetterFromLob"},{"floor":1,"key":"LetterFromLob"},{"floor":12,"key":"Ring of Fury"},{"floor":12,"key":"Ring of Greed"},{"floor":12,"key":"The Courier"},{"floor":12,"key":"Replay:Bandana"}],"event_choices":[{"damage_healed":0,"gold_gain":175,"player_choice":"AGREE","damage_taken":0,"max_hp_gain":0,"max_hp_loss":0,"event_name":"Liars Game","floor":3,"gold_loss":0,"cards_obtained":["Doubt"]},{"damage_healed":0,"gold_gain":0,"player_choice":"2 cards matched","damage_taken":0,"max_hp_gain":0,"max_hp_loss":0,"event_name":"Match and Keep!","floor":4,"gold_loss":0,"cards_obtained":["Eruption","Establishment"]},{"damage_healed":0,"gold_gain":0,"player_choice":"2 cards matched","damage_taken":0,"max_hp_gain":0,"max_hp_loss":0,"event_name":"Match and Keep!","floor":4,"gold_loss":0,"cards_obtained":["Eruption","Establishment"]}],"is_beta":false,"boss_relics":[],"items_purged_floors":[11],"is_endless":false,"potions_floor_spawned":[1,2,5,5],"killed_by":"The Guardian","ascension_level":0}}