{"host":"l4kdldlios54gl54","time":1610842997,"event":{"mods":["AchievementEnabler","BaseMod","Colored Map","Colored Powertips","Minty Spire (QoL Compilation)","Random Character Button"],"gold_per_floor":[363,259,273,273,290,290,300,300,348,170,204,129,129,143,143,217,217,235,251,86,86,106,106,122,122,195,195,224,241,261,9,9,86,86,99,113,113,138,48,48,48,48,48],"floor_reached":42,"language":"ENG","playtime":1505,"items_purged":["Strike_R","Strike_R"],"score":792,"play_id":"57ef59d6-9820-4822-b0c3-548cc3e022ef","local_time":"20210117012317","is_ascension_mode":true,"campfire_choices":[{"data":"Wild Strike","floor":6,"key":"SMITH"},{"data":"Fire Breathing","floor":8,"key":"SMITH"},{"data":"True Grit","floor":13,"key":"SMITH"},{"data":"Rage","floor":15,"key":"SMITH"},{"data":"Offering","floor":23,"key":"SMITH"},{"data":"Cleave","floor":27,"key":"SMITH"},{"data":"Metallicize","floor":32,"key":"SMITH"},{"data":"Dual Wield","floor":40,"key":"SMITH"}],"circlet_count":0,"master_deck":["AscendersBane","Strike_R","Defend_R","Defend_R","Defend_R","Defend_R","Bash","Pommel Strike","Wild Strike+1","Cleave+1","True Grit+1","Fire Breathing+1","Rage+1","Impervious","Offering+1","Iron Wave","Metallicize+1","Power Through","Dual Wield+1"],"relics":["Burning Blood","Bag of Preparation","Tiny Chest","Mark of Pain","Brimstone","Du-Vu Doll","Gremlin Horn","Red Mask","Anchor","Busted Crown","Ice Cream","TungstenRod"],"acts_visited":["Exordium","TheCity","TheBeyond"],"potions_floor_usage":[3,7,16,28,33,33],"damage_taken":[{"damage":13,"enemies":"Small Slimes","floor":1,"turns":4},{"damage":0,"enemies":"2 Louse","floor":3,"turns":3},{"damage":7,"enemies":"Jaw Worm","floor":5,"turns":2},{"damage":7,"enemies":"Gremlin Gang","floor":7,"turns":3},{"damage":8,"enemies":"Gremlin Nob","floor":11,"turns":3},{"damage":0,"enemies":"3 Louse","floor":14,"turns":3},{"damage":35,"enemies":"Slime Boss","floor":16,"turns":8},{"damage":10,"enemies":"Chosen","floor":18,"turns":4},{"damage":18,"enemies":"2 Thieves","floor":19,"turns":3},{"damage":1,"enemies":"Centurion and Healer","floor":22,"turns":4},{"damage":21,"enemies":"Snecko","floor":24,"turns":4},{"damage":0,"enemies":"Masked Bandits","floor":28,"turns":2},{"damage":0,"enemies":"3 Cultists","floor":29,"turns":3},{"damage":6,"enemies":"Cultist and Chosen","floor":30,"turns":3},{"damage":42,"enemies":"Automaton","floor":33,"turns":8},{"damage":26,"enemies":"3 Darklings","floor":35,"turns":3},{"damage":0,"enemies":"3 Shapes","floor":36,"turns":4},{"damage":25,"enemies":"Mind Bloom Boss Battle","floor":38,"turns":7},{"damage":31,"enemies":"3 Darklings","floor":42,"turns":2}],"seed_played":"1261935959457486093","potions_obtained":[{"floor":1,"key":"EssenceOfSteel"},{"floor":5,"key":"Fire Potion"},{"floor":11,"key":"ColorlessPotion"},{"floor":18,"key":"Dexterity Potion"},{"floor":22,"key":"Fire Potion"},{"floor":24,"key":"Fire Potion"},{"floor":29,"key":"EssenceOfSteel"}],"is_trial":false,"path_per_floor":["M","$","M","?","M","R","M","R","T","$","E","?","R","M","R","B",null,"M","M","$","?","M","R","M","T","T","R","?","M","M","$","R","B",null,"M","M","?","?","$","R","T","M"],"character_chosen":"IRONCLAD","items_purchased":["Wild Strike","Rage","Brimstone","Anchor","Power Through","Dual Wield"],"campfire_rested":0,"item_purchase_floors":[2,10,20,31,31,39],"current_hp_per_floor":[43,43,49,74,73,73,72,72,72,72,70,70,70,75,75,46,68,64,52,52,52,57,57,42,42,42,42,48,54,54,54,54,18,61,41,47,47,28,28,28,28,0,0],"gold":48,"neow_bonus":"TWO_FIFTY_GOLD","is_daily":false,"chose_seed":false,"campfire_upgraded":8,"win_rate":0.0,"timestamp":1610842997,"path_taken":["M","$","M","?","M","R","M","R","T","$","E","?","R","M","R","BOSS","M","M","$","?","?","R","M","?","T","R","?","M","M","$","R","BOSS","M","M","?","?","$","R","?","M"],"items_purchased_type":["Card","Card","Relic","Relic","Card","Card"],"build_version":"2020-12-22","purchased_purges":2,"victory":false,"max_hp_per_floor":[75,75,75,75,75,75,75,75,75,75,75,75,75,75,75,75,75,75,75,75,75,75,75,75,75,75,75,75,75,75,75,75,75,75,75,75,71,71,71,71,71,71,71],"card_choices":[{"not_picked":["Rage","Body Slam"],"picked":"Pommel Strike","floor":1},{"not_picked":["Warcry","Pummel"],"picked":"Cleave","floor":3},{"not_picked":["Thunderclap","Fire Breathing"],"picked":"True Grit","floor":5},{"not_picked":["Havoc","Second Wind"],"picked":"Fire Breathing","floor":7},{"not_picked":["Seeing Red","Sever Soul","Cleave"],"picked":"SKIP","floor":11},{"not_picked":["Flex","Whirlwind"],"picked":"Impervious","floor":14},{"not_picked":["Fiend Fire","Double Tap"],"picked":"Offering","floor":16},{"not_picked":["Heavy Blade","Clash","Shrug It Off"],"picked":"SKIP","floor":18},{"not_picked":["Dropkick","Headbutt","Iron Wave"],"picked":"SKIP","floor":19},{"not_picked":["Entrench","Demon Form","Ghostly Armor"],"picked":"SKIP","floor":22},{"not_picked":["Reckless Charge","Pommel Strike","Cleave"],"picked":"SKIP","floor":24},{"not_picked":["Shockwave","Spot Weakness"],"picked":"Metallicize","floor":29},{"not_picked":["Feel No Pain","Clash","Fire Breathing"],"picked":"SKIP","floor":30},{"not_picked":["Searing Blow+1"],"picked":"SKIP","floor":35},{"not_picked":["Armaments"],"picked":"SKIP","floor":36}],"player_experience":863896,"relics_obtained":[{"floor":9,"key":"Bag of Preparation"},{"floor":11,"key":"Tiny Chest"},{"floor":25,"key":"Du-Vu Doll"},{"floor":26,"key":"Gremlin Horn"},{"floor":28,"key":"Red Mask"},{"floor":38,"key":"Ice Cream"},{"floor":41,"key":"TungstenRod"}],"event_choices":[{"damage_healed":25,"gold_gain":0,"player_choice":"Banana","damage_taken":0,"max_hp_gain":0,"max_hp_loss":0,"event_name":"Big Fish","floor":4,"gold_loss":0},{"cards_removed":["Strike_R"],"damage_healed":0,"gold_gain":0,"player_choice":"Card Removal","damage_taken":0,"max_hp_gain":0,"max_hp_loss":0,"event_name":"The Cleric","floor":12,"gold_loss":75},{"damage_healed":0,"gold_gain":0,"cards_transformed":["Strike_R"],"player_choice":"Transformed","damage_taken":0,"max_hp_gain":0,"max_hp_loss":0,"event_name":"Transmorgrifier","floor":21,"gold_loss":0,"cards_obtained":["Iron Wave"]},{"damage_healed":0,"gold_gain":0,"player_choice":"Fought Bandits","damage_taken":0,"max_hp_gain":0,"max_hp_loss":0,"event_name":"Masked Bandits","floor":28,"gold_loss":0},{"damage_healed":0,"gold_gain":0,"player_choice":"Max HP","damage_taken":0,"max_hp_gain":0,"max_hp_loss":4,"event_name":"Winding Halls","floor":37,"gold_loss":0},{"damage_healed":0,"gold_gain":0,"player_choice":"Fight","damage_taken":0,"max_hp_gain":0,"max_hp_loss":0,"event_name":"MindBloom","floor":38,"gold_loss":0}],"is_beta":false,"boss_relics":[{"not_picked":["Black Blood","Runic Dome"],"picked":"Mark of Pain"},{"not_picked":["Coffee Dripper","Astrolabe"],"picked":"Busted Crown"}],"items_purged_floors":[2,10],"is_endless":false,"potions_floor_spawned":[1,5,11,18,22,24,29,30],"killed_by":"3 Darklings","ascension_level":20}}