{"host":"tkvepveagymvu0rh","time":1610903944,"event":{"mods":["AchievementEnabler","BaseMod","Better Match","Better Note","Better Sensory Stone","Better Third Choice","BetterRewards","Block Reminder","Colored Map","Colored Powertips","Googly Eyes","Highlight Path","Minty Spire (QoL Compilation)","Permanent Neow","Quick Restart","Relic Stats","StSLib","SuperFastMode","everything is the same but u backflip on backflip"],"gold_per_floor":[119,139,158,174,140,165,165,176,176,176,210,210,210,230,230,329,329,348,367,367,379,389,389,145,145,145,162,174,204,223,223,223,223,223],"floor_reached":33,"language":"ENG","playtime":3222,"items_purged":[],"score":306,"play_id":"074e4d01-435b-4f56-9579-a524fa031ccc","local_time":"20210117121904","is_ascension_mode":false,"campfire_choices":[{"floor":7.0,"key":"REST"},{"floor":10,"key":"REST"},{"floor":13,"key":"REST"},{"data":"Flechettes","floor":15,"key":"SMITH"},{"data":"Envenom","floor":23,"key":"SMITH"},{"data":"Apotheosis","floor":25,"key":"SMITH"},{"floor":32,"key":"REST"}],"circlet_count":0,"master_deck":["Strike_G","Strike_G","Strike_G","Strike_G","Strike_G","Defend_G","Defend_G","Defend_G","Defend_G","Defend_G","Survivor","Neutralize","Cloak And Dagger","Cloak And Dagger","Tools of the Trade+1","Poisoned Stab","Poisoned Stab","Sucker Punch","Predator","Flechettes+1","Envenom+1","Backflip+1","Footwork+1","All Out Attack+1","Poisoned Stab","Apotheosis+1","Backstab","Underhanded Strike+1","Phantasmal Killer","Bullet Time","Noxious Fumes"],"relics":["Ring of the Serpent","betterThird:SlimedRelic","Letter Opener","Turnip","Nloth\u0027s Gift","Ornamental Fan","Mercury Hourglass","SsserpentHead"],"acts_visited":["TheCity"],"potions_floor_usage":[11,16,21,21,29,33],"damage_taken":[{"damage":5.0,"enemies":"Jaw Worm","floor":1.0,"turns":5.0},{"damage":0.0,"enemies":"Small Slimes","floor":2.0,"turns":3.0},{"damage":0.0,"enemies":"2 Louse","floor":3.0,"turns":2.0},{"damage":3.0,"enemies":"Exordium Wildlife","floor":4.0,"turns":6.0},{"damage":30.0,"enemies":"Lagavulin","floor":6.0,"turns":8.0},{"damage":1,"enemies":"Blue Slaver","floor":8,"turns":4},{"damage":27,"enemies":"Gremlin Nob","floor":11,"turns":5},{"damage":0,"enemies":"Red Slaver","floor":14,"turns":3},{"damage":21,"enemies":"Hexaghost","floor":16,"turns":10},{"damage":10,"enemies":"Spheric Guardian","floor":18,"turns":7},{"damage":8,"enemies":"3 Byrds","floor":19,"turns":7},{"damage":6,"enemies":"Shelled Parasite and Fungi","floor":21,"turns":7},{"damage":1,"enemies":"Chosen and Byrds","floor":22,"turns":6},{"damage":11,"enemies":"Snake Plant","floor":27,"turns":5},{"damage":1,"enemies":"3 Cultists","floor":28,"turns":7},{"damage":0,"enemies":"Gremlin Leader","floor":29,"turns":6},{"damage":17,"enemies":"Shelled Parasite and Fungi","floor":30,"turns":4},{"damage":60,"enemies":"Champ","floor":33,"turns":8}],"seed_played":"6256273692487832035","potions_obtained":[{"floor":2.0,"key":"Poison Potion"},{"floor":6.0,"key":"Weak Potion"},{"floor":11,"key":"Poison Potion"},{"floor":16,"key":"SkillPotion"},{"floor":19,"key":"Fire Potion"},{"floor":21,"key":"EssenceOfSteel"},{"floor":28,"key":"Fire Potion"}],"is_trial":false,"path_per_floor":["M","M","M","M","?","E","R","M","T","R","E","?","R","M","R","B",null,"M","M","?","M","M","R","$","R","T","M","M","E","M","?","R","B"],"character_chosen":"THE_SILENT","items_purchased":["Apotheosis","Backstab"],"campfire_rested":4,"item_purchase_floors":[24,24],"current_hp_per_floor":[72,72,72,69,58,28,51,50,50,73,46,46,69,69,69,48,77,67,59,59,53,52,52,52,52,52,41,40,40,23,23,46,0,0],"gold":223,"neow_bonus":"TEN_PERCENT_HP_BONUS","is_daily":false,"chose_seed":false,"campfire_upgraded":3,"win_rate":0.0,"timestamp":1610903944,"path_taken":["M","M","M","M","?","E","R","M","T","R","E","?","R","M","R","BOSS","M","M","?","M","M","R","$","R","T","M","M","E","M","?","R","BOSS"],"items_purchased_type":["Card","Card"],"build_version":"2020-12-22","purchased_purges":0,"victory":false,"max_hp_per_floor":[77,77,77,77,77,77,77,77,77,77,77,77,77,77,77,77,77,77,77,77,77,77,77,77,77,77,77,77,77,77,77,77,77,77],"relic_stats":{"SsserpentHead":0,"counters":[18,103],"Ornamental Fan":[60],"Turnip":[13],"Nloth\u0027s Gift":4,"Letter Opener":[21],"obtain_stats":[{"Peace Pipe":6,"SsserpentHead":31,"Ornamental Fan":26,"betterThird:SlimedRelic":5,"Turnip":11,"Nloth\u0027s Gift":20,"Letter Opener":9,"Ring of the Serpent":17,"Ring of the Snake":0,"Mercury Hourglass":29},{"Peace Pipe":5,"SsserpentHead":17,"Ornamental Fan":13,"betterThird:SlimedRelic":4,"Turnip":7,"Nloth\u0027s Gift":11,"Letter Opener":6,"Ring of the Serpent":9,"Ring of the Snake":0,"Mercury Hourglass":16},{"Peace Pipe":24,"SsserpentHead":95,"Ornamental Fan":73,"betterThird:SlimedRelic":16,"Turnip":33,"Nloth\u0027s Gift":60,"Letter Opener":28,"Ring of the Serpent":46,"Ring of the Snake":0,"Mercury Hourglass":91}],"Mercury Hourglass":[9]},"card_choices":[{"not_picked":["PiercingWail","Prepared"],"picked":"Cloak And Dagger","floor":1.0},{"not_picked":["Slice","Flechettes"],"picked":"Cloak And Dagger","floor":2.0},{"not_picked":["Dodge and Roll","Blade Dance"],"picked":"Tools of the Trade","floor":3.0},{"not_picked":["PiercingWail","Infinite Blades"],"picked":"Poisoned Stab","floor":4.0},{"not_picked":["Leg Sweep","Infinite Blades"],"picked":"Poisoned Stab","floor":6.0},{"not_picked":["Dodge and Roll","Leg Sweep"],"picked":"Sucker Punch","floor":8},{"not_picked":["Dodge and Roll","Blur"],"picked":"Predator","floor":11},{"not_picked":["Dash","Outmaneuver"],"picked":"Flechettes","floor":14},{"not_picked":["Adrenaline","Malaise"],"picked":"Envenom","floor":16},{"not_picked":["Sucker Punch","Dagger Spray"],"picked":"Backflip+1","floor":18},{"not_picked":["Deadly Poison","Outmaneuver"],"picked":"Footwork+1","floor":19},{"not_picked":["Predator","Prepared"],"picked":"All Out Attack+1","floor":21},{"not_picked":["Predator+1","Accuracy"],"picked":"Poisoned Stab","floor":22},{"not_picked":["Glass Knife","Sucker Punch+1"],"picked":"Underhanded Strike+1","floor":27},{"not_picked":["Quick Slash","Bane"],"picked":"Phantasmal Killer","floor":28},{"not_picked":["Quick Slash","Phantasmal Killer"],"picked":"Bullet Time","floor":29},{"not_picked":["Accuracy","Skewer"],"picked":"Noxious Fumes","floor":30}],"player_experience":122466,"relics_obtained":[{"floor":6.0,"key":"Peace Pipe"},{"floor":9,"key":"Letter Opener"},{"floor":11,"key":"Turnip"},{"floor":26,"key":"Ornamental Fan"},{"floor":29,"key":"Mercury Hourglass"}],"event_choices":[{"damage_healed":0.0,"max_hp_gain":0.0,"max_hp_loss":0.0,"gold_gain":0.0,"event_name":"betterThird:BetterGoop","player_choice":"Slimed","floor":5.0,"gold_loss":34.0,"damage_taken":11.0},{"damage_healed":0,"gold_gain":0,"player_choice":"Grow","damage_taken":0,"max_hp_gain":0,"max_hp_loss":0,"event_name":"Living Wall","floor":12,"gold_loss":0,"cards_upgraded":["Tools of the Trade"]},{"damage_healed":0,"gold_gain":0,"player_choice":"Traded Relic","damage_taken":0,"relics_obtained":["Nloth\u0027s Gift"],"max_hp_gain":0,"max_hp_loss":0,"event_name":"N\u0027loth","floor":20,"relics_lost":["Peace Pipe"],"gold_loss":0},{"damage_healed":0,"gold_gain":0,"player_choice":"Trade","damage_taken":0,"relics_obtained":["SsserpentHead"],"max_hp_gain":0,"max_hp_loss":0,"event_name":"FaceTrader","floor":31,"gold_loss":0}],"is_beta":false,"boss_relics":[{"not_picked":["Fusion Hammer","Runic Pyramid"],"picked":"Ring of the Serpent"}],"items_purged_floors":[],"is_endless":false,"potions_floor_spawned":[2,6,11,16,19,21,28],"killed_by":"Champ","ascension_level":0}}