{"host":"kvq1t47bkvtg8ho9","time":1610903088,"event":{"mods":["Aspiration","Bard","BaseMod","Beaked The Cultist","Better Sensory Stone","Better Third Choice","BetterRewards","Clockwork Mod","Colored Map","Conspire","Downfall","Energized Spire","Friendly Minions","Hermit","HexUI Lib","Highlight Path","Hubris","Infinite Spire","Minty Spire (QoL Compilation)","READ ME - Guardian Mod","Relic Stats","Somnambulant","StSLib","The Bladedancer","The Bug Knight","The Cursed","The Disciple","The Forsaken","The Jungle","The Marked","The Necromancer","The Runesmith"],"gold_per_floor":[110,125,125,145,161,161,19,19,19,44,44,57,75,75,75,175,175,185,197,216,38,51,82,82,102,102,102,114,131,150,150,150,248,248,259,259,259,271,281,281,294,326,377,424,54,154,173,173,173,275,275,286,303,306,303,308,308,258,258,258,258,262,248,248,251,251,330,330,323,316,316,316,318,318,318,308,332,318,418,418,520,223,223,285,285,283,281,285,285,272,243,233,226,249,238,94,94,94,70,70,68,68],"floor_reached":101,"language":"ENG","playtime":12236,"items_purged":[],"score":1909,"play_id":"91106bed-4659-46ac-9c02-acf3f07ce115","local_time":"20210117120448","is_ascension_mode":false,"campfire_choices":[{"data":"theForsaken:DefensiveStance","floor":6.0,"key":"SMITH"},{"data":"theForsaken:Prudence","floor":15.0,"key":"SMITH"},{"data":"theForsaken:Riposte","floor":32.0,"key":"PURGE"},{"data":"theForsaken:Prudence","floor":40,"key":"SMITH"},{"floor":49,"key":"REST"},{"data":"infinitespire:SevenWalls","floor":57,"key":"SMITH"},{"data":"theForsaken:DefensiveStance","floor":59,"key":"SMITH"},{"data":"theForsaken:Bolster","floor":64,"key":"SMITH"},{"data":"theForsaken:Smite","floor":66,"key":"SMITH"},{"data":"theForsaken:Confusion","floor":74,"key":"SMITH"},{"data":"theForsaken:HymnOfPatience","floor":80,"key":"SMITH"},{"data":"theForsaken:DefensiveStance","floor":83,"key":"SMITH"},{"data":"theForsaken:BottledPlague","floor":97,"key":"SMITH"},{"floor":100,"key":"REST"}],"circlet_count":2,"master_deck":["theForsaken:TheForsaken_Defend","theForsaken:TheForsaken_Defend","theForsaken:TheForsaken_Defend","theForsaken:TheForsaken_Defend","theForsaken:Smite+1","theForsaken:Penitence+1","theForsaken:DefensiveStance+1","Swift Strike","theForsaken:InspiringBlow","theForsaken:ShieldCharge","theForsaken:HealingLight","theForsaken:InspiringBlow","theForsaken:Devotion","theForsaken:DefensiveStance+1","theForsaken:HymnOfPatience","theForsaken:Eulogy","theForsaken:Prudence+1","theForsaken:FatRoll","theForsaken:Prudence+1","theForsaken:CleansingLight","theForsaken:HymnOfRest+1","theForsaken:SiphonStrike+1","theForsaken:ChargeAttack+1","theForsaken:ShieldBash","infinitespire:Collect","theForsaken:RainingSunlight+1","theForsaken:ShieldBash","Slimebound:Tackle+1","Slimebound:Tackle+1","theForsaken:FountainOfLife","theForsaken:RainingSunlight+1","infinitespire:DeathsTouch","infinitespire:Starlight","theForsaken:RainingSunlight+1","theForsaken:Preservation+1","theForsaken:Preservation","theForsaken:Confusion+1","theForsaken:ShieldBash","theForsaken:Bolster+1","theForsaken:HymnOfPatience","infinitespire:SevenWalls+1","theForsaken:QuickAttack+1","theForsaken:WordOfPower","theForsaken:DarkRift","theForsaken:HymnOfPatience+1","theForsaken:Parry","theForsaken:PreciseStrike","theForsaken:BountifulSunlight","theForsaken:Backlash","theForsaken:BlightOfFamine","theForsaken:Enfeeble","theForsaken:QuickAttack","theForsaken:Purification","theForsaken:Terrorize","theForsaken:DefensiveStance+1","theForsaken:HymnOfPatience","theForsaken:BottledPlague+1","theForsaken:SacredOath","infinitespire:UltimateForm","theForsaken:AncientWords+1","theForsaken:BlightOfFamine+1","hubris:NaturalOne","theForsaken:ChargeAttack+1","theForsaken:CreepingInfection+1","theForsaken:WordsOfMight","theForsaken:Eulogy+1","theForsaken:Backlash+1","theForsaken:FatRoll+1","Impatience+1","Dark Shackles+1","theForsaken:Temperance"],"relics":["theForsaken:ScalesOfTruth","Circlet","GremlinMask","hubris:Reverence","infinitespire:ShieldingShard","aspiration:PoetsPen_weak","ClockworkSouvenir","Toy Ornithopter","hubris:RunicObelisk","infinitespire:Lychee Nut","aspiration:AnachronicSnailShell","Pear","MawBank","aspiration:HummingbirdHeart","aspiration:SecretTechniqueScroll","infinitespire:Midas Blood","hubris:EmptyBottle","infinitespire:Eraser","theJungle:BirthdayCakeSlice","hubris:Icosahedron","hubris:SlimyHat","aspiration:EmptySkull","theForsaken:Kindling","SlaversCollar","Toxic Egg 2","Runesmith:AutoHammer","infinitespire:Lucky Rock","Smiling Mask"],"acts_visited":["Exordium","TheCity","TheBeyond","Exordium","theJungle:Jungle","TheBeyond"],"potions_floor_usage":[39,42,63,76,79,86,88,88,90,91,91,92,93,95,95,95,99,99,99,99,99,101,101,101],"damage_taken":[{"damage":15.0,"enemies":"infinitespire:Voidling","floor":1.0,"turns":4.0},{"damage":1.0,"enemies":"conspire:RoseBush","floor":2.0,"turns":4.0},{"damage":0.0,"enemies":"Cultist","floor":4.0,"turns":5.0},{"damage":9.0,"enemies":"Exordium Wildlife","floor":5.0,"turns":6.0},{"damage":0.0,"enemies":"HollowMod:MossKnight","floor":10.0,"turns":10.0},{"damage":0.0,"enemies":"3 Louse","floor":12.0,"turns":3.0},{"damage":0.0,"enemies":"Blue Slaver","floor":13.0,"turns":4.0},{"damage":0.0,"enemies":"Fading Forest","floor":16.0,"turns":11.0},{"damage":0.0,"enemies":"Shell Parasite","floor":18.0,"turns":6.0},{"damage":0.0,"enemies":"Chosen","floor":19.0,"turns":8.0},{"damage":0.0,"enemies":"Sentry and Sphere","floor":20.0,"turns":11.0},{"damage":0.0,"enemies":"Snecko","floor":22.0,"turns":7.0},{"damage":0.0,"enemies":"HollowMod:Nosk","floor":23.0,"turns":12.0},{"damage":5.0,"enemies":"Chosen and Byrds","floor":25.0,"turns":9.0},{"damage":0.0,"enemies":"Snake Plant","floor":28.0,"turns":5.0},{"damage":0.0,"enemies":"Sentry and Sphere","floor":29.0,"turns":6.0},{"damage":5.0,"enemies":"3 Cultists","floor":30.0,"turns":5.0},{"damage":10.0,"enemies":"conspire:MysteriousRune","floor":33.0,"turns":13.0},{"damage":8.0,"enemies":"3 Darklings","floor":35.0,"turns":7.0},{"damage":0,"enemies":"3 Shapes","floor":38,"turns":4},{"damage":11,"enemies":"Spire Growth","floor":39,"turns":4},{"damage":0,"enemies":"Sphere and 2 Shapes","floor":41,"turns":3},{"damage":32,"enemies":"HollowMod:StalkingDevout","floor":42,"turns":10},{"damage":33,"enemies":"Nemesis","floor":44,"turns":9},{"damage":9,"enemies":"infinitespire:Three Voidlings","floor":46,"turns":4},{"damage":34,"enemies":"Nightmare_Alpha","floor":46,"turns":15},{"damage":13,"enemies":"4 Shapes","floor":47,"turns":4},{"damage":3,"enemies":"Time Eater","floor":50,"turns":15},{"damage":0,"enemies":"Cultist","floor":52,"turns":2},{"damage":0,"enemies":"2 Louse","floor":53,"turns":1},{"damage":0,"enemies":"conspire:RoseBush","floor":54,"turns":2},{"damage":5,"enemies":"Exordium Wildlife","floor":55,"turns":5},{"damage":0,"enemies":"2 Fungi Beasts","floor":56,"turns":1},{"damage":0,"enemies":"Red Slaver","floor":62,"turns":2},{"damage":52,"enemies":"Nightmare","floor":63,"turns":12},{"damage":6,"enemies":"Exordium Thugs","floor":65,"turns":3},{"damage":0,"enemies":"Slime Boss","floor":67,"turns":5},{"damage":0,"enemies":"Shell Parasite","floor":69,"turns":4},{"damage":0,"enemies":"theJungle:5_Spyders","floor":70,"turns":7},{"damage":0,"enemies":"theJungle:JungleHuntersEncounter","floor":76,"turns":3},{"damage":0,"enemies":"theJungle:SlimyTreeVines","floor":78,"turns":6},{"damage":0,"enemies":"theJungle:Cassacara","floor":79,"turns":6},{"damage":39,"enemies":"theJungle:TotemBoss","floor":84,"turns":9},{"damage":0,"enemies":"3 Darklings","floor":86,"turns":3},{"damage":0,"enemies":"Orb Walker","floor":87,"turns":2},{"damage":70,"enemies":"3 Darklings","floor":88,"turns":6},{"damage":0,"enemies":"Jaw Worm Horde","floor":90,"turns":6},{"damage":17,"enemies":"Reptomancer","floor":91,"turns":8},{"damage":2,"enemies":"Sphere and 2 Shapes","floor":92,"turns":4},{"damage":1,"enemies":"4 Shapes","floor":93,"turns":7},{"damage":2,"enemies":"Writhing Mass","floor":95,"turns":5},{"damage":31,"enemies":"beaked:SuperParasite","floor":99,"turns":11},{"damage":126,"enemies":"Time Eater","floor":101,"turns":7}],"seed_played":"3552404737992516783","potions_obtained":[{"floor":2.0,"key":"Strength Potion"},{"floor":8.0,"key":"theForsaken:FearPotion"},{"floor":8.0,"key":"EssenceOfSteel"},{"floor":13.0,"key":"Swift Potion"},{"floor":25.0,"key":"LiquidBronze"},{"floor":29.0,"key":"sneckomod:MuddlingPotion"},{"floor":30.0,"key":"PowerPotion"},{"floor":35,"key":"BlessingOfTheForge"},{"floor":47,"key":"champ:CounterPotion"},{"floor":50,"key":"theForsaken:FearPotion"},{"floor":65,"key":"SkillPotion"},{"floor":84,"key":"CultistPotion"},{"floor":88,"key":"Regen Potion"},{"floor":91,"key":"Energy Potion"},{"floor":95,"key":"Block Potion"}],"is_trial":false,"path_per_floor":["M","M","?","M","M","R","$","R","T","E","R","M","M","?","R","B",null,"M","M","M","$","M","E","?","M","T","?","M","M","M","?","R","B",null,"M","AVR","?","M","M","R","M","E","T","E","$","?","M","?","R","B",null,"M","M","M","M","M","R","?","R","T","AVR","M","NM","R","M","R","B",null,"M","M","?","?","?","R","?","M","T","M","E","R","?","$","R","B",null,"M","M","M","?","M","E","M","M","T","M","$","R","?","E","R","B"],"character_chosen":"THE_FORSAKEN","items_purchased":["theForsaken:DefensiveStance","Swift Strike","theForsaken:InspiringBlow","theForsaken:DefensiveStance","theForsaken:HymnOfPatience","theForsaken:HorrifyingStrike","ClockworkSouvenir","theForsaken:ChargeAttack+1","theForsaken:Bolster","aspiration:HummingbirdHeart","theForsaken:HymnOfPatience","theForsaken:Kindling","infinitespire:Lucky Rock"],"campfire_rested":2,"item_purchase_floors":[0,0,0,7,7,7,21,21,45,45,45,82,96],"current_hp_per_floor":[58,57,57,65,59,59,59,59,59,65,65,65,65,65,65,65,65,65,65,65,65,65,65,49,56,56,56,65,65,60,60,60,64,65,64,50,50,50,44,44,50,50,50,42,42,36,41,41,61,69,69,69,69,69,69,69,69,69,69,69,69,69,49,49,50,50,71,71,71,73,73,78,68,68,68,78,78,78,80,80,75,75,75,77,82,82,82,37,37,80,82,82,84,84,86,86,86,86,68,93,0,0],"gold":68,"neow_bonus":"","is_daily":false,"chose_seed":false,"campfire_upgraded":11,"win_rate":0.0,"timestamp":1610903088,"path_taken":["M","?","?","?","M","R","?","R","T","E","R","M","M","?","R","BOSS","M","M","M","$","M","E","?","M","T","?","?","M","M","?","R","BOSS","M","AVR","?","?","M","R","M","E","T","E","$","?","M","?","R","BOSS","M","M","?","M","?","R","?","R","T","AVR","M","NM","R","M","R","BOSS","M","M","?","?","?","R","?","M","T","M","E","R","?","?","R","BOSS","M","M","M","?","M","E","M","M","T","?","$","R","?","E","R","BOSS"],"items_purchased_type":["Card","Card","Card","Card","Card","Card","Relic","Card","Card","Relic","Card","Relic","Relic"],"build_version":"2020-12-22","purchased_purges":0,"victory":false,"max_hp_per_floor":[65,65,65,65,65,65,65,65,65,65,65,65,65,65,65,65,65,65,65,65,65,65,65,65,65,65,65,65,65,65,65,65,65,65,67,50,50,50,50,50,50,63,63,65,65,67,67,67,67,69,69,69,69,69,69,69,69,69,69,69,69,69,69,69,69,69,71,71,71,73,73,78,78,78,78,78,78,78,80,80,80,80,80,82,82,82,82,82,82,82,82,82,84,84,86,86,86,86,88,93,93,93],"relic_stats":{"counters":[53,331],"MawBank":24,"Smiling Mask":0,"obtain_stats":[{"GremlinMask":3,"aspiration:PoetsPen_weak":17,"Replay:Multitool":0,"hubris:SlimyHat":77,"hubris:RunicObelisk":34,"hubris:EmptyBottle":61,"Smiling Mask":99,"ClockworkSouvenir":21,"infinitespire:ShieldingShard":10,"hubris:Icosahedron":75,"theJungle:BirthdayCakeSlice":72,"theForsaken:Kindling":82,"aspiration:AnachronicSnailShell":37,"infinitespire:Eraser":63,"Toxic Egg 2":91,"Pear":42,"Circlet":0,"theForsaken:ScalesOfTruth":68,"aspiration:HummingbirdHeart":45,"aspiration:SecretTechniqueScroll":51,"infinitespire:Lucky Rock":96,"MawBank":43,"SlaversCollar":85,"Pondfish Scales":23,"aspiration:EmptySkull":79,"infinitespire:Lychee Nut":36,"Runesmith:AutoHammer":94,"theForsaken:JudgementScales":0,"Toy Ornithopter":26,"hubris:Reverence":9,"infinitespire:Midas Blood":60},{"GremlinMask":2,"aspiration:PoetsPen_weak":8,"Replay:Multitool":0,"hubris:SlimyHat":40,"hubris:RunicObelisk":18,"hubris:EmptyBottle":33,"Smiling Mask":52,"ClockworkSouvenir":11,"infinitespire:ShieldingShard":5,"hubris:Icosahedron":39,"theJungle:BirthdayCakeSlice":39,"theForsaken:Kindling":42,"aspiration:AnachronicSnailShell":19,"infinitespire:Eraser":35,"Toxic Egg 2":48,"Pear":23,"Circlet":0,"theForsaken:ScalesOfTruth":37,"aspiration:HummingbirdHeart":24,"aspiration:SecretTechniqueScroll":28,"infinitespire:Lucky Rock":51,"MawBank":23,"SlaversCollar":43,"Pondfish Scales":13,"aspiration:EmptySkull":42,"infinitespire:Lychee Nut":19,"Runesmith:AutoHammer":50,"theForsaken:JudgementScales":0,"Toy Ornithopter":14,"hubris:Reverence":4,"infinitespire:Midas Blood":33},{"GremlinMask":8,"aspiration:PoetsPen_weak":47,"Replay:Multitool":0,"hubris:SlimyHat":251,"hubris:RunicObelisk":129,"hubris:EmptyBottle":215,"Smiling Mask":324,"ClockworkSouvenir":72,"infinitespire:ShieldingShard":29,"hubris:Icosahedron":248,"theJungle:BirthdayCakeSlice":248,"theForsaken:Kindling":263,"aspiration:AnachronicSnailShell":136,"infinitespire:Eraser":229,"Toxic Egg 2":297,"Pear":157,"Circlet":0,"theForsaken:ScalesOfTruth":237,"aspiration:HummingbirdHeart":166,"aspiration:SecretTechniqueScroll":204,"infinitespire:Lucky Rock":313,"MawBank":157,"SlaversCollar":272,"Pondfish Scales":91,"aspiration:EmptySkull":263,"infinitespire:Lychee Nut":136,"Runesmith:AutoHammer":308,"theForsaken:JudgementScales":0,"Toy Ornithopter":100,"hubris:Reverence":19,"infinitespire:Midas Blood":215}],"Toy Ornithopter":42},"card_choices":[{"not_picked":["theForsaken:NobleSacrifice","theForsaken:Backlash"],"picked":"theForsaken:ShieldCharge","floor":1.0},{"not_picked":["theForsaken:Terrorize","theForsaken:Preservation"],"picked":"theForsaken:HealingLight","floor":2.0},{"not_picked":["theForsaken:BlindFaith","theForsaken:CleansingLight"],"picked":"theForsaken:InspiringBlow","floor":4.0},{"not_picked":["theForsaken:StoreUp","theForsaken:PanicDive"],"picked":"theForsaken:Devotion","floor":5.0},{"not_picked":["theForsaken:Parry","theForsaken:ScorchingSunlight"],"picked":"theForsaken:Eulogy","floor":10.0},{"not_picked":["theForsaken:RainingSunlight","theForsaken:StoreUp"],"picked":"theForsaken:Prudence","floor":12.0},{"not_picked":["theForsaken:ChargeAttack","theForsaken:Parry"],"picked":"theForsaken:FatRoll","floor":13.0},{"not_picked":["theForsaken:SpreadingPlague","theForsaken:Horror"],"picked":"theForsaken:Prudence","floor":16.0},{"not_picked":["theForsaken:ChargeAttack+1","theForsaken:HealingLight+1"],"picked":"theForsaken:CleansingLight","floor":18.0},{"not_picked":["theForsaken:ChargeAttack","theForsaken:Riposte"],"picked":"theForsaken:HymnOfRest+1","floor":19.0},{"not_picked":["theForsaken:CreepingInfection","theForsaken:ShieldBash+1"],"picked":"theForsaken:SiphonStrike+1","floor":20.0},{"not_picked":["theForsaken:BlindFaith","theForsaken:HorrifyingStrike"],"picked":"theForsaken:ShieldBash","floor":22.0},{"not_picked":["theForsaken:DesperatePlea","theForsaken:WordsOfMight+1"],"picked":"theForsaken:CorruptDeck","floor":23.0},{"not_picked":["infinitespire:Oblivion","infinitespire:Fortify"],"picked":"infinitespire:Collect","floor":24.0},{"not_picked":["theForsaken:ScorchingSunlight","theForsaken:Thunderbolt"],"picked":"theForsaken:RainingSunlight+1","floor":25.0},{"not_picked":["theForsaken:Tranquility","theForsaken:Thunderbolt"],"picked":"theForsaken:BlessedWeapon","floor":28.0},{"not_picked":["theForsaken:HorrifyingStrike+1","theForsaken:Terrorize+1"],"picked":"theForsaken:ScorchingSunlight+1","floor":29.0},{"not_picked":["theForsaken:WardingHymn","theForsaken:SpinAttack"],"picked":"theForsaken:ShieldBash","floor":30.0},{"not_picked":["theForsaken:DesperatePlea","theForsaken:CorruptDeck"],"picked":"theForsaken:FountainOfLife","floor":33.0},{"not_picked":["theForsaken:ScorchingSunlight","theForsaken:BindingThorns"],"picked":"theForsaken:RainingSunlight+1","floor":35},{"not_picked":["theForsaken:ChargeAttack+1","theForsaken:Enfeeble"],"picked":"theForsaken:RainingSunlight+1","floor":38},{"not_picked":["theForsaken:PowerUp","theForsaken:WordsOfMight"],"picked":"theForsaken:Preservation+1","floor":39},{"not_picked":["theForsaken:CleansingLight+1","theForsaken:QuickAttack"],"picked":"theForsaken:Preservation","floor":41},{"not_picked":["theForsaken:DarkBargain","theForsaken:WordOfPower+1"],"picked":"theForsaken:Confusion","floor":42},{"not_picked":["theForsaken:ChargeAttack+1","theForsaken:BlessedWeapon+1"],"picked":"theForsaken:ShieldBash","floor":44},{"not_picked":["infinitespire:FinalStrike","hubris:InfiniteBlow"],"picked":"infinitespire:SevenWalls","floor":46},{"not_picked":["theForsaken:FatRoll","theForsaken:InspiringBlow"],"picked":"theForsaken:QuickAttack+1","floor":46},{"not_picked":["theForsaken:SolarFlare+1","theForsaken:BlindFaith"],"picked":"theForsaken:WordOfPower","floor":47},{"not_picked":["theForsaken:Temperance","theForsaken:SacrificeSoul"],"picked":"theForsaken:DarkRift","floor":50},{"not_picked":["theForsaken:PowerUp","theForsaken:ScorchingSunlight"],"picked":"theForsaken:HymnOfPatience","floor":52},{"not_picked":["theForsaken:ShieldCharge","theForsaken:ScorchingSunlight"],"picked":"theForsaken:Parry","floor":53},{"not_picked":["theForsaken:FuryStrikes","theForsaken:MagicWeapon"],"picked":"theForsaken:PreciseStrike","floor":54},{"not_picked":["theForsaken:Preservation","theForsaken:Riposte"],"picked":"theForsaken:BountifulSunlight","floor":55},{"not_picked":["theForsaken:Parry","theForsaken:RainingSunlight"],"picked":"theForsaken:Backlash","floor":56},{"not_picked":["theForsaken:HymnOfPatience","theForsaken:Riposte"],"picked":"theForsaken:BlightOfFamine","floor":62},{"not_picked":["theForsaken:RainingSunlight","theForsaken:Thunderbolt"],"picked":"theForsaken:Enfeeble","floor":63},{"not_picked":["theForsaken:Parry","theForsaken:RainingSunlight"],"picked":"theForsaken:QuickAttack","floor":65},{"not_picked":["theForsaken:Mantra","theForsaken:CorruptedForm"],"picked":"theForsaken:Purification","floor":67},{"not_picked":["theForsaken:ChargeAttack","theForsaken:Eulogy"],"picked":"theForsaken:Terrorize","floor":69},{"not_picked":["theForsaken:PanicDive","theForsaken:CowardsBrand","theForsaken:HorrifyingStrike"],"picked":"SKIP","floor":70},{"not_picked":["theForsaken:PanicDive","theForsaken:DarkBarrier"],"picked":"theForsaken:DefensiveStance","floor":76},{"not_picked":["theForsaken:ShieldCharge","theForsaken:Parry"],"picked":"theForsaken:HymnOfPatience","floor":78},{"not_picked":["theForsaken:NobleSacrifice+1","theForsaken:Tranquility"],"picked":"theForsaken:BottledPlague","floor":79},{"not_picked":["theForsaken:Prudence","theForsaken:FountainOfLife"],"picked":"theForsaken:SacredOath","floor":84},{"not_picked":["infinitespire:SealOfDarkness+","infinitespire:FutureSight"],"picked":"infinitespire:UltimateForm","floor":84},{"not_picked":["theForsaken:ChargeAttack+1","theForsaken:Tranquility+1"],"picked":"theForsaken:AncientWords","floor":86},{"not_picked":["theForsaken:BlindFaith","theForsaken:PowerUp+1"],"picked":"theForsaken:BlightOfFamine+1","floor":87},{"not_picked":["theForsaken:Thunderbolt","theForsaken:Enfeeble"],"picked":"theForsaken:ChargeAttack+1","floor":88},{"not_picked":["theForsaken:StoreUp+1","theForsaken:SpinAttack+1"],"picked":"theForsaken:CreepingInfection+1","floor":90},{"not_picked":["theForsaken:NobleSacrifice+1","theForsaken:FatRoll+1"],"picked":"theForsaken:WordsOfMight","floor":91},{"not_picked":["theForsaken:ScorchingSunlight","theForsaken:RainingSunlight"],"picked":"theForsaken:Eulogy+1","floor":92},{"not_picked":["theForsaken:BattleHymn+1","theForsaken:Preservation+1"],"picked":"theForsaken:Backlash+1","floor":93},{"not_picked":["theForsaken:Preservation+1","theForsaken:NobleSacrifice+1"],"picked":"theForsaken:FatRoll+1","floor":95},{"not_picked":["Jack Of All Trades+1","PanicButton+1"],"picked":"Impatience+1","floor":98},{"not_picked":["Mind Blast","Discovery+1"],"picked":"Dark Shackles+1","floor":98},{"not_picked":["theForsaken:BlightOfFamine+1","theForsaken:ShieldCharge+1"],"picked":"theForsaken:Temperance","floor":99}],"player_experience":757065,"relics_obtained":[{"floor":9.0,"key":"hubris:Reverence"},{"floor":10.0,"key":"infinitespire:ShieldingShard"},{"floor":23.0,"key":"Pondfish Scales"},{"floor":26.0,"key":"Toy Ornithopter"},{"floor":42,"key":"Pear"},{"floor":43,"key":"MawBank"},{"floor":44,"key":"Circlet"},{"floor":46,"key":"Circlet"},{"floor":60,"key":"infinitespire:Midas Blood"},{"floor":63,"key":"infinitespire:Eraser"},{"floor":77,"key":"hubris:SlimyHat"},{"floor":79,"key":"aspiration:EmptySkull"},{"floor":91,"key":"Toxic Egg 2"},{"floor":94,"key":"Runesmith:AutoHammer"},{"floor":99,"key":"Smiling Mask"}],"event_choices":[{"damage_healed":0.0,"max_hp_gain":0.0,"max_hp_loss":0.0,"gold_gain":0.0,"event_name":"FaceTrader","player_choice":"Trade","floor":3.0,"gold_loss":0.0,"damage_taken":0.0,"relics_obtained":["GremlinMask"]},{"cards_removed":["theForsaken:CorruptDeck"],"damage_healed":0.0,"max_hp_gain":0.0,"max_hp_loss":0.0,"gold_gain":0.0,"event_name":"Purifier","player_choice":"Purged","floor":27.0,"gold_loss":0.0,"damage_taken":0.0},{"cards_removed":["theForsaken:BlessedWeapon"],"damage_healed":0,"gold_gain":0,"player_choice":"Gave Card","damage_taken":0,"relics_obtained":["aspiration:AnachronicSnailShell"],"max_hp_gain":0,"max_hp_loss":0,"event_name":"WeMeetAgain","floor":37,"gold_loss":0},{"cards_removed":["theForsaken:ScorchingSunlight"],"damage_healed":0,"gold_gain":0,"player_choice":"Card Removal","damage_taken":0,"max_hp_gain":0,"max_hp_loss":0,"event_name":"Wheel of Change","floor":48,"gold_loss":0},{"cards_removed":["Slimebound:Tackle"],"damage_healed":0,"gold_gain":0,"player_choice":"Card Removal","damage_taken":0,"max_hp_gain":0,"max_hp_loss":0,"event_name":"The Cleric","floor":58,"gold_loss":50},{"damage_healed":0,"gold_gain":0,"player_choice":"Upgraded","damage_taken":0,"max_hp_gain":0,"max_hp_loss":0,"event_name":"Upgrade Shrine","floor":89,"gold_loss":0,"cards_upgraded":["theForsaken:AncientWords"]},{"damage_healed":0,"gold_gain":6,"player_choice":"1","damage_taken":0,"max_hp_gain":0,"max_hp_loss":0,"event_name":"betterStone:BetterStone","floor":98,"gold_loss":0}],"is_beta":false,"boss_relics":[{"not_picked":["hubris:BlackHole","ReplayTheSpireMod:SealedPack"],"picked":"aspiration:PoetsPen_weak"},{"not_picked":["Pandora\u0027s Box","infinitespire:Cupcake"],"picked":"hubris:RunicObelisk"},{"not_picked":["hubris:GrandSneckoEye","Circlet"],"picked":"aspiration:SecretTechniqueScroll"},{"not_picked":["Busted Crown","Runic Pyramid"],"picked":"theForsaken:ScalesOfTruth"},{"not_picked":["energizedSpire:SpiderWeb","energizedSpire:DeadBattery"],"picked":"SlaversCollar"}],"items_purged_floors":[],"is_endless":true,"potions_floor_spawned":[2,10,13,25,29,30,35,38,47,50,54,62,63,65,76,78,84,87,88,91,95],"killed_by":"Time Eater","ascension_level":0}}