{"host":"ooy9sn8qgs7oliwr","time":1610861556,"event":{"mods":["ATMod(阿瑾Mod)","Act Like it!","BaseMod","BetterRewards","Minty Spire (QoL Compilation)","Pale of the Ancients","Prisma Mod","Remilia_Scarlet Moed（蕾米莉亚・斯卡雷特）3.3.5","Replay The Spire","RumiaBox-露米娅的神秘盒子","StSLib","The Alterego","The Jungle","Yakumo Yukari mod","【遗物卡牌】REMEMod"],"gold_per_floor":[359,425,21,43,66,66,112,139,191,218,269,291,136,162,162,267,267,302,302,4,26,26,26,67,67,90,130,180,203,203,255,255,383,383,426,502,502,12,35,98,98,98,178,21,191,306,306,382,382,435],"floor_reached":51,"language":"ZHS","playtime":2007,"items_purged":["Strike_B","Strike_B"],"score":1190,"play_id":"40dbd9c1-b83d-4ac1-a07a-ae66cdd788e5","local_time":"20210117133236","is_ascension_mode":false,"campfire_choices":[{"data":"Sweeping Beam","floor":6.0,"key":"SMITH"},{"data":"REME_ForAll","floor":23.0,"key":"SMITH"},{"data":"Conserve Battery","floor":23.0,"key":"SMITH"},{"data":"Dualcast","floor":25.0,"key":"SMITH"},{"data":"FTL","floor":25.0,"key":"SMITH"},{"floor":30.0,"key":"REST"},{"data":"Beam Cell","floor":32.0,"key":"SMITH"},{"data":"Beam Cell","floor":32.0,"key":"SMITH"},{"data":"Sweeping Beam","floor":41.0,"key":"SMITH"},{"data":"Zap","floor":41.0,"key":"SMITH"},{"floor":47.0,"key":"REST"}],"circlet_count":0,"master_deck":["Strike_B+1","Defend_B","Defend_B","Defend_B","Defend_B","Zap+1","Dualcast+1","PrismaMod:IllyaInstallAssassin","Sweeping Beam+1","Self Repair","Beam Cell+1","Sweeping Beam+1","Conserve Battery+1","REME_ForAll+1","Go for the Eyes+1","FTL+1","REME_Compress+1","Beam Cell+1","All For One+1","Beam Cell+1","Gash","AT_PowerWithin","Apotheosis"],"relics":["Cracked Core","AT_ATBox","REME_ComplimentaryCards","Onion Ring","Replay:Bandana","Gremlin Horn","AT_BladeRuinedKing","Nunchaku","AT_BellDemon","Regal Pillow","Prayer Wheel","Replay:Arrowhead","Inserter","ReplayFunnel","SSSystem","Kunai","LastBattle","Replay:Antivirus Software","Happy Flower","Meat on the Bone","Pondfish Scales","AddBug","Cracked Core","Incense Burner","Lee\u0027s Waffle","InkBottle","Strawberry","Whetstone","Geode","Pantograph","AT_MibuBalloonWealth","Dream Catcher","REME_HandOfSuture","GodSword7","Prayer Wheel"],"acts_visited":["Exordium","Exordium","TheBeyond"],"potions_floor_usage":[48],"damage_taken":[{"damage":0.0,"enemies":"2 Louse","floor":1.0,"turns":3.0},{"damage":0.0,"enemies":"Cultist","floor":4.0,"turns":3.0},{"damage":0.0,"enemies":"Small Slimes","floor":5.0,"turns":3.0},{"damage":0.0,"enemies":"Lagavulin","floor":7.0,"turns":5.0},{"damage":0.0,"enemies":"Looter","floor":8.0,"turns":2.0},{"damage":1.0,"enemies":"Large Slime","floor":10.0,"turns":3.0},{"damage":4.0,"enemies":"3 Sentries","floor":11.0,"turns":4.0},{"damage":7.0,"enemies":"2 Fungi Beasts","floor":12.0,"turns":2.0},{"damage":0.0,"enemies":"Lots of Slimes","floor":14.0,"turns":1.0},{"damage":0.0,"enemies":"Slime Boss","floor":16.0,"turns":6.0},{"damage":3.0,"enemies":"Shell Parasite","floor":18.0,"turns":3.0},{"damage":0.0,"enemies":"theJungle:GiantWrat","floor":21.0,"turns":2.0},{"damage":12.0,"enemies":"theJungle:Snecko_Cultist_And_Trap","floor":24.0,"turns":3.0},{"damage":29.0,"enemies":"theJungle:JungleHuntersEncounter","floor":27.0,"turns":3.0},{"damage":0.0,"enemies":"theJungle:Lyon","floor":29.0,"turns":1.0},{"damage":0.0,"enemies":"theJungle:Cassacara","floor":31.0,"turns":2.0},{"damage":0.0,"enemies":"theJungle:QueenSpyder","floor":33.0,"turns":5.0},{"damage":0.0,"enemies":"3 Darklings","floor":35.0,"turns":1.0},{"damage":0.0,"enemies":"Mind Bloom Boss Battle","floor":36.0,"turns":1.0},{"damage":0.0,"enemies":"Orb Walker","floor":39.0,"turns":1.0},{"damage":0.0,"enemies":"R_Hoarder","floor":40.0,"turns":3.0},{"damage":0.0,"enemies":"Reptomancer","floor":45.0,"turns":2.0},{"damage":0.0,"enemies":"Sphere and 2 Shapes","floor":46.0,"turns":1.0},{"damage":0,"enemies":"R_Hoarder","floor":48,"turns":4},{"damage":15,"enemies":"Time Eater","floor":50,"turns":2}],"seed_played":"7138986783968195439","potions_obtained":[{"floor":1.0,"key":"SteroidPotion"},{"floor":5.0,"key":"Explosive Potion"},{"floor":7.0,"key":"SkillPotion"},{"floor":8.0,"key":"DuplicationPotion"},{"floor":24.0,"key":"DuplicationPotion"},{"floor":31.0,"key":"SmokeBomb"},{"floor":33.0,"key":"Strength Potion"},{"floor":39.0,"key":"Languid Potion"},{"floor":40.0,"key":"EssenceOfSteel"}],"is_trial":false,"path_per_floor":["M","?","$","M","M","R","E","M","T","M","E","M","$","M","R","B",null,"M","?","$","M","$","R","M","R","T","M","?","M","R","E","R","B",null,"M","?","?","$","M","E","R","?","T","$","E","M","R","E","R","B",null],"character_chosen":"DEFECT","items_purchased":["Onion Ring","Replay:Bandana","AT_BellDemon","FTL","SSSystem","Lee\u0027s Waffle","InkBottle","AT_MibuBalloonWealth"],"campfire_rested":2,"item_purchase_floors":[3,3,13,20,20,38,38,44],"current_hp_per_floor":[68,68,68,68,68,68,68,68,68,67,63,63,63,68,68,68,68,65,65,65,65,65,65,53,53,53,31,22,22,57,57,57,64,68,68,68,68,75,82,82,82,82,82,82,82,82,82,82,72,67],"gold":435,"neow_bonus":"TWO_FIFTY_GOLD","is_daily":false,"chose_seed":false,"campfire_upgraded":9,"win_rate":0.0,"timestamp":1610861556,"path_taken":["M","?","$","M","M","R","E","M","T","M","E","M","$","M","R","BOSS","M","?","$","M","$","R","M","R","T","M","?","?","R","E","R","BOSS","M","?","?","$","M","E","R","?","T","$","E","M","R","E","R","BOSS"],"items_purchased_type":["Relic","Relic","Relic","Card","Relic","Relic","Relic","Relic"],"build_version":"2020-12-22","purchased_purges":2,"victory":true,"max_hp_per_floor":[68,68,68,68,68,68,68,68,68,68,68,68,68,68,68,68,68,68,68,68,68,68,68,68,68,68,68,68,68,68,68,68,68,68,68,68,68,75,82,82,82,82,82,82,82,82,82,82,82,82],"card_choices":[{"not_picked":["Go for the Eyes","Stack","AT_HeatAcrobatics"],"picked":"SKIP","floor":1.0},{"not_picked":["Ball Lightning","Barrage"],"picked":"Sweeping Beam","floor":2.0},{"not_picked":["AT_HeatAcrobatics","AT_RobotInSpace"],"picked":"Self Repair","floor":2.0},{"not_picked":["Leap","Lockon","Reprogram"],"picked":"SKIP","floor":4.0},{"not_picked":["Aggregate","Hologram"],"picked":"Beam Cell","floor":5.0},{"not_picked":["Leap","Compile Driver","ReplaySolidLightProjector"],"picked":"SKIP","floor":7.0},{"not_picked":["Cold Snap","Ball Lightning"],"picked":"Sweeping Beam","floor":8.0},{"not_picked":["Panic Button","Chill","Compile Driver"],"picked":"SKIP","floor":10.0},{"not_picked":["Hello World","Barrage","Hologram"],"picked":"SKIP","floor":11.0},{"not_picked":["Reboot","Sweeping Beam","Steam"],"picked":"SKIP","floor":12.0},{"not_picked":["AT_RobotInSpace","BasicCrystalCard"],"picked":"Conserve Battery","floor":14.0},{"not_picked":["ReplayRNGCard","Reboot"],"picked":"REME_ForAll","floor":16.0},{"not_picked":["ReplayTheSpireMod:GoodbyeWorld+1","Rip and Tear"],"picked":"Go for the Eyes+1","floor":18.0},{"not_picked":["AT_HeatAcrobatics","ReplayTheSpireMod:Calculation Training+1","BasicCrystalCard"],"picked":"SKIP","floor":18.0},{"not_picked":["Tempest","AT_ThreeBodyProblem"],"picked":"REME_Compress+1","floor":21.0},{"not_picked":["Cold Snap","REME_DataAnalysis","BootSequence"],"picked":"SKIP","floor":21.0},{"not_picked":["Sweeping Beam","Barrage","Cold Snap"],"picked":"SKIP","floor":24.0},{"not_picked":["BasicCrystalCard","Auto Shields+1","AT_HeatAcrobatics"],"picked":"SKIP","floor":24.0},{"not_picked":["Streamline+1","BasicCrystalCard"],"picked":"Beam Cell","floor":27.0},{"not_picked":["Sweeping Beam","Stack","REME_SelfUpgrade"],"picked":"SKIP","floor":27.0},{"not_picked":["Doom and Gloom+1","ReplayTheSpireMod:Calculation Training+1","Coolheaded+1"],"picked":"SKIP","floor":29.0},{"not_picked":["Barrage","Double Energy","Reboot"],"picked":"SKIP","floor":29.0},{"not_picked":["Genetic Algorithm","BasicCrystalCard","Panic Button"],"picked":"SKIP","floor":31.0},{"not_picked":["Electrodynamics","Rainbow"],"picked":"All For One","floor":33.0},{"not_picked":["Leap+1","Stack+1"],"picked":"Beam Cell+1","floor":35.0},{"not_picked":["Barrage","Beam Cell","REME_SelfUpgrade+1"],"picked":"SKIP","floor":35.0},{"not_picked":["Sweeping Beam+1","Panic Button","Compile Driver"],"picked":"SKIP","floor":39.0},{"not_picked":["Leap","Compile Driver","Time Bomb"],"picked":"SKIP","floor":39.0},{"not_picked":["Creative AI","AT_HeatAcrobatics","Steam+1"],"picked":"SKIP","floor":40.0},{"not_picked":["Genetic Algorithm","Sweeping Beam+1","REME_Compress+1"],"picked":"SKIP","floor":45.0},{"not_picked":["Compile Driver+1","AT_WarpDrive+1","AT_HeatAcrobatics+1"],"picked":"SKIP","floor":46.0},{"not_picked":["REME_Compress","Conserve Battery+1","Sweeping Beam+1"],"picked":"SKIP","floor":46.0},{"not_picked":["Ball Lightning+1","FTL+1"],"picked":"Gash","floor":47.0},{"not_picked":["Gash+1","ReplayTheSpireMod:Repulse","Multi-Cast"],"picked":"SKIP","floor":48},{"not_picked":["AT_EmpoweredMortalDraw","Madness"],"picked":"AT_PowerWithin","floor":49},{"not_picked":["REME_Flogging","Dramatic Entrance"],"picked":"Apotheosis","floor":49}],"player_experience":19964,"relics_obtained":[{"floor":7.0,"key":"Gremlin Horn"},{"floor":9.0,"key":"AT_BladeRuinedKing"},{"floor":11.0,"key":"Nunchaku"},{"floor":14.0,"key":"Regal Pillow"},{"floor":16.0,"key":"Replay:Arrowhead"},{"floor":18.0,"key":"ReplayFunnel"},{"floor":21.0,"key":"Kunai"},{"floor":24.0,"key":"LastBattle"},{"floor":26.0,"key":"Replay:Antivirus Software"},{"floor":27.0,"key":"Happy Flower"},{"floor":29.0,"key":"Meat on the Bone"},{"floor":31.0,"key":"Pondfish Scales"},{"floor":35.0,"key":"Cracked Core"},{"floor":36.0,"key":"Incense Burner"},{"floor":39.0,"key":"Strawberry"},{"floor":40.0,"key":"Whetstone"},{"floor":40.0,"key":"Geode"},{"floor":43.0,"key":"Pantograph"},{"floor":45.0,"key":"Dream Catcher"},{"floor":45.0,"key":"REME_HandOfSuture"},{"floor":48,"key":"GodSword7"},{"floor":48,"key":"Prayer Wheel"}],"event_choices":[{"damage_healed":0.0,"max_hp_gain":0.0,"max_hp_loss":0.0,"gold_gain":0.0,"cards_transformed":["Strike_B"],"event_name":"Transmorgrifier","player_choice":"Transformed","floor":15.0,"gold_loss":0.0,"damage_taken":0.0,"cards_obtained":["ReplayTheSpireMod:Fabricate Wheel"]},{"damage_healed":0.0,"max_hp_gain":0.0,"max_hp_loss":0.0,"gold_gain":0.0,"event_name":"MindBloom","player_choice":"Fight","floor":36.0,"gold_loss":0.0,"damage_taken":0.0},{"damage_healed":0.0,"max_hp_gain":0.0,"max_hp_loss":0.0,"gold_gain":0.0,"event_name":"Tomb of Lord Red Mask","player_choice":"Ignored","floor":37.0,"gold_loss":0.0,"damage_taken":0.0},{"damage_healed":0,"gold_gain":0,"player_choice":"Memory 3","damage_taken":10,"max_hp_gain":0,"max_hp_loss":0,"event_name":"SensoryStone","floor":49,"gold_loss":0}],"is_beta":false,"boss_relics":[{"not_picked":["EasyGame_NEW","Calling Bell"],"picked":"Inserter"},{"not_picked":["Fusion Hammer","Honey Jar"],"picked":"AddBug"}],"items_purged_floors":[20,38],"is_endless":false,"potions_floor_spawned":[1,5,7,8,24,31,33,39,40,45,46],"ascension_level":0}}