{"host":"8v536rckjlpi3bq3","time":1610889165,"event":{"mods":["100% Spire Juice","ATMod(阿瑾Mod)","Act Like it!","Aspiration","BaseMod","Colored Powertips","Conspire","Dota2Spire","Energized Spire","Gensokyo","Hallownest","HololiveMod","Jedi Mod","Koishi","KomeijiMod","Lobotomy","LobotomyExtend","Luminous","Marisa（F雨　魔理沙）","Minty Spire (QoL Compilation)","MostiFishMod","Relic Stats","Replay The Spire","Spicy Shops","StSLib","TestMod","The Blackbeard","The Hierophant","The Jungle","WarShipGirlsR/战舰少女R mod","Youmu（魂魄妖梦）","vexMod","【功能Mod】混沌之环修复补丁","【功能Mod】聪明的最终Boss","【角色mod】十八桐人","【遗物卡牌】REMEMod","篝火指南"],"gold_per_floor":[111,41,57,7,53,53,53,79,134,179,179,59,153,76,76,180,180,212,239,256,29,29,56,272,272,272,272,272,272,152,193,193,317,317,327,327,343,253,51,51,51,86,137,186,186,186,214,250,250,550,550,550,143,169,169,169],"floor_reached":55,"language":"ZHS","playtime":4266,"items_purged":[],"score":958,"play_id":"e26a6dff-a43a-4a81-94ba-95a1e86db3c1","local_time":"20210117211245","is_ascension_mode":false,"campfire_choices":[{"data":"AT_FamilyPortrait","floor":6.0,"key":"SMITH"},{"floor":15.0,"key":"RECALL"},{"data":"Moonworks:MetallicMonocoque","floor":27.0,"key":"SMITH"},{"data":"Moonworks:RagingMadness","floor":30.0,"key":"SMITH"},{"data":"Moonworks:x16BigRocket","floor":32.0,"key":"SMITH"},{"data":"Moonworks:CloudOfSeagulls","floor":40.0,"key":"SMITH"},{"data":"Moonworks:ShieldCounter","floor":49.0,"key":"SMITH"},{"data":"Moonworks:LulusLuckyEgg","floor":52.0,"key":"SMITH"}],"circlet_count":0,"master_deck":["Moonworks:Strike","Moonworks:Strike","Moonworks:Strike","Moonworks:Defend","Moonworks:Defend","Moonworks:Defend","Moonworks:Defend","Moonworks:Ambush","OSAHOGD","Moonworks:LulusLuckyEgg+1","Wellcheers","Moonworks:CompletionReward","conspire:SpireCoStock","OldLady","BigBadWolf","Moonworks:EvilSpyWorkPreparation","SnowQueen","Moonworks:x16BigRocket+1","Moonworks:MiracleRedBeanIceCream","Moonworks:LulusLuckyEgg","Alriune","Moonworks:DevilHand","VoidDream","Moonworks:MixPhenomenon+1","Moonworks:RagingMadness+1","PunishingBird","DespairKnight","Moonworks:MetallicMonocoque+1","BlueStar","LongBird","Moonworks:Wanted","LaLuna","Moonworks:CloudOfSeagulls+1","Rudolta","Moonworks:DeployBits+1","Gensokyo:CustomPotion","Gensokyo:Shovel","Gensokyo:BlemishedSteel","QueenOfHatred","Moonworks:Assault+1","Moonworks:RedAndBlue+1","Gensokyo:ReactiveArmor","Moonworks:FullSpeedAlicianrone+1","Funeral","Moonworks:UnluckyCharm+1","REME_PuzzleBox","SilentOrchestra","Moonworks:NicePresent+1"],"relics":["Moonworks:BrokenBomb","Moonworks:Homemark","REME_ComplimentaryCards","testmod-TestBox","AT_ATBox","FeatherPendant","testmod-Fortitude","CogitoBucket","SynthV:TestCard","LetterFromLob","AT_SeraphEmbrace","Bag of Marbles","testmod-CrystalShield","DaveBox","CombinedTypeHook","Dota2Spire:BladeMail","TreeSap","Juzu Bracelet","ReplayTheSpireMod:TigerMarble","aspiration:ChemicalBlood","SynthV:C4","HornCleat","vexMod:TanglingVine","Theresia","Dota2Spire:EchoSabre","Gensokyo:TheCrow","AT_EbonyIvory","BackwardClock","AtMidnight","vexMod:MemoryStick"],"acts_visited":["Gensokyo:Gensokyo","TheCity","Gensokyo:Gensokyoest","TheEnding"],"potions_floor_usage":[55],"damage_taken":[{"damage":0.0,"enemies":"Gensokyo:Python","floor":1.0,"turns":1.0},{"damage":0.0,"enemies":"Gensokyo:Gryphon","floor":3.0,"turns":1.0},{"damage":0.0,"enemies":"Gensokyo:2_Kodama","floor":5.0,"turns":1.0},{"damage":0.0,"enemies":"Gensokyo:Aya","floor":8.0,"turns":2.0},{"damage":0.0,"enemies":"Gensokyo:Kitsune","floor":10.0,"turns":1.0},{"damage":0.0,"enemies":"Gensokyo:Reimu","floor":16.0,"turns":4.0},{"damage":0.0,"enemies":"Shell Parasite","floor":18.0,"turns":2.0},{"damage":1.0,"enemies":"Chosen","floor":20.0,"turns":3.0},{"damage":1.0,"enemies":"conspire:SneckoGhost","floor":23.0,"turns":4.0},{"damage":1.0,"enemies":"Centurion and Healer","floor":24.0,"turns":3.0},{"damage":1.0,"enemies":"Snake Plant","floor":31.0,"turns":2.0},{"damage":1.0,"enemies":"Champ","floor":33.0,"turns":5.0},{"damage":3.0,"enemies":"Gensokyo:3_Bats","floor":35.0,"turns":2.0},{"damage":2.0,"enemies":"Gensokyo:3_Boulders","floor":37.0,"turns":2.0},{"damage":1.0,"enemies":"Gensokyo:SeedOfUnknown","floor":42.0,"turns":2.0},{"damage":0.0,"enemies":"Gensokyo:Rafflesia","floor":44.0,"turns":3.0},{"damage":0.0,"enemies":"Gensokyo:4_Bats","floor":47.0,"turns":2.0},{"damage":0.0,"enemies":"Gensokyo:3_Boulders","floor":48.0,"turns":5.0},{"damage":39.0,"enemies":"Gensokyo:Scarlet_Devils","floor":50.0,"turns":6.0},{"damage":0.0,"enemies":"Shield and Spear","floor":54.0,"turns":2.0},{"damage":72,"enemies":"The Heart","floor":55,"turns":2}],"seed_played":"-4415133655494986610","potions_obtained":[{"floor":1.0,"key":"Languid Potion"},{"floor":3.0,"key":"FearPotion"},{"floor":16.0,"key":"LifebloodPotion"},{"floor":23.0,"key":"Dota2Spire:Clarity"},{"floor":31.0,"key":"LiquidBronze"},{"floor":35.0,"key":"SmokeBomb"},{"floor":42.0,"key":"REME_GoldPotion"}],"is_trial":false,"path_per_floor":["M","?","M","?","M","R","?","E","T","M","?","$","?","COS","R","B",null,"M","T","M","$","?","E","M","?","T","R","?","?","R","M","R","B",null,"M","?","M","?","COS","R","?","M","T","M","?","?","M","M","R","B",null,"R","$","E","B"],"character_chosen":"THE_STARBREAKER","items_purchased":["Moonworks:RagingMadness","REME_PuzzleBox"],"campfire_rested":0,"item_purchase_floors":[21,53],"current_hp_per_floor":[60,60,60,60,60,60,60,60,60,60,60,60,36,36,36,41,60,60,60,60,60,60,59,60,60,60,60,50,50,50,63,63,65,65,65,56,54,54,54,54,54,65,65,65,65,65,65,65,65,31,65,65,65,65,0,0],"gold":169,"neow_bonus":"","is_daily":false,"chose_seed":false,"campfire_upgraded":7,"win_rate":0.0,"timestamp":1610889165,"path_taken":["M","?","M","?","?","R","?","E","T","M","?","?","?","COS","R","BOSS","M","?","M","$","?","E","M","?","T","R","?","?","R","M","R","BOSS","M","?","M","?","COS","R","?","M","T","M","?","?","M","M","R","BOSS","R","$","E","BOSS"],"items_purchased_type":["Card","Card"],"build_version":"2020-12-22","purchased_purges":0,"victory":false,"max_hp_per_floor":[60,60,60,60,60,60,60,60,60,60,60,60,60,60,60,60,60,60,60,60,60,60,60,60,60,60,60,65,65,65,65,65,65,65,65,65,65,65,65,65,65,65,65,65,65,65,65,65,65,65,65,65,65,65,65,65],"relic_stats":{"counters":[24,56],"Juzu Bracelet":2,"obtain_stats":[{"AT_SeraphEmbrace":35,"CombinedTypeHook":11,"Dota2Spire:EchoSabre":43,"vexMod:MemoryStick":54,"AT_ATBox":0,"DaveBox":0,"Juzu Bracelet":19,"vexMod:TanglingVine":34,"AT_ArchangelStaff":2,"SynthV:C4":24,"CogitoBucket":0,"testmod-CrystalShield":8,"HornCleat":26,"TreeSap":18,"Dota2Spire:BladeMail":13,"aspiration:ChemicalBlood":23,"BackwardClock":48,"testmod-TestBox":0,"Gensokyo:TheCrow":46,"AT_EbonyIvory":48,"testmod-Fortitude":0,"SynthV:TestCard":1,"FeatherPendant":0,"Moonworks:Homemark":0,"AtMidnight":48,"LetterFromLob":1,"Bag of Marbles":8,"ReplayTheSpireMod:TigerMarble":22,"Theresia":35,"Moonworks:BrokenBomb":0,"REME_ComplimentaryCards":0},{"AT_SeraphEmbrace":15,"CombinedTypeHook":5,"Dota2Spire:EchoSabre":17,"vexMod:MemoryStick":23,"AT_ATBox":0,"DaveBox":0,"Juzu Bracelet":8,"vexMod:TanglingVine":13,"AT_ArchangelStaff":1,"SynthV:C4":11,"CogitoBucket":0,"testmod-CrystalShield":4,"HornCleat":11,"TreeSap":8,"Dota2Spire:BladeMail":5,"aspiration:ChemicalBlood":10,"BackwardClock":21,"testmod-TestBox":0,"Gensokyo:TheCrow":18,"AT_EbonyIvory":21,"testmod-Fortitude":0,"SynthV:TestCard":1,"FeatherPendant":0,"Moonworks:Homemark":0,"AtMidnight":21,"LetterFromLob":1,"Bag of Marbles":4,"ReplayTheSpireMod:TigerMarble":9,"Theresia":15,"Moonworks:BrokenBomb":0,"REME_ComplimentaryCards":0},{"AT_SeraphEmbrace":31,"CombinedTypeHook":6,"Dota2Spire:EchoSabre":35,"vexMod:MemoryStick":54,"AT_ATBox":0,"DaveBox":0,"Juzu Bracelet":12,"vexMod:TanglingVine":28,"AT_ArchangelStaff":1,"SynthV:C4":19,"CogitoBucket":0,"testmod-CrystalShield":5,"HornCleat":21,"TreeSap":12,"Dota2Spire:BladeMail":6,"aspiration:ChemicalBlood":18,"BackwardClock":46,"testmod-TestBox":0,"Gensokyo:TheCrow":38,"AT_EbonyIvory":44,"testmod-Fortitude":0,"SynthV:TestCard":1,"FeatherPendant":0,"Moonworks:Homemark":0,"AtMidnight":46,"LetterFromLob":1,"Bag of Marbles":5,"ReplayTheSpireMod:TigerMarble":14,"Theresia":31,"Moonworks:BrokenBomb":0,"REME_ComplimentaryCards":0}]},"card_choices":[{"not_picked":["Bloodbath","Freischutz"],"picked":"OSAHOGD","floor":1.0},{"not_picked":["Moonworks:BigMagnum","Moonworks:TreasureThief"],"picked":"Moonworks:LulusLuckyEgg","floor":1.0},{"not_picked":["NakedNest","CherryBlossoms"],"picked":"Wellcheers","floor":3.0},{"not_picked":["Moonworks:CloudOfSeagulls","Moonworks:IntelligenceOfficer","Moonworks:BeyondHell","Moonworks:IndiscriminateFireSupport"],"picked":"Moonworks:CompletionReward","floor":3.0},{"not_picked":["LongBird","WallGazer"],"picked":"OldLady","floor":5.0},{"not_picked":["Moonworks:RedAndBlue","Moonworks:BigMagnum","Moonworks:SelfDestruct","Moonworks:SakisCookie"],"picked":"Moonworks:CrystalBarrier","floor":5.0},{"not_picked":["SpiderBud","CherryBlossoms"],"picked":"BigBadWolf","floor":8.0},{"not_picked":["Moonworks:DeployBits","Moonworks:JonathanRush","Moonworks:BeyondHell","Moonworks:DevilHand"],"picked":"Moonworks:EvilSpyWorkPreparation","floor":8.0},{"not_picked":["MHz","MeatLantern"],"picked":"SnowQueen","floor":10.0},{"not_picked":["Moonworks:JonathanRush","Moonworks:NicePresent","Moonworks:ImOnFire","Moonworks:EvilSpyWorkPreparation"],"picked":"Moonworks:x16BigRocket","floor":10.0},{"not_picked":["Moonworks:LulusLuckyEgg","Moonworks:JonathanRush","Moonworks:IndiscriminateFireSupport","Moonworks:CloudOfSeagulls"],"picked":"Moonworks:MiracleRedBeanIceCream","floor":13.0},{"not_picked":["Moonworks:IntelligenceOfficer","Moonworks:CompletionReward","Moonworks:UnpaidWork","Moonworks:MixPhenomenon"],"picked":"Moonworks:LulusLuckyEgg","floor":13.0},{"not_picked":["RedShoes","CrumblingArmor"],"picked":"Alriune","floor":16.0},{"not_picked":["Moonworks:MeltingMemories","Moonworks:FinalBattle","Moonworks:OutOfAmmo","Moonworks:EvilMastermind"],"picked":"Moonworks:ShieldCounter","floor":16.0},{"not_picked":["Murderer","VoidDream"],"picked":"QueenOfHatred","floor":18.0},{"not_picked":["Moonworks:LuckyCharm","Moonworks:EvilSpyWorkPreparation","Moonworks:ImOnFire","Moonworks:HolyNight"],"picked":"Moonworks:DevilHand","floor":18.0},{"not_picked":["Murderer","HeroicMonk"],"picked":"VoidDream","floor":20.0},{"not_picked":["Moonworks:EvilSpyWorkPreparation","Moonworks:JonathanRush","Moonworks:Assault","Moonworks:LulusLuckyEgg"],"picked":"Moonworks:MixPhenomenon+1","floor":20.0},{"not_picked":["Funeral","Laetitia"],"picked":"PunishingBird","floor":23.0},{"not_picked":["Moonworks:TacticalRetreat","Moonworks:IndiscriminateFireSupport","Moonworks:DeployBits","Moonworks:TreasureThief+1"],"picked":"Moonworks:SakisCookie+1","floor":23.0},{"not_picked":["SpiderBud","FieryBird"],"picked":"DespairKnight","floor":24.0},{"not_picked":["Moonworks:FinalSurgery+1","Moonworks:SakisCookie","Moonworks:CloudOfSeagulls","Moonworks:IndiscriminateFireSupport"],"picked":"Moonworks:MetallicMonocoque","floor":24.0},{"not_picked":["Scorched","Mercenary"],"picked":"BlueStar","floor":31.0},{"not_picked":["Moonworks:BackdoorTrade+1","Moonworks:ImOnFire","Moonworks:NicePresent","Moonworks:EvilSpyWorkPreparation"],"picked":"Moonworks:TreasureThief+1","floor":31.0},{"not_picked":["WallGazer","QueenBee"],"picked":"LongBird","floor":33.0},{"not_picked":["Moonworks:GoAway","Moonworks:FinalBattle","Moonworks:ReflectiveShell","Moonworks:Encore"],"picked":"Moonworks:Wanted","floor":33.0},{"not_picked":["FieryBird","Laetitia"],"picked":"LaLuna","floor":35.0},{"not_picked":["Moonworks:LulusLuckyEgg+1","Moonworks:Assault+1","Moonworks:NicePresent","Moonworks:x16BigRocket"],"picked":"Moonworks:CloudOfSeagulls","floor":35.0},{"not_picked":["Murderer","Variant"],"picked":"Rudolta","floor":37.0},{"not_picked":["Moonworks:BigMagnum+1","Moonworks:Heat300Percent","Moonworks:LulusLuckyEgg+1","Moonworks:JonathanRush"],"picked":"Moonworks:DeployBits+1","floor":37.0},{"not_picked":["NothingThere","LittlePrince"],"picked":"QueenOfHatred","floor":42.0},{"not_picked":["Moonworks:BigMagnum","Moonworks:JonathanRush+1","Moonworks:SakisCookie+1","Moonworks:ImOnFire"],"picked":"Moonworks:Assault+1","floor":42.0},{"not_picked":["CENSORED","GalaxyChild"],"picked":"MeltingLove","floor":44.0},{"not_picked":["Moonworks:Assault+1","Moonworks:UnluckyCharm+1","Moonworks:SakisCookie","Moonworks:NicePresent+1"],"picked":"Moonworks:RedAndBlue+1","floor":44.0},{"not_picked":["WallGazer","Scarecrow"],"picked":"GreedKing","floor":47.0},{"not_picked":["Moonworks:FinalSurgery","Moonworks:CookingTime","Moonworks:DeployBits+1","Moonworks:JonathanRush"],"picked":"Moonworks:FullSpeedAlicianrone+1","floor":47.0},{"not_picked":["BlackArmy","Laetitia"],"picked":"Funeral","floor":48.0},{"not_picked":["Moonworks:SakisCookie","Moonworks:IndiscriminateFireSupport+1","Moonworks:IntelligenceOfficer+1","Moonworks:ScrambledEve+1"],"picked":"Moonworks:UnluckyCharm+1","floor":48.0},{"not_picked":["Mercenary","Variant"],"picked":"SilentOrchestra","floor":54.0},{"not_picked":["Moonworks:RagingMadness+1","Moonworks:Gamble","Moonworks:ImmovableObject+1","Moonworks:FullSpeedAlicianrone"],"picked":"Moonworks:NicePresent+1","floor":54.0}],"player_experience":254514,"relics_obtained":[{"floor":1.0,"key":"SynthV:TestCard"},{"floor":1.0,"key":"LetterFromLob"},{"floor":8.0,"key":"testmod-CrystalShield"},{"floor":13.0,"key":"Dota2Spire:BladeMail"},{"floor":19.0,"key":"Juzu Bracelet"},{"floor":23.0,"key":"aspiration:ChemicalBlood"},{"floor":26.0,"key":"HornCleat"},{"floor":43.0,"key":"Dota2Spire:EchoSabre"},{"floor":48.0,"key":"AtMidnight"},{"floor":54.0,"key":"vexMod:MemoryStick"}],"event_choices":[{"damage_healed":0.0,"max_hp_gain":0.0,"max_hp_loss":0.0,"gold_gain":0.0,"event_name":"conspire:Investor","player_choice":"Invest 1","floor":4.0,"gold_loss":0.0,"damage_taken":0.0},{"damage_healed":0.0,"max_hp_gain":0.0,"max_hp_loss":0.0,"gold_gain":0.0,"event_name":"给自己的盒子","player_choice":"Swap Relic","floor":11.0,"relics_lost":["DaveBox"],"gold_loss":0.0,"damage_taken":0.0,"relics_obtained":["DaveBox"]},{"damage_healed":0.0,"max_hp_gain":5.0,"max_hp_loss":0.0,"gold_gain":0.0,"event_name":"Forgotten Altar","player_choice":"Shed Blood","floor":28.0,"gold_loss":0.0,"damage_taken":15.0}],"is_beta":false,"boss_relics":[{"not_picked":[]},{"not_picked":["Kintsugi","jedi:battlestandard"],"picked":"vexMod:TanglingVine"}],"items_purged_floors":[],"is_endless":false,"potions_floor_spawned":[1,3,16,23,31,35,42],"killed_by":"The Heart","ascension_level":0}}