{"host":"foq4mrde4mssg7vt","time":1610882605,"event":{"mods":["AchievementEnabler","BaseMod","Colored Map","Colored Powertips","Highlight Path","Minty Spire (QoL Compilation)","Relic Stats","everything is the same but u backflip on backflip"],"gold_per_floor":[110,110,122,134,40,40,40,50,50,115,115,129,145,170,170,243,243,243,243,35,35,35,35,35,35,35,35,35,35,35,35,35,35,35,35,35,35,35,35,35,35,35,35,35,35,35,35,35,35],"floor_reached":48,"language":"ENG","playtime":2020,"items_purged":[],"score":995,"play_id":"5a3cc89d-f900-44a4-94bb-e45a4ca78181","local_time":"20210117192325","is_ascension_mode":true,"campfire_choices":[{"data":"Twin Strike","floor":6.0,"key":"SMITH"},{"data":"Flex","floor":11.0,"key":"SMITH"},{"data":"True Grit","floor":15.0,"key":"SMITH"},{"data":"Corruption","floor":23.0,"key":"SMITH"},{"data":"Disarm","floor":30.0,"key":"SMITH"},{"data":"Shockwave","floor":32.0,"key":"SMITH"},{"floor":45.0,"key":"REST"}],"circlet_count":0,"master_deck":["AscendersBane","Strike_R","Strike_R","Strike_R","Strike_R","Strike_R","Defend_R","Defend_R","Defend_R","Defend_R","Bash+1","Sword Boomerang","Shrug It Off","Twin Strike+1","Second Wind","Flex+1","True Grit+1","Corruption+1","Juggernaut","Disarm+1","Battle Trance","Inflame","Rage","Decay","Flame Barrier","Impervious","Shockwave+1","Immolate","Dropkick","Flash of Steel","Metallicize","Headbutt"],"relics":["Runic Pyramid","Pear","Eternal Feather","Ectoplasm","Toy Ornithopter","Ornamental Fan","SlaversCollar","Girya","Pantograph","Shuriken"],"acts_visited":["Exordium","TheCity","TheBeyond"],"potions_floor_usage":[48],"damage_taken":[{"damage":1.0,"enemies":"Cultist","floor":1.0,"turns":3.0},{"damage":6.0,"enemies":"2 Louse","floor":3.0,"turns":3.0},{"damage":2.0,"enemies":"Jaw Worm","floor":4.0,"turns":3.0},{"damage":9.0,"enemies":"3 Louse","floor":8.0,"turns":4.0},{"damage":0.0,"enemies":"2 Fungi Beasts","floor":12.0,"turns":3.0},{"damage":13.0,"enemies":"Blue Slaver","floor":13.0,"turns":2.0},{"damage":8.0,"enemies":"Gremlin Nob","floor":14.0,"turns":3.0},{"damage":36.0,"enemies":"The Guardian","floor":16.0,"turns":10.0},{"damage":15.0,"enemies":"Chosen","floor":18.0,"turns":5.0},{"damage":11.0,"enemies":"Spheric Guardian","floor":19.0,"turns":4.0},{"damage":17.0,"enemies":"Centurion and Healer","floor":21.0,"turns":6.0},{"damage":12.0,"enemies":"Cultist and Chosen","floor":24.0,"turns":7.0},{"damage":36.0,"enemies":"Shelled Parasite and Fungi","floor":27.0,"turns":5.0},{"damage":6.0,"enemies":"Snecko","floor":29.0,"turns":5.0},{"damage":3.0,"enemies":"Gremlin Leader","floor":31.0,"turns":6.0},{"damage":42.0,"enemies":"Champ","floor":33.0,"turns":14.0},{"damage":17.0,"enemies":"3 Shapes","floor":35.0,"turns":5.0},{"damage":0.0,"enemies":"Mind Bloom Boss Battle","floor":39.0,"turns":4.0},{"damage":9.0,"enemies":"Giant Head","floor":40.0,"turns":8.0},{"damage":0.0,"enemies":"Orb Walker","floor":41.0,"turns":6.0},{"damage":32.0,"enemies":"Reptomancer","floor":42.0,"turns":7.0},{"damage":35.0,"enemies":"4 Shapes","floor":46.0,"turns":6.0},{"damage":31,"enemies":"Transient","floor":48,"turns":4}],"seed_played":"-1321763889405240570","potions_obtained":[{"floor":3.0,"key":"FearPotion"},{"floor":13.0,"key":"SpeedPotion"},{"floor":14.0,"key":"SpeedPotion"},{"floor":19.0,"key":"Fire Potion"},{"floor":27.0,"key":"DistilledChaos"},{"floor":29.0,"key":"HeartOfIron"},{"floor":31.0,"key":"SneckoOil"},{"floor":39.0,"key":"Block Potion"},{"floor":40.0,"key":"DuplicationPotion"},{"floor":41.0,"key":"FearPotion"},{"floor":46.0,"key":"PowerPotion"}],"is_trial":false,"path_per_floor":["M","?","M","M","$","R","?","M","T","?","R","M","M","E","R","B",null,"M","M","$","M","?","R","M","?","T","M","?","M","R","E","R","B",null,"M","?","?","$","?","E","M","E","T","?","R","M","?","M"],"character_chosen":"IRONCLAD","items_purchased":["Twin Strike","Second Wind","Inflame","Rage","Regen Potion"],"campfire_rested":1,"item_purchase_floors":[5,5,20,20,20],"current_hp_per_floor":[67,67,61,59,59,59,59,50,60,60,60,60,47,39,48,12,67,52,41,41,24,24,39,27,27,27,8,8,7,22,24,39,7,66,49,49,49,49,49,45,45,13,13,13,55,25,25,0,0],"gold":35,"neow_bonus":"BOSS_RELIC","is_daily":false,"chose_seed":false,"campfire_upgraded":6,"win_rate":0.0,"timestamp":1610882605,"path_taken":["M","?","M","M","$","R","?","?","T","?","R","M","M","E","R","BOSS","M","M","$","M","?","R","M","?","T","M","?","M","R","E","R","BOSS","M","?","?","$","?","E","?","E","T","?","R","M","?","M"],"items_purchased_type":["Card","Card","Card","Card","Potion"],"build_version":"2020-12-22","purchased_purges":0,"victory":false,"max_hp_per_floor":[75,75,75,75,75,75,75,75,85,85,85,85,85,85,85,85,85,85,85,85,85,85,85,85,85,85,85,85,85,85,85,85,85,85,85,85,81,81,81,81,81,81,81,81,81,81,81,81,81],"relic_stats":{"counters":[23,123],"Ornamental Fan":[80],"Shuriken":[2],"Pantograph":0,"Eternal Feather":72,"Ectoplasm":400,"obtain_stats":[{"SlaversCollar":34,"Girya":39,"Pear":9,"Ornamental Fan":31,"Shuriken":42,"Pantograph":40,"Eternal Feather":14,"Ectoplasm":17,"Burning Blood":0,"Toy Ornithopter":26,"Runic Pyramid":0},{"SlaversCollar":16,"Girya":18,"Pear":4,"Ornamental Fan":15,"Shuriken":21,"Pantograph":19,"Eternal Feather":7,"Ectoplasm":8,"Burning Blood":0,"Toy Ornithopter":12,"Runic Pyramid":0},{"SlaversCollar":83,"Girya":92,"Pear":13,"Ornamental Fan":69,"Shuriken":113,"Pantograph":100,"Eternal Feather":21,"Ectoplasm":31,"Burning Blood":0,"Toy Ornithopter":53,"Runic Pyramid":0}],"Toy Ornithopter":40},"card_choices":[{"not_picked":["Reckless Charge","Wild Strike"],"picked":"Anger","floor":1.0},{"not_picked":["Burning Pact","True Grit"],"picked":"Sword Boomerang","floor":3.0},{"not_picked":["Warcry","Dark Embrace"],"picked":"Shrug It Off","floor":4.0},{"not_picked":["Shrug It Off","Iron Wave"],"picked":"Flex","floor":8.0},{"not_picked":["Shrug It Off","Ghostly Armor"],"picked":"True Grit","floor":12.0},{"not_picked":["Pommel Strike","Havoc","Iron Wave"],"picked":"SKIP","floor":13.0},{"not_picked":["Double Tap","Reckless Charge"],"picked":"Corruption","floor":14.0},{"not_picked":["Bludgeon","Exhume"],"picked":"Juggernaut","floor":16.0},{"not_picked":["Thunderclap","Havoc+1"],"picked":"Disarm","floor":18.0},{"not_picked":["Blood for Blood","Thunderclap"],"picked":"Battle Trance","floor":19.0},{"not_picked":["Perfected Strike","Disarm","Reckless Charge"],"picked":"SKIP","floor":21.0},{"not_picked":["Clash","Evolve"],"picked":"Flame Barrier","floor":24.0},{"not_picked":["True Grit","Perfected Strike","Whirlwind"],"picked":"SKIP","floor":27.0},{"not_picked":["Warcry","Heavy Blade"],"picked":"Impervious","floor":29.0},{"not_picked":["Searing Blow","Armaments"],"picked":"Shockwave","floor":31.0},{"not_picked":["Exhume","Bludgeon"],"picked":"Immolate","floor":33.0},{"not_picked":["Heavy Blade","Evolve"],"picked":"Dropkick","floor":35.0},{"not_picked":["Bandage Up","Madness"],"picked":"Flash of Steel","floor":36.0},{"not_picked":["Sword Boomerang","Hemokinesis"],"picked":"Metallicize","floor":39.0},{"not_picked":["Disarm","Cleave","Flex+1"],"picked":"SKIP","floor":40.0},{"not_picked":["Havoc+1","Perfected Strike","Wild Strike+1"],"picked":"SKIP","floor":41.0},{"not_picked":["Havoc+1","Perfected Strike","Wild Strike+1"],"picked":"SKIP","floor":41.0},{"not_picked":["Battle Trance","Exhume"],"picked":"Headbutt","floor":42.0},{"not_picked":["Body Slam","Bloodletting+1","Armaments"],"picked":"SKIP","floor":46.0}],"player_experience":486969,"relics_obtained":[{"floor":9.0,"key":"Pear"},{"floor":14.0,"key":"Eternal Feather"},{"floor":26.0,"key":"Toy Ornithopter"},{"floor":31.0,"key":"Ornamental Fan"},{"floor":39.0,"key":"Girya"},{"floor":40.0,"key":"Pantograph"},{"floor":42.0,"key":"Shuriken"}],"event_choices":[{"damage_healed":0.0,"max_hp_gain":0.0,"max_hp_loss":0.0,"gold_gain":0.0,"event_name":"Living Wall","player_choice":"Grow","floor":2.0,"gold_loss":0.0,"damage_taken":0.0,"cards_upgraded":["Bash"]},{"damage_healed":0.0,"max_hp_gain":0.0,"max_hp_loss":0.0,"gold_gain":0.0,"event_name":"Shining Light","player_choice":"Ignored","floor":7.0,"gold_loss":0.0,"damage_taken":0.0},{"damage_healed":0.0,"max_hp_gain":0.0,"max_hp_loss":0.0,"gold_gain":65.0,"event_name":"Golden Wing","player_choice":"Gained Gold","floor":10.0,"gold_loss":0.0,"damage_taken":0.0},{"damage_healed":0.0,"max_hp_gain":0.0,"max_hp_loss":0.0,"gold_gain":0.0,"event_name":"Forgotten Altar","player_choice":"Smashed Altar","floor":22.0,"gold_loss":0.0,"damage_taken":0.0,"cards_obtained":["Decay"]},{"damage_healed":0.0,"max_hp_gain":0.0,"max_hp_loss":0.0,"gold_gain":0.0,"event_name":"The Mausoleum","player_choice":"Ignored","floor":25.0,"gold_loss":0.0,"damage_taken":0.0},{"damage_healed":0.0,"max_hp_gain":0.0,"max_hp_loss":0.0,"gold_gain":0.0,"event_name":"Cursed Tome","player_choice":"Ignored","floor":28.0,"gold_loss":0.0,"damage_taken":0.0},{"damage_healed":0.0,"max_hp_gain":0.0,"max_hp_loss":0.0,"gold_gain":0.0,"event_name":"SensoryStone","player_choice":"Memory 1","floor":36.0,"gold_loss":0.0,"damage_taken":0.0},{"damage_healed":0.0,"max_hp_gain":0.0,"max_hp_loss":4.0,"gold_gain":0.0,"event_name":"Winding Halls","player_choice":"Max HP","floor":37.0,"gold_loss":0.0,"damage_taken":0.0},{"damage_healed":0.0,"max_hp_gain":0.0,"max_hp_loss":0.0,"gold_gain":0.0,"event_name":"MindBloom","player_choice":"Fight","floor":39.0,"gold_loss":0.0,"damage_taken":0.0},{"cards_removed":["Anger"],"damage_healed":0.0,"max_hp_gain":0.0,"max_hp_loss":0.0,"gold_gain":0.0,"event_name":"Falling","player_choice":"Removed Attack","floor":44.0,"gold_loss":0.0,"damage_taken":0.0},{"damage_healed":0.0,"max_hp_gain":0.0,"max_hp_loss":0.0,"gold_gain":0.0,"event_name":"Mysterious Sphere","player_choice":"Ignored","floor":47.0,"gold_loss":0.0,"damage_taken":0.0}],"is_beta":false,"boss_relics":[{"not_picked":["Empty Cage","Snecko Eye"],"picked":"Ectoplasm"},{"not_picked":["Black Star","Mark of Pain"],"picked":"SlaversCollar"}],"items_purged_floors":[],"is_endless":false,"potions_floor_spawned":[3,13,14,19,27,29,31,39,40,41,46],"killed_by":"Transient","ascension_level":19}}