{"host":"zk28mnjnpke7fsi2","time":1610925259,"event":{"mods":["A Magickal Journey","Bard","BaseMod","Better Note","FTL Soundtrack","Marked Mod","Minty Spire (QoL Compilation)","StSLib","The Juggle","The Senshi","TheHero"],"gold_per_floor":[112,112,122,122,27,27,61,61,114,142,2,22,33,63,63,159,159,174,273,284,284,300,300,300],"floor_reached":23,"language":"ENG","playtime":4765,"items_purged":[],"score":246,"play_id":"59bb213d-9a32-4eb2-a427-f047e8a953af","local_time":"20210117231419","is_ascension_mode":true,"campfire_choices":[{"data":"theSenshi:CrisisMakeUp","floor":6,"key":"SMITH"},{"data":"theSenshi:MoonPrismPowerMakeUp","floor":8,"key":"SMITH"},{"data":"theSenshi:RainbowMoonHeartAche","floor":15,"key":"SMITH"}],"circlet_count":0,"master_deck":["theSenshi:RoseThrow","theSenshi:MoonPrismPowerMakeUp+1","theSenshi:MoonSpiralHeartAttack","theSenshi:CrisisMakeUp+1","theSenshi:MarsPride","theSenshi:SailorChibiMoonAssists","theSenshi:SailorMercuryAssists+1","theSenshi:OdangoHead+1","theSenshi:Sidestep+1","theSenshi:MoonTiaraMagic","theSenshi:MoonCrisisMakeUp","theSenshi:MoonSpiralHeartAttack","theSenshi:RainbowMoonHeartAche+1","theSenshi:ChibiMoonsLove+1","theSenshi:MoonGorgeousMeditation","theSenshi:RainbowMoonHeartAche","theSenshi:EncouragingSpeech+1","theSenshi:MarsPride+1","theSenshi:SilverMoonCrystalPowerKiss","theSenshi:SteeledNerves","theSenshi:InTheNameOfTheMoon+1","theSenshi:HesSoDreamy+1","theSenshi:MoonCosmicPowerMakeUp","theSenshi:MoonHealingEscalation+1","theSenshi:PlutosSolemnity+1","theSenshi:MoonKick+1"],"relics":["theSenshi:TransformationBroochRelic","NeowsBlessing","Mercury Hourglass","Toxic Egg 2","theSenshi:TiaraRelic","Blood Vial","MealTicket","Pandora\u0027s Box"],"acts_visited":["Exordium","TheCity"],"potions_floor_usage":[13,16,22],"damage_taken":[{"damage":0,"enemies":"2 Louse","floor":1,"turns":1},{"damage":0,"enemies":"Jaw Worm","floor":3,"turns":1},{"damage":0,"enemies":"3 Sentries","floor":7,"turns":1},{"damage":16,"enemies":"Gremlin Nob","floor":10,"turns":4},{"damage":6,"enemies":"Cultist","floor":12,"turns":3},{"damage":15,"enemies":"Exordium Thugs","floor":13,"turns":5},{"damage":12,"enemies":"Lagavulin","floor":14,"turns":6},{"damage":28,"enemies":"The Guardian","floor":16,"turns":12},{"damage":33,"enemies":"Shell Parasite","floor":18,"turns":6},{"damage":14,"enemies":"Spheric Guardian","floor":20,"turns":4},{"damage":31,"enemies":"Centurion and Healer","floor":22,"turns":8},{"damage":27,"enemies":"Slavers","floor":23,"turns":1}],"seed_played":"-4129021948242856947","potions_obtained":[{"floor":1,"key":"LiquidMemories"},{"floor":3,"key":"Ancient Potion"},{"floor":10,"key":"Strength Potion"},{"floor":12,"key":"SkillPotion"},{"floor":18,"key":"DuplicationPotion"}],"is_trial":false,"path_per_floor":["M","?","M","?","$","R","E","R","T","E","$","M","M","E","R","B",null,"M","?","M","?","M","E"],"character_chosen":"THE_SENSHI","items_purchased":["theSenshi:MarsPride","theSenshi:SailorChibiMoonAssists","theSenshi:Sidestep+1","theSenshi:MoonTiaraMagic","theSenshi:MoonCrisisMakeUp"],"campfire_rested":0,"item_purchase_floors":[5,5,11,11,11],"current_hp_per_floor":[75,75,75,75,75,75,75,75,75,59,59,55,42,32,32,21,75,42,42,45,31,22,0,0],"gold":300,"neow_bonus":"THREE_ENEMY_KILL","is_daily":false,"chose_seed":false,"campfire_upgraded":3,"win_rate":0.0,"timestamp":1610925259,"path_taken":["M","?","M","?","$","R","E","R","T","E","$","M","?","E","R","BOSS","M","?","M","?","M","E"],"items_purchased_type":["Card","Card","Card","Card","Card"],"build_version":"2020-12-22","purchased_purges":0,"victory":false,"max_hp_per_floor":[75,75,75,75,75,75,75,75,75,75,75,75,75,75,75,75,75,75,75,75,80,80,80,80],"card_choices":[{"not_picked":["theSenshi:SailorNeptuneAssists","theSenshi:CrisisMakeUp"],"picked":"theSenshi:MoonSpiralHeartAttack","floor":1},{"not_picked":["theSenshi:MoonPrincessHalation","theSenshi:DramaticEntrance"],"picked":"theSenshi:CrisisMakeUp","floor":3},{"not_picked":["theSenshi:MoonPrincessHalation","theSenshi:SailorCosmosAssists+1"],"picked":"theSenshi:SailorMercuryAssists+1","floor":7},{"not_picked":["theSenshi:MoonKick","theSenshi:SailorVenusAssists"],"picked":"theSenshi:OdangoHead+1","floor":10},{"not_picked":["theSenshi:TuxedoSmokingBomber","theSenshi:SailorVenusAssists"],"picked":"theSenshi:MoonSpiralHeartAttack","floor":12},{"not_picked":["theSenshi:SailorMercuryAssists+1","theSenshi:SailorMarsAssists"],"picked":"theSenshi:RainbowMoonHeartAche","floor":13},{"not_picked":["theSenshi:LunasBite","theSenshi:SailorVenusAssists"],"picked":"theSenshi:ChibiMoonsLove+1","floor":14},{"not_picked":["theSenshi:FatedKiss","theSenshi:ChibiMoonsLove+1"],"picked":"theSenshi:MoonGorgeousMeditation","floor":16},{"not_picked":["theSenshi:EncouragingSpeech+1","theSenshi:SailorJupiterAssists"],"picked":"theSenshi:MoonHealingEscalation+1","floor":18},{"not_picked":["theSenshi:SchoolBag+1","theSenshi:SailorMarsAssists"],"picked":"theSenshi:PlutosSolemnity+1","floor":20},{"not_picked":["theSenshi:SailorMercuryAssists+1","theSenshi:MoonTwilightFlash"],"picked":"theSenshi:MoonKick+1","floor":22}],"player_experience":581848,"relics_obtained":[{"floor":7,"key":"Toxic Egg 2"},{"floor":9,"key":"theSenshi:TiaraRelic"},{"floor":10,"key":"Blood Vial"},{"floor":14,"key":"MealTicket"}],"event_choices":[{"damage_healed":0,"gold_gain":0,"player_choice":"Box","damage_taken":0,"relics_obtained":["Mercury Hourglass"],"max_hp_gain":0,"max_hp_loss":0,"event_name":"Big Fish","floor":2,"gold_loss":0,"cards_obtained":["Regret"]},{"cards_removed":["Regret"],"damage_healed":0,"gold_gain":0,"player_choice":"Purged","damage_taken":0,"max_hp_gain":0,"max_hp_loss":0,"event_name":"Purifier","floor":4,"gold_loss":0},{"damage_healed":0,"gold_gain":99,"player_choice":"Stole From Cult","damage_taken":0,"max_hp_gain":0,"max_hp_loss":0,"event_name":"Nest","floor":19,"gold_loss":0},{"damage_healed":0,"gold_gain":0,"player_choice":"Shed Blood","damage_taken":19,"max_hp_gain":5,"max_hp_loss":0,"event_name":"Forgotten Altar","floor":21,"gold_loss":0}],"is_beta":false,"boss_relics":[{"not_picked":["Snecko Eye","Cursed Key"],"picked":"Pandora\u0027s Box"}],"items_purged_floors":[],"is_endless":false,"potions_floor_spawned":[1,3,10,12,18],"killed_by":"Slavers","ascension_level":1}}