{"host":"s5olpoz35hr9wai9","time":1610888329,"event":{"mods":["Act Like it!","BaseMod","Colored Powertips","Friendly Minions","Gensokyo","Kiyohime£®«Âºß£©","Koishi","KomeijiMod","Marisa£®ÏF”Í°°ƒß¿Ì…≥£©","Minty Spire (QoL Compilation)","Quick Restart","Reimu£®≤©¿ˆ¡È√Œ£©","Remilia£®¿Ÿ√◊¿Ú—«£©","Replay The Spire","Shop Mod","StSLib","The Administrix","The Animator","The Servant 0.9.4","Youmu£®ªÍ∆«—˝√Œ£©","Yuyuko"],"gold_per_floor":[117,131,111,123,123,123,157,169,169,169,169],"floor_reached":10,"language":"ZHS","playtime":213,"items_purged":[],"score":78,"play_id":"87b9017b-5e5f-44de-be77-6abcc0152c0f","local_time":"20210117205849","is_ascension_mode":true,"campfire_choices":[{"data":"KidneyShot","floor":6,"key":"SMITH"}],"circlet_count":0,"master_deck":["Strike_S","Strike_S","Strike_S","Strike_S","Defend_S","Defend_S","Defend_S","Defend_S","KidneyShot+1","Exchange","Rearm","Defy","Spin","BestPractice","FastForward"],"relics":["Uniform","NeowsBlessing","Lantern","Broom"],"acts_visited":["Exordium"],"potions_floor_usage":[10,10,10],"damage_taken":[{"damage":0,"enemies":"Small Slimes","floor":1,"turns":2},{"damage":0,"enemies":"Cultist","floor":2,"turns":1},{"damage":0,"enemies":"2 Louse","floor":4,"turns":1},{"damage":29,"enemies":"Gremlin Nob","floor":7,"turns":5},{"damage":0,"enemies":"2 Fungi Beasts","floor":8,"turns":2},{"damage":46,"enemies":"Lagavulin","floor":10,"turns":6}],"seed_played":"3830209394742410136","potions_obtained":[{"floor":3,"key":"CalmPotion"},{"floor":7,"key":"CalmPotion"},{"floor":8,"key":"SkillPotion"}],"is_trial":false,"path_per_floor":["M","M","?","M","$","R","E","M","T","E"],"character_chosen":"THE_SERVANT","items_purchased":[],"campfire_rested":0,"item_purchase_floors":[],"current_hp_per_floor":[65,65,65,65,65,65,36,36,36,0,0],"gold":169,"neow_bonus":"THREE_ENEMY_KILL","is_daily":false,"chose_seed":false,"campfire_upgraded":1,"win_rate":0.0,"timestamp":1610888329,"path_taken":["M","M","?","?","$","R","E","M","T","E"],"items_purchased_type":[],"build_version":"2020-12-22","purchased_purges":0,"victory":false,"max_hp_per_floor":[65,65,65,65,65,65,65,65,65,65,65],"card_choices":[{"not_picked":["Potential","Replace"],"picked":"Rearm","floor":1},{"not_picked":["Replace","TimeWarp"],"picked":"Defy","floor":2},{"not_picked":["Advance","Rearm"],"picked":"Spin","floor":4},{"not_picked":["Alleviate","Deny"],"picked":"BestPractice","floor":7},{"not_picked":["RealityMarble","SurpressingFire"],"picked":"FastForward","floor":8}],"player_experience":239955,"relics_obtained":[{"floor":7,"key":"Lantern"},{"floor":9,"key":"Broom"}],"event_choices":[{"damage_healed":0,"gold_gain":0,"player_choice":"Bought 1 Potion","damage_taken":0,"max_hp_gain":0,"max_hp_loss":0,"event_name":"The Woman in Blue","floor":3,"gold_loss":0}],"is_beta":false,"boss_relics":[],"items_purged_floors":[],"is_endless":false,"potions_floor_spawned":[7,8],"killed_by":"Lagavulin","ascension_level":3}}