{"host":"684z1xpuwaoqmmh1","time":1610909080,"event":{"mods":["Bard","BaseMod","Downfall","Hermit","Jorbs\u0027s Wanderer Trilogy","Marisa????????","Minty Spire (QoL Compilation)","Robot Space Explorer","Shade Mod","StSLib","The Bug Knight","The Cursed","The Hayseed","The Hierophant","The Marked","The Mystic","The Runesmith","The Senshi","The Spell Scribe"],"gold_per_floor":[118,118,128,159,159,159,220,220,246,292,357,357,401,469,469,620,620,668,583,636,659,712,712,783,806,806,889,889,944,988,988,988,988,988],"floor_reached":33,"language":"ENG","playtime":1937,"items_purged":[],"score":500,"play_id":"8aab58b0-7336-4949-856a-4d2c989bcebd","local_time":"20210117204440","is_ascension_mode":true,"campfire_choices":[{"data":"OortCloud","floor":6.0,"key":"SMITH"},{"data":"WitchOfGreed","floor":8.0,"key":"SMITH"},{"data":"UnstableBomb","floor":15.0,"key":"SMITH"},{"data":"EnergyFlow","floor":23.0,"key":"SMITH"},{"data":"SatelliteIllusion","floor":28.0,"key":"SMITH"},{"floor":32,"key":"REST"}],"circlet_count":0,"master_deck":["Strike_MRS","Strike_MRS","Strike_MRS","Strike_MRS","Defend_MRS","Defend_MRS","Defend_MRS+1","Defend_MRS","MasterSpark","UpSweep","OortCloud+1","WitchOfGreed+1","UnstableBomb+1","SprinkleStarSeal","OortCloud+1","GalacticHalo","EnergyFlow+1","SatelliteIllusion+1","PulseMagic+1","IllusionStar+1","ChargeUpSpray","StarDustReverie","EventHorizon+1"],"relics":["MiniHakkero","Golden Idol","Vajra","theSenshi:SailorFukuRelic","Oddly Smooth Stone","HollowMod:StagPassRelic","sneckomod:SneckoTalon","StrikeDummy","War Paint","CeramicFish","Pear","BreadOfAWashokuLover"],"acts_visited":["Exordium","TheCity"],"potions_floor_usage":[29,29,29,30,33],"damage_taken":[{"damage":7.0,"enemies":"Small Slimes","floor":1.0,"turns":3.0},{"damage":0.0,"enemies":"Jaw Worm","floor":3.0,"turns":3.0},{"damage":1.0,"enemies":"2 Louse","floor":4.0,"turns":4.0},{"damage":13.0,"enemies":"3 Sentries","floor":7.0,"turns":9.0},{"damage":18.0,"enemies":"Exordium Thugs","floor":10.0,"turns":5.0},{"damage":1.0,"enemies":"Lagavulin","floor":11.0,"turns":8.0},{"damage":6.0,"enemies":"Exordium Wildlife","floor":13.0,"turns":4.0},{"damage":11.0,"enemies":"3 Sentries","floor":14.0,"turns":10.0},{"damage":0.0,"enemies":"Slime Boss","floor":16.0,"turns":9.0},{"damage":2.0,"enemies":"Chosen","floor":18.0,"turns":7.0},{"damage":11.0,"enemies":"Spheric Guardian","floor":20.0,"turns":6.0},{"damage":0.0,"enemies":"Centurion and Healer","floor":22.0,"turns":7.0},{"damage":21.0,"enemies":"Slavers","floor":24.0,"turns":6.0},{"damage":0.0,"enemies":"3 Cultists","floor":25.0,"turns":6.0},{"damage":3.0,"enemies":"Book of Stabbing","floor":27.0,"turns":7.0},{"damage":20,"enemies":"Snake Plant","floor":29,"turns":5},{"damage":33,"enemies":"Slavers","floor":30,"turns":5},{"damage":29,"enemies":"Automaton","floor":33,"turns":6}],"seed_played":"-8126807433358832387","potions_obtained":[{"floor":4.0,"key":"SteroidPotion"},{"floor":4.0,"key":"Block Potion"},{"floor":7.0,"key":"Regen Potion"},{"floor":10.0,"key":"Block Potion"},{"floor":11.0,"key":"LiquidBronze"},{"floor":11.0,"key":"Explosive Potion"},{"floor":14.0,"key":"SteroidPotion"},{"floor":16.0,"key":"Weak Potion"},{"floor":20.0,"key":"Energy Potion"},{"floor":22.0,"key":"LiquidMemories"},{"floor":24.0,"key":"DuplicationPotion"},{"floor":25.0,"key":"Fire Potion"},{"floor":27.0,"key":"ShroomBrew"},{"floor":27.0,"key":"EntropicBrew"},{"floor":30,"key":"BottledSpark"}],"is_trial":false,"path_per_floor":["M","?","M","M","?","R","E","R","T","M","E","?","M","E","R","B",null,"M","?","M","T","M","R","E","M","T","E","R","M","E","?","R","B"],"character_chosen":"MARISA","items_purchased":[],"campfire_rested":1,"item_purchase_floors":[],"current_hp_per_floor":[75,80,80,79,79,79,66,66,66,48,62,62,56,45,45,45,81,79,79,68,68,68,68,47,47,47,54,54,34,1,1,28,0,0],"gold":988,"neow_bonus":"TEN_PERCENT_HP_BONUS","is_daily":false,"chose_seed":false,"campfire_upgraded":5,"win_rate":0.0,"timestamp":1610909080,"path_taken":["M","?","M","M","?","R","E","R","T","M","E","?","M","E","R","BOSS","M","?","M","?","M","R","E","M","T","E","R","M","E","?","R","BOSS"],"items_purchased_type":[],"build_version":"2020-12-22","purchased_purges":0,"victory":false,"max_hp_per_floor":[82,87,87,87,81,81,81,81,81,81,81,81,81,81,81,81,81,81,81,81,81,81,81,81,81,81,91,91,91,91,91,91,91,91],"card_choices":[{"not_picked":["DoubleSpark","GravityBeat"],"picked":"OortCloud","floor":1.0},{"not_picked":["Occultation","GrandCross"],"picked":"WitchOfGreed","floor":3.0},{"not_picked":["NonDirectionalLaser","StarlightTyphoon"],"picked":"UnstableBomb","floor":4.0},{"not_picked":["GravityBeat","MysteriousBeam"],"picked":"SprinkleStarSeal","floor":7.0},{"not_picked":["MysteriousBeam","ShootTheMoon"],"picked":"OortCloud","floor":10.0},{"not_picked":["Acceleration","LuminesStrike"],"picked":"GalacticHalo","floor":11.0},{"not_picked":["DC","WitchLeyline","StarBarrage"],"picked":"SKIP","floor":13.0},{"not_picked":["EnergyRecoil","DeepEcoloBomb"],"picked":"EnergyFlow","floor":14.0},{"not_picked":["ManaRampage","StarDustReverie"],"picked":"SatelliteIllusion","floor":16.0},{"not_picked":["LuminesStrike","GravityBeat"],"picked":"PulseMagic","floor":18.0},{"not_picked":["GravityBeat","MilkyWay"],"picked":"IllusionStar+1","floor":20.0},{"not_picked":["OneTimeOff","Singularity"],"picked":"ChargeUpSpray","floor":22.0},{"not_picked":["BlazeAway","EnergyFlow","ShootingEcho"],"picked":"SKIP","floor":24.0},{"not_picked":["BlazeAway","IllusionStar","ShootingEcho"],"picked":"SKIP","floor":25.0},{"not_picked":["ShootTheMoon+1","GalacticHalo"],"picked":"StarDustReverie","floor":27.0},{"not_picked":["StarlightTyphoon","DragonMeteor+1"],"picked":"EventHorizon+1","floor":29},{"not_picked":["BlazingStar","GravityBeat","StarlightTyphoon"],"picked":"SKIP","floor":30}],"player_experience":2870541,"relics_obtained":[{"floor":7.0,"key":"Vajra"},{"floor":9.0,"key":"theSenshi:SailorFukuRelic"},{"floor":11.0,"key":"Oddly Smooth Stone"},{"floor":14.0,"key":"HollowMod:StagPassRelic"},{"floor":21.0,"key":"War Paint"},{"floor":24.0,"key":"CeramicFish"},{"floor":27.0,"key":"Pear"},{"floor":30,"key":"BreadOfAWashokuLover"}],"event_choices":[{"damage_healed":0.0,"max_hp_gain":5.0,"max_hp_loss":0.0,"gold_gain":0.0,"event_name":"Big Fish","player_choice":"Donut","floor":2.0,"gold_loss":0.0,"damage_taken":0.0},{"damage_healed":0.0,"max_hp_gain":0.0,"max_hp_loss":6.0,"gold_gain":0.0,"event_name":"Golden Idol","player_choice":"Lose Max HP","floor":5.0,"gold_loss":0.0,"damage_taken":0.0,"relics_obtained":["Golden Idol"]},{"damage_healed":0.0,"max_hp_gain":0.0,"max_hp_loss":0.0,"gold_gain":0.0,"event_name":"Upgrade Shrine","player_choice":"Upgraded","floor":12.0,"gold_loss":0.0,"damage_taken":0.0,"cards_upgraded":["OortCloud"]},{"damage_healed":0.0,"max_hp_gain":0.0,"max_hp_loss":0.0,"gold_gain":0.0,"event_name":"Addict","player_choice":"Obtained Relic","floor":19.0,"gold_loss":85.0,"damage_taken":0.0,"relics_obtained":["StrikeDummy"]},{"damage_healed":0,"gold_gain":0,"player_choice":"Ignored","damage_taken":0,"max_hp_gain":0,"max_hp_loss":0,"event_name":"Ghosts","floor":31,"gold_loss":0}],"is_beta":false,"boss_relics":[{"not_picked":["Busted Crown","BewitchedHakkero"],"picked":"sneckomod:SneckoTalon"}],"items_purged_floors":[],"is_endless":false,"potions_floor_spawned":[4,11,13,16,20,25,27,30],"killed_by":"Automaton","ascension_level":4}}