{"host":"jb40sdn36ct36hhv","time":1610858196,"event":{"mods":["Act Like it!","BaseMod","Better Third Choice","Marisa????????","Minty Spire (QoL Compilation)","StSLib"],"gold_per_floor":[111,128,128,128,148,148,187,187,214,254,204,222,249,296,296,454,454,497,497,497,497,563,639,639,683,765,765,248,317,317,332,332,492,492,545,445,463,519,519,519,598,598,652,652,1135,1156,1299,1387,1387,1467,1467,1467,88,138,150],"floor_reached":56,"language":"ENG","playtime":4573,"items_purged":["Strike_MRS","Strike_MRS","MasterSpark"],"score":1405,"play_id":"e10b35cc-a7d0-446d-9f9a-980d0a36c6a6","local_time":"20210116203636","is_ascension_mode":false,"campfire_choices":[{"data":"UpSweep","floor":6.0,"key":"SMITH"},{"data":"UnstableBomb","floor":8.0,"key":"SMITH"},{"data":"FairyDestructionRay","floor":15,"key":"SMITH"},{"data":"CasketOfStar","floor":24,"key":"SMITH"},{"floor":30,"key":"REST"},{"data":"AbsoluteMagnitude","floor":32,"key":"SMITH"},{"data":"TreasureHunter","floor":40,"key":"SMITH"},{"floor":42,"key":"RECALL"},{"floor":44,"key":"REST"},{"data":"OrrerysSun","floor":49,"key":"SMITH"},{"data":"Defend_MRS","floor":52,"key":"SMITH"}],"circlet_count":0,"master_deck":["Defend_MRS+1","Defend_MRS","Defend_MRS","Defend_MRS","UpSweep+1","MachineGunSpark","UnstableBomb+1","FairyDestructionRay+1","Robbery","MagicAbsorber","AbsoluteMagnitude+1","MagicAbsorber","CasketOfStar+1","ManaConvection","ChargingUp","TreasureHunter+1","OrrerysSun+1","Parasite","Parasite","OrrerysSun+1","UltimateShortwave","EnergyFlow","ChargeUpSpray","Secret Weapon","EnergyFlow"],"relics":["MiniHakkero","Bag of Preparation","Golden Idol","Regal Pillow","Juzu Bracelet","Oddly Smooth Stone","Runic Pyramid","MutagenicStrength","Matryoshka","Nilry\u0027s Codex","Kunai","Blue Candle","SimpleLauncher","PreservedInsect","Bag of Marbles","Black Star","HornCleat","CeramicFish","Orichalcum","Lantern","Happy Flower","ShroomBag","Old Coin","Bottled Lightning","Ginger","CaptainsWheel","OrangePellets","HandmadeGrimoire","Bird Faced Urn","Mercury Hourglass","TungstenRod","Incense Burner"],"acts_visited":["Exordium","TheCity","TheBeyond","TheEnding"],"potions_floor_usage":[16,31,37,38,50,55,55],"damage_taken":[{"damage":0.0,"enemies":"Small Slimes","floor":1.0,"turns":3.0},{"damage":1.0,"enemies":"2 Louse","floor":2.0,"turns":2.0},{"damage":1.0,"enemies":"Cultist","floor":5.0,"turns":3.0},{"damage":6.0,"enemies":"Lagavulin","floor":7.0,"turns":7.0},{"damage":13.0,"enemies":"Gremlin Nob","floor":10.0,"turns":4.0},{"damage":0.0,"enemies":"Looter","floor":12.0,"turns":2.0},{"damage":1.0,"enemies":"3 Louse","floor":13.0,"turns":4.0},{"damage":9,"enemies":"Large Slime","floor":14,"turns":5},{"damage":14,"enemies":"The Guardian","floor":16,"turns":12},{"damage":5,"enemies":"3 Byrds","floor":18,"turns":4},{"damage":3,"enemies":"Chosen","floor":22,"turns":5},{"damage":28,"enemies":"Gremlin Leader","floor":23,"turns":5},{"damage":7,"enemies":"Snecko","floor":25,"turns":5},{"damage":7,"enemies":"Slavers","floor":29,"turns":4},{"damage":6,"enemies":"Snake Plant","floor":31,"turns":2},{"damage":2,"enemies":"Champ","floor":33,"turns":4},{"damage":26,"enemies":"3 Darklings","floor":35,"turns":8},{"damage":7,"enemies":"3 Shapes","floor":37,"turns":5},{"damage":22,"enemies":"Writhing Mass","floor":38,"turns":7},{"damage":0,"enemies":"Reptomancer","floor":41,"turns":5},{"damage":0,"enemies":"Giant Head","floor":45,"turns":6},{"damage":2,"enemies":"Sphere and 2 Shapes","floor":46,"turns":4},{"damage":6,"enemies":"Mind Bloom Boss Battle","floor":47,"turns":5},{"damage":2,"enemies":"Jaw Worm Horde","floor":48,"turns":6},{"damage":41,"enemies":"Time Eater","floor":50,"turns":12},{"damage":2,"enemies":"Shield and Spear","floor":54,"turns":3},{"damage":0,"enemies":"The Heart","floor":55,"turns":6}],"seed_played":"7753232128405555326","potions_obtained":[{"floor":2.0,"key":"Weak Potion"},{"floor":10.0,"key":"AttackPotion"},{"floor":12.0,"key":"SkillPotion"},{"floor":18,"key":"SneckoOil"},{"floor":23,"key":"Weak Potion"},{"floor":33,"key":"Weak Potion"},{"floor":37,"key":"Explosive Potion"},{"floor":41,"key":"ShroomBrew"},{"floor":48,"key":"Block Potion"}],"is_trial":false,"path_per_floor":["M","M","?","?","M","R","E","R","T","E","?","M","M","M","R","B",null,"M","?","?","?","M","E","R","M","T","?","$","E","R","M","R","B",null,"M","$","M","M","?","R","E","R","T","R","E","M","?","M","R","B",null,"R","$","E","B",null],"character_chosen":"MARISA","items_purchased":["SimpleLauncher","PreservedInsect","OrangePellets","HandmadeGrimoire","Bird Faced Urn","UltimateShortwave","EnergyFlow","ChargeUpSpray","Strength Potion","BlessingOfTheForge","Secret Weapon"],"campfire_rested":2,"item_purchase_floors":[28,28,53,53,53,53,53,53,53,53,53],"current_hp_per_floor":[75,74,56,49,48,48,42,42,42,29,29,29,28,19,19,5,75,70,70,70,54,51,23,23,16,16,10,10,3,40,34,34,32,75,49,49,42,32,32,32,32,32,32,69,69,71,69,71,71,34,75,75,75,75,75],"gold":150,"neow_bonus":"RANDOM_COMMON_RELIC","is_daily":false,"chose_seed":false,"campfire_upgraded":8,"win_rate":0.0,"timestamp":1610858196,"path_taken":["M","M","?","?","M","R","E","R","T","E","?","M","M","M","R","BOSS","M","?","?","?","M","E","R","M","T","?","$","E","R","M","R","BOSS","M","$","M","M","?","R","E","R","T","R","E","M","?","M","R","BOSS","R","$","E","BOSS"],"items_purchased_type":["Relic","Relic","Relic","Relic","Relic","Card","Card","Card","Potion","Potion","Card"],"build_version":"2020-12-22","purchased_purges":3,"victory":true,"max_hp_per_floor":[75,75,75,75,75,75,75,75,75,75,75,75,75,75,75,75,75,75,75,75,75,75,75,75,75,75,75,75,75,75,75,75,75,75,75,75,75,75,75,75,75,75,75,75,75,75,75,75,75,75,75,75,75,75,75],"card_choices":[{"not_picked":["LuminesStrike","NonDirectionalLaser"],"picked":"MachineGunSpark","floor":1.0},{"not_picked":["GalacticHalo","StarlightTyphoon"],"picked":"UnstableBomb","floor":2.0},{"not_picked":["6A","NonDirectionalLaser","MysteriousBeam"],"picked":"SKIP","floor":5.0},{"not_picked":["BigCrunch","ShootingEcho","DragonMeteor"],"picked":"SKIP","floor":7.0},{"not_picked":["ShootingEcho","6A"],"picked":"FairyDestructionRay","floor":10.0},{"not_picked":["LuminesStrike","OpenUniverse"],"picked":"Robbery","floor":12.0},{"not_picked":["DC","UnstableBomb","GalacticHalo"],"picked":"SKIP","floor":13.0},{"not_picked":["WitchLeyline","StarBarrage"],"picked":"MagicAbsorber","floor":14},{"not_picked":["StarDustReverie","JA"],"picked":"AbsoluteMagnitude","floor":16},{"not_picked":["OneTimeOff","DC"],"picked":"MagicAbsorber","floor":18},{"not_picked":["NonDirectionalLaser+1","DoubleSpark","BlazeAway"],"picked":"SKIP","floor":22},{"not_picked":["DC","DarkSpark"],"picked":"CasketOfStar","floor":23},{"not_picked":["Acceleration","GravityBeat","GrandCross+1"],"picked":"SKIP","floor":25},{"not_picked":["6A","GrandCross"],"picked":"ManaConvection","floor":29},{"not_picked":["ManaConvection","DoubleSpark"],"picked":"ChargingUp","floor":31},{"not_picked":["EscapeVelocity","MillisecondPulsars"],"picked":"TreasureHunter","floor":33},{"not_picked":["MysteriousBeam+1","EventHorizon+1","WitchLeyline+1"],"picked":"SKIP","floor":35},{"not_picked":["ChargingUp","ShootTheMoon+1"],"picked":"OrrerysSun+1","floor":37},{"not_picked":["EventHorizon","DC","AlicesGift+1"],"picked":"SKIP","floor":38},{"not_picked":["6A+1","MysteriousBeam+1","IllusionStar+1"],"picked":"SKIP","floor":41},{"not_picked":["StarlightTyphoon+1","FairyDestructionRay+1"],"picked":"OrrerysSun","floor":45},{"not_picked":["ShootingEcho","LuminesStrike","GravityBeat"],"picked":"SKIP","floor":46},{"not_picked":["PowerUp","OpenUniverse+1","GravityBeat+1"],"picked":"SKIP","floor":48},{"not_picked":["AlicesGift+1","DoubleSpark"],"picked":"EnergyFlow","floor":54}],"player_experience":1212760,"relics_obtained":[{"floor":7.0,"key":"Regal Pillow"},{"floor":9.0,"key":"Juzu Bracelet"},{"floor":10.0,"key":"Oddly Smooth Stone"},{"floor":21,"key":"Nilry\u0027s Codex"},{"floor":23,"key":"Kunai"},{"floor":26,"key":"Blue Candle"},{"floor":29,"key":"Bag of Marbles"},{"floor":41,"key":"HornCleat"},{"floor":41,"key":"CeramicFish"},{"floor":41,"key":"Orichalcum"},{"floor":43,"key":"Lantern"},{"floor":43,"key":"Happy Flower"},{"floor":45,"key":"ShroomBag"},{"floor":45,"key":"Old Coin"},{"floor":45,"key":"Bottled Lightning"},{"floor":47,"key":"Ginger"},{"floor":47,"key":"CaptainsWheel"},{"floor":54,"key":"Mercury Hourglass"},{"floor":54,"key":"TungstenRod"},{"floor":54,"key":"Incense Burner"}],"event_choices":[{"damage_healed":0.0,"max_hp_gain":0.0,"max_hp_loss":0.0,"gold_gain":0.0,"event_name":"Golden Idol","player_choice":"Take Damage","floor":3.0,"gold_loss":0.0,"damage_taken":18.0,"relics_obtained":["Golden Idol"]},{"cards_removed":["Strike_MRS"],"damage_healed":0.0,"max_hp_gain":0.0,"max_hp_loss":0.0,"gold_gain":0.0,"event_name":"Golden Wing","player_choice":"Card Removal","floor":4.0,"gold_loss":0.0,"damage_taken":7.0},{"cards_removed":["Strike_MRS"],"damage_healed":0.0,"max_hp_gain":0.0,"max_hp_loss":0.0,"gold_gain":0.0,"event_name":"The Cleric","player_choice":"Card Removal","floor":11.0,"gold_loss":50.0,"damage_taken":0.0},{"damage_healed":0,"gold_gain":0,"player_choice":"Inject Mutagens","damage_taken":0,"relics_obtained":["MutagenicStrength"],"max_hp_gain":0,"max_hp_loss":0,"event_name":"Drug Dealer","floor":19,"gold_loss":0},{"damage_healed":0,"gold_gain":0,"player_choice":"Opened","damage_taken":0,"relics_obtained":["Matryoshka"],"max_hp_gain":0,"max_hp_loss":0,"event_name":"The Mausoleum","floor":20,"gold_loss":0},{"damage_healed":0,"gold_gain":0,"player_choice":"Obtained Book","damage_taken":16,"max_hp_gain":0,"max_hp_loss":0,"event_name":"Cursed Tome","floor":21,"gold_loss":0},{"damage_healed":0,"gold_gain":0,"player_choice":"","damage_taken":6,"max_hp_gain":0,"max_hp_loss":0,"event_name":"Knowing Skull","floor":27,"potions_obtained":[],"gold_loss":0,"cards_obtained":[]},{"damage_healed":0,"gold_gain":0,"player_choice":"Ignored","damage_taken":0,"max_hp_gain":0,"max_hp_loss":0,"event_name":"Tomb of Lord Red Mask","floor":39,"gold_loss":0},{"damage_healed":0,"gold_gain":0,"player_choice":"Fight","damage_taken":0,"max_hp_gain":0,"max_hp_loss":0,"event_name":"MindBloom","floor":47,"gold_loss":0}],"is_beta":false,"boss_relics":[{"not_picked":["Cursed Key","SacredBark"],"picked":"Runic Pyramid"},{"not_picked":["Astrolabe","Tiny House"],"picked":"Black Star"}],"items_purged_floors":[28,36,53],"is_endless":false,"potions_floor_spawned":[2,10,12,18,23,33,37,41,47,48],"ascension_level":0}}