{"host":"th1rgt4ohg3ajuw6","time":1610842684,"event":{"mods":["Act Like it!","Bard","BaseMod","Downfall","GifTheSpireLib","GungeonMod","Minty Spire (QoL Compilation)","Shop Mod","StSLib","Stuff the Spire"],"gold_per_floor":[115,132,147,165,177,177,209,226,272,272,272,291,305,405,405,500,500,511,141,161,180,9,43,43,43],"floor_reached":24,"language":"ENG","playtime":4377,"items_purged":[],"score":222,"play_id":"91dbc431-c5ce-4505-b0c5-39d2095547fd","local_time":"20210116161804","is_ascension_mode":false,"campfire_choices":[{"data":"bard:Aphasia","floor":6,"key":"SMITH"},{"floor":10,"key":"REST"},{"data":"bard:SixFourTime","floor":15,"key":"SMITH"}],"circlet_count":0,"master_deck":["bard:Strike","bard:Strike","bard:Strike","bard:Strike","bard:Defend+1","bard:Defend","bard:Defend","bard:Defend+1","bard:Riposte","bard:Inspire","bard:Aphasia+1","bard:SongBolt","bard:Parry","bard:ViciousMockery","bard:Silence","bard:Haste","bard:SixFourTime+1","bard:PrismaticSpray","bard:FeastOnFear","bard:Sonata","bard:InspiringSong","bard:SongBolt","bard:InspiringSong","bard:InspiringSong","bard:Parry","bard:FirstStrike","Enlightenment","bard:Sift","bard:Rhapsody"],"relics":["bard:PitchPipe","bard:BagPipes","InkBottle","War Paint","GremlinMask","Busted Crown","StuffTheSpire:Saxophone","Anchor","DemoMod:VorpalBullet"],"acts_visited":["Exordium","TheCity"],"potions_floor_usage":[7,13,16,23,24],"damage_taken":[{"damage":0,"enemies":"Small Slimes","floor":1,"turns":5},{"damage":0,"enemies":"Cultist","floor":2,"turns":5},{"damage":1,"enemies":"Jaw Worm","floor":3,"turns":4},{"damage":3,"enemies":"Lots of Slimes","floor":4,"turns":8},{"damage":7,"enemies":"Looter","floor":5,"turns":3},{"damage":11,"enemies":"3 Sentries","floor":7,"turns":9},{"damage":0,"enemies":"3 Louse","floor":8,"turns":4},{"damage":7,"enemies":"Large Slime","floor":12,"turns":7},{"damage":0,"enemies":"Gremlin Gang","floor":13,"turns":4},{"damage":16,"enemies":"Hexaghost","floor":16,"turns":12},{"damage":0,"enemies":"Shell Parasite","floor":18,"turns":8},{"damage":0,"enemies":"Chosen","floor":20,"turns":5},{"damage":6,"enemies":"Snake Plant","floor":21,"turns":8},{"damage":55,"enemies":"Gremlin Leader","floor":23,"turns":8},{"damage":16,"enemies":"Sentry and Sphere","floor":24,"turns":4}],"seed_played":"-4877196284594244875","potions_obtained":[{"floor":1,"key":"DuplicationPotion"},{"floor":4,"key":"SteroidPotion"},{"floor":12,"key":"Block Potion"},{"floor":13,"key":"bronze:BurnAndBuffPotion"},{"floor":21,"key":"SkillPotion"},{"floor":23,"key":"LiquidBronze"}],"is_trial":false,"path_per_floor":["M","M","M","M","M","R","E","M","T","R","?","M","M","?","R","B",null,"M","$","M","M","$","E","M"],"character_chosen":"BARD","items_purchased":["StuffTheSpire:Saxophone","Anchor","bard:SongBolt","bard:InspiringSong","bard:FirstStrike","Enlightenment","bard:Sift"],"campfire_rested":1,"item_purchase_floors":[19,19,19,19,22,22,22],"current_hp_per_floor":[77,77,76,73,66,66,55,55,55,77,77,70,70,70,70,54,77,77,77,77,71,71,16,0,0],"gold":43,"neow_bonus":"TEN_PERCENT_HP_BONUS","is_daily":false,"chose_seed":false,"campfire_upgraded":2,"win_rate":0.0,"timestamp":1610842684,"path_taken":["M","M","M","M","M","R","E","M","T","R","?","?","M","?","R","BOSS","M","?","M","M","$","E","M"],"items_purchased_type":["Relic","Relic","Card","Card","Card","Card","Card"],"build_version":"2020-12-22","purchased_purges":0,"victory":false,"max_hp_per_floor":[77,77,77,77,77,77,77,77,77,77,77,77,77,77,77,77,77,77,77,77,77,77,77,77,77],"card_choices":[{"not_picked":["bard:Thunderwave","bard:InspiringSong"],"picked":"bard:Aphasia","floor":1},{"not_picked":["bard:Solo","bard:StudiedStrike"],"picked":"bard:SongBolt","floor":2},{"not_picked":["bard:StudiedStrike","bard:Sift"],"picked":"bard:Parry","floor":3},{"not_picked":["bard:PhantasmalForce","bard:Parry"],"picked":"bard:ViciousMockery","floor":4},{"not_picked":["bard:HarmoniousVoice","bard:Parry"],"picked":"bard:Silence","floor":5},{"not_picked":["bard:SongBolt","bard:Parry"],"picked":"bard:Haste","floor":7},{"not_picked":["bard:SongBolt","bard:FeastOnFear"],"picked":"bard:SixFourTime","floor":8},{"not_picked":["bard:InspiringSong","bard:LingeringEcho"],"picked":"bard:PrismaticSpray","floor":12},{"not_picked":["bard:ViciousMockery","bard:StudiedStrike"],"picked":"bard:FeastOnFear","floor":13},{"not_picked":["bard:FingerOfDeath","bard:Wish"],"picked":"bard:Sonata","floor":16},{"not_picked":[],"picked":"bard:InspiringSong","floor":18},{"not_picked":[],"picked":"bard:InspiringSong","floor":20},{"not_picked":[],"picked":"bard:Parry","floor":21},{"not_picked":[],"picked":"bard:Rhapsody","floor":23}],"player_experience":235842,"relics_obtained":[{"floor":7,"key":"InkBottle"},{"floor":9,"key":"War Paint"},{"floor":23,"key":"DemoMod:VorpalBullet"}],"event_choices":[{"damage_healed":0,"gold_gain":0,"player_choice":"Trade","damage_taken":0,"relics_obtained":["GremlinMask"],"max_hp_gain":0,"max_hp_loss":0,"event_name":"FaceTrader","floor":11,"gold_loss":0},{"damage_healed":0,"gold_gain":100,"player_choice":"Pray","damage_taken":0,"max_hp_gain":0,"max_hp_loss":0,"event_name":"Golden Shrine","floor":14,"gold_loss":0}],"is_beta":false,"boss_relics":[{"not_picked":["Calling Bell","Ectoplasm"],"picked":"Busted Crown"}],"items_purged_floors":[],"is_endless":false,"potions_floor_spawned":[1,4,12,13,21,23],"killed_by":"Sentry and Sphere","ascension_level":0}}