{"host":"qj49eghpaxba70kv","time":1610919423,"event":{"mods":["ATMod(阿瑾Mod)","Act Like it!","Arknights The Spire","Aspiration","BaseMod","Dota2Spire","Energized Spire","Gensokyo","GungeonMod","Hermit","Hunter 猎人","KinomotoSakuraMod(木之本樱)","Koishi","Luminous","Minty Spire (QoL Compilation)","Pale of the Ancients","Permanent Neow","Prisma Mod","Quick Restart","Replay The Spire","Robot Space Explorer","StSLib","The Administrix","The Alterego","The Bug Knight","The Construct","The Hierophant","The Marked","The Senshi","UnlockEverythingMod","[GremlinLeader]The Maniac","vexMod","【功能Mod】混沌之环修复补丁","【遗物卡牌】REMEMod","篝火指南"],"gold_per_floor":[143,143,157,157,177,177,232,14,14,14,14,34,52,92,19,152,152,164,183,183,183,183],"floor_reached":21,"language":"ZHS","playtime":1003,"items_purged":["Clumsy"],"score":206,"play_id":"1b60fb0d-476f-4883-a96e-9b60ce29f3d5","local_time":"20210117153703","is_ascension_mode":false,"campfire_choices":[{"data":"Sacrifice Summons","floor":6,"key":"SMITH"},{"data":"GremlinNobPetCall","floor":10,"key":"SMITH"}],"circlet_count":0,"master_deck":["Strike_Giant","Strike_Giant","Defend_Giant","Defend_Giant","Defend_Giant","Defend_Giant","CultistPetCall","EagleFirst","EagleFirst","EagleSecond","TakeAction_Giant","Random Death Rattle","Sacrifice Summons+1","theMarked:BindingBlade","ByrdPetCall","Fanatic Cultist","HealerPetCall","Double Mana","ReplayTheSpireMod:Brewmster"],"relics":["GiantSoulBox","AT_ATBox","REME_ComplimentaryCards","NeowsBlessing","Gensokyo:CelestialsFlawlessClothing","Gensokyo:NagashiBinaDoll","Bronze Scales","AT_ForceNature","Gensokyo:OccultBall","GiantSoulStone","REME_LowDesire","Dota2Spire:DrumOfEndurance","DemoMod:WhiteGuonStone"],"acts_visited":["Exordium","Gensokyo:Gensokyo"],"potions_floor_usage":[16,18],"damage_taken":[{"damage":0,"enemies":"Gensokyo:2_Kodama","floor":1,"turns":1},{"damage":0,"enemies":"Gensokyo:Python","floor":3,"turns":1},{"damage":0,"enemies":"Gensokyo:3_Fairies","floor":5,"turns":1},{"damage":51,"enemies":"Gensokyo:Aya","floor":7,"turns":7},{"damage":0,"enemies":"Gensokyo:LivingMonolith","floor":12,"turns":2},{"damage":50,"enemies":"Gensokyo:3_Kodama","floor":13,"turns":7},{"damage":10,"enemies":"Gensokyo:CorruptedTreant","floor":14,"turns":3},{"damage":28,"enemies":"Gensokyo:Yukari","floor":16,"turns":12},{"damage":18,"enemies":"Gensokyo:2_Gloops","floor":18,"turns":6},{"damage":39,"enemies":"Gensokyo:CosmicMonolith","floor":19,"turns":5},{"damage":0,"enemies":"Gensokyo:Wraith","floor":21,"turns":1}],"seed_played":"-5203189472675639733","potions_obtained":[{"floor":5,"key":"LiquidBronze"},{"floor":12,"key":"Weak Potion"},{"floor":14,"key":"Adrenaline Potion"},{"floor":16,"key":"Weak Potion"}],"is_trial":false,"path_per_floor":["M","?","M","?","M","R","E","$","T","R","?","M","M","M","R","B",null,"M","M","?","M"],"character_chosen":"Giant","items_purchased":["GremlinNobPetCall","HealerPetCall"],"campfire_rested":0,"item_purchase_floors":[8,15],"current_hp_per_floor":[65,49,49,49,49,49,11,11,11,11,11,11,35,30,30,27,80,80,49,49,49,49],"gold":183,"neow_bonus":"THREE_ENEMY_KILL","is_daily":false,"chose_seed":false,"campfire_upgraded":2,"win_rate":0.0,"timestamp":1610919423,"path_taken":["M","?","?","?","M","R","E","?","T","R","?","M","?","M","R","BOSS","M","M","?","?"],"items_purchased_type":["Card","Card"],"build_version":"2020-12-22","purchased_purges":1,"victory":false,"max_hp_per_floor":[65,65,65,65,65,65,70,70,70,70,70,70,70,75,75,80,80,80,80,80,80,80],"card_choices":[{"not_picked":["HPGrowth_Giant","Struggle Attack"],"picked":"TakeAction_Giant","floor":1},{"not_picked":["Combo Recycle","Trace_Giant"],"picked":"Random Death Rattle","floor":3},{"not_picked":["Backflip Giant","Combo Defend"],"picked":"Sacrifice Summons","floor":5},{"not_picked":["Mana Growth","Resurrection Giant"],"picked":"ByrdPetCall","floor":7},{"not_picked":["Retain Combo","Pummel Giant","Struggle Attack"],"picked":"SKIP","floor":12},{"not_picked":["Echo Defend Giant","GremlinTsunderePetCall"],"picked":"Fanatic Cultist","floor":13},{"not_picked":["Pummel Giant","Random Death Rattle","Trace_Giant"],"picked":"SKIP","floor":14},{"not_picked":["One Blood","MultiTurn_Giant"],"picked":"Double Mana","floor":16},{"not_picked":["Fanatic Cultist","Commander_Giant+1","Random Death Rattle"],"picked":"ReplayTheSpireMod:Brewmster","floor":18},{"not_picked":["HPGrowth_Giant+1","TakeAction_Giant","Combo Defend","Secret Weapon"],"picked":"SKIP","floor":19}],"player_experience":42480,"relics_obtained":[{"floor":7,"key":"Bronze Scales"},{"floor":9,"key":"AT_ForceNature"},{"floor":16,"key":"GiantSoulStone"},{"floor":16,"key":"Gensokyo:OccultBall"},{"floor":17,"key":"Dota2Spire:DrumOfEndurance"},{"floor":17,"key":"DemoMod:WhiteGuonStone"}],"event_choices":[],"is_beta":false,"boss_relics":[{"not_picked":["vexMod:MegatonBomb","Tiny House"],"picked":"REME_LowDesire"}],"items_purged_floors":[8],"is_endless":false,"potions_floor_spawned":[5,12,14,16],"killed_by":"Gensokyo:Wraith","ascension_level":0}}