{"host":"st1kg310ms6sytc5","time":1610909811,"event":{"mods":["Act Like it!","BaseMod","CapriCore","Downfall","Minty Spire (QoL Compilation)","StSLib","SuperFastMode"],"gold_per_floor":[99,115,265,265,277,262,262,293,313,348,368,386,386,415,434,538,538,438,454,472,232,232,232,258,268,287,287,321,321,339,373,392,493,493,493,503,733,785,834,865,865,877,677,696,727,742,1092,1104,1121,1121,1121,1149,34,34,34,34],"floor_reached":57,"language":"ZHS","playtime":4298,"items_purged":["bronze:Strike","bronze:Strike"],"score":1243,"play_id":"a65c2416-d9bf-4f73-afd2-4d5a76623797","local_time":"20210118025651","is_ascension_mode":true,"campfire_choices":[{"data":"bronze:Replicate","floor":1.0,"key":"SMITH"},{"data":"bronze:Philosophize","floor":13.0,"key":"SMITH"},{"data":"bronze:Goto","floor":18.0,"key":"SMITH"},{"data":"bronze:Deprecate","floor":27.0,"key":"SMITH"},{"data":"bronze:Boost","floor":29.0,"key":"SMITH"},{"floor":35.0,"key":"RECALL"},{"data":"bronze:HardenedForm","floor":43.0,"key":"SMITH"},{"data":"bronze:Invalidate","floor":54.0,"key":"SMITH"}],"circlet_count":0,"master_deck":["bronze:Strike","bronze:Defend","bronze:Defend","bronze:Defend","bronze:Defend","bronze:Replicate+1","bronze:Goto+1","Finesse","bronze:ForceShield","bronze:InfiniteBeams","bronze:Philosophize+1","bronze:FineTuning","bronze:DelayedSlice","bronze:InfiniteLoop","bronze:HardenedForm+1","bronze:Deprecate+1","bronze:Refactor","bronze:SpaghettiCode","bronze:Frontload+1","bronze:Boost+1","bronze:Optimize+1","bronze:BitShift+1","bronze:Invalidate+1","bronze:Return+1","bronze:ChildClass+1","bronze:ClassDefault+1","bronze:Optimize+1","bronze:MaxOutput+1","bronze:Verify+1","bronze:Verify+1","bronze:ClassDefault+1","bronze:Repulsor+1","bronze:Verify+1","bronze:HardenedForm+1","bronze:Optimize+1","bronze:ClassDefault+1"],"relics":["bronze:BronzeCore","Spirit Poop","Meat on the Bone","Tiny Chest","Slimebound:PreparedRelic","Letter Opener","Black Star","downfall:HeartBlessingGreen","Nunchaku","Happy Flower","Frozen Egg 2","Boot","Regal Pillow","Bag of Marbles","Philosopher\u0027s Stone","hexamod:Sixitude","champ:DeflectingBracers","Anchor","Bottled Tornado","downfall:HeartBlessingRed","downfall:HeartBlessingBlue","Guardian:PocketSentry","The Courier","Old Coin","Kunai","Turnip","Mummified Hand"],"acts_visited":["Exordium","TheCity","TheBeyond","TheEnding"],"potions_floor_usage":[],"damage_taken":[{"damage":4.0,"enemies":"2 Louse","floor":2.0,"turns":3.0},{"damage":0.0,"enemies":"Cultist","floor":5.0,"turns":4.0},{"damage":0.0,"enemies":"downfall:FleeingMerchant","floor":6.0,"turns":4.0},{"damage":11.0,"enemies":"3 Sentries","floor":8.0,"turns":6.0},{"damage":0.0,"enemies":"Small Slimes","floor":9.0,"turns":2.0},{"damage":11.0,"enemies":"Lagavulin","floor":10.0,"turns":6.0},{"damage":13.0,"enemies":"Exordium Thugs","floor":11.0,"turns":4.0},{"damage":15.0,"enemies":"Exordium Wildlife","floor":12.0,"turns":4.0},{"damage":8.0,"enemies":"3 Sentries","floor":14.0,"turns":5.0},{"damage":0.0,"enemies":"Large Slime","floor":15.0,"turns":4.0},{"damage":24.0,"enemies":"WA_ARCHETYPE_RETAIN","floor":16.0,"turns":6.0},{"damage":0.0,"enemies":"Spheric Guardian","floor":19.0,"turns":2.0},{"damage":0.0,"enemies":"Snecko","floor":20.0,"turns":7.0},{"damage":4.0,"enemies":"downfall:FleeingMerchant","floor":21.0,"turns":4.0},{"damage":7.0,"enemies":"Snake Plant","floor":25.0,"turns":6.0},{"damage":2.0,"enemies":"3 Cultists","floor":26.0,"turns":4.0},{"damage":0.0,"enemies":"Gremlin Leader","floor":28.0,"turns":5.0},{"damage":0.0,"enemies":"Centurion and Healer","floor":30.0,"turns":5.0},{"damage":15.0,"enemies":"Book of Stabbing","floor":31.0,"turns":7.0},{"damage":1.0,"enemies":"Sentry and Sphere","floor":32.0,"turns":5.0},{"damage":9.0,"enemies":"SI_MIRROR_ARCHETYPE","floor":33.0,"turns":8.0},{"damage":0.0,"enemies":"3 Shapes","floor":36.0,"turns":2.0},{"damage":7.0,"enemies":"downfall:FleeingMerchant","floor":37.0,"turns":4.0},{"damage":28.0,"enemies":"2 Orb Walkers","floor":38.0,"turns":7.0},{"damage":0.0,"enemies":"Reptomancer","floor":40.0,"turns":6.0},{"damage":13.0,"enemies":"3 Darklings","floor":42.0,"turns":4.0},{"damage":0.0,"enemies":"Maw","floor":44.0,"turns":4.0},{"damage":0.0,"enemies":"Giant Head","floor":45.0,"turns":6.0},{"damage":10.0,"enemies":"Jaw Worm Horde","floor":46.0,"turns":4.0},{"damage":0.0,"enemies":"Jaw Worm Horde","floor":47.0,"turns":4.0},{"damage":0.0,"enemies":"Writhing Mass","floor":48.0,"turns":4.0},{"damage":0.0,"enemies":"Transient","floor":49.0,"turns":5.0},{"damage":12.0,"enemies":"DF_ARCHETYPE_ORBS","floor":50.0,"turns":7.0},{"damage":25.0,"enemies":"downfall:CharBossMerchant","floor":52.0,"turns":5.0},{"damage":0.0,"enemies":"downfall:NeowBoss","floor":55.0,"turns":8.0},{"damage":7,"enemies":"downfall:NeowBoss","floor":56,"turns":10}],"seed_played":"-1515040680347302276","potions_obtained":[{"floor":2.0,"key":"Fire Potion"},{"floor":9.0,"key":"Guardian:BlockOnCardUsePotion"},{"floor":10.0,"key":"SkillPotion"},{"floor":11.0,"key":"Fire Potion"},{"floor":16.0,"key":"GamblersBrew"},{"floor":31.0,"key":"SkillPotion"},{"floor":33.0,"key":"Fire Potion"},{"floor":38.0,"key":"PowerPotion"},{"floor":44.0,"key":"Swift Potion"}],"is_trial":false,"path_per_floor":["R","M","?","?","M","$","T","E","M","E","M","M","R","E","M","B",null,"R","M","M","$","?","?","T","M","M","R","E","R","M","E","M","B",null,"R","M","$","?","T","E","T","M","R","M","E","M","?","M","M","B",null,"E","$","R","B","B",null],"character_chosen":"THE_AUTOMATON","items_purchased":["Nunchaku","Mummified Hand","bronze:ClassDefault+1","bronze:Optimize+1","bronze:MaxOutput+1","bronze:Verify+1","bronze:Verify+1","bronze:ClassDefault+1","bronze:Repulsor+1","bronze:Verify+1","bronze:HardenedForm+1","bronze:Optimize+1","bronze:ClassDefault+1"],"campfire_rested":0,"item_purchase_floors":[21,53,53,53,53,53,53,53,53,53,53,53,53],"current_hp_per_floor":[70,66,66,66,66,66,66,55,55,44,43,40,40,44,44,32,70,70,70,70,66,66,66,66,59,57,57,57,57,57,42,41,44,70,70,70,63,47,47,47,47,46,56,56,56,46,46,46,46,46,80,55,55,55,55,48],"gold":34,"neow_bonus":"RANDOM_COLORLESS","is_daily":false,"chose_seed":false,"campfire_upgraded":7,"win_rate":0.0,"timestamp":1610909811,"path_taken":["R","M","?","?","?","?","T","E","M","E","M","M","R","E","M","BOSS","R","M","M","$","?","?","T","M","M","R","E","R","M","E","M","BOSS","R","M","$","?","?","E","T","M","R","M","E","M","?","?","M","BOSS","E","$","R","BOSS","BOSS"],"items_purchased_type":["Relic","Relic","Card","Card","Card","Card","Card","Card","Card","Card","Card","Card","Card"],"build_version":"2020-12-22","purchased_purges":2,"victory":true,"max_hp_per_floor":[70,70,70,70,70,70,70,70,70,70,70,70,70,70,70,70,70,70,70,70,70,70,70,70,70,70,70,70,70,70,70,70,70,70,70,70,70,70,70,70,70,70,80,80,80,80,80,80,80,80,80,80,80,80,80,80],"card_choices":[{"not_picked":["Good Instincts","Forethought"],"picked":"Finesse","floor":0.0},{"not_picked":["bronze:Iterate","bronze:Overheat"],"picked":"bronze:ForceShield","floor":2.0},{"not_picked":["bronze:BitShift","bronze:Constructor"],"picked":"bronze:InfiniteBeams","floor":5.0},{"not_picked":["bronze:Constructor","bronze:Overheat","bronze:DelayedGuard"],"picked":"SKIP","floor":8.0},{"not_picked":["bronze:ForLoop","bronze:Separator"],"picked":"bronze:Philosophize","floor":9.0},{"not_picked":["bronze:Iterate","bronze:DelayedGuard"],"picked":"bronze:FineTuning","floor":10.0},{"not_picked":["bronze:Separator","bronze:Overload"],"picked":"bronze:DelayedSlice","floor":11.0},{"not_picked":["bronze:DelayedSlice","bronze:Separator","bronze:BugBarrage"],"picked":"SKIP","floor":12.0},{"not_picked":["bronze:Optimize","bronze:Repulsor"],"picked":"bronze:InfiniteLoop","floor":14.0},{"not_picked":["bronze:DelayedSlice","bronze:BugBarrage","bronze:Separator"],"picked":"SKIP","floor":15.0},{"not_picked":["bronze:Mutator","bronze:HyperBeam"],"picked":"bronze:HardenedForm","floor":16.0},{"not_picked":["bronze:DelayedSlice","bronze:FollowUp"],"picked":"bronze:Deprecate","floor":19.0},{"not_picked":["bronze:Shell","bronze:ForceShield"],"picked":"bronze:Refactor","floor":20.0},{"not_picked":["bronze:Overheat","bronze:DelayedSlice"],"picked":"bronze:SpaghettiCode","floor":21.0},{"not_picked":["bronze:DarkDash+1","bronze:Branch","bronze:Iterate"],"picked":"SKIP","floor":25.0},{"not_picked":["bronze:Safeguard","bronze:Branch"],"picked":"bronze:Frontload+1","floor":26.0},{"not_picked":["bronze:Refactor+1","bronze:WhirlingStrike"],"picked":"bronze:Boost","floor":28.0},{"not_picked":["bronze:Overheat","bronze:BronzeArmor"],"picked":"bronze:Optimize+1","floor":30.0},{"not_picked":["bronze:BurnOut","bronze:ItsAFeature+1"],"picked":"bronze:BitShift+1","floor":31.0},{"not_picked":["bronze:DelayedGuard","bronze:Overheat"],"picked":"bronze:Invalidate","floor":32.0},{"not_picked":["bronze:DelayedSlice","bronze:Backtrace","bronze:BugBarrage+1"],"picked":"SKIP","floor":36.0},{"not_picked":["bronze:Overheat","bronze:ForceShield","bronze:Deprecate"],"picked":"SKIP","floor":37.0},{"not_picked":["bronze:BronzeArmor+1","bronze:WildBeam"],"picked":"bronze:Return+1","floor":38.0},{"not_picked":["bronze:Refactor","bronze:Branch","bronze:Repair"],"picked":"SKIP","floor":40.0},{"not_picked":["bronze:BugBarrage+1","bronze:DelayedGuard","bronze:WhirlingStrike+1"],"picked":"SKIP","floor":42.0},{"not_picked":["bronze:BitShift+1","bronze:InfiniteBeams+1","bronze:Frontload"],"picked":"SKIP","floor":44.0},{"not_picked":["bronze:SpaghettiCode","bronze:BronzeArmor+1","bronze:Philosophize"],"picked":"SKIP","floor":45.0},{"not_picked":["bronze:Return+1","bronze:Iterate","bronze:Shield"],"picked":"SKIP","floor":46.0},{"not_picked":["bronze:Iterate+1","bronze:BronzeArmor+1"],"picked":"bronze:ChildClass+1","floor":47.0},{"not_picked":["bronze:DelayedGuard","bronze:BitShift","bronze:DelayedSlice+1"],"picked":"SKIP","floor":48.0},{"not_picked":["bronze:BuggyMess+1","bronze:Allocate","bronze:Frontload"],"picked":"SKIP","floor":49.0},{"not_picked":["bronze:DarkDash","bronze:CutThrough","bronze:ChosenStrike+1"],"picked":"SKIP","floor":52.0}],"player_experience":1551880,"relics_obtained":[{"floor":7.0,"key":"Meat on the Bone"},{"floor":8.0,"key":"Tiny Chest"},{"floor":10.0,"key":"Slimebound:PreparedRelic"},{"floor":14.0,"key":"Letter Opener"},{"floor":24.0,"key":"Happy Flower"},{"floor":28.0,"key":"Frozen Egg 2"},{"floor":28.0,"key":"Boot"},{"floor":31.0,"key":"Regal Pillow"},{"floor":31.0,"key":"Bag of Marbles"},{"floor":38.0,"key":"hexamod:Sixitude"},{"floor":40.0,"key":"champ:DeflectingBracers"},{"floor":40.0,"key":"Anchor"},{"floor":41.0,"key":"Bottled Tornado"},{"floor":45.0,"key":"Guardian:PocketSentry"},{"floor":45.0,"key":"The Courier"},{"floor":47.0,"key":"Old Coin"},{"floor":52.0,"key":"Kunai"},{"floor":52.0,"key":"Turnip"}],"event_choices":[{"cards_removed":["downfall:Icky"],"damage_healed":0.0,"max_hp_gain":0.0,"max_hp_loss":0.0,"gold_gain":0.0,"event_name":"Bonfire Elementals","player_choice":"Offered Curse","floor":4.0,"gold_loss":0.0,"damage_taken":0.0,"relics_obtained":["Spirit Poop"]},{"cards_removed":["bronze:Strike"],"damage_healed":0.0,"max_hp_gain":0.0,"max_hp_loss":0.0,"gold_gain":0.0,"event_name":"Bonfire Elementals","player_choice":"Offered Basic","floor":6.0,"gold_loss":0.0,"damage_taken":0.0},{"damage_healed":0.0,"max_hp_gain":0.0,"max_hp_loss":0.0,"gold_gain":0.0,"event_name":"Ghosts","player_choice":"Ignored","floor":22.0,"gold_loss":0.0,"damage_taken":0.0},{"damage_healed":0.0,"max_hp_gain":0.0,"max_hp_loss":0.0,"gold_gain":0.0,"event_name":"Vampires","player_choice":"Ignored","floor":23.0,"gold_loss":0.0,"damage_taken":0.0},{"damage_healed":0.0,"max_hp_gain":0.0,"max_hp_loss":0.0,"gold_gain":0.0,"event_name":"Mysterious Sphere","player_choice":"Fight","floor":38.0,"gold_loss":0.0,"damage_taken":0.0}],"is_beta":false,"boss_relics":[{"not_picked":["Fusion Hammer","Tiny House"],"picked":"Black Star"},{"not_picked":["bronze:MakeshiftBattery","Runic Pyramid"],"picked":"Philosopher\u0027s Stone"}],"items_purged_floors":[21,37],"is_endless":false,"potions_floor_spawned":[2,9,10,11,16,19,25,26,31,33,38,44,45,48,49,52],"ascension_level":1}}