{"host":"jfdrqiydeufe5vnu","time":1610874265,"event":{"mods":["ATMod(阿瑾Mod)","Arknights The Spire","BaseMod","BetterRewards","Downfall","Energized Spire","LagranYue(拉格朗・月)","Minty Spire (QoL Compilation)","Spicy Shops","StSLib","UnlockEverythingMod","vexMod","【遗物卡牌】REMEMod","篝火指南"],"gold_per_floor":[119,19,194,194,194,224,273,302,302,302,321,334,364,15,15,116,782,792,792,865,123,141,141,173,173,197,216,216,248,268,284,9,109,109,109,109,143,143,158,5,5,19,72,20,52,52,64,83,83,83,83,83,9,36,36,36],"floor_reached":55,"language":"ZHS","playtime":2340,"items_purged":["Guardian:ExploitGems","Strike_G","Strike_G"],"score":1218,"play_id":"3c36bf1c-d929-42b1-b08b-49b8275391b4","local_time":"20210117170425","is_ascension_mode":false,"campfire_choices":[{"floor":10.0,"key":"REST"},{"floor":15.0,"key":"REST"},{"floor":23.0,"key":"RECALL"},{"data":"Noxious Fumes","floor":25.0,"key":"SMITH"},{"data":"Prepared","floor":28.0,"key":"SMITH"},{"data":"Madness","floor":46.0,"key":"SMITH"},{"data":"Madness","floor":49.0,"key":"SMITH"},{"data":"Bouncing Flask","floor":52,"key":"SMITH"}],"circlet_count":0,"master_deck":["Strike_G+1","Strike_G","Strike_G+1","Defend_G","Defend_G","Defend_G","Defend_G","Defend_G","Survivor","Neutralize","AT_FamilyPortrait+1","Bouncing Flask+1","Noxious Fumes+1","Prepared+1","Prepared","Prepared","Bouncing Flask","Enlightenment","Crippling Poison+1","Concentrate","Poisoned Stab","Prepared","Madness+1","Madness+1","Underhanded Strike+1","Backflip+1","AT_MyraUnstableElement"],"relics":["Ring of the Snake","REME_ComplimentaryCards","AT_ATBox","LagranYue:RandomDrawCardRelic","PreservedInsect","Tiny Chest","AT_SunfireAegis","Anchor","AT_RedTearstoneRing","LagranYue:NewUniverseRelic","Medical Kit","Art of War","Paper Crane","AT_SeraphEmbrace","HornCleat","AT_DeathDance","vexMod:BarristanHead","vexMod:Cooldron","vexMod:RockOfEvil","DollysMirror","AT_ChloranthyRing","Oddly Smooth Stone","Sundial","Dream Catcher","Toy Ornithopter","Whetstone","Toolbox","LagranYue:ContractPerformanceRelic","vexMod:HeadHunter","Membership Card","AT_BladeRuinedKing","Molten Egg 2","Centennial Puzzle","Turnip"],"acts_visited":["Exordium","TheCity","TheBeyond","TheEnding"],"potions_floor_usage":[50,50,54,55,55,55],"damage_taken":[{"damage":0.0,"enemies":"2 Louse","floor":1.0,"turns":2.0},{"damage":0.0,"enemies":"Lagavulin","floor":6.0,"turns":3.0},{"damage":2.0,"enemies":"3 Sentries","floor":8.0,"turns":4.0},{"damage":0.0,"enemies":"Small Slimes","floor":11.0,"turns":1.0},{"damage":0.0,"enemies":"Jaw Worm","floor":12.0,"turns":2.0},{"damage":0.0,"enemies":"Slime Boss","floor":16.0,"turns":4.0},{"damage":0.0,"enemies":"Chosen","floor":18.0,"turns":4.0},{"damage":8.0,"enemies":"Shell Parasite","floor":22.0,"turns":4.0},{"damage":0.0,"enemies":"Gremlin Leader","floor":24.0,"turns":3.0},{"damage":0.0,"enemies":"Centurion and Healer","floor":27.0,"turns":3.0},{"damage":0.0,"enemies":"Slavers","floor":29.0,"turns":3.0},{"damage":0.0,"enemies":"Cultist and Chosen","floor":30.0,"turns":3.0},{"damage":0.0,"enemies":"Snake Plant","floor":31.0,"turns":3.0},{"damage":0.0,"enemies":"Champ","floor":33.0,"turns":6.0},{"damage":0.0,"enemies":"3 Darklings","floor":35.0,"turns":1.0},{"damage":2.0,"enemies":"3 Shapes","floor":37.0,"turns":2.0},{"damage":11.0,"enemies":"Spire Growth","floor":39.0,"turns":3.0},{"damage":4.0,"enemies":"Maw","floor":42.0,"turns":3.0},{"damage":0.0,"enemies":"Reptomancer","floor":45.0,"turns":1.0},{"damage":2.0,"enemies":"Sphere and 2 Shapes","floor":47.0,"turns":2.0},{"damage":4.0,"enemies":"Writhing Mass","floor":48.0,"turns":3.0},{"damage":19,"enemies":"Awakened One","floor":50,"turns":7},{"damage":3,"enemies":"Shield and Spear","floor":54,"turns":2},{"damage":75,"enemies":"The Heart","floor":55,"turns":6}],"seed_played":"566010967109822999","potions_obtained":[{"floor":1.0,"key":"bronze:BurnAndBuffPotion"},{"floor":11.0,"key":"CultistPotion"},{"floor":24.0,"key":"EntropicBrew"},{"floor":30.0,"key":"EntropicBrew"},{"floor":33.0,"key":"EntropicBrew"},{"floor":39.0,"key":"EntropicBrew"},{"floor":45.0,"key":"EntropicBrew"},{"floor":48.0,"key":"EntropicBrew"},{"floor":54,"key":"EntropicBrew"}],"is_trial":false,"path_per_floor":["M","$","?","?","?","E","T","E","T","R","M","M","?","$","R","B",null,"M","?","T","$","M","R","E","R","T","M","R","E","M","M","R","B",null,"M","?","M","T","M","R","?","M","T","R","E","R","M","M","R","B",null,"R","$","E","B"],"character_chosen":"THE_SILENT","items_purchased":["PreservedInsect","Tiny Chest","AT_SunfireAegis","Anchor","AT_RedTearstoneRing","LagranYue:NewUniverseRelic","Medical Kit","Bouncing Flask","vexMod:BarristanHead","vexMod:Cooldron","Dexterity Potion","DollysMirror","AT_ChloranthyRing","Oddly Smooth Stone","Sundial","Enlightenment","Toolbox","Membership Card","EntropicBrew","Centennial Puzzle"],"campfire_rested":2,"item_purchase_floors":[0,0,0,0,0,0,0,0,14,14,14,21,21,21,21,21,32,40,44,53],"current_hp_per_floor":[28,28,28,3,3,3,3,1,1,22,22,22,22,22,43,43,70,70,70,70,70,62,62,62,62,62,70,70,70,70,70,70,70,70,70,70,68,68,62,62,57,66,66,70,70,70,68,70,70,59,70,70,70,70,0,0],"gold":36,"neow_bonus":"","is_daily":false,"chose_seed":false,"campfire_upgraded":5,"win_rate":0.0,"timestamp":1610874265,"path_taken":["M","$","?","?","?","E","?","E","T","R","M","?","?","$","R","BOSS","M","?","?","?","M","R","E","R","T","M","R","E","M","?","R","BOSS","M","?","M","?","M","R","?","M","T","R","E","R","M","?","R","BOSS","R","$","E","BOSS"],"items_purchased_type":["Relic","Relic","Relic","Relic","Relic","Relic","Relic","Card","Relic","Relic","Potion","Relic","Relic","Relic","Relic","Card","Relic","Relic","Potion","Relic"],"build_version":"2020-12-22","purchased_purges":3,"victory":false,"max_hp_per_floor":[70,70,70,70,70,70,70,70,70,70,70,70,70,70,70,70,70,70,70,70,70,70,70,70,70,70,70,70,70,70,70,70,70,70,70,70,70,70,70,70,70,70,70,70,70,70,70,70,70,70,70,70,70,70,70,70],"card_choices":[{"not_picked":["Underhanded Strike","Dagger Spray"],"picked":"Noxious Fumes","floor":1.0},{"not_picked":["Poisoned Stab","AT_TinkerSharpsword"],"picked":"Prepared","floor":6.0},{"not_picked":["REME_ShadowStrike","Wraith Form v2","Die Die Die"],"picked":"SKIP","floor":8.0},{"not_picked":["Cloak And Dagger","Sucker Punch","Finisher"],"picked":"SKIP","floor":11.0},{"not_picked":["Concentrate","Blur"],"picked":"Prepared","floor":12.0},{"not_picked":["Underhanded Strike","Bane","Riddle With Holes"],"picked":"SKIP","floor":18.0},{"not_picked":["Sucker Punch","Dodge and Roll","All Out Attack"],"picked":"SKIP","floor":22.0},{"not_picked":["Poisoned Stab","Deadly Poison"],"picked":"Crippling Poison+1","floor":24.0},{"not_picked":["Backflip","PiercingWail"],"picked":"Concentrate","floor":27.0},{"not_picked":["Finisher","Sucker Punch","AT_WindRun+1"],"picked":"SKIP","floor":29.0},{"not_picked":["Masterful Stab+1","Dodge and Roll","Dagger Throw"],"picked":"SKIP","floor":30.0},{"not_picked":["Well Laid Plans","Backflip"],"picked":"Poisoned Stab","floor":31.0},{"not_picked":["Blade Dance","AT_ArcaneSupremacy","Predator"],"picked":"SKIP","floor":37.0},{"not_picked":["AT_ThistleTea","Slice"],"picked":"Prepared","floor":39.0},{"not_picked":["AT_WomanClash+1","AT_KneejerkReflex+1"],"picked":"Underhanded Strike+1","floor":42.0},{"not_picked":["Die Die Die+1","After Image","Unload+1"],"picked":"SKIP","floor":45.0},{"not_picked":["Dagger Throw+1","Sucker Punch+1","Slice+1"],"picked":"SKIP","floor":45.0},{"not_picked":["AT_TwilightShroud+1","Slice+1","Dodge and Roll+1"],"picked":"SKIP","floor":47.0},{"not_picked":["REME_LeechingPoison","Expertise"],"picked":"Backflip+1","floor":48.0},{"not_picked":["A Thousand Cuts","Tools of the Trade"],"picked":"AT_MyraUnstableElement","floor":54},{"not_picked":["Eviscerate+1","Dagger Throw+1","Tactician"],"picked":"SKIP","floor":54}],"player_experience":70412,"relics_obtained":[{"floor":6.0,"key":"Paper Crane"},{"floor":7.0,"key":"AT_ArchangelStaff"},{"floor":8.0,"key":"HornCleat"},{"floor":9.0,"key":"AT_DeathDance"},{"floor":24.0,"key":"Dream Catcher"},{"floor":26.0,"key":"Toy Ornithopter"},{"floor":29.0,"key":"Whetstone"},{"floor":38.0,"key":"vexMod:HeadHunter"},{"floor":43.0,"key":"AT_BladeRuinedKing"},{"floor":45.0,"key":"Molten Egg 2"},{"floor":54,"key":"Turnip"}],"event_choices":[{"damage_healed":0.0,"max_hp_gain":0.0,"max_hp_loss":0.0,"gold_gain":175.0,"event_name":"Liars Game","player_choice":"AGREE","floor":3.0,"gold_loss":0.0,"damage_taken":0.0,"cards_obtained":["Doubt"]},{"damage_healed":0.0,"max_hp_gain":0.0,"max_hp_loss":0.0,"gold_gain":0.0,"event_name":"Scrap Ooze","player_choice":"Success","floor":4.0,"gold_loss":0.0,"damage_taken":25.0,"relics_obtained":["Art of War"]},{"damage_healed":0.0,"max_hp_gain":0.0,"max_hp_loss":0.0,"gold_gain":0.0,"event_name":"Shining Light","player_choice":"Ignored","floor":5.0,"gold_loss":0.0,"damage_taken":0.0},{"damage_healed":0.0,"max_hp_gain":0.0,"max_hp_loss":0.0,"gold_gain":30.0,"event_name":"Dead Adventurer","player_choice":"Searched \u00272\u0027 times","floor":13.0,"gold_loss":0.0,"damage_taken":0.0},{"damage_healed":0.0,"max_hp_gain":0.0,"max_hp_loss":0.0,"gold_gain":0.0,"event_name":"Upgrade Shrine","player_choice":"Upgraded","floor":19.0,"gold_loss":0.0,"damage_taken":0.0,"cards_upgraded":["AT_FamilyPortrait"]},{"cards_removed":["Doubt"],"damage_healed":0.0,"max_hp_gain":0.0,"max_hp_loss":0.0,"gold_gain":0.0,"event_name":"Fountain of Cleansing","player_choice":"Removed Curses","floor":36.0,"gold_loss":0.0,"damage_taken":0.0},{"damage_healed":0.0,"max_hp_gain":0.0,"max_hp_loss":0.0,"gold_gain":0.0,"event_name":"Winding Halls","player_choice":"Embrace Madness","floor":41.0,"gold_loss":0.0,"damage_taken":9.0,"cards_obtained":["Madness","Madness"]}],"is_beta":false,"boss_relics":[{"not_picked":["vexMod:DeviousBotling","Ectoplasm"],"picked":"vexMod:RockOfEvil"},{"not_picked":["REME_ChargedStone","energizedSpire:OgreHead"],"picked":"LagranYue:ContractPerformanceRelic"}],"items_purged_floors":[0,2,32],"is_endless":false,"potions_floor_spawned":[1,11,24,30,31,33,39,45,48,54],"killed_by":"The Heart","ascension_level":0}}