{"host":"19t2eyow02s954g8","time":1610897648,"event":{"mods":["BaseMod","Colored Map","DeckTracker","Minty Spire (QoL Compilation)","StSLib","SuperFastMode"],"gold_per_floor":[109,34,34,34,34,65,79,79,79,109,109,136,146,196,196,196,196],"floor_reached":16,"language":"KOR","playtime":249,"items_purged":["Strike_G"],"score":332,"play_id":"a99d8f03-eac6-4e9f-acc0-4fae9c91dba6","local_time":"20210118003408","is_ascension_mode":true,"campfire_choices":[{"data":"Neutralize","floor":8,"key":"SMITH"},{"data":"Flying Knee","floor":11,"key":"SMITH"},{"data":"Dash","floor":15,"key":"SMITH"}],"circlet_count":0,"master_deck":["AscendersBane","Strike_G","Strike_G","Strike_G","Defend_G","Defend_G","Defend_G","Defend_G","Defend_G","Survivor","Neutralize+1","Dagger Throw","Terror","Backstab","Flying Knee+1","Dash+1"],"relics":["Ring of the Snake","NeowsBlessing","Smiling Mask","Singing Bowl","HornCleat","Art of War","Ancient Tea Set"],"acts_visited":["Exordium"],"potions_floor_usage":[10,16],"damage_taken":[{"damage":0,"enemies":"Jaw Worm","floor":1,"turns":1},{"damage":0,"enemies":"3 Sentries","floor":6,"turns":2},{"damage":0,"enemies":"Small Slimes","floor":7,"turns":1},{"damage":0,"enemies":"Gremlin Nob","floor":10,"turns":3},{"damage":27,"enemies":"3 Sentries","floor":12,"turns":12},{"damage":0,"enemies":"Cultist","floor":13,"turns":2},{"damage":0,"enemies":"Slime Boss","floor":16,"turns":4}],"seed_played":"5421078180144314541","potions_obtained":[{"floor":6,"key":"Ancient Potion"},{"floor":7,"key":"DistilledChaos"},{"floor":13,"key":"Explosive Potion"}],"is_trial":false,"path_per_floor":["M","$","?","?","?","E","M","R","T","E","R","E","M","?","R","B"],"character_chosen":"THE_SILENT","items_purchased":[],"campfire_rested":0,"item_purchase_floors":[],"current_hp_per_floor":[59,59,59,54,54,56,56,56,56,56,56,31,31,31,31,31,31],"gold":196,"neow_bonus":"THREE_ENEMY_KILL","is_daily":false,"chose_seed":false,"campfire_upgraded":3,"win_rate":0.0,"timestamp":1610897648,"path_taken":["M","$","?","?","?","E","M","R","T","E","R","E","M","?","R","BOSS"],"items_purchased_type":[],"build_version":"2020-12-22","purchased_purges":1,"victory":false,"max_hp_per_floor":[66,66,66,66,66,68,68,68,68,68,68,70,70,70,70,70,70],"card_choices":[{"not_picked":["Quick Slash","Underhanded Strike"],"picked":"Dagger Throw","floor":1},{"not_picked":["Outmaneuver","Bane","Leg Sweep"],"picked":"Singing Bowl","floor":6},{"not_picked":["Blur","Bane"],"picked":"Backstab","floor":7},{"not_picked":["Eviscerate","Distraction"],"picked":"Flying Knee","floor":10},{"not_picked":["Blur","Backflip","Deflect"],"picked":"Singing Bowl","floor":12},{"not_picked":["Deadly Poison","Underhanded Strike"],"picked":"Dash","floor":13}],"player_experience":4297605,"relics_obtained":[{"floor":6,"key":"Singing Bowl"},{"floor":9,"key":"HornCleat"},{"floor":10,"key":"Art of War"},{"floor":12,"key":"Ancient Tea Set"}],"event_choices":[{"damage_healed":0,"gold_gain":0,"player_choice":"Ignored","damage_taken":0,"max_hp_gain":0,"max_hp_loss":0,"event_name":"Liars Game","floor":3,"gold_loss":0},{"damage_healed":0,"gold_gain":0,"player_choice":"Success","damage_taken":5,"relics_obtained":["Smiling Mask"],"max_hp_gain":0,"max_hp_loss":0,"event_name":"Scrap Ooze","floor":4,"gold_loss":0},{"damage_healed":0,"gold_gain":0,"cards_transformed":["Strike_G"],"player_choice":"Change","damage_taken":0,"max_hp_gain":0,"max_hp_loss":0,"event_name":"Living Wall","floor":5,"gold_loss":0,"cards_obtained":["Terror"]},{"damage_healed":0,"gold_gain":50,"player_choice":"Pray","damage_taken":0,"max_hp_gain":0,"max_hp_loss":0,"event_name":"Golden Shrine","floor":14,"gold_loss":0}],"is_beta":false,"boss_relics":[],"items_purged_floors":[2],"is_endless":false,"potions_floor_spawned":[6,7,13],"killed_by":"Slime Boss","ascension_level":20}}