{"host":"h3vysik1bw5w0dm6","time":1610884391,"event":{"mods":["AchievementEnabler","Aspiration","BaseMod","Better Note","Better Sensory Stone","Better Vampires","BetterRewards","Colored Powertips","Conspire","Downfall","Friendly Minions","Googly Eyes","Gremlin Skip","Halation","Infinite Spire","Lobotomy","Minty Spire (QoL Compilation)","Quick Restart","Shop Mod","StSLib"],"gold_per_floor":[99,99,112,126,144,144,171,191,191,206,206,224,224,241,261,261,261,261],"floor_reached":16,"language":"ENG","playtime":1471,"items_purged":[],"score":96,"play_id":"725f2dd3-787c-47f4-9a05-ecb823f07960","local_time":"20210117125311","is_ascension_mode":false,"campfire_choices":[{"data":"Slimebound:Split","floor":1,"key":"SMITH"},{"data":"Slimebound:LevelUp","floor":9,"key":"SMITH"},{"data":"Slimebound:GrowthPunch","floor":13,"key":"SMITH"}],"circlet_count":0,"master_deck":["Slimebound:Strike_Slimebound","Slimebound:Strike_Slimebound","Slimebound:Strike_Slimebound","Slimebound:Tackle","Slimebound:Defend_Slimebound","Slimebound:Defend_Slimebound","Slimebound:Defend_Slimebound","Slimebound:Defend_Slimebound","Slimebound:Split+1","Slimebound:CorrosiveSpit+1","Slimebound:SplitBruiser","Slimebound:SplitBruiser","Slimebound:SlimeTap","Slimebound:LevelUp+1","Slimebound:RainOfGoop","Slimebound:SlimeTap","Slimebound:GrowthPunch+1","Slimebound:Teamwork","Slimebound:PressTheAttack"],"relics":["Slimebound:AbsorbEndCombat","Orichalcum","Bronze Scales"],"acts_visited":["Exordium"],"potions_floor_usage":[8,16],"damage_taken":[{"damage":3,"enemies":"Small Slimes","floor":3,"turns":3},{"damage":12,"enemies":"infinitespire:Voidling","floor":4,"turns":3},{"damage":5,"enemies":"2 Louse","floor":5,"turns":2},{"damage":0,"enemies":"2 Fungi Beasts","floor":8,"turns":2},{"damage":5,"enemies":"Gremlin Gang","floor":10,"turns":4},{"damage":3,"enemies":"3 Louse","floor":12,"turns":2},{"damage":11,"enemies":"Blue Slaver","floor":14,"turns":3},{"damage":2,"enemies":"conspire:2 RoseBushes","floor":15,"turns":3},{"damage":46,"enemies":"DF_ARCHETYPE_STREAMLINE","floor":16,"turns":6}],"seed_played":"-6538684948371132708","potions_obtained":[{"floor":3,"key":"SteroidPotion"},{"floor":5,"key":"AttackPotion"},{"floor":12,"key":"Fire Potion"},{"floor":14,"key":"infinitespire:BlackPotion"}],"is_trial":false,"path_per_floor":["R","?","M","M","M","?","T","M","R","M","?","M","R","M","M","B"],"character_chosen":"SLIMEBOUND","items_purchased":[],"campfire_rested":0,"item_purchase_floors":[],"current_hp_per_floor":[71,71,70,64,60,60,60,61,61,57,57,54,54,44,42,0,0,0],"gold":261,"neow_bonus":"TEN_PERCENT_HP_BONUS","is_daily":false,"chose_seed":false,"campfire_upgraded":3,"win_rate":0.0,"timestamp":1610884391,"path_taken":["R","?","M","M","?","?","T","M","R","M","?","M","R","M","M","BOSS"],"items_purchased_type":[],"build_version":"2020-12-22","purchased_purges":0,"victory":false,"max_hp_per_floor":[71,71,71,71,71,71,71,71,71,71,71,71,71,71,71,71,71,71],"card_choices":[{"not_picked":["Slimebound:MegaLick","Slimebound:LivingWall"],"picked":"Slimebound:SplitBruiser","floor":3},{"not_picked":["Slimebound:Prepare","Slimebound:ItLooksTasty"],"picked":"Slimebound:SplitBruiser","floor":4},{"not_picked":["Slimebound:TongueLash","Slimebound:RollThrough"],"picked":"Slimebound:SlimeTap","floor":5},{"not_picked":["Slimebound:FormOfPuddle","Slimebound:BestDefense"],"picked":"Slimebound:LevelUp","floor":8},{"not_picked":["Slimebound:ForwardTackle","Slimebound:ItLooksTasty"],"picked":"Slimebound:RainOfGoop","floor":10},{"not_picked":["Slimebound:FinishingTackle","Slimebound:LevelUp"],"picked":"Slimebound:GrowthPunch","floor":12},{"not_picked":["Slimebound:RollThrough","Slimebound:SplitAcid"],"picked":"Slimebound:Teamwork","floor":14},{"not_picked":["Slimebound:LevelUp","Slimebound:GrowthPunch"],"picked":"Slimebound:PressTheAttack","floor":15}],"player_experience":358626,"relics_obtained":[{"floor":6,"key":"Orichalcum"},{"floor":7,"key":"Bronze Scales"}],"event_choices":[],"is_beta":false,"boss_relics":[],"items_purged_floors":[],"is_endless":false,"potions_floor_spawned":[3,5,12,14,15],"killed_by":"DF_ARCHETYPE_STREAMLINE","ascension_level":0}}