{"host":"r53pw7z744tg3fxg","time":1610848386,"event":{"mods":["AchievementEnabler","BaseMod","Colored Map","Colored Powertips","Highlight Path","Minty Spire (QoL Compilation)","Quick Restart","Transform Curses"],"gold_per_floor":[118,118,136,157,3,36,36,70,147,178,201,201,214,7,7,98,98,119,44,44,57,71,71,86,86,163,163,198,323,348,379,379,478,478,493,524,524,542,542,573,573,586,613,613,613],"floor_reached":44,"language":"ENG","playtime":2167,"items_purged":["Injury"],"score":1068,"play_id":"f1807f63-e72b-4ccc-8e8f-d4bc61a3dd4c","local_time":"20210116185306","is_ascension_mode":true,"campfire_choices":[{"floor":7.0,"key":"REST"},{"floor":15.0,"key":"REST"},{"floor":23.0,"key":"REST"},{"data":"Fasting2","floor":25.0,"key":"SMITH"},{"data":"Judgement","floor":27.0,"key":"SMITH"},{"data":"Ragnarok","floor":32,"key":"SMITH"},{"floor":41,"key":"REST"}],"circlet_count":0,"master_deck":["AscendersBane","Strike_P+1","Strike_P","Strike_P+1","Strike_P","Defend_P","Defend_P","Defend_P","Defend_P+1","Eruption+1","Vigilance","Pray+1","JustLucky","EmptyBody","Sanctity+1","Worship","DeceiveReality+1","LessonLearned","SashWhip","Evaluate","Judgement+1","Prostrate","BowlingBash","Fasting2+1","WindmillStrike","Weave","Ragnarok+1","Establishment","Wallop","Alpha","Madness","Madness","WheelKick","Tantrum","Consecrate"],"relics":["PureWater","Golden Idol","Oddly Smooth Stone","FossilizedHelix","Orichalcum","StrikeDummy","Omamori","Bag of Marbles","Vajra","Sozu","TeardropLocket","Gremlin Horn","Mango","Bottled Lightning","Thread and Needle","Calling Bell","Pen Nib","InkBottle","Calipers","WingedGreaves","Dream Catcher","Art of War"],"acts_visited":["Exordium","TheCity","TheBeyond"],"potions_floor_usage":[],"damage_taken":[{"damage":0.0,"enemies":"2 Louse","floor":1.0,"turns":3.0},{"damage":2.0,"enemies":"Jaw Worm","floor":3.0,"turns":8.0},{"damage":0.0,"enemies":"Cultist","floor":4.0,"turns":2.0},{"damage":15.0,"enemies":"Lagavulin","floor":6.0,"turns":8.0},{"damage":17.0,"enemies":"Gremlin Nob","floor":8.0,"turns":5.0},{"damage":0.0,"enemies":"Lagavulin","floor":10.0,"turns":4.0},{"damage":0.0,"enemies":"Blue Slaver","floor":11.0,"turns":4.0},{"damage":9.0,"enemies":"Lots of Slimes","floor":13.0,"turns":4.0},{"damage":13.0,"enemies":"The Guardian","floor":16.0,"turns":15.0},{"damage":3.0,"enemies":"Shell Parasite","floor":18.0,"turns":5.0},{"damage":0.0,"enemies":"2 Thieves","floor":21.0,"turns":4.0},{"damage":11.0,"enemies":"Centurion and Healer","floor":22.0,"turns":7.0},{"damage":0.0,"enemies":"Snecko","floor":24.0,"turns":5.0},{"damage":0.0,"enemies":"Slavers","floor":28.0,"turns":4.0},{"damage":2,"enemies":"Colosseum Slavers","floor":29,"turns":3},{"damage":0,"enemies":"Colosseum Nobs","floor":29,"turns":4},{"damage":0,"enemies":"Sentry and Sphere","floor":30,"turns":2},{"damage":0,"enemies":"Gremlin Leader","floor":31,"turns":6},{"damage":8,"enemies":"Automaton","floor":33,"turns":5},{"damage":6,"enemies":"Orb Walker","floor":35,"turns":4},{"damage":0,"enemies":"Mind Bloom Boss Battle","floor":36,"turns":4},{"damage":0,"enemies":"3 Darklings","floor":38,"turns":3},{"damage":0,"enemies":"Reptomancer","floor":40,"turns":4},{"damage":38,"enemies":"Transient","floor":42,"turns":5},{"damage":43,"enemies":"Giant Head","floor":44,"turns":7}],"seed_played":"-3962676265847636113","potions_obtained":[{"floor":3.0,"key":"SteroidPotion"},{"floor":4.0,"key":"FearPotion"},{"floor":10.0,"key":"Weak Potion"},{"floor":11.0,"key":"SkillPotion"}],"is_trial":false,"path_per_floor":["M","?","M","M","$","E","R","E","T","E","M","?","M","$","R","B",null,"M","$","?","M","M","R","M","R","T","R","E","?","M","E","R","B",null,"M","?","?","M","?","E","R","M","T","E"],"character_chosen":"WATCHER","items_purchased":["Oddly Smooth Stone","Vajra","Evaluate"],"campfire_rested":4,"item_purchase_floors":[5,14,14],"current_hp_per_floor":[61,61,59,59,59,44,64,47,47,47,47,42,33,33,53,40,61,58,58,48,48,37,57,57,57,57,57,57,69,69,69,69,61,77,71,71,56,56,51,51,75,37,37,0,0],"gold":613,"neow_bonus":"UPGRADE_CARD","is_daily":false,"chose_seed":false,"campfire_upgraded":3,"win_rate":0.0,"timestamp":1610848386,"path_taken":["M","?","M","M","$","E","R","E","T","E","M","?","?","?","R","BOSS","M","$","?","?","M","R","M","R","T","R","E","?","M","E","R","BOSS","M","?","?","M","?","E","R","M","T","E"],"items_purchased_type":["Relic","Relic","Card"],"build_version":"2020-12-22","purchased_purges":1,"victory":false,"max_hp_per_floor":[68,68,68,68,68,68,68,68,68,68,68,68,68,68,68,68,68,68,68,68,68,68,68,68,68,68,68,68,82,82,82,82,82,82,82,82,82,82,82,82,82,82,82,82,82],"card_choices":[{"not_picked":["CrushJoints","Sanctity"],"picked":"Pray","floor":1.0},{"not_picked":["Meditate","Nirvana"],"picked":"JustLucky","floor":3.0},{"not_picked":["SashWhip","ClearTheMind"],"picked":"EmptyBody","floor":4.0},{"not_picked":["EmptyMind","Tantrum"],"picked":"Sanctity","floor":6.0},{"not_picked":["JustLucky","InnerPeace"],"picked":"Worship","floor":8.0},{"not_picked":["Tantrum","Sanctity"],"picked":"DeceiveReality","floor":10.0},{"not_picked":["WreathOfFlame","ThirdEye"],"picked":"LessonLearned","floor":11.0},{"not_picked":["ClearTheMind","CrushJoints"],"picked":"SashWhip","floor":13.0},{"not_picked":["Ragnarok","LessonLearned"],"picked":"Judgement","floor":16.0},{"not_picked":["PathToVictory","ThirdEye"],"picked":"Prostrate","floor":18.0},{"not_picked":["Study","Halt","Worship"],"picked":"SKIP","floor":21.0},{"not_picked":["DeceiveReality","Halt"],"picked":"BowlingBash","floor":22.0},{"not_picked":["FlyingSleeves","ThirdEye"],"picked":"Fasting2","floor":24.0},{"not_picked":["BowlingBash","WreathOfFlame"],"picked":"WindmillStrike","floor":28.0},{"not_picked":["BowlingBash","SashWhip"],"picked":"Weave","floor":30},{"not_picked":["CarveReality","Meditate"],"picked":"Ragnarok","floor":31},{"not_picked":["Scrawl","Ragnarok"],"picked":"Establishment","floor":33},{"not_picked":["DeceiveReality","ThirdEye"],"picked":"Wallop","floor":35},{"not_picked":["MentalFortress","TalkToTheHand+1"],"picked":"Alpha","floor":36},{"not_picked":["Prostrate","EmptyBody"],"picked":"WheelKick","floor":38},{"not_picked":["JustLucky","Halt","Evaluate"],"picked":"SKIP","floor":40},{"not_picked":["ThirdEye","EmptyFist"],"picked":"Tantrum","floor":41},{"not_picked":["ThirdEye","BowlingBash"],"picked":"Consecrate","floor":42}],"player_experience":1280883,"relics_obtained":[{"floor":6.0,"key":"FossilizedHelix"},{"floor":8.0,"key":"Orichalcum"},{"floor":9.0,"key":"StrikeDummy"},{"floor":10.0,"key":"Omamori"},{"floor":26.0,"key":"TeardropLocket"},{"floor":28.0,"key":"Gremlin Horn"},{"floor":29,"key":"Mango"},{"floor":29,"key":"Bottled Lightning"},{"floor":31,"key":"Thread and Needle"},{"floor":34,"key":"Pen Nib"},{"floor":34,"key":"InkBottle"},{"floor":34,"key":"Calipers"},{"floor":36,"key":"WingedGreaves"},{"floor":40,"key":"Dream Catcher"},{"floor":43,"key":"Art of War"}],"event_choices":[{"damage_healed":0.0,"max_hp_gain":0.0,"max_hp_loss":0.0,"gold_gain":0.0,"event_name":"Golden Idol","player_choice":"Take Wound","floor":2.0,"gold_loss":0.0,"damage_taken":0.0,"relics_obtained":["Golden Idol"],"cards_obtained":["Injury"]},{"damage_healed":0.0,"max_hp_gain":0.0,"max_hp_loss":0.0,"gold_gain":0.0,"event_name":"Scrap Ooze","player_choice":"Success","floor":12.0,"gold_loss":0.0,"damage_taken":5.0,"relics_obtained":["Bag of Marbles"]},{"damage_healed":0.0,"max_hp_gain":0.0,"max_hp_loss":0.0,"gold_gain":0.0,"event_name":"Wheel of Change","player_choice":"Damaged","floor":20.0,"gold_loss":0.0,"damage_taken":10.0},{"damage_healed":0,"gold_gain":0,"player_choice":"Fight","damage_taken":0,"max_hp_gain":0,"max_hp_loss":0,"event_name":"Colosseum","floor":29,"gold_loss":0},{"damage_healed":0,"gold_gain":0,"player_choice":"Fought Nobs","damage_taken":0,"max_hp_gain":0,"max_hp_loss":0,"event_name":"Colosseum","floor":29,"gold_loss":0},{"damage_healed":0,"gold_gain":0,"player_choice":"Fight","damage_taken":0,"max_hp_gain":0,"max_hp_loss":0,"event_name":"MindBloom","floor":36,"gold_loss":0},{"damage_healed":0,"gold_gain":0,"player_choice":"Embrace Madness","damage_taken":15,"max_hp_gain":0,"max_hp_loss":0,"event_name":"Winding Halls","floor":37,"gold_loss":0,"cards_obtained":["Madness","Madness"]},{"damage_healed":0,"gold_gain":0,"player_choice":"Bought 0 Potions","damage_taken":0,"max_hp_gain":0,"max_hp_loss":0,"event_name":"The Woman in Blue","floor":39,"gold_loss":0}],"is_beta":false,"boss_relics":[{"not_picked":["Velvet Choker","Philosopher\u0027s Stone"],"picked":"Sozu"},{"not_picked":["Snecko Eye","Runic Dome"],"picked":"Calling Bell"}],"items_purged_floors":[19],"is_endless":false,"potions_floor_spawned":[3,4,10,11,21,24,28,30,40,42],"killed_by":"Giant Head","ascension_level":15}}