{"host":"pjgcdp3h1plnbocs","time":1610893529,"event":{"mods":["AchievementEnabler","BaseMod","Colored Map","Highlight Path","Minty Spire (QoL Compilation)"],"gold_per_floor":[17,31,49,61,61,91,91,118,118,134,169,169,22,38,38,142,142,158,257,257,277,277,312,312,346,373,393,404,424,32,42,42,146,146,158,158,158,33,48,48,66,96,96,115,128,128,139,173,173,173,173,173,21,52,52,52],"floor_reached":55,"language":"ENG","playtime":4883,"items_purged":["Strike_G","Writhe","Strike_G"],"score":831,"play_id":"e66f8120-56f5-402d-9db4-ba0752556fac","local_time":"20210117152529","is_ascension_mode":true,"campfire_choices":[{"data":"Bouncing Flask","floor":7.0,"key":"SMITH"},{"floor":15.0,"key":"REST"},{"data":"Noxious Fumes","floor":24.0,"key":"SMITH"},{"floor":32.0,"key":"REST"},{"floor":40,"key":"RECALL"},{"floor":46,"key":"REST"},{"floor":49,"key":"REST"},{"floor":52,"key":"REST"}],"circlet_count":0,"master_deck":["Strike_G","Defend_G","Defend_G","Defend_G","Defend_G","Survivor","Neutralize","Riddle With Holes","Bouncing Flask+1","Catalyst","Acrobatics","Deadly Poison","Noxious Fumes+1","Venomology","Crippling Poison+1","Backflip+1","Escape Plan+1","Catalyst+1","Noxious Fumes+1","Blur","Parasite","Noxious Fumes","Caltrops+1"],"relics":["Ring of the Serpent","Blood Vial","StoneCalendar","Shuriken","Ice Cream","TungstenRod","Lantern","CultistMask","Pantograph","Prayer Wheel","Bronze Scales","Snake Skull","DollysMirror","Fusion Hammer","Du-Vu Doll","Boot","Toolbox","Tough Bandages"],"acts_visited":["Exordium","TheCity","TheBeyond","TheEnding"],"potions_floor_usage":[39,45,47,50,50,55,55,55,55],"damage_taken":[{"damage":0.0,"enemies":"Cultist","floor":1.0,"turns":3.0},{"damage":0.0,"enemies":"Jaw Worm","floor":2.0,"turns":4.0},{"damage":5.0,"enemies":"Small Slimes","floor":3.0,"turns":3.0},{"damage":2.0,"enemies":"Looter","floor":4.0,"turns":4.0},{"damage":23.0,"enemies":"3 Sentries","floor":6.0,"turns":10.0},{"damage":8.0,"enemies":"Lagavulin","floor":8.0,"turns":4.0},{"damage":6.0,"enemies":"Exordium Wildlife","floor":10.0,"turns":4.0},{"damage":32.0,"enemies":"3 Sentries","floor":11.0,"turns":7.0},{"damage":0.0,"enemies":"Blue Slaver","floor":14.0,"turns":5.0},{"damage":3.0,"enemies":"Hexaghost","floor":16.0,"turns":6.0},{"damage":1.0,"enemies":"Shell Parasite","floor":18.0,"turns":7.0},{"damage":0.0,"enemies":"Spheric Guardian","floor":21.0,"turns":2.0},{"damage":18.0,"enemies":"Book of Stabbing","floor":23.0,"turns":6.0},{"damage":32.0,"enemies":"Slavers","floor":25.0,"turns":5.0},{"damage":8.0,"enemies":"3 Cultists","floor":27.0,"turns":5.0},{"damage":5.0,"enemies":"Shelled Parasite and Fungi","floor":28.0,"turns":5.0},{"damage":12.0,"enemies":"Centurion and Healer","floor":29.0,"turns":6.0},{"damage":4.0,"enemies":"Snecko","floor":31.0,"turns":4.0},{"damage":21.0,"enemies":"Collector","floor":33.0,"turns":5.0},{"damage":1,"enemies":"Orb Walker","floor":35,"turns":3},{"damage":3,"enemies":"3 Shapes","floor":39,"turns":3},{"damage":1,"enemies":"Writhing Mass","floor":41,"turns":4},{"damage":0,"enemies":"Giant Head","floor":42,"turns":5},{"damage":8,"enemies":"Jaw Worm Horde","floor":44,"turns":4},{"damage":4,"enemies":"3 Darklings","floor":45,"turns":4},{"damage":7,"enemies":"4 Shapes","floor":47,"turns":4},{"damage":8,"enemies":"Nemesis","floor":48,"turns":6},{"damage":54,"enemies":"Donu and Deca","floor":50,"turns":7},{"damage":61,"enemies":"Shield and Spear","floor":54,"turns":4},{"damage":51,"enemies":"The Heart","floor":55,"turns":6}],"seed_played":"8142237027488284620","potions_obtained":[{"floor":2.0,"key":"SkillPotion"},{"floor":3.0,"key":"Swift Potion"},{"floor":8.0,"key":"Regen Potion"},{"floor":10.0,"key":"GamblersBrew"},{"floor":21.0,"key":"Ancient Potion"},{"floor":23.0,"key":"EssenceOfSteel"},{"floor":25.0,"key":"DistilledChaos"},{"floor":29.0,"key":"CunningPotion"},{"floor":35,"key":"Ancient Potion"}],"is_trial":false,"path_per_floor":["M","M","M","M","?","E","R","E","T","M","E","?","$","M","R","B",null,"M","?","?","M","?","E","R","E","T","M","M","M","$","M","R","B",null,"M","?","?","$","M","R","M","E","T","M","M","R","M","E","R","B",null,"R","$","E","B"],"character_chosen":"THE_SILENT","items_purchased":["Noxious Fumes","Snake Skull","DollysMirror","Toolbox"],"campfire_rested":5,"item_purchase_floors":[13,30,30,53],"current_hp_per_floor":[70,70,65,63,56,35,35,29,29,25,10,4,4,6,27,26,70,69,69,69,70,70,52,52,22,22,16,13,3,3,1,22,28,70,69,69,69,69,67,67,68,70,70,62,70,70,63,57,70,16,70,70,70,9,0,0],"gold":52,"neow_bonus":"TRANSFORM_TWO_CARDS","is_daily":false,"chose_seed":false,"campfire_upgraded":2,"win_rate":0.0,"timestamp":1610893529,"path_taken":["M","M","M","?","?","E","R","E","T","M","E","?","$","M","R","BOSS","M","?","?","M","?","E","R","E","T","?","M","?","$","M","R","BOSS","M","?","?","$","M","R","M","E","T","M","M","R","?","E","R","BOSS","R","$","E","BOSS"],"items_purchased_type":["Card","Relic","Relic","Relic"],"build_version":"2020-12-22","purchased_purges":3,"victory":false,"max_hp_per_floor":[70,70,70,70,70,70,70,70,70,70,70,70,70,70,70,70,70,70,70,70,70,70,70,70,70,70,70,70,70,70,70,70,70,70,70,70,70,70,70,70,70,70,70,70,70,70,70,70,70,70,70,70,70,70,70,70],"card_choices":[{"not_picked":["Cloak And Dagger","Escape Plan"],"picked":"Catalyst","floor":1.0},{"not_picked":["Accuracy","All Out Attack"],"picked":"Acrobatics","floor":2.0},{"not_picked":["Backstab","Underhanded Strike","Blade Dance"],"picked":"SKIP","floor":3.0},{"not_picked":["Underhanded Strike","Leg Sweep"],"picked":"Deadly Poison","floor":4.0},{"not_picked":["Prepared","Dagger Spray","All Out Attack"],"picked":"SKIP","floor":6.0},{"not_picked":["Deadly Poison","Dodge and Roll","Sucker Punch"],"picked":"SKIP","floor":8.0},{"not_picked":["Deflect","Acrobatics","Doppelganger"],"picked":"SKIP","floor":10.0},{"not_picked":["PiercingWail","Bouncing Flask","Prepared"],"picked":"SKIP","floor":11.0},{"not_picked":["Flying Knee","Dagger Throw","Dagger Spray"],"picked":"SKIP","floor":14.0},{"not_picked":["Envenom","Malaise"],"picked":"Venomology","floor":16.0},{"not_picked":["Poisoned Stab","Bane"],"picked":"Crippling Poison+1","floor":18.0},{"not_picked":["Tactician","Reflex","Flying Knee"],"picked":"SKIP","floor":21.0},{"not_picked":["Doppelganger","Riddle With Holes","Masterful Stab+1"],"picked":"SKIP","floor":23.0},{"not_picked":["Concentrate","Underhanded Strike"],"picked":"Backflip+1","floor":25.0},{"not_picked":["Setup","Acrobatics"],"picked":"Escape Plan+1","floor":27.0},{"not_picked":["Dash+1","Poisoned Stab+1","Quick Slash"],"picked":"SKIP","floor":27.0},{"not_picked":["Setup","Deflect","Dodge and Roll"],"picked":"SKIP","floor":28.0},{"not_picked":["Backflip+1","Reflex","Eviscerate+1"],"picked":"SKIP","floor":28.0},{"not_picked":["Bullet Time","Tactician"],"picked":"Catalyst+1","floor":29.0},{"not_picked":["Reflex","Quick Slash","Cloak And Dagger"],"picked":"SKIP","floor":29.0},{"not_picked":["Prepared","Riddle With Holes+1"],"picked":"Blur","floor":31.0},{"not_picked":["Reflex","Choke","Prepared"],"picked":"SKIP","floor":31.0},{"not_picked":["Crippling Poison+1","Poisoned Stab+1","All Out Attack"],"picked":"SKIP","floor":35},{"not_picked":["Dagger Throw","Cloak And Dagger+1","Quick Slash+1"],"picked":"SKIP","floor":35},{"not_picked":["Acrobatics+1","Dagger Spray+1","Sucker Punch"],"picked":"SKIP","floor":39},{"not_picked":["Quick Slash+1","Expertise","Prepared"],"picked":"SKIP","floor":39},{"not_picked":["Prepared+1","Backflip","Bane"],"picked":"SKIP","floor":41},{"not_picked":["Reflex","Tactician+1","Eviscerate+1"],"picked":"SKIP","floor":41},{"not_picked":["Concentrate","Dagger Throw+1","Bane+1"],"picked":"SKIP","floor":42},{"not_picked":["Quick Slash+1","Bane"],"picked":"Noxious Fumes","floor":44},{"not_picked":["Outmaneuver","PiercingWail+1","Poisoned Stab"],"picked":"SKIP","floor":44},{"not_picked":["Underhanded Strike","Distraction","Grand Finale"],"picked":"SKIP","floor":45},{"not_picked":["Caltrops","Finisher","Backflip+1"],"picked":"SKIP","floor":45},{"not_picked":["Prepared+1","Sucker Punch","Skewer"],"picked":"SKIP","floor":47},{"not_picked":["Sucker Punch+1","Distraction","Doppelganger"],"picked":"SKIP","floor":47},{"not_picked":["Outmaneuver+1","Bane","Masterful Stab+1"],"picked":"SKIP","floor":48},{"not_picked":["Dagger Throw+1","Deadly Poison"],"picked":"Caltrops+1","floor":54}],"player_experience":171228,"relics_obtained":[{"floor":6.0,"key":"StoneCalendar"},{"floor":8.0,"key":"Shuriken"},{"floor":9.0,"key":"Ice Cream"},{"floor":11.0,"key":"TungstenRod"},{"floor":23.0,"key":"Pantograph"},{"floor":25.0,"key":"Prayer Wheel"},{"floor":26.0,"key":"Bronze Scales"},{"floor":42,"key":"Du-Vu Doll"},{"floor":48,"key":"Boot"},{"floor":54,"key":"Tough Bandages"}],"event_choices":[{"damage_healed":0.0,"max_hp_gain":0.0,"max_hp_loss":0.0,"gold_gain":0.0,"event_name":"Scrap Ooze","player_choice":"Success","floor":5.0,"gold_loss":0.0,"damage_taken":7.0,"relics_obtained":["Blood Vial"]},{"cards_removed":["Strike_G"],"damage_healed":0.0,"max_hp_gain":0.0,"max_hp_loss":0.0,"gold_gain":0.0,"event_name":"Golden Wing","player_choice":"Card Removal","floor":12.0,"gold_loss":0.0,"damage_taken":7.0},{"damage_healed":0.0,"max_hp_gain":0.0,"max_hp_loss":0.0,"gold_gain":99.0,"event_name":"Nest","player_choice":"Stole From Cult","floor":19.0,"gold_loss":0.0,"damage_taken":0.0},{"damage_healed":0.0,"max_hp_gain":0.0,"max_hp_loss":0.0,"gold_gain":0.0,"event_name":"The Mausoleum","player_choice":"Opened","floor":20.0,"gold_loss":0.0,"damage_taken":0.0,"relics_obtained":["Lantern"],"cards_obtained":["Writhe"]},{"damage_healed":0.0,"max_hp_gain":0.0,"max_hp_loss":0.0,"gold_gain":0.0,"event_name":"FaceTrader","player_choice":"Trade","floor":22.0,"gold_loss":0.0,"damage_taken":0.0,"relics_obtained":["CultistMask"]},{"damage_healed":0,"gold_gain":0,"player_choice":"Ignored","damage_taken":0,"max_hp_gain":0,"max_hp_loss":0,"event_name":"Tomb of Lord Red Mask","floor":36,"gold_loss":0},{"damage_healed":0,"gold_gain":0,"player_choice":"0 cards matched","damage_taken":0,"max_hp_gain":0,"max_hp_loss":0,"event_name":"Match and Keep!","floor":37,"gold_loss":0,"cards_obtained":[]}],"is_beta":false,"boss_relics":[{"not_picked":["Runic Dome","SlaversCollar"],"picked":"Ring of the Serpent"},{"not_picked":["Empty Cage","Astrolabe"],"picked":"Fusion Hammer"}],"items_purged_floors":[13,30,38],"is_endless":false,"potions_floor_spawned":[2,3,8,10,21,23,25,29,35,41,54],"killed_by":"The Heart","ascension_level":1}}