{"host":"6he3f0ic6yesrium","time":1610859510,"event":{"mods":["BaseMod","Better Altar","Better Match","Better Note","Better Sensory Stone","Better Skull","Better Third Choice","Colored Map","Conspire","Duelist Mod","Hubris","Marisa????????","Mimic Mod","Minty Spire (QoL Compilation)","Replay The Spire","Shade Mod","Somnambulant","Spire Birthday Party","StSLib","The Alterego","The Disciple","The Forsaken","The Hierophant","The Mystic","The Necromancer","The Runesmith","The Servant 0.9.4","The Valiant","TheVacant"],"gold_per_floor":[142,95,115,129,129,160,160,16,16,16,46,46,64,79,79,79,79],"floor_reached":16,"language":"ENG","playtime":883,"items_purged":[],"score":176,"play_id":"47852e1f-d4d2-4e21-b928-9e4f42bef7cd","local_time":"20210116235830","is_ascension_mode":true,"campfire_choices":[{"data":"theDuelist:MythicalBeast","floor":7,"key":"SMITH"},{"data":"theDuelist:RockSunrise","floor":10,"key":"SMITH"},{"floor":12,"key":"REST"},{"floor":15,"key":"REST"}],"circlet_count":0,"master_deck":["theDuelist:CastleWalls","theDuelist:CastleWalls","theDuelist:DarkMagician","theDuelist:MysticalElf","theDuelist:MysticalElf","theDuelist:NeoMagic","theDuelist:NeoMagic","theDuelist:Sparks","theDuelist:Sparks","theDuelist:Sparks","theDuelist:DarkMagicianGirl","theDuelist:SpellShatteringArrow","theDuelist:RockSunrise+1","theDuelist:MythicalBeast+1","theDuelist:WhiteOrbCard"],"relics":["theDuelist:MillenniumPuzzle","theDuelist:CardPoolRelic","theDuelist:CardPoolBasicRelic","theDuelist:BoosterPackPoolRelic","theDuelist:CardPoolAddRelic","theDuelist:CardPoolMinusRelic","theDuelist:CardPoolSaveRelic","theDuelist:CardPoolOptionsRelic","theDuelist:SummonAnchor","Art of War","Brimstone","Bottled Tornado","Darkstone Periapt"],"acts_visited":["Exordium"],"potions_floor_usage":[6,11,16],"damage_taken":[{"damage":3,"enemies":"2 Louse","floor":1,"turns":3},{"damage":0,"enemies":"Cultist","floor":3,"turns":5},{"damage":0,"enemies":"Small Slimes","floor":4,"turns":3},{"damage":24,"enemies":"Gremlin Nob","floor":6,"turns":5},{"damage":16,"enemies":"3 Sentries","floor":11,"turns":5},{"damage":32,"enemies":"3 Louse","floor":13,"turns":4},{"damage":12,"enemies":"Looter","floor":14,"turns":3}],"seed_played":"-7842784100157807433","potions_obtained":[{"floor":1,"key":"theDuelist:BottledKuriboh"},{"floor":4,"key":"theDuelist:WhiteBottle"},{"floor":13,"key":"Swift Potion"}],"is_trial":false,"path_per_floor":["M","$","M","M","?","E","R","$","T","R","E","R","M","M","R","B"],"character_chosen":"THE_DUELIST","items_purchased":["theDuelist:SpellShatteringArrow","Brimstone"],"campfire_rested":2,"item_purchase_floors":[2,8],"current_hp_per_floor":[77,77,77,77,77,53,53,53,53,53,37,61,29,17,41,0,0],"gold":79,"neow_bonus":"RANDOM_COMMON_RELIC","is_daily":false,"chose_seed":false,"campfire_upgraded":2,"win_rate":0.0,"timestamp":1610859510,"path_taken":["M","$","M","M","?","E","R","?","T","R","E","R","M","M","R","BOSS"],"items_purchased_type":["Card","Relic"],"build_version":"2020-12-22","purchased_purges":0,"victory":false,"max_hp_per_floor":[80,80,80,80,80,80,80,80,80,80,80,80,80,80,80,80,80],"card_choices":[{"not_picked":["theDuelist:BlizzardWarrior","theDuelist:Illusionist","theDuelist:PowerKaishin","theDuelist:GeminiElf"],"picked":"theDuelist:DarkMagicianGirl","floor":1},{"not_picked":["theDuelist:DarklordSuperbia","theDuelist:BattleFootballer","theDuelist:CastleDarkIllusions","theDuelist:GraniteLoyalist"],"picked":"theDuelist:RockSunrise","floor":3},{"not_picked":["theDuelist:FogKing","theDuelist:DoomShaman","theDuelist:IceQueen","theDuelist:RainbowDarkDragon"],"picked":"theDuelist:MythicalBeast","floor":4},{"not_picked":["theDuelist:GilfordLegend","theDuelist:RedHeadedOni","theDuelist:ClearKuriboh","theDuelist:Reload","theDuelist:RainbowGravity"],"picked":"SKIP","floor":6},{"not_picked":["theDuelist:VoidOrbCard","theDuelist:SurgeOrbCard","theDuelist:GlitchOrbCard","theDuelist:DarkOrbCard"],"picked":"theDuelist:WhiteOrbCard","floor":11},{"not_picked":["theDuelist:Blockman","theDuelist:GemElephant","theDuelist:GiantSoldierSteel","theDuelist:RainbowKuriboh","theDuelist:RainbowMagician"],"picked":"SKIP","floor":13},{"not_picked":["theDuelist:BlizzardWarrior","theDuelist:WhiteMagicalHat","theDuelist:Illusionist","theDuelist:SpellShatteringArrow","theDuelist:Mudballman"],"picked":"SKIP","floor":14}],"player_experience":328951,"relics_obtained":[{"floor":6,"key":"Art of War"},{"floor":9,"key":"Bottled Tornado"},{"floor":11,"key":"Darkstone Periapt"}],"event_choices":[{"damage_healed":0,"gold_gain":0,"player_choice":"Leave","duelist":true,"damage_taken":0,"max_hp_gain":0,"max_hp_loss":0,"event_name":"Card Trader","floor":5,"gold_loss":0}],"is_beta":false,"boss_relics":[],"items_purged_floors":[],"is_endless":false,"potions_floor_spawned":[1,4,13],"killed_by":"The Guardian","ascension_level":2}}