{"host":"qj49eghpaxba70kv","time":1610915539,"event":{"mods":["ATMod(°¢èªMod)","Act Like it!","Arknights The Spire","Aspiration","BaseMod","Dota2Spire","Energized Spire","Gensokyo","GungeonMod","Hermit","Hunter ÁÔÈË","KinomotoSakuraMod(Ä¾Ö®±¾Ó£)","Koishi","Luminous","Minty Spire (QoL Compilation)","Pale of the Ancients","Permanent Neow","Prisma Mod","Quick Restart","Replay The Spire","Robot Space Explorer","StSLib","The Administrix","The Alterego","The Bug Knight","The Construct","The Hierophant","The Marked","The Senshi","UnlockEverythingMod","[GremlinLeader]The Maniac","vexMod","¡¾¹¦ÄÜMod¡¿»ìãçÖ®»·ÐÞ¸´²¹¶¡","¡¾ÒÅÎï¿¨ÅÆ¡¿REMEMod","óô»ðÖ¸ÄÏ"],"gold_per_floor":[118,128,8,23,36,36,68,83,83,13,113,146,35,53,53,155,155,175,175],"floor_reached":18,"language":"ZHS","playtime":1927,"items_purged":[],"score":174,"play_id":"06052896-77d2-4c20-943d-84c6a25c6af5","local_time":"20210117143219","is_ascension_mode":false,"campfire_choices":[{"data":"PrismaMod:IllyaUncommonDefend","floor":6,"key":"SMITH"},{"data":"PrismaMod:IllyaFriendMaker","floor":15,"key":"SMITH"}],"circlet_count":0,"master_deck":["PrismaMod:IllyaCommonAttack","PrismaMod:IllyaCommonDefend","PrismaMod:IllyaCommonAttack","PrismaMod:IllyaCommonDefend","PrismaMod:IllyaCommonAttack","PrismaMod:IllyaCommonDefend","PrismaMod:IllyaCommonAttack","PrismaMod:IllyaCommonAttack","PrismaMod:IllyaCommonDefend","PrismaMod:IllyaUncommonAttack","PrismaMod:IllyaUncommonDefend+1","PrismaMod:IllyaHassanGift","PrismaMod:IllyaCommonEvoke","PrismaMod:IllyaBerserCAR","PrismaMod:IllyaPoisonTippedWeapons","PrismaMod:IllyaCheapChannelDefend","PrismaMod:IllyaFeed","theMarked:SummonStrength","PrismaMod:IllyaDetonatingBlow","PrismaMod:IllyaPoisoningPhantasm","PrismaMod:IllyaFriendMaker+1","PrismaMod:IllyaHassanGift+1","PrismaMod:IllyaBerserCAR+1","PrismaMod:IllyaUberChannel+1","PrismaMod:IllyaBride+1","PrismaMod:IllyaInstallCaster"],"relics":["PrismaMod:PrismaRuby","AT_ATBox","REME_ComplimentaryCards","Orichalcum","Toxic Egg 2","Blood Vial","HollowMod:LifeEnderRelic","energizedSpire:OgreHead","DemoMod:GlassGuonStoneRelic"],"acts_visited":["Exordium","TheCity"],"potions_floor_usage":[12,16],"damage_taken":[{"damage":2,"enemies":"Gensokyo:2_Kodama","floor":1,"turns":6},{"damage":0,"enemies":"Gensokyo:3_Fairies","floor":2,"turns":5},{"damage":3,"enemies":"Gensokyo:Gryphon","floor":4,"turns":4},{"damage":7,"enemies":"Gensokyo:VengefulSpirit","floor":5,"turns":6},{"damage":11,"enemies":"Gensokyo:Mamizou","floor":7,"turns":8},{"damage":6,"enemies":"Gensokyo:2_Rabbits","floor":8,"turns":6},{"damage":32,"enemies":"Gensokyo:Cirno","floor":12,"turns":6},{"damage":0,"enemies":"Gensokyo:3_Kodama","floor":14,"turns":6},{"damage":15,"enemies":"Gensokyo:Kokoro","floor":16,"turns":9},{"damage":3,"enemies":"2 Thieves","floor":18,"turns":4}],"seed_played":"188645569671856557","potions_obtained":[{"floor":2,"key":"AttackPotion"},{"floor":7,"key":"AttackPotion"},{"floor":14,"key":"construct:ShiftPotion"}],"is_trial":false,"path_per_floor":["M","M","$","M","M","R","E","M","T","?","?","E","$","M","R","B",null,"M"],"character_chosen":"ILLYA","items_purchased":["PrismaMod:IllyaBerserCAR","PrismaMod:IllyaPoisonTippedWeapons","PrismaMod:IllyaCheapChannelDefend","PrismaMod:IllyaBerserCAR+1","PrismaMod:IllyaUberChannel+1"],"campfire_rested":0,"item_purchase_floors":[3,3,3,13,13],"current_hp_per_floor":[73,73,73,70,73,73,69,63,63,63,63,33,33,35,35,22,75,74,74],"gold":175,"neow_bonus":"REMOVE_CARD","is_daily":false,"chose_seed":false,"campfire_upgraded":2,"win_rate":0.0,"timestamp":1610915539,"path_taken":["M","M","$","M","M","R","E","M","T","?","?","E","?","M","R","BOSS","M"],"items_purchased_type":["Card","Card","Card","Card","Card"],"build_version":"2020-12-22","purchased_purges":0,"victory":false,"max_hp_per_floor":[75,75,75,75,75,75,75,75,75,75,75,75,75,75,75,75,75,75,75],"card_choices":[{"not_picked":["PrismaMod:IllyaTestament","PrismaMod:IllyaBoysLove"],"picked":"PrismaMod:IllyaHassanGift","floor":1},{"not_picked":["PrismaMod:IllyaStunPoison","PrismaMod:IllyaEvokeAll"],"picked":"PrismaMod:IllyaCommonEvoke","floor":2},{"not_picked":["PrismaMod:IllyaRussianRoulette","PrismaMod:IllyaCommandSeal"],"picked":"PrismaMod:IllyaFeed","floor":4},{"not_picked":["PrismaMod:IllyaMaid","PrismaMod:IllyaRapidFire"],"picked":"PrismaMod:IllyaDetonatingBlow","floor":5},{"not_picked":["PrismaMod:IllyaRapidFire","PrismaMod:IllyaUncommonDefend"],"picked":"PrismaMod:IllyaPoisoningPhantasm","floor":7},{"not_picked":["PrismaMod:IllyaMinorReinForce","PrismaMod:IllyaBlindPoisonToss"],"picked":"PrismaMod:IllyaFriendMaker","floor":8},{"not_picked":["PrismaMod:IllyaMinorRapidFire","PrismaMod:IllyaCheapChannelAttack+1"],"picked":"PrismaMod:IllyaHassanGift+1","floor":12},{"not_picked":["PrismaMod:IllyaFeed","PrismaMod:IllyaHassanGift+1"],"picked":"PrismaMod:IllyaBride+1","floor":14},{"not_picked":["PrismaMod:IllyaUberAttackChannel+1","PrismaMod:IllyaCarnivalOrbs+1"],"picked":"PrismaMod:IllyaInstallCaster","floor":16}],"player_experience":37765,"relics_obtained":[{"floor":7,"key":"Orichalcum"},{"floor":9,"key":"Toxic Egg 2"},{"floor":12,"key":"HollowMod:LifeEnderRelic"}],"event_choices":[],"is_beta":false,"boss_relics":[{"not_picked":["vexMod:BigBerry","aspiration:RitualDagger"],"picked":"energizedSpire:OgreHead"}],"items_purged_floors":[],"is_endless":false,"potions_floor_spawned":[2,7,14],"killed_by":"2 Thieves","ascension_level":0}}