{"host":"2se5dq1do2gp0x9k","time":1610862231,"event":{"mods":["AchievementEnabler","BaseMod","Block Reminder","Colored Map","Colored Powertips","Minty Spire (QoL Compilation)","Relic Stats","StSLib","SuperFastMode"],"gold_per_floor":[15,15,15,65,79,79,120,15,15,49,64,64,64,64,64,64,64],"floor_reached":16,"language":"ENG","playtime":432,"items_purged":[],"score":212,"play_id":"1aa0266e-f849-4356-82fe-7d5710e5ffb6","local_time":"20210116214351","is_ascension_mode":true,"campfire_choices":[{"data":"Blade Dance","floor":6.0,"key":"SMITH"},{"data":"Crippling Poison","floor":12.0,"key":"SMITH"},{"data":"Neutralize","floor":15.0,"key":"SMITH"}],"circlet_count":0,"master_deck":["AscendersBane","Strike_G","Strike_G","Strike_G","Strike_G","Defend_G","Defend_G","Defend_G","Defend_G","Defend_G","Survivor","Neutralize+1","Envenom+1","Blade Dance+1","Choke","Backflip","Blade Dance","Crippling Poison+1","Die Die Die","Cloak And Dagger"],"relics":["Ring of the Snake","Golden Idol","Tiny Chest","Singing Bowl","Ancient Tea Set"],"acts_visited":["Exordium"],"potions_floor_usage":[16,16],"damage_taken":[{"damage":10.0,"enemies":"Small Slimes","floor":1.0,"turns":7.0},{"damage":0.0,"enemies":"2 Louse","floor":5.0,"turns":4.0},{"damage":15.0,"enemies":"3 Sentries","floor":7.0,"turns":8.0},{"damage":34.0,"enemies":"Gremlin Nob","floor":10.0,"turns":4.0},{"damage":0.0,"enemies":"Cultist","floor":11.0,"turns":2.0},{"damage":36,"enemies":"Slime Boss","floor":16,"turns":7}],"seed_played":"7640678465792571818","potions_obtained":[{"floor":5.0,"key":"FairyPotion"},{"floor":7.0,"key":"Explosive Potion"},{"floor":10.0,"key":"LiquidMemories"}],"is_trial":false,"path_per_floor":["M","?","?","?","M","R","E","$","T","E","M","R","?","?","R","B"],"character_chosen":"THE_SILENT","items_purchased":["Blade Dance","Crippling Poison"],"campfire_rested":0,"item_purchase_floors":[8,8],"current_hp_per_floor":[49,49,49,43,43,43,28,28,28,18,18,18,38,31,31,0,0],"gold":64,"neow_bonus":"THREE_RARE_CARDS","is_daily":false,"chose_seed":false,"campfire_upgraded":3,"win_rate":0.0,"timestamp":1610862231,"path_taken":["M","?","?","?","M","R","E","$","T","E","?","R","?","?","R","BOSS"],"items_purchased_type":["Card","Card"],"build_version":"2020-12-22","purchased_purges":0,"victory":false,"max_hp_per_floor":[66,60,60,60,60,60,60,60,60,60,60,60,60,60,60,60,60],"relic_stats":{"Singing Bowl":0,"counters":[6,32],"Golden Idol":21,"Tiny Chest":0,"obtain_stats":[{"Singing Bowl":9,"Golden Idol":2,"Tiny Chest":7,"Ancient Tea Set":10,"Ring of the Snake":0},{"Singing Bowl":3,"Golden Idol":1,"Tiny Chest":3,"Ancient Tea Set":4,"Ring of the Snake":0},{"Singing Bowl":19,"Golden Idol":7,"Tiny Chest":19,"Ancient Tea Set":23,"Ring of the Snake":0}],"Ring of the Snake":[12]},"card_choices":[{"not_picked":["Unload","A Thousand Cuts"],"picked":"Envenom","floor":0.0},{"not_picked":["Underhanded Strike","PiercingWail"],"picked":"Blade Dance","floor":1.0},{"not_picked":["Distraction","Backflip"],"picked":"Choke","floor":5.0},{"not_picked":["Setup","Flechettes"],"picked":"Backflip","floor":7.0},{"not_picked":["Reflex","Quick Slash"],"picked":"Die Die Die","floor":10.0},{"not_picked":["Dagger Spray","PiercingWail"],"picked":"Cloak And Dagger","floor":11.0}],"player_experience":3882882,"relics_obtained":[{"floor":7.0,"key":"Tiny Chest"},{"floor":9.0,"key":"Singing Bowl"},{"floor":10.0,"key":"Ancient Tea Set"}],"event_choices":[{"damage_healed":0.0,"max_hp_gain":0.0,"max_hp_loss":6.0,"gold_gain":0.0,"event_name":"Golden Idol","player_choice":"Lose Max HP","floor":2.0,"gold_loss":0.0,"damage_taken":0.0,"relics_obtained":["Golden Idol"]},{"damage_healed":0.0,"max_hp_gain":0.0,"max_hp_loss":0.0,"gold_gain":0.0,"event_name":"Living Wall","player_choice":"Grow","floor":3.0,"gold_loss":0.0,"damage_taken":0.0,"cards_upgraded":["Envenom"]},{"damage_healed":0.0,"max_hp_gain":0.0,"max_hp_loss":0.0,"gold_gain":50.0,"event_name":"FaceTrader","player_choice":"Touch","floor":4.0,"gold_loss":0.0,"damage_taken":6.0},{"damage_healed":20.0,"max_hp_gain":0.0,"max_hp_loss":0.0,"gold_gain":0.0,"event_name":"Big Fish","player_choice":"Banana","floor":13.0,"gold_loss":0.0,"damage_taken":0.0},{"cards_removed":["Strike_G"],"damage_healed":0.0,"max_hp_gain":0.0,"max_hp_loss":0.0,"gold_gain":0.0,"event_name":"Golden Wing","player_choice":"Card Removal","floor":14.0,"gold_loss":0.0,"damage_taken":7.0}],"is_beta":false,"boss_relics":[],"items_purged_floors":[],"is_endless":false,"potions_floor_spawned":[5,7,10],"killed_by":"Slime Boss","ascension_level":20}}