{"host":"h3vysik1bw5w0dm6","time":1610890462,"event":{"mods":["AchievementEnabler","Aspiration","BaseMod","Better Note","Better Sensory Stone","Better Vampires","BetterRewards","Colored Powertips","Conspire","Downfall","Friendly Minions","Googly Eyes","Gremlin Skip","Halation","Infinite Spire","Lobotomy","Minty Spire (QoL Compilation)","Quick Restart","Shop Mod","StSLib"],"gold_per_floor":[114,114,16,16,16,43,43,53,53,53,6,6,21,46,46,46,46],"floor_reached":16,"language":"ENG","playtime":3351,"items_purged":[],"score":179,"play_id":"e26fa9b6-f170-4f10-ba41-e855f36d83f9","local_time":"20210117143422","is_ascension_mode":true,"campfire_choices":[{"data":"Body Slam","floor":7,"key":"SMITH"},{"floor":15,"key":"REST"}],"circlet_count":0,"master_deck":["Strike_R","Strike_R","Strike_R","Strike_R","Strike_R","Defend_R","Defend_R","Defend_R","Defend_R","Body Slam+1","Shrug It Off","Shrug It Off","Corruption"],"relics":["Burning Blood","halation:EternalFortune","FossilizedHelix","Juzu Bracelet","Charon\u0027s Ashes","aspiration:TomeofQuesting","infinitespire:Satchel"],"acts_visited":["Exordium"],"potions_floor_usage":[13,14,14],"damage_taken":[{"damage":7,"enemies":"Jaw Worm","floor":1,"turns":3},{"damage":35,"enemies":"Lagavulin","floor":6,"turns":7},{"damage":0,"enemies":"Cultist","floor":8,"turns":3},{"damage":0,"enemies":"Small Slimes","floor":13,"turns":3},{"damage":2,"enemies":"3 Sentries","floor":14,"turns":5},{"damage":45,"enemies":"Hexaghost","floor":16,"turns":12}],"seed_played":"4631941578867809460","potions_obtained":[{"floor":1,"key":"Energy Potion"},{"floor":6,"key":"SteroidPotion"},{"floor":13,"key":"PowerPotion"}],"is_trial":false,"path_per_floor":["M","?","$","?","T","E","R","M","T","?","$","?","M","E","R","B"],"character_chosen":"IRONCLAD","items_purchased":["Body Slam","Shrug It Off","Shrug It Off"],"campfire_rested":1,"item_purchase_floors":[3,3,11],"current_hp_per_floor":[74,74,74,77,77,48,48,54,54,12,12,12,18,22,45,0,0],"gold":46,"neow_bonus":"","is_daily":false,"chose_seed":false,"campfire_upgraded":1,"win_rate":0.0,"timestamp":1610890462,"path_taken":["M","?","$","?","?","E","R","M","T","?","?","?","M","E","R","BOSS"],"items_purchased_type":["Card","Card","Card"],"build_version":"2020-12-22","purchased_purges":0,"victory":false,"max_hp_per_floor":[75,75,75,78,78,78,78,78,78,78,78,78,78,78,78,78,78],"card_choices":[{"not_picked":["Searing Blow","Fire Breathing","conspire:ExplosiveBarrier"],"picked":"SKIP","floor":1},{"not_picked":["Pommel Strike","Disarm","Thunderclap"],"picked":"SKIP","floor":6},{"not_picked":["Clothesline","Wild Strike","Heavy Blade"],"picked":"SKIP","floor":8},{"not_picked":["Thunderclap","Cleave","Twin Strike"],"picked":"SKIP","floor":13},{"not_picked":["Headbutt","conspire:HitWhereItHurts","Sever Soul"],"picked":"SKIP","floor":14}],"player_experience":362763,"relics_obtained":[{"floor":5,"key":"FossilizedHelix"},{"floor":6,"key":"Juzu Bracelet"},{"floor":9,"key":"Charon\u0027s Ashes"},{"floor":14,"key":"infinitespire:Satchel"}],"event_choices":[{"cards_removed":["Bash"],"damage_healed":0,"gold_gain":0,"player_choice":"Purged","damage_taken":0,"max_hp_gain":0,"max_hp_loss":0,"event_name":"Purifier","floor":2,"gold_loss":0},{"damage_healed":0,"gold_gain":0,"player_choice":"Success","damage_taken":42,"relics_obtained":["aspiration:TomeofQuesting"],"max_hp_gain":0,"max_hp_loss":0,"event_name":"Scrap Ooze","floor":10,"gold_loss":0},{"damage_healed":0,"gold_gain":0,"cards_transformed":["Anger"],"player_choice":"Transformed","damage_taken":0,"max_hp_gain":0,"max_hp_loss":0,"event_name":"Transmorgrifier","floor":12,"gold_loss":0,"cards_obtained":["Corruption"]}],"is_beta":false,"boss_relics":[],"items_purged_floors":[],"is_endless":false,"potions_floor_spawned":[1,6,13],"killed_by":"Hexaghost","ascension_level":3}}