{"host":"54jr43vd79817238","time":1610891093,"event":{"mods":["100% Spire Juice","ATMod(阿瑾Mod)","Act Like it!","Arknights The Spire","Aspiration","BaseMod","CapriCore","Dota2Spire","Friendly Minions","Gensokyo","GungeonMod","Hallownest","Hermit","Jedi Mod","KinomotoSakuraMod(木之本樱)","Lobotomy","LobotomyExtend","Mari Mod (Legacy)","Mari\u0027s V1 Patch","Marisa（F雨　魔理沙）","Minty Spire (QoL Compilation)","MostiFishMod","Quarter Circle Forward PUNCH!","Replay The Spire","Robot Space Explorer","RumiaBox-露米娅的神秘盒子","Spicy Shops","StSLib","TestMod","The Alterego","The Dragon Tamer","The Marked","WarShipGirlsR/战舰少女R mod","Yakumo Yukari mod","Youmu（魂魄妖梦）","vexMod","【遗物卡牌】REMEMod"],"gold_per_floor":[119,129,129,146,161,161,196,212,237,237,252,270,331,342,342,437,437,456,565,234,234,234,234,249,259,284,284,284,259,259,269,269,372,372,385,399,799,799,816,816,826,496,496,496,513,368,386,397,397,397,397,397,397,88,118,118],"floor_reached":57,"language":"ZHS","playtime":2265,"items_purged":["Shame","Hallownest:curseDreamersLament"],"score":1408,"play_id":"c228c923-10d6-41b5-b422-e27c00ae1c67","local_time":"20210117214453","is_ascension_mode":false,"campfire_choices":[{"floor":6,"key":"RECALL"},{"data":"RobotSpaceExplorer:MakeshiftVolley","floor":10,"key":"SMITH"},{"data":"AT_ChampionKick","floor":15,"key":"SMITH"},{"data":"RobotSpaceExplorer:Scanner","floor":23,"key":"SMITH"},{"data":"RobotSpaceExplorer:RigExplosive","floor":27,"key":"SMITH"},{"data":"RobotSpaceExplorer:FreezingShield","floor":30,"key":"SMITH"},{"data":"RobotSpaceExplorer:Exploration","floor":32,"key":"SMITH"},{"data":"RobotSpaceExplorer:ChargingLaser","floor":40,"key":"SMITH"},{"data":"RobotSpaceExplorer:FranticSearch","floor":44,"key":"SMITH"},{"data":"RobotSpaceExplorer:MiniLasers","floor":49,"key":"SMITH"},{"data":"RobotSpaceExplorer:ShovelStrike","floor":53,"key":"SMITH"}],"circlet_count":0,"master_deck":["RobotSpaceExplorer:Strike","RobotSpaceExplorer:Strike","RobotSpaceExplorer:Strike","RobotSpaceExplorer:Strike","RobotSpaceExplorer:Defend","RobotSpaceExplorer:Defend","RobotSpaceExplorer:Defend","RobotSpaceExplorer:Defend","RobotSpaceExplorer:Scan","RobotSpaceExplorer:MiniLasers+1","AT_ChampionKick+1","RobotSpaceExplorer:ShovelStrike+1","RobotSpaceExplorer:MakeshiftVolley+1","RobotSpaceExplorer:FranticSearch+1","RobotSpaceExplorer:GlueSpray","RobotSpaceExplorer:PowerGlove","RobotSpaceExplorer:ToxicBomb","RobotSpaceExplorer:PowerCollector","RobotSpaceExplorer:RigExplosive+1","RobotSpaceExplorer:Scanner+1","RobotSpaceExplorer:FreezingShield+1","RobotSpaceExplorer:DualCore","RobotSpaceExplorer:ChargingLaser+1","RobotSpaceExplorer:SlimeMissile+1","RobotSpaceExplorer:LuckyStrike","RobotSpaceExplorer:GearShield+1","Regret","RobotSpaceExplorer:Ammunition"],"relics":["RobotSpaceExplorer:RoboCore","DaveBox","REME_ComplimentaryCards","AT_ATBox","testmod-IntensifyImprint","JellyFishMachine","REME_PuzzleBoxRelic","qcfpunch:Red_Headband","jedi:crownofsimplicity","SoulBox","Mummified Hand","Hallownest:WatcherSealRelic","BranchBurnRelic","GodSword5","Sozu","SynthV","Regal Pillow","Dota2Spire:LinkenSphere","Orichalcum","HandDrill","Lee\u0027s Waffle","Oddly Smooth Stone"],"acts_visited":["Exordium","Hallownest:CityofTears","Gensokyo:Gensokyoest","TheEnding"],"potions_floor_usage":[16,25,25,25,31,33,35,56,56],"damage_taken":[{"damage":0,"enemies":"Small Slimes","floor":1,"turns":2},{"damage":0,"enemies":"Cultist","floor":2,"turns":2},{"damage":0,"enemies":"Jaw Worm","floor":4,"turns":1},{"damage":0,"enemies":"Looter","floor":5,"turns":2},{"damage":3,"enemies":"3 Sentries","floor":7,"turns":5},{"damage":6,"enemies":"Large Slime","floor":8,"turns":4},{"damage":0,"enemies":"2 Fungi Beasts","floor":11,"turns":2},{"damage":0,"enemies":"Blue Slaver","floor":12,"turns":2},{"damage":0,"enemies":"Large Slime","floor":14,"turns":2},{"damage":16,"enemies":"Hexaghost","floor":16,"turns":3},{"damage":0,"enemies":"Hallownest:3_Youths","floor":18,"turns":2},{"damage":0,"enemies":"Hallownest:Guard_and_Sentry","floor":24,"turns":3},{"damage":0,"enemies":"Hallownest:Warrior_and_Youth","floor":25,"turns":3},{"damage":1,"enemies":"Hallownest:monsterShrumalOgre","floor":31,"turns":2},{"damage":2,"enemies":"Hallownest:BossSoulMaster","floor":33,"turns":9},{"damage":1,"enemies":"Gensokyo:3_Bats","floor":35,"turns":2},{"damage":1,"enemies":"Gensokyo:3_Boulders","floor":36,"turns":3},{"damage":2,"enemies":"Gensokyo:SeedOfUnknown","floor":39,"turns":2},{"damage":6,"enemies":"Gensokyo:Sharpion","floor":41,"turns":3},{"damage":0,"enemies":"Gensokyo:Dusk_and_Dawn","floor":45,"turns":2},{"damage":0,"enemies":"Gensokyo:AtlasGolem","floor":47,"turns":2},{"damage":0,"enemies":"Gensokyo:3_Boulders","floor":48,"turns":2},{"damage":0,"enemies":"Gensokyo:Yuyuko","floor":50,"turns":4},{"damage":5,"enemies":"Shield and Spear","floor":55,"turns":4},{"damage":30,"enemies":"The Heart","floor":56,"turns":8}],"seed_played":"-6067032498080892144","potions_obtained":[{"floor":4,"key":"RobotSpaceExplorer:RecyclePotion"},{"floor":5,"key":"Explosive Potion"},{"floor":7,"key":"Elixir"},{"floor":12,"key":"SkillPotion"},{"floor":25,"key":"Reflective Coating"},{"floor":33,"key":"FearPotion"}],"is_trial":false,"path_per_floor":["M","M","?","M","M","R","E","M","T","R","M","M","?","M","R","B",null,"M","?","$","?","?","R","M","M","T","R","?","?","R","M","R","B",null,"M","M","?","?","M","R","M","$","T","R","M","$","M","M","R","B",null,null,"R","$","E","B",null],"character_chosen":"RobotSpaceExplorer","items_purchased":["Mummified Hand","SynthV","Regal Pillow","Orichalcum","HandDrill","Lee\u0027s Waffle"],"campfire_rested":0,"item_purchase_floors":[20,42,42,46,54,54],"current_hp_per_floor":[75,75,75,75,75,75,72,66,66,66,66,66,66,66,66,50,75,75,75,75,75,75,75,75,75,75,75,75,75,75,75,75,74,75,74,73,73,73,71,71,69,69,69,69,75,75,75,75,75,75,75,75,75,82,82,52],"gold":118,"neow_bonus":"RANDOM_COMMON_RELIC","is_daily":false,"chose_seed":false,"campfire_upgraded":10,"win_rate":0.0,"timestamp":1610891093,"path_taken":["M","M","?","M","?","R","E","M","T","R","M","?","?","M","R","BOSS","M","?","?","?","?","R","?","M","T","R","?","?","R","M","R","BOSS","M","M","?","?","M","R","M","$","T","R","M","?","?","M","R","BOSS","R","$","E","BOSS"],"items_purchased_type":["Relic","Relic","Relic","Relic","Relic","Relic"],"build_version":"2020-12-22","purchased_purges":2,"victory":true,"max_hp_per_floor":[75,75,75,75,75,75,75,75,75,75,75,75,75,75,75,75,75,75,75,75,75,75,75,75,75,75,75,75,75,75,75,75,75,75,75,75,75,75,75,75,75,75,75,75,75,75,75,75,75,75,75,75,75,82,82,82],"card_choices":[{"not_picked":["RobotSpaceExplorer:SwiftStep","RobotSpaceExplorer:SelfCleaning"],"picked":"RobotSpaceExplorer:ShovelStrike","floor":1},{"not_picked":["RobotSpaceExplorer:MiniBoosters","RobotSpaceExplorer:StunGrenade"],"picked":"RobotSpaceExplorer:MakeshiftVolley","floor":2},{"not_picked":["RobotSpaceExplorer:FrostMissile","RobotSpaceExplorer:SurgingShield"],"picked":"RobotSpaceExplorer:FranticSearch","floor":4},{"not_picked":["RobotSpaceExplorer:ShockKick","RobotSpaceExplorer:PlasmaMissile"],"picked":"RobotSpaceExplorer:GlueSpray","floor":5},{"not_picked":["RobotSpaceExplorer:PowerCollector","RobotSpaceExplorer:MetalStrike"],"picked":"RobotSpaceExplorer:PowerGlove","floor":7},{"not_picked":["RobotSpaceExplorer:ScrapMissile","RobotSpaceExplorer:Blitz"],"picked":"RobotSpaceExplorer:ToxicBomb","floor":8},{"not_picked":["RobotSpaceExplorer:FreezingShield","RobotSpaceExplorer:Ammunition"],"picked":"RobotSpaceExplorer:PowerCollector","floor":11},{"not_picked":["RobotSpaceExplorer:SwiftStep","RobotSpaceExplorer:MetalStrike","RobotSpaceExplorer:GlueShot"],"picked":"SKIP","floor":12},{"not_picked":["RobotSpaceExplorer:Ammunition","RobotSpaceExplorer:Probe"],"picked":"RobotSpaceExplorer:RigExplosive","floor":14},{"not_picked":["RobotSpaceExplorer:Blaster","RobotSpaceExplorer:Comet"],"picked":"RobotSpaceExplorer:Scanner","floor":16},{"not_picked":["RobotSpaceExplorer:ScrapShield","RobotSpaceExplorer:SwiftStep"],"picked":"RobotSpaceExplorer:FreezingShield","floor":18},{"not_picked":["RobotSpaceExplorer:Ammunition","RobotSpaceExplorer:SlimeMissile","RobotSpaceExplorer:StunGrenade"],"picked":"SKIP","floor":24},{"not_picked":["RobotSpaceExplorer:ShovelStrike+1","RobotSpaceExplorer:ScrapMissile"],"picked":"RobotSpaceExplorer:DualCore","floor":25},{"not_picked":["RobotSpaceExplorer:PowerCollector","RobotSpaceExplorer:FranticSearch+1"],"picked":"RobotSpaceExplorer:Exploration","floor":31},{"not_picked":["RobotSpaceExplorer:Autoloader","RobotSpaceExplorer:Asteroid"],"picked":"RobotSpaceExplorer:ChargingLaser","floor":33},{"not_picked":["RobotSpaceExplorer:ShovelStrike","RobotSpaceExplorer:StarDust+1"],"picked":"RobotSpaceExplorer:SlimeMissile+1","floor":35},{"not_picked":["RobotSpaceExplorer:FreezingShield","RobotSpaceExplorer:IronShell"],"picked":"RobotSpaceExplorer:LuckyStrike","floor":36},{"not_picked":["RobotSpaceExplorer:ShovelStrike+1","RobotSpaceExplorer:Discharger","RobotSpaceExplorer:Pulsar+1"],"picked":"SKIP","floor":39},{"not_picked":["RobotSpaceExplorer:Probe+1","RobotSpaceExplorer:FranticSearch"],"picked":"RobotSpaceExplorer:GearShield+1","floor":41},{"not_picked":["RobotSpaceExplorer:Pulsar+1","RobotSpaceExplorer:RigExplosive","RobotSpaceExplorer:Jetpack+1"],"picked":"SKIP","floor":45},{"not_picked":["RobotSpaceExplorer:Discharger+1","RobotSpaceExplorer:Electroshield","RobotSpaceExplorer:TurboDodge"],"picked":"SKIP","floor":47},{"not_picked":["RobotSpaceExplorer:StunGrenade","RobotSpaceExplorer:SlimeMissile+1","RobotSpaceExplorer:MetalStrike+1"],"picked":"SKIP","floor":48},{"not_picked":["RobotSpaceExplorer:SurgingStrike","RobotSpaceExplorer:Electroshield"],"picked":"RobotSpaceExplorer:Ammunition","floor":55}],"player_experience":267145,"relics_obtained":[{"floor":7,"key":"qcfpunch:Red_Headband"},{"floor":9,"key":"jedi:crownofsimplicity"},{"floor":33,"key":"GodSword5"},{"floor":43,"key":"Dota2Spire:LinkenSphere"},{"floor":55,"key":"Oddly Smooth Stone"}],"event_choices":[{"damage_healed":0,"gold_gain":0,"player_choice":"Ignored","damage_taken":0,"max_hp_gain":0,"max_hp_loss":0,"event_name":"NoteForYourself","floor":3,"gold_loss":0},{"damage_healed":0,"gold_gain":61,"player_choice":"Gained Gold","damage_taken":0,"max_hp_gain":0,"max_hp_loss":0,"event_name":"Golden Wing","floor":13,"gold_loss":0},{"damage_healed":0,"gold_gain":400,"player_choice":"Sell","damage_taken":0,"max_hp_gain":0,"max_hp_loss":0,"event_name":"恩洛斯的盘子","floor":37,"relics_lost":["testmod-TestBox"],"gold_loss":0}],"is_beta":false,"boss_relics":[{"not_picked":["testmod-PortableAltar","aspiration:RitualDagger"],"picked":"SoulBox"},{"not_picked":["vexMod:MysteryBossChallenge","Velvet Choker"],"picked":"Sozu"}],"items_purged_floors":[20,42],"is_endless":false,"potions_floor_spawned":[4,5,7,8,12,18,25,33,35,45],"ascension_level":0}}