{"host":"pyvqvk2ltcevcwmf","time":1610856797,"event":{"mods":["BaseMod","BetterRewards","Good Game Mod","Marisa£®ÏF”Í°°ƒß¿Ì…≥£©","Minty Spire (QoL Compilation)","Poor People Problems","Rare Cards Sparkle","Shop Mod","Spicy Shops","StSLib","The Alterego","The Servant 0.9.4","Youmu£®ªÍ∆«—˝√Œ£©"],"gold_per_floor":[119,137,137,154,154,277,277,277,277,347,406,406,448,513,513,714,714,762,801,135,234,234,234],"floor_reached":22,"language":"ZHS","playtime":1807,"items_purged":["Strike_MRS"],"score":196,"play_id":"43b4e253-4903-4242-989d-9413fb590d15","local_time":"20210117121317","is_ascension_mode":false,"campfire_choices":[{"data":"BlazeAway","floor":7.0,"key":"SMITH"},{"data":"PulseMagic","floor":12.0,"key":"SMITH"},{"data":"LuminesStrike","floor":15.0,"key":"SMITH"}],"circlet_count":0,"master_deck":["Strike_MRS","Strike_MRS","Strike_MRS","Defend_MRS","Defend_MRS","Defend_MRS","Defend_MRS","MasterSpark","UpSweep","Burst","Robbery+1","EnergyFlow","GravityBeat","BlazeAway+1","MeteoricShower","PulseMagic+1","LuminesStrike+1","PowerUp","TreasureHunter","MilkyWay"],"relics":["MiniHakkero","REME:ComplimentaryCards","NeowsBlessing","Matryoshka","StoneCalendar","Bottled Tornado","Ancient Tea Set","CeramicFish","SlaversCollar","SimpleLauncher","MerchantsRug","Orichalcum"],"acts_visited":["Exordium","TheCity"],"potions_floor_usage":[22],"damage_taken":[{"damage":0.0,"enemies":"Jaw Worm","floor":1.0,"turns":1.0},{"damage":0.0,"enemies":"Cultist","floor":2.0,"turns":1.0},{"damage":0.0,"enemies":"2 Louse","floor":4.0,"turns":1.0},{"damage":12.0,"enemies":"Gremlin Nob","floor":6.0,"turns":3.0},{"damage":12.0,"enemies":"2 Fungi Beasts","floor":10.0,"turns":2.0},{"damage":31.0,"enemies":"Lagavulin","floor":11.0,"turns":4.0},{"damage":6.0,"enemies":"Large Slime","floor":13.0,"turns":5.0},{"damage":3.0,"enemies":"Red Slaver","floor":14.0,"turns":2.0},{"damage":6.0,"enemies":"Hexaghost","floor":16.0,"turns":7.0},{"damage":20.0,"enemies":"2 Thieves","floor":18.0,"turns":4.0},{"damage":30.0,"enemies":"3 Byrds","floor":19.0,"turns":6.0},{"damage":26,"enemies":"Snake Plant","floor":22,"turns":4}],"seed_played":"5451264030705547023","potions_obtained":[{"floor":3.0,"key":"DuplicationPotion"},{"floor":3.0,"key":"FearPotion"},{"floor":3.0,"key":"Strength Potion"},{"floor":10.0,"key":"Strength Potion"},{"floor":11.0,"key":"Weak Potion"},{"floor":13.0,"key":"LiquidMemories"},{"floor":16.0,"key":"Energy Potion"},{"floor":19.0,"key":"BottledSpark"}],"is_trial":false,"path_per_floor":["M","M","?","M","?","E","R","?","T","M","E","R","M","M","R","B",null,"M","M","$","?","M"],"character_chosen":"MARISA","items_purchased":["SimpleLauncher","MerchantsRug","Orichalcum"],"campfire_rested":0,"item_purchase_floors":[20,20,20],"current_hp_per_floor":[75,75,75,75,75,63,63,63,63,51,20,20,14,11,11,5,75,55,25,25,25,0,0],"gold":234,"neow_bonus":"THREE_ENEMY_KILL","is_daily":false,"chose_seed":false,"campfire_upgraded":3,"win_rate":0.0,"timestamp":1610856797,"path_taken":["M","M","?","?","?","E","R","?","T","?","E","R","?","M","R","BOSS","M","M","$","?","M"],"items_purchased_type":["Relic","Relic","Relic"],"build_version":"2020-12-22","purchased_purges":1,"victory":false,"max_hp_per_floor":[75,75,75,75,75,75,75,75,75,75,75,75,75,75,75,75,75,75,75,75,75,75,75],"card_choices":[{"not_picked":["ChargeUpSpray","Occultation"],"picked":"Robbery","floor":1.0},{"not_picked":["WitchLeyline","AsteroidBelt"],"picked":"EnergyFlow","floor":2.0},{"not_picked":["ShootingEcho","DC"],"picked":"GravityBeat","floor":4.0},{"not_picked":["GalacticHalo","UnstableBomb"],"picked":"BlazeAway","floor":6.0},{"not_picked":["MagicChant","Occultation"],"picked":"MeteoricShower","floor":10.0},{"not_picked":["CollectingQuirk","IllusionStar"],"picked":"PulseMagic","floor":11.0},{"not_picked":["EventHorizon","IllusionStar"],"picked":"LuminesStrike","floor":13.0},{"not_picked":["ShootingEcho","WitchLeyline"],"picked":"PowerUp","floor":14.0},{"not_picked":["BigCrunch","MaximisePower"],"picked":"TreasureHunter","floor":16.0},{"not_picked":["EnergyRecoil","WitchLeyline"],"picked":"MilkyWay","floor":18.0},{"not_picked":["GalacticHalo","DeepEcoloBomb","DarkMatter"],"picked":"SKIP","floor":19.0}],"player_experience":154600,"relics_obtained":[{"floor":6.0,"key":"Matryoshka"},{"floor":9.0,"key":"Bottled Tornado"},{"floor":9.0,"key":"Ancient Tea Set"},{"floor":11.0,"key":"CeramicFish"}],"event_choices":[{"damage_healed":0.0,"max_hp_gain":0.0,"max_hp_loss":0.0,"gold_gain":0.0,"event_name":"Lab","player_choice":"Got Potions","floor":3.0,"gold_loss":0.0,"damage_taken":0.0},{"damage_healed":0.0,"max_hp_gain":0.0,"max_hp_loss":0.0,"gold_gain":0.0,"event_name":"Living Wall","player_choice":"Grow","floor":5.0,"gold_loss":0.0,"damage_taken":0.0,"cards_upgraded":["Robbery"]},{"damage_healed":0.0,"max_hp_gain":0.0,"max_hp_loss":0.0,"gold_gain":0.0,"event_name":"WeMeetAgain","player_choice":"Gave Potion","floor":8.0,"gold_loss":0.0,"damage_taken":0.0,"relics_obtained":["StoneCalendar"]},{"damage_healed":0.0,"max_hp_gain":0.0,"max_hp_loss":0.0,"gold_gain":99.0,"event_name":"Nest","player_choice":"Stole From Cult","floor":21.0,"gold_loss":0.0,"damage_taken":0.0}],"is_beta":false,"boss_relics":[{"not_picked":["Runic Pyramid","Sozu"],"picked":"SlaversCollar"}],"items_purged_floors":[20],"is_endless":false,"potions_floor_spawned":[10,11,13,16,19],"killed_by":"Snake Plant","ascension_level":0}}