{"host":"n0skvses7dy0wkua","time":1610910762,"event":{"mods":["Act Like it!","BaseMod","Better Vampires","Custom Start","Minty Spire (QoL Compilation)","MostiFishMod","Quick Restart","Replay The Spire","SacredBarkPlus","Shop Mod","Spicy Shops","StSLib","UnlockEverythingMod","Waifu the Spire","【功能Mod】Neow奖励","【遗物卡牌】REMEMod","残留之物","没有小屋子和绿帽子啦"],"gold_per_floor":[109,109,123,139,139,139,139,154,154,33,33,44,44,79,79,180,180,193,206,234,254,49,75,93,93,167,92,110,144,144,164,164,267,267,278,2,14,29,251,251,271,271,295,323,332,157,170,202,202,202,202,202,68,105,105],"floor_reached":56,"language":"ZHS","playtime":3648,"items_purged":["Replay:Hysterical Blindness","PlaceholderMod:ProliferateStrike","PlaceholderMod:SubstitutionNucleophilic1+1","PlaceholderMod:BaseStrike+1","PlaceholderMod:PoisonWhip+1"],"score":1322,"play_id":"24998e78-6fd1-42c6-9d2d-316ad6bc5014","local_time":"20210118031242","is_ascension_mode":false,"campfire_choices":[{"data":"PlaceholderMod:EnergyAbsorb","floor":6.0,"key":"SMITH"},{"data":"PlaceholderMod:Activation","floor":11.0,"key":"SMITH"},{"data":"PlaceholderMod:SubstitutionNucleophilic1","floor":13.0,"key":"SMITH"},{"data":"REME_MagicPocketWatch","floor":15.0,"key":"SMITH"},{"floor":25.0,"key":"RECALL"},{"floor":32.0,"key":"REST"},{"floor":40.0,"key":"REST"},{"floor":42.0,"key":"REST"},{"floor":49,"key":"REST"},{"floor":52,"key":"REST"}],"circlet_count":0,"master_deck":["PlaceholderMod:BaseDefend","PlaceholderMod:BaseDefend","PlaceholderMod:BaseDefend","PlaceholderMod:BaseDefend","PlaceholderMod:Crystal","PlaceholderMod:Corrosion","MostiFishMod:StarOceanB","PlaceholderMod:DirectingGroup+1","PlaceholderMod:EnergyAbsorb+1","PlaceholderMod:Activation+1","REME_MagicPocketWatch+1","PlaceholderMod:DoublePoint","PlaceholderMod:AbsorbTouch","PlaceholderMod:UnpureUse+1","PlaceholderMod:ThreeBenzyolStart+1","PlaceholderMod:InnerStable","PlaceholderMod:EnergyAbsorb+1","PlaceholderMod:ReactionCatalyze","PlaceholderMod:Stable+1","PlaceholderMod:EnergyAbsorb+1","PlaceholderMod:Crystallization+1","PlaceholderMod:EnergyAbsorb+1","PlaceholderMod:Activation+1","PlaceholderMod:EnergyAbsorb+1"],"relics":["PlaceholderMod:Tancle","DaveBox","REME_ComplimentaryCards","BionicSphere","SynthV:TestCard","ReplayTheSpireMod:CursedCoin","Frozen Egg 2","Fusion Hammer","Red Mask","CaptainsWheel","Darkstone Periapt","MerchantsRug","CeramicFish","Meat on the Bone","Replay:Ringing Soul","DollysMirror","Replay:Bottled Eggs"],"acts_visited":["Exordium","TheCity","TheBeyond","TheEnding"],"potions_floor_usage":[50],"damage_taken":[{"damage":0.0,"enemies":"Jaw Worm","floor":1.0,"turns":4.0},{"damage":0.0,"enemies":"Small Slimes","floor":3.0,"turns":3.0},{"damage":0.0,"enemies":"2 Louse","floor":4.0,"turns":2.0},{"damage":0.0,"enemies":"2 Fungi Beasts","floor":8.0,"turns":3.0},{"damage":0.0,"enemies":"Lots of Slimes","floor":12.0,"turns":5.0},{"damage":0.0,"enemies":"Replay:BlueRogue","floor":14.0,"turns":5.0},{"damage":0.0,"enemies":"Fading Forest","floor":16.0,"turns":12.0},{"damage":0.0,"enemies":"Spheric Guardian","floor":18.0,"turns":1.0},{"damage":0.0,"enemies":"2 Thieves","floor":19.0,"turns":6.0},{"damage":11.0,"enemies":"Masked Bandits","floor":20.0,"turns":6.0},{"damage":0.0,"enemies":"Cultist and Chosen","floor":21.0,"turns":6.0},{"damage":0.0,"enemies":"Book of Stabbing","floor":23.0,"turns":7.0},{"damage":0.0,"enemies":"Snake Plant","floor":24.0,"turns":4.0},{"damage":3.0,"enemies":"Centurion and Healer","floor":28.0,"turns":7.0},{"damage":0.0,"enemies":"Slavers","floor":29.0,"turns":6.0},{"damage":0.0,"enemies":"Sentry and Sphere","floor":31.0,"turns":6.0},{"damage":0.0,"enemies":"Champ","floor":33.0,"turns":9.0},{"damage":0.0,"enemies":"3 Shapes","floor":35.0,"turns":8.0},{"damage":0.0,"enemies":"3 Darklings","floor":37.0,"turns":8.0},{"damage":19.0,"enemies":"4 Shapes","floor":38.0,"turns":5.0},{"damage":0.0,"enemies":"Writhing Mass","floor":41.0,"turns":3.0},{"damage":0.0,"enemies":"Giant Head","floor":44.0,"turns":12.0},{"damage":10,"enemies":"Transient","floor":47,"turns":6},{"damage":0,"enemies":"Nemesis","floor":48,"turns":10},{"damage":0,"enemies":"Replay:Hell Engine","floor":50,"turns":11},{"damage":0,"enemies":"Shield and Spear","floor":54,"turns":6},{"damage":3,"enemies":"The Heart","floor":55,"turns":10}],"seed_played":"7926366703258201779","potions_obtained":[{"floor":3.0,"key":"Adrenaline Potion"},{"floor":8.0,"key":"DuplicationPotion"},{"floor":19.0,"key":"Elixir"},{"floor":21.0,"key":"Toxic Potion"},{"floor":24.0,"key":"Toxic Potion"},{"floor":28.0,"key":"Ancient Potion"},{"floor":35.0,"key":"BlessingOfTheForge"},{"floor":41.0,"key":"FairyPotion"},{"floor":44.0,"key":"Death Potion"}],"is_trial":false,"path_per_floor":["M","?","M","M","?","R","?","M","T","$","R","M","R","E","R","B",null,"M","M","?","M","$","E","M","R","T","?","M","E","?","M","R","B",null,"M","$","M","M","?","R","M","R","T","E","?","$","M","E","R","B",null,"R","$","E","B",null],"character_chosen":"THE_PLACEHOLDER","items_purchased":["ReplayTheSpireMod:CursedCoin","REME_MagicPocketWatch","Replay:Wax Seal","MerchantsRug","DollysMirror"],"campfire_rested":5,"item_purchase_floors":[10,10,22,36,53],"current_hp_per_floor":[57,57,57,57,62,62,62,62,62,62,62,62,62,62,62,72,83,83,83,72,72,72,72,72,72,72,72,69,69,69,69,83,83,83,83,83,83,64,64,83,83,83,83,83,83,83,73,73,83,83,83,83,86,89,86],"gold":105,"neow_bonus":"TRANSFORM_TWO_CARDS","is_daily":false,"chose_seed":false,"campfire_upgraded":4,"win_rate":0.0,"timestamp":1610910762,"path_taken":["M","?","M","M","?","R","?","M","T","$","R","M","R","E","R","BOSS","M","M","?","M","$","E","M","R","T","?","M","E","?","M","R","BOSS","M","$","M","?","?","R","M","R","T","E","?","$","?","E","R","BOSS","R","$","E","BOSS"],"items_purchased_type":["Relic","Card","Relic","Relic","Relic"],"build_version":"2020-12-22","purchased_purges":5,"victory":true,"max_hp_per_floor":[78,78,78,78,83,83,83,83,83,83,83,83,83,83,83,83,83,83,83,83,83,83,83,83,83,83,83,83,83,83,83,83,83,83,83,83,83,83,83,83,83,83,83,83,83,83,83,83,83,83,83,83,86,89,89],"card_choices":[{"not_picked":["PlaceholderMod:SubstitutionNucleophilic1","PlaceholderMod:SprayAttack","PlaceholderMod:TriggerStrike"],"picked":"SKIP","floor":1.0},{"not_picked":["PlaceholderMod:Internalization","PlaceholderMod:TriggerStrike","PlaceholderMod:DissolvingSpikes","PlaceholderMod:HardStinger"],"picked":"PlaceholderMod:ProliferateStrike","floor":3.0},{"not_picked":["PlaceholderMod:UnpureUse","PlaceholderMod:Break","PlaceholderMod:SpinBlade","PlaceholderMod:SprayAttack"],"picked":"PlaceholderMod:EnergyAbsorb","floor":4.0},{"not_picked":["PlaceholderMod:SprayAttack","PlaceholderMod:Polyp","PlaceholderMod:AttackAsDefend","PlaceholderMod:HardStrike","PlaceholderMod:AngryAttack"],"picked":"SKIP","floor":8.0},{"not_picked":["PlaceholderMod:TriggerStrike","PlaceholderMod:Internalization","PlaceholderMod:StrongAcid","PlaceholderMod:DirectingGroup","PlaceholderMod:ConsolidateHit"],"picked":"SKIP","floor":12.0},{"not_picked":["PlaceholderMod:SprayAttack","PlaceholderMod:DirectingGroup","PlaceholderMod:ParasiteChange","PlaceholderMod:Internalization"],"picked":"PlaceholderMod:DoublePoint","floor":14.0},{"not_picked":["PlaceholderMod:BlastSpray","PlaceholderMod:MultiReaction","PlaceholderMod:Assimilation","PlaceholderMod:DoublePoint"],"picked":"PlaceholderMod:AbsorbTouch","floor":16.0},{"not_picked":["PlaceholderMod:Package","PlaceholderMod:PoisonAbsorb","PlaceholderMod:ConsolidateHit","PlaceholderMod:DirectingGroup","PlaceholderMod:NearChange+1"],"picked":"SKIP","floor":18.0},{"not_picked":["PlaceholderMod:Polyp","PlaceholderMod:DirectingGroup+1","PlaceholderMod:SpinBlade","PlaceholderMod:Break"],"picked":"PlaceholderMod:StressReaction","floor":19.0},{"not_picked":["PlaceholderMod:TriggerStrike","PlaceholderMod:HornyBlast","PlaceholderMod:FastReaction","PlaceholderMod:SpinBlade"],"picked":"PlaceholderMod:UnpureUse+1","floor":21.0},{"not_picked":["PlaceholderMod:StrongAcid+1","PlaceholderMod:AngryAttack+1","PlaceholderMod:FinalSpray","PlaceholderMod:ProliferateStrike"],"picked":"PlaceholderMod:ThreeBenzyolStart+1","floor":23.0},{"not_picked":["PlaceholderMod:Polyp","PlaceholderMod:MultipleOxi","PlaceholderMod:Package","PlaceholderMod:DissolvingSpikes","PlaceholderMod:AttackAsDefend+1"],"picked":"SKIP","floor":24.0},{"not_picked":["PlaceholderMod:FastReaction","PlaceholderMod:HealingAttack","PlaceholderMod:TriggerStrike","PlaceholderMod:UnpureUse+1","PlaceholderMod:AttackAsDefend+1"],"picked":"SKIP","floor":28.0},{"not_picked":["PlaceholderMod:Internalization","PlaceholderMod:OHStrongAttack","PlaceholderMod:SeverePoisonStrike+1","PlaceholderMod:HealingAttack"],"picked":"PlaceholderMod:InnerStable","floor":29.0},{"not_picked":["PlaceholderMod:ChainPoly","PlaceholderMod:Polyp+1","PlaceholderMod:HardStinger+1","PlaceholderMod:ProliferateStrike"],"picked":"PlaceholderMod:ReactionCatalyze","floor":31.0},{"not_picked":["PlaceholderMod:ParasiteChange","PlaceholderMod:ContinueSpray+1","PlaceholderMod:ProliferateStrike","PlaceholderMod:SelectReaction+1"],"picked":"PlaceholderMod:Stable+1","floor":35.0},{"not_picked":["PlaceholderMod:SpinBlade+1","PlaceholderMod:Polyp+1","PlaceholderMod:ContinueSpray+1","PlaceholderMod:RadicalHit+1","PlaceholderMod:PoisonExcitation+1"],"picked":"SKIP","floor":37.0},{"not_picked":["PlaceholderMod:ParasiteChange+1","PlaceholderMod:PoisonBlast+1","PlaceholderMod:Hyperplasia","PlaceholderMod:StressReaction+1"],"picked":"PlaceholderMod:EnergyAbsorb","floor":38.0},{"not_picked":["PlaceholderMod:Turn","PlaceholderMod:NearChange+1","PlaceholderMod:Inner+1","PlaceholderMod:ContinueSpray"],"picked":"PlaceholderMod:Crystallization+1","floor":41.0},{"not_picked":["PlaceholderMod:Sweep","PlaceholderMod:AttackAsDefend+1","PlaceholderMod:PoisonAbsorb+1","PlaceholderMod:AngryAttack","PlaceholderMod:Internalization+1"],"picked":"SKIP","floor":44.0},{"not_picked":["PlaceholderMod:CrystallizationStrike","PlaceholderMod:FastReaction+1","PlaceholderMod:HighConcentration+1","PlaceholderMod:Internalization+1","PlaceholderMod:HardStinger+1"],"picked":"SKIP","floor":47},{"not_picked":["PlaceholderMod:HornyBlast+1","PlaceholderMod:HealingAttack","PlaceholderMod:NearChange+1","PlaceholderMod:InnerSoften","PlaceholderMod:Sweep+1"],"picked":"SKIP","floor":48},{"not_picked":["PlaceholderMod:SeverePoisonStrike","PlaceholderMod:ProliferateStrike+1","PlaceholderMod:Polyp+1","PlaceholderMod:RadicalHit"],"picked":"PlaceholderMod:EnergyAbsorb","floor":54}],"player_experience":386878,"relics_obtained":[{"floor":1.0,"key":"SynthV:TestCard"},{"floor":14.0,"key":"Frozen Egg 2"},{"floor":20.0,"key":"Red Mask"},{"floor":23.0,"key":"CaptainsWheel"},{"floor":26.0,"key":"Darkstone Periapt"},{"floor":29.0,"key":"Whetstone"},{"floor":43.0,"key":"CeramicFish"},{"floor":44.0,"key":"Meat on the Bone"},{"floor":48,"key":"Replay:Ringing Soul"},{"floor":54,"key":"Replay:Bottled Eggs"}],"event_choices":[{"damage_healed":0.0,"max_hp_gain":5.0,"max_hp_loss":0.0,"gold_gain":0.0,"event_name":"Big Fish","player_choice":"Donut","floor":5.0,"gold_loss":0.0,"damage_taken":0.0},{"damage_healed":0.0,"max_hp_gain":0.0,"max_hp_loss":0.0,"gold_gain":0.0,"cards_transformed":["PlaceholderMod:BaseStrike"],"event_name":"Living Wall","player_choice":"Change","floor":7.0,"gold_loss":0.0,"damage_taken":0.0,"cards_obtained":["PlaceholderMod:Activation"]},{"damage_healed":0.0,"max_hp_gain":0.0,"max_hp_loss":0.0,"gold_gain":0.0,"event_name":"Masked Bandits","player_choice":"Fought Bandits","floor":20.0,"gold_loss":0.0,"damage_taken":0.0},{"cards_removed":["PlaceholderMod:BaseStrike"],"damage_healed":0.0,"max_hp_gain":0.0,"max_hp_loss":0.0,"gold_gain":0.0,"event_name":"Beggar","player_choice":"Gave Gold","floor":27.0,"gold_loss":75.0,"damage_taken":0.0},{"damage_healed":0.0,"max_hp_gain":0.0,"max_hp_loss":0.0,"gold_gain":0.0,"event_name":"Duplicator","player_choice":"Copied","floor":30.0,"gold_loss":0.0,"damage_taken":0.0,"cards_obtained":["PlaceholderMod:EnergyAbsorb"]},{"damage_healed":0.0,"max_hp_gain":0.0,"max_hp_loss":0.0,"gold_gain":222.0,"event_name":"Tomb of Lord Red Mask","player_choice":"Wore Mask","floor":39.0,"gold_loss":0.0,"damage_taken":0.0},{"damage_healed":0,"gold_gain":0,"cards_transformed":["PlaceholderMod:StressReaction"],"player_choice":"Transformed","damage_taken":0,"max_hp_gain":0,"max_hp_loss":0,"event_name":"Transmorgrifier","floor":45,"gold_loss":0,"cards_obtained":["PlaceholderMod:EnergyAbsorb"]}],"is_beta":false,"boss_relics":[{"not_picked":["Sozu","xbg"],"picked":"Fusion Hammer"},{"not_picked":["Snecko Eye","SynthV:MejaisSoulstealer","Replay:Drink Me"]}],"items_purged_floors":[10,10,22,36,46],"is_endless":false,"potions_floor_spawned":[3,8,19,21,24,28,35,41,44],"ascension_level":0}}