{"host":"foq4mrde4mssg7vt","time":1610880360,"event":{"mods":["AchievementEnabler","BaseMod","Colored Map","Colored Powertips","Highlight Path","Minty Spire (QoL Compilation)","Relic Stats","everything is the same but u backflip on backflip"],"gold_per_floor":[113,113,130,130,19,19,19,19,70,84,100,100,138,158,158,245,245,257,307,325,336,60,103,103,103,103,123,123,146,146,173,173,254,281,293,302,302,312,216,216,245,245,245,273,273,296,323,336,336,336,336,336,16,16,16],"floor_reached":54,"language":"ENG","playtime":2602,"items_purged":["Strike_B"],"score":1437,"play_id":"4ad865b8-aa3c-4386-846a-5304ad233a80","local_time":"20210117184600","is_ascension_mode":true,"campfire_choices":[{"data":"Ball Lightning","floor":6.0,"key":"SMITH"},{"data":"Cold Snap","floor":12.0,"key":"SMITH"},{"floor":15.0,"key":"REST"},{"data":"Defragment","floor":25.0,"key":"SMITH"},{"data":"Loop","floor":28.0,"key":"SMITH"},{"floor":32.0,"key":"REST"},{"data":"Sweeping Beam","floor":40.0,"key":"SMITH"},{"floor":42.0,"key":"REST"},{"floor":49.0,"key":"RECALL"},{"data":"Defragment","floor":52,"key":"SMITH"}],"circlet_count":0,"master_deck":["AscendersBane","Defend_B+1","Defend_B","Defend_B+1","Defend_B","Dualcast+1","Coolheaded+1","Ball Lightning+1","Gash","Cold Snap+1","Gash","Defragment+1","Seek+1","Sweeping Beam+1","Leap","Genetic Algorithm","Loop+1","Barrage","Undo","Creative AI","Core Surge","Rainbow+1","Undo+1","Darkness+1","Dark Shackles","Sweeping Beam","Defragment+1","Capacitor","Force Field"],"relics":["Cracked Core","Centennial Puzzle","War Paint","CeramicFish","Velvet Choker","Orrery","Oddly Smooth Stone","Ornamental Fan","Astrolabe","Bag of Marbles","InkBottle"],"acts_visited":["Exordium","TheCity","TheBeyond","TheEnding"],"potions_floor_usage":[],"damage_taken":[{"damage":8.0,"enemies":"Small Slimes","floor":1.0,"turns":3.0},{"damage":12.0,"enemies":"Jaw Worm","floor":3.0,"turns":4.0},{"damage":3.0,"enemies":"2 Louse","floor":10.0,"turns":2.0},{"damage":1.0,"enemies":"Looter","floor":11.0,"turns":2.0},{"damage":23.0,"enemies":"3 Sentries","floor":13.0,"turns":6.0},{"damage":1.0,"enemies":"3 Louse","floor":14.0,"turns":4.0},{"damage":0.0,"enemies":"Slime Boss","floor":16.0,"turns":5.0},{"damage":9.0,"enemies":"2 Thieves","floor":18.0,"turns":4.0},{"damage":2.0,"enemies":"Shell Parasite","floor":21.0,"turns":5.0},{"damage":32.0,"enemies":"Book of Stabbing","floor":23.0,"turns":7.0},{"damage":5.0,"enemies":"Shelled Parasite and Fungi","floor":27.0,"turns":5.0},{"damage":4.0,"enemies":"Centurion and Healer","floor":29.0,"turns":7.0},{"damage":3.0,"enemies":"Cultist and Chosen","floor":31.0,"turns":6.0},{"damage":33.0,"enemies":"Automaton","floor":33.0,"turns":14.0},{"damage":2.0,"enemies":"Orb Walker","floor":35.0,"turns":4.0},{"damage":6.0,"enemies":"3 Shapes","floor":38.0,"turns":7.0},{"damage":20.0,"enemies":"Nemesis","floor":41.0,"turns":15.0},{"damage":45.0,"enemies":"Maw","floor":44.0,"turns":9.0},{"damage":7.0,"enemies":"3 Darklings","floor":46.0,"turns":8.0},{"damage":0.0,"enemies":"Sphere and 2 Shapes","floor":47.0,"turns":7.0},{"damage":0.0,"enemies":"4 Shapes","floor":48.0,"turns":7.0},{"damage":16,"enemies":"Donu and Deca","floor":50,"turns":14},{"damage":60,"enemies":"Shield and Spear","floor":54,"turns":4}],"seed_played":"9086291823169880673","potions_obtained":[{"floor":1.0,"key":"Dexterity Potion"},{"floor":3.0,"key":"AttackPotion"},{"floor":18.0,"key":"Energy Potion"},{"floor":23.0,"key":"AttackPotion"},{"floor":45.0,"key":"Regen Potion"},{"floor":47.0,"key":"Explosive Potion"}],"is_trial":false,"path_per_floor":["M","?","M","?","$","R","?","?","T","M","M","R","E","M","R","B",null,"M","?","?","M","$","E","?","R","T","M","R","M","?","M","R","B",null,"M","?","?","M","$","R","E","R","T","M","?","M","M","M","R","B",null,"R","$","E"],"character_chosen":"DEFECT","items_purchased":["Ball Lightning","Gash","Orrery","Explosive Potion","Block Potion","Sweeping Beam","InkBottle","PowerPotion"],"campfire_rested":3,"item_purchase_floors":[5,5,22,22,39,39,53,53],"current_hp_per_floor":[63,40,28,23,23,23,23,49,49,46,45,45,22,21,44,44,70,61,61,61,59,59,27,27,27,27,22,22,18,18,15,38,5,60,58,58,58,52,52,52,32,55,55,10,10,18,18,18,18,2,59,59,59,0,0],"gold":16,"neow_bonus":"TEN_PERCENT_HP_BONUS","is_daily":false,"chose_seed":false,"campfire_upgraded":6,"win_rate":0.0,"timestamp":1610880360,"path_taken":["M","?","M","?","$","R","?","?","T","M","M","R","E","M","R","BOSS","M","?","?","M","$","E","?","R","T","M","R","M","?","M","R","BOSS","M","?","?","M","$","R","E","R","T","?","?","M","M","M","R","BOSS","R","$","E"],"items_purchased_type":["Card","Card","Relic","Potion","Potion","Card","Relic","Potion"],"build_version":"2020-12-22","purchased_purges":1,"victory":false,"max_hp_per_floor":[78,78,78,78,78,78,78,78,78,78,78,78,78,78,78,78,78,78,78,78,78,78,78,78,78,78,78,78,78,78,78,78,78,78,78,78,78,78,78,78,78,78,78,78,78,78,78,78,78,78,78,78,78,78,78],"relic_stats":{"Centennial Puzzle":[54],"counters":[23,148],"Ornamental Fan":[68],"CeramicFish":171,"Astrolabe":["Rainbow","Undo","Darkness"],"War Paint":["Coolheaded","Dualcast"],"obtain_stats":[{"Centennial Puzzle":4,"Ornamental Fan":26,"CeramicFish":13,"Astrolabe":34,"Velvet Choker":17,"Orrery":22,"Oddly Smooth Stone":23,"Bag of Marbles":41,"War Paint":9,"Cracked Core":0,"InkBottle":53},{"Centennial Puzzle":2,"Ornamental Fan":10,"CeramicFish":5,"Astrolabe":14,"Velvet Choker":7,"Orrery":9,"Oddly Smooth Stone":10,"Bag of Marbles":17,"War Paint":2,"Cracked Core":0,"InkBottle":22},{"Centennial Puzzle":7,"Ornamental Fan":42,"CeramicFish":17,"Astrolabe":74,"Velvet Choker":26,"Orrery":35,"Oddly Smooth Stone":42,"Bag of Marbles":100,"War Paint":7,"Cracked Core":0,"InkBottle":144}],"InkBottle":[1]},"card_choices":[{"not_picked":["Heatsinks","Rebound","Fusion"],"picked":"SKIP","floor":1.0},{"not_picked":["Redo","Hologram"],"picked":"Coolheaded","floor":3.0},{"not_picked":["Self Repair","Static Discharge"],"picked":"Cold Snap","floor":10.0},{"not_picked":["Leap","Undo"],"picked":"Gash","floor":11.0},{"not_picked":["Double Energy","Barrage"],"picked":"Defragment","floor":13.0},{"not_picked":["Defragment","Beam Cell"],"picked":"Auto Shields","floor":14.0},{"not_picked":["Amplify","Rainbow"],"picked":"Seek","floor":16.0},{"not_picked":["Chaos","Go for the Eyes","Double Energy"],"picked":"SKIP","floor":18.0},{"not_picked":["Heatsinks","Turbo","Rebound"],"picked":"SKIP","floor":21.0},{"not_picked":["Recycle","Steam"],"picked":"Genetic Algorithm","floor":22.0},{"not_picked":["Redo","Hologram"],"picked":"Loop","floor":22.0},{"not_picked":["Steam Power","Go for the Eyes"],"picked":"Barrage","floor":23.0},{"not_picked":["Barrage","Compile Driver","Rebound"],"picked":"SKIP","floor":27.0},{"not_picked":["Recycle","Cold Snap"],"picked":"Undo","floor":29.0},{"not_picked":["White Noise","Auto Shields"],"picked":"Creative AI","floor":31.0},{"not_picked":["Meteor Strike","Multi-Cast"],"picked":"Core Surge","floor":33.0},{"not_picked":["Lockon+1","Coolheaded","Rebound"],"picked":"SKIP","floor":35.0},{"not_picked":["Good Instincts","Jack Of All Trades"],"picked":"Dark Shackles","floor":36.0},{"not_picked":["Consume","Beam Cell+1","Chill"],"picked":"SKIP","floor":38.0},{"not_picked":["Rebound","Barrage","Blizzard"],"picked":"SKIP","floor":41.0},{"not_picked":["Steam Power+1","Stack"],"picked":"Defragment","floor":44.0},{"not_picked":["Steam","Skim"],"picked":"Capacitor","floor":46.0},{"not_picked":["Capacitor","Ball Lightning"],"picked":"Force Field","floor":47.0},{"not_picked":["Lockon","Steam","Coolheaded"],"picked":"SKIP","floor":48.0}],"player_experience":484367,"relics_obtained":[{"floor":9.0,"key":"War Paint"},{"floor":13.0,"key":"CeramicFish"},{"floor":23.0,"key":"Oddly Smooth Stone"},{"floor":26.0,"key":"Ornamental Fan"},{"floor":41.0,"key":"Bag of Marbles"}],"event_choices":[{"damage_healed":0.0,"max_hp_gain":0.0,"max_hp_loss":0.0,"gold_gain":0.0,"event_name":"Shining Light","player_choice":"Entered Light","floor":2.0,"gold_loss":0.0,"damage_taken":23.0,"cards_upgraded":["Defend_B","Defend_B"]},{"damage_healed":0.0,"max_hp_gain":0.0,"max_hp_loss":0.0,"gold_gain":0.0,"event_name":"Scrap Ooze","player_choice":"Success","floor":4.0,"gold_loss":0.0,"damage_taken":5.0,"relics_obtained":["Centennial Puzzle"]},{"damage_healed":0.0,"max_hp_gain":0.0,"max_hp_loss":0.0,"gold_gain":0.0,"event_name":"Dead Adventurer","player_choice":"Searched \u00270\u0027 times","floor":7.0,"gold_loss":0.0,"damage_taken":0.0},{"damage_healed":26.0,"max_hp_gain":0.0,"max_hp_loss":0.0,"gold_gain":0.0,"event_name":"Big Fish","player_choice":"Banana","floor":8.0,"gold_loss":0.0,"damage_taken":0.0},{"damage_healed":0.0,"max_hp_gain":0.0,"max_hp_loss":0.0,"gold_gain":50.0,"event_name":"Nest","player_choice":"Stole From Cult","floor":19.0,"gold_loss":0.0,"damage_taken":0.0},{"damage_healed":0.0,"max_hp_gain":0.0,"max_hp_loss":0.0,"gold_gain":0.0,"cards_transformed":["Strike_B","Strike_B"],"event_name":"Drug Dealer","player_choice":"Became Test Subject","floor":20.0,"gold_loss":0.0,"damage_taken":0.0,"cards_obtained":["Sweeping Beam","Leap"]},{"damage_healed":0.0,"max_hp_gain":0.0,"max_hp_loss":0.0,"gold_gain":0.0,"event_name":"Cursed Tome","player_choice":"Ignored","floor":24.0,"gold_loss":0.0,"damage_taken":0.0},{"damage_healed":0.0,"max_hp_gain":0.0,"max_hp_loss":0.0,"gold_gain":0.0,"event_name":"Upgrade Shrine","player_choice":"Upgraded","floor":30.0,"gold_loss":0.0,"damage_taken":0.0,"cards_upgraded":["Seek"]},{"damage_healed":0.0,"max_hp_gain":0.0,"max_hp_loss":0.0,"gold_gain":0.0,"event_name":"SensoryStone","player_choice":"Memory 1","floor":36.0,"gold_loss":0.0,"damage_taken":0.0},{"damage_healed":0.0,"max_hp_gain":0.0,"max_hp_loss":0.0,"gold_gain":0.0,"event_name":"Mysterious Sphere","player_choice":"Ignored","floor":37.0,"gold_loss":0.0,"damage_taken":0.0},{"damage_healed":0.0,"max_hp_gain":0.0,"max_hp_loss":0.0,"gold_gain":0.0,"event_name":"Lab","player_choice":"Got Potions","floor":45.0,"gold_loss":0.0,"damage_taken":0.0}],"is_beta":false,"boss_relics":[{"not_picked":["SlaversCollar","Empty Cage"],"picked":"Velvet Choker"},{"not_picked":["FrozenCore","Cursed Key"],"picked":"Astrolabe"}],"items_purged_floors":[22],"is_endless":false,"potions_floor_spawned":[1,3,10,13,18,21,23,41,47],"killed_by":"Shield and Spear","ascension_level":19}}