{"host":"h4390p13uu6iw1q5","time":1610919927,"event":{"mods":["BaseMod","Colored Map","Minty Spire (QoL Compilation)"],"gold_per_floor":[16,34,51,6,20,20,55,55,55,390,401,401,420,420,420,515,515,528,546,546,564,9,9,27,27,97,115,142,153,153,169,169,272,272,284,8,24,34,34,34,50,0,71,87,97,109,125,155,155,155,155],"floor_reached":50,"language":"ENG","playtime":4011,"items_purged":["Strike_R","Strike_R"],"score":856,"play_id":"76ef4852-3ded-4119-89e2-0496ceb7621e","local_time":"20210117164527","is_ascension_mode":true,"campfire_choices":[{"data":"True Grit","floor":6,"key":"SMITH"},{"data":"Fire Breathing","floor":12,"key":"SMITH"},{"data":"Demon Form","floor":15,"key":"SMITH"},{"floor":23,"key":"REST"},{"data":"Infernal Blade","floor":25,"key":"SMITH"},{"floor":32,"key":"REST"},{"data":"Corruption","floor":40,"key":"SMITH"},{"floor":49,"key":"REST"}],"circlet_count":0,"master_deck":["AscendersBane","Strike_R","Strike_R","Strike_R","Defend_R","Bash","Demon Form+1","Ghostly Armor","Infernal Blade+1","Twin Strike","Fire Breathing+1","Heavy Blade","True Grit+1","Shrug It Off","Metallicize+1","Battle Trance","Cleave","Offering","Sword Boomerang+1","Metallicize+1","Whirlwind","Ghostly Armor","Inflame","Shrug It Off+1","Flame Barrier","Corruption+1","Armaments+1","Impervious","Shrug It Off+1","Disarm+1","Flex+1","Shrug It Off","Iron Wave","Body Slam"],"relics":["Burning Blood","Pen Nib","StrikeDummy","Old Coin","Philosopher\u0027s Stone","Calipers","Pantograph","MealTicket","MutagenicStrength","Runic Cube","Membership Card","Strawberry","Eternal Feather","Kunai","Lantern"],"acts_visited":["Exordium","TheCity","TheBeyond"],"potions_floor_usage":[5,5,7,10,16,24,24,27,33,33,37,47,48,50,50],"damage_taken":[{"damage":1,"enemies":"Cultist","floor":1,"turns":4},{"damage":12,"enemies":"Jaw Worm","floor":2,"turns":3},{"damage":0,"enemies":"Small Slimes","floor":3,"turns":3},{"damage":24,"enemies":"Exordium Thugs","floor":5,"turns":7},{"damage":12,"enemies":"3 Sentries","floor":7,"turns":6},{"damage":8,"enemies":"Gremlin Nob","floor":10,"turns":3},{"damage":1,"enemies":"Large Slime","floor":11,"turns":5},{"damage":5,"enemies":"3 Louse","floor":13,"turns":3},{"damage":22,"enemies":"The Guardian","floor":16,"turns":10},{"damage":52,"enemies":"3 Byrds","floor":18,"turns":4},{"damage":6,"enemies":"Shell Parasite","floor":19,"turns":3},{"damage":10,"enemies":"Centurion and Healer","floor":21,"turns":5},{"damage":3,"enemies":"Snecko","floor":24,"turns":5},{"damage":6,"enemies":"3 Cultists","floor":27,"turns":3},{"damage":28,"enemies":"Book of Stabbing","floor":28,"turns":4},{"damage":13,"enemies":"Centurion and Healer","floor":29,"turns":6},{"damage":11,"enemies":"Sentry and Sphere","floor":31,"turns":5},{"damage":63,"enemies":"Collector","floor":33,"turns":10},{"damage":7,"enemies":"Orb Walker","floor":35,"turns":4},{"damage":0,"enemies":"3 Darklings","floor":37,"turns":1},{"damage":61,"enemies":"Sphere and 2 Shapes","floor":38,"turns":6},{"damage":6,"enemies":"4 Shapes","floor":41,"turns":2},{"damage":29,"enemies":"Transient","floor":44,"turns":5},{"damage":12,"enemies":"Jaw Worm Horde","floor":45,"turns":5},{"damage":11,"enemies":"Spire Growth","floor":46,"turns":4},{"damage":20,"enemies":"Transient","floor":47,"turns":5},{"damage":10,"enemies":"Nemesis","floor":48,"turns":7},{"damage":89,"enemies":"Awakened One","floor":50,"turns":9}],"seed_played":"1872080566460771266","potions_obtained":[{"floor":3,"key":"EntropicBrew"},{"floor":7,"key":"Dexterity Potion"},{"floor":10,"key":"SkillPotion"},{"floor":19,"key":"Block Potion"},{"floor":24,"key":"DistilledChaos"},{"floor":28,"key":"EssenceOfSteel"},{"floor":31,"key":"PowerPotion"},{"floor":35,"key":"DuplicationPotion"},{"floor":46,"key":"FearPotion"},{"floor":47,"key":"Regen Potion"},{"floor":48,"key":"BlessingOfTheForge"}],"is_trial":false,"path_per_floor":["M","M","M","$","M","R","E","?","T","E","M","R","M","?","R","B",null,"M","M","?","M","$","R","M","R","T","M","E","M","?","M","R","B",null,"M","$","M","M","?","R","M","?","T","M","M","M","M","E","R","B"],"character_chosen":"IRONCLAD","items_purchased":["Heavy Blade","Ghostly Armor","Inflame","Calipers","Block Potion","Membership Card","Strawberry"],"campfire_rested":3,"item_purchase_floors":[4,22,22,22,22,36,36],"current_hp_per_floor":[77,71,77,77,59,59,53,46,46,44,49,49,50,55,55,39,74,28,28,28,24,24,49,52,52,52,52,30,23,23,18,43,11,67,66,88,92,37,80,80,80,80,80,57,51,46,32,43,80,0,0],"gold":155,"neow_bonus":"TRANSFORM_TWO_CARDS","is_daily":false,"chose_seed":false,"campfire_upgraded":5,"win_rate":0.0,"timestamp":1610919927,"path_taken":["M","?","M","$","M","R","E","?","T","E","M","R","M","?","R","BOSS","M","M","?","M","$","R","M","R","T","?","E","M","?","M","R","BOSS","M","$","M","M","?","R","M","?","T","?","M","M","M","E","R","BOSS"],"items_purchased_type":["Card","Card","Card","Relic","Potion","Relic","Relic"],"build_version":"2020-12-22","purchased_purges":2,"victory":false,"max_hp_per_floor":[80,80,80,80,80,80,80,80,80,80,80,80,80,85,85,85,85,85,85,85,85,85,85,85,85,85,85,85,85,85,85,85,85,85,85,92,92,92,80,80,80,80,80,80,80,80,80,80,80,80,80],"card_choices":[{"not_picked":["Havoc","Body Slam"],"picked":"Infernal Blade","floor":1},{"not_picked":["Hemokinesis","Dark Embrace"],"picked":"Twin Strike","floor":2},{"not_picked":["Pommel Strike","Flex"],"picked":"Fire Breathing","floor":3},{"not_picked":["Thunderclap","Entrench"],"picked":"True Grit","floor":5},{"not_picked":["Barricade","Ghostly Armor"],"picked":"Shrug It Off","floor":7},{"not_picked":["Sever Soul","Flex"],"picked":"Metallicize","floor":10},{"not_picked":["Iron Wave","Twin Strike"],"picked":"Battle Trance","floor":11},{"not_picked":["Iron Wave","Exhume"],"picked":"Cleave","floor":13},{"not_picked":["Barricade","Exhume"],"picked":"Offering","floor":16},{"not_picked":["Perfected Strike+1","Seeing Red+1"],"picked":"Sword Boomerang+1","floor":18},{"not_picked":["Armaments","Seeing Red"],"picked":"Metallicize+1","floor":19},{"not_picked":["Pommel Strike","Twin Strike"],"picked":"Whirlwind","floor":21},{"not_picked":["Carnage","Second Wind"],"picked":"Shrug It Off+1","floor":24},{"not_picked":["Shrug It Off","Clash"],"picked":"Flame Barrier","floor":27},{"not_picked":["Fiend Fire","Searing Blow"],"picked":"Corruption","floor":28},{"not_picked":["Pommel Strike","Spot Weakness","Warcry"],"picked":"SKIP","floor":29},{"not_picked":["Clash","Heavy Blade","Armaments+1"],"picked":"SKIP","floor":31},{"not_picked":["Clash","Heavy Blade"],"picked":"Armaments+1","floor":31},{"not_picked":["Fiend Fire","Double Tap"],"picked":"Impervious","floor":33},{"not_picked":["Clash+1","Headbutt+1"],"picked":"Shrug It Off+1","floor":35},{"not_picked":["Headbutt","Infernal Blade+1","Clothesline"],"picked":"SKIP","floor":37},{"not_picked":["Thunderclap","Hemokinesis","Twin Strike"],"picked":"SKIP","floor":38},{"not_picked":["Bloodletting+1","Sword Boomerang"],"picked":"Disarm+1","floor":41},{"not_picked":["Perfected Strike","Carnage+1"],"picked":"Flex+1","floor":44},{"not_picked":["Second Wind","Flex","Clash+1"],"picked":"SKIP","floor":45},{"not_picked":["Bludgeon","Rage"],"picked":"Shrug It Off","floor":46},{"not_picked":["Wild Strike","True Grit"],"picked":"Iron Wave","floor":47},{"not_picked":["Hemokinesis","Cleave+1"],"picked":"Body Slam","floor":48}],"player_experience":2474273,"relics_obtained":[{"floor":7,"key":"Pen Nib"},{"floor":9,"key":"StrikeDummy"},{"floor":10,"key":"Old Coin"},{"floor":26,"key":"Pantograph"},{"floor":28,"key":"MealTicket"},{"floor":43,"key":"Kunai"},{"floor":48,"key":"Lantern"}],"event_choices":[{"cards_removed":["Defend_R"],"damage_healed":0,"gold_gain":0,"player_choice":"Card Removal","damage_taken":7,"max_hp_gain":0,"max_hp_loss":0,"event_name":"Golden Wing","floor":8,"gold_loss":0},{"damage_healed":0,"gold_gain":0,"player_choice":"Donut","damage_taken":0,"max_hp_gain":5,"max_hp_loss":0,"event_name":"Big Fish","floor":14,"gold_loss":0},{"damage_healed":0,"gold_gain":0,"player_choice":"Forge","damage_taken":0,"max_hp_gain":0,"max_hp_loss":0,"event_name":"Accursed Blacksmith","floor":20,"gold_loss":0,"cards_upgraded":["Metallicize"]},{"damage_healed":0,"gold_gain":0,"player_choice":"Inject Mutagens","damage_taken":0,"relics_obtained":["MutagenicStrength"],"max_hp_gain":0,"max_hp_loss":0,"event_name":"Drug Dealer","floor":30,"gold_loss":0},{"damage_healed":80,"gold_gain":0,"player_choice":"Heal","damage_taken":0,"max_hp_gain":0,"max_hp_loss":12,"event_name":"The Moai Head","floor":39,"gold_loss":0},{"damage_healed":0,"gold_gain":0,"player_choice":"Paid Gold","damage_taken":0,"relics_obtained":["Eternal Feather"],"max_hp_gain":0,"max_hp_loss":0,"event_name":"WeMeetAgain","floor":42,"gold_loss":50}],"is_beta":false,"boss_relics":[{"not_picked":["Fusion Hammer","SlaversCollar"],"picked":"Philosopher\u0027s Stone"},{"not_picked":["Calling Bell","Tiny House"],"picked":"Runic Cube"}],"items_purged_floors":[22,36],"is_endless":false,"potions_floor_spawned":[3,7,10,19,24,28,31,35,46,47,48],"killed_by":"Awakened One","ascension_level":10}}