{"host":"s9znsjs818tlhh47","time":1610925864,"event":{"mods":["2.2 Compatiblity","AchievementEnabler","Act Like it!","BaseMod","Bestiary","Better Note","Better Skull","Better Third Choice","Better Vampires","Card Forge","Colored Powertips","Force Act Four","Gensokyo","Ironclad Rager","Marked Mod","Minty Spire (QoL Compilation)","Permanent Neow","Quick Restart","RumiaBox-露米娅的神秘盒子","StSLib","The Invoker Mod","【功能Mod】混沌之环修复补丁","【遗物卡牌】REMEMod","残留之物"],"gold_per_floor":[20,32,32,47,63,92,110,110,164,219,47,60,60,74,74,148,148,158,358,377,394,111,111,140,140,140,140,140,175,175,205,205,282,282,297,315,50,50,75,100,100,126,153,153,164,177,194,213,213,213,213,213,213,72,107,107],"floor_reached":57,"language":"ZHS","playtime":3088,"items_purged":["Leap"],"score":3064,"play_id":"2fcfa72d-e806-4c51-b6e7-6c56bc3d7a55","local_time":"20210117182424","is_ascension_mode":true,"campfire_choices":[{"data":"Consume","floor":13.0,"key":"SMITH"},{"data":"Buffer","floor":15.0,"key":"SMITH"},{"data":"Seek","floor":23.0,"key":"SMITH"},{"floor":25.0,"key":"REST"},{"floor":28.0,"key":"RECALL"},{"data":"Creative AI","floor":30.0,"key":"SMITH"},{"data":"Echo Form","floor":32.0,"key":"SMITH"},{"data":"Skim","floor":41.0,"key":"SMITH"},{"data":"Ball Lightning","floor":49.0,"key":"SMITH"},{"data":"Leap","floor":53.0,"key":"SMITH"}],"circlet_count":0,"master_deck":["AscendersBane","Dualcast+1","Seek+1","Ball Lightning+1","Ball Lightning+1","Leap","Leap+1","Leap","Capacitor+1","Self Repair+1","Consume+1","REME_DataAnalysis+1","Buffer+1","Loop+1","Biased Cognition+1","Chill+1","Creative AI+1","Echo Form+1","Electrodynamics+1","FTL+1","REME_FirmDetermination+1","Madness+1","Madness+1","Skim+1","Coolheaded+1","Force Field","White Noise+1"],"relics":["Cracked Core","Hammer of Thor","Seething Fire","Anvil of the Gods","REME_ComplimentaryCards","Lantern","Art of War","Gremlin Horn","Lee\u0027s Waffle","Philosopher\u0027s Stone","PreservedInsect","GodSword4","Thread and Needle","Ice Cream","Inserter","OrangePellets","FossilizedHelix","Ornamental Fan","Symbiotic Virus","Bag of Marbles"],"acts_visited":["Exordium","TheCity","TheBeyond","TheEnding"],"potions_floor_usage":[56],"damage_taken":[{"damage":0.0,"enemies":"Jaw Worm","floor":1.0,"turns":3.0},{"damage":0.0,"enemies":"Cultist","floor":2.0,"turns":3.0},{"damage":3.0,"enemies":"2 Louse","floor":4.0,"turns":3.0},{"damage":0.0,"enemies":"2 Fungi Beasts","floor":5.0,"turns":3.0},{"damage":13.0,"enemies":"Lagavulin","floor":6.0,"turns":5.0},{"damage":0.0,"enemies":"Looter","floor":7.0,"turns":2.0},{"damage":16.0,"enemies":"3 Sentries","floor":10.0,"turns":10.0},{"damage":12.0,"enemies":"Large Slime","floor":12.0,"turns":4.0},{"damage":3.0,"enemies":"2 Fungi Beasts","floor":14.0,"turns":4.0},{"damage":22.0,"enemies":"Hexaghost","floor":16.0,"turns":10.0},{"damage":6.0,"enemies":"2 Thieves","floor":18.0,"turns":4.0},{"damage":6.0,"enemies":"Shell Parasite","floor":20.0,"turns":6.0},{"damage":22.0,"enemies":"Snake Plant","floor":21.0,"turns":4.0},{"damage":15.0,"enemies":"Book of Stabbing","floor":24.0,"turns":5.0},{"damage":29.0,"enemies":"Slavers","floor":29.0,"turns":2.0},{"damage":0.0,"enemies":"Book of Stabbing","floor":31.0,"turns":5.0},{"damage":0.0,"enemies":"Automaton","floor":33.0,"turns":7.0},{"damage":18.0,"enemies":"3 Darklings","floor":35.0,"turns":3.0},{"damage":0.0,"enemies":"Orb Walker","floor":36.0,"turns":3.0},{"damage":0.0,"enemies":"Mind Bloom Boss Battle","floor":39.0,"turns":4.0},{"damage":0.0,"enemies":"Giant Head","floor":40.0,"turns":7.0},{"damage":36.0,"enemies":"Reptomancer","floor":42.0,"turns":4.0},{"damage":0.0,"enemies":"3 Darklings","floor":45.0,"turns":3.0},{"damage":0.0,"enemies":"Transient","floor":46.0,"turns":6.0},{"damage":0.0,"enemies":"4 Shapes","floor":47.0,"turns":4.0},{"damage":0.0,"enemies":"Sphere and 2 Shapes","floor":48.0,"turns":4.0},{"damage":0.0,"enemies":"Awakened One","floor":50.0,"turns":8.0},{"damage":6.0,"enemies":"Donu and Deca","floor":51.0,"turns":6.0},{"damage":12.0,"enemies":"Shield and Spear","floor":55.0,"turns":6.0},{"damage":55,"enemies":"The Heart","floor":56,"turns":7}],"seed_played":"-3521182000533395402","potions_obtained":[{"floor":2.0,"key":"EntropicBrew"},{"floor":7.0,"key":"PotionOfCapacity"},{"floor":12.0,"key":"REME_GoldPotion"},{"floor":14.0,"key":"Regen Potion"},{"floor":18.0,"key":"Energy Potion"},{"floor":35.0,"key":"Dexterity Potion"},{"floor":42.0,"key":"DuplicationPotion"},{"floor":47.0,"key":"REME_GoldPotion"}],"is_trial":false,"path_per_floor":["M","M","?","M","M","E","M","?","T","E","$","M","R","M","R","B",null,"M","?","M","M","$","R","E","R","T","?","R","E","R","E","R","B",null,"M","M","$","?","?","E","R","E","T","?","M","M","M","M","R","B","B",null,"R","$","E","B",null],"character_chosen":"DEFECT","items_purchased":["Lee\u0027s Waffle","REME_HeartOfCthun","OrangePellets","REME_FirmDetermination","Force Field","FocusPotion"],"campfire_rested":1,"item_purchase_floors":[11,22,37,37,54,54],"current_hp_per_floor":[46,46,46,43,50,44,44,37,37,28,71,66,66,70,70,55,67,68,68,69,54,54,54,49,70,70,70,70,41,41,51,51,61,69,61,61,61,48,58,68,68,52,52,52,62,71,71,71,71,71,71,71,71,71,69,24],"gold":107,"neow_bonus":"DEFECT_STORMLORD","is_daily":false,"chose_seed":false,"campfire_upgraded":8,"win_rate":0.0,"timestamp":1610925864,"path_taken":["M","M","?","M","?","E","M","?","T","E","$","M","R","M","R","BOSS","M","?","M","M","$","R","E","R","T","?","R","E","R","E","R","BOSS","M","M","$","?","?","E","R","E","T","?","M","?","M","?","R","BOSS","BOSS","R","$","E","BOSS"],"items_purchased_type":["Relic","Card","Relic","Card","Card","Potion"],"build_version":"2020-12-22","purchased_purges":1,"victory":true,"max_hp_per_floor":[64,64,64,64,64,64,64,64,64,64,71,71,71,71,71,71,71,71,71,71,71,71,71,71,71,71,71,71,71,71,71,71,71,71,71,71,71,71,71,71,71,71,71,71,71,71,71,71,71,71,71,71,71,71,71,71],"card_choices":[{"not_picked":["Turbo","Stack","Redo"],"picked":"SKIP","floor":1.0},{"not_picked":["Chill","Scrape"],"picked":"Capacitor","floor":2.0},{"not_picked":["Turbo","Redo"],"picked":"Self Repair","floor":4.0},{"not_picked":["Seek","Leap"],"picked":"Consume","floor":5.0},{"not_picked":["Go for the Eyes","Redo","Conserve Battery"],"picked":"SKIP","floor":6.0},{"not_picked":["Ball Lightning","Compile Driver","Streamline"],"picked":"SKIP","floor":7.0},{"not_picked":["Compile Driver","Skim"],"picked":"REME_DataAnalysis","floor":10.0},{"not_picked":["Turbo","Auto Shields"],"picked":"Buffer","floor":12.0},{"not_picked":["Stack","Lockon"],"picked":"Loop","floor":14.0},{"not_picked":["REME_ForAll","Hyperbeam"],"picked":"Biased Cognition","floor":16.0},{"not_picked":["Go for the Eyes","Conserve Battery"],"picked":"Chill","floor":18.0},{"not_picked":["Rebound","Streamline","Barrage"],"picked":"SKIP","floor":20.0},{"not_picked":["Hello World","Undo","Streamline"],"picked":"SKIP","floor":21.0},{"not_picked":["Turbo","Rebound","Conserve Battery"],"picked":"SKIP","floor":24.0},{"not_picked":["Heatsinks","Redo"],"picked":"Creative AI","floor":29.0},{"not_picked":["Gash","Coolheaded"],"picked":"Echo Form","floor":31.0},{"not_picked":["Seek","REME_ForAll"],"picked":"Electrodynamics","floor":33.0},{"not_picked":["Hello World","Compile Driver","Sunder","Rebound+1"],"picked":"SKIP","floor":35.0},{"not_picked":["Rebound","Reprogram"],"picked":"FTL","floor":36.0},{"not_picked":["Gash+1","Redo+1","Skim"],"picked":"SKIP","floor":40.0},{"not_picked":["Gash+1","Redo+1"],"picked":"Skim","floor":40.0},{"not_picked":["Auto Shields","ICR:ChainLightning","Beam Cell"],"picked":"SKIP","floor":42.0},{"not_picked":["ICR:FrostFall+1","Streamline","Ball Lightning+1"],"picked":"SKIP","floor":45.0},{"not_picked":["Barrage","FTL"],"picked":"Coolheaded+1","floor":46.0},{"not_picked":["Darkness","Meteor Strike","REME_Compress","Self Repair+1"],"picked":"SKIP","floor":47.0},{"not_picked":["Darkness","Meteor Strike","REME_Compress","Self Repair+1"],"picked":"SKIP","floor":47.0},{"not_picked":["BootSequence+1","Stack+1","Rebound"],"picked":"SKIP","floor":48.0},{"not_picked":["BootSequence+1","Stack+1","Rebound"],"picked":"SKIP","floor":48.0},{"not_picked":["Heatsinks","Undo"],"picked":"White Noise+1","floor":55.0}],"player_experience":319288,"relics_obtained":[{"floor":6.0,"key":"Lantern"},{"floor":9.0,"key":"Art of War"},{"floor":10.0,"key":"Gremlin Horn"},{"floor":24.0,"key":"PreservedInsect"},{"floor":26.0,"key":"GodSword4"},{"floor":29.0,"key":"Thread and Needle"},{"floor":31.0,"key":"Ice Cream"},{"floor":39.0,"key":"FossilizedHelix"},{"floor":40.0,"key":"Ornamental Fan"},{"floor":42.0,"key":"Symbiotic Virus"},{"floor":55.0,"key":"Bag of Marbles"}],"event_choices":[{"cards_removed":["Injury"],"damage_healed":0.0,"max_hp_gain":0.0,"max_hp_loss":0.0,"gold_gain":0.0,"event_name":"Purifier","player_choice":"Purged","floor":3.0,"gold_loss":0.0,"damage_taken":0.0},{"cards_removed":["Zap"],"damage_healed":0.0,"max_hp_gain":0.0,"max_hp_loss":0.0,"gold_gain":0.0,"event_name":"Golden Wing","player_choice":"Card Removal","floor":8.0,"gold_loss":0.0,"damage_taken":7.0},{"damage_healed":0.0,"max_hp_gain":0.0,"max_hp_loss":0.0,"gold_gain":200.0,"event_name":"Wheel of Change","player_choice":"Gold","floor":19.0,"gold_loss":0.0,"damage_taken":0.0},{"damage_healed":0.0,"max_hp_gain":0.0,"max_hp_loss":0.0,"gold_gain":0.0,"event_name":"betterNote:BetterNote","player_choice":"Ignored","floor":27.0,"gold_loss":0.0,"damage_taken":0.0,"cards_obtained":["Corruption"]},{"damage_healed":0.0,"max_hp_gain":0.0,"max_hp_loss":0.0,"gold_gain":0.0,"event_name":"Winding Halls","player_choice":"Embrace Madness","floor":38.0,"gold_loss":0.0,"damage_taken":13.0,"cards_obtained":["Madness","Madness"]},{"damage_healed":0.0,"max_hp_gain":0.0,"max_hp_loss":0.0,"gold_gain":0.0,"event_name":"MindBloom","player_choice":"Fight","floor":39.0,"gold_loss":0.0,"damage_taken":0.0},{"damage_healed":0.0,"max_hp_gain":0.0,"max_hp_loss":0.0,"gold_gain":0.0,"event_name":"Upgrade Shrine","player_choice":"Upgraded","floor":44.0,"gold_loss":0.0,"damage_taken":0.0,"cards_upgraded":["Ball Lightning"]}],"is_beta":false,"boss_relics":[{"not_picked":["Runic Dome","SoulBox"],"picked":"Philosopher\u0027s Stone"},{"not_picked":["AddBug","SacredBark"],"picked":"Inserter"}],"items_purged_floors":[22],"is_endless":false,"potions_floor_spawned":[2,7,12,14,16,18,20,24,35,36,42,45,47],"ascension_level":20}}