{"host":"6he3f0ic6yesrium","time":1610858596,"event":{"mods":["BaseMod","Better Altar","Better Match","Better Note","Better Sensory Stone","Better Skull","Better Third Choice","Colored Map","Conspire","Duelist Mod","Hubris","Marisa????????","Mimic Mod","Minty Spire (QoL Compilation)","Replay The Spire","Shade Mod","Somnambulant","Spire Birthday Party","StSLib","The Alterego","The Disciple","The Forsaken","The Hierophant","The Mystic","The Necromancer","The Runesmith","The Servant 0.9.4","The Valiant","TheVacant"],"gold_per_floor":[145,159,179,191,201,201,213,288,288,288,300,300,326,339,339,436,436,450,8,83,83,83,83,110,110,110,137,152,0,0,0,0,102,102,118,0,0,0,19,19,30,55,94,106,106,106,6,21,21,21],"floor_reached":51,"language":"ENG","playtime":3032,"items_purged":["Hallucinations","hubris:Compulsion"],"score":825,"play_id":"36c6b3de-6e94-4dab-8f7d-09a32814ea9e","local_time":"20210116234316","is_ascension_mode":true,"campfire_choices":[{"data":"theDuelist:CyberDragonSieger","floor":6,"key":"SMITH"},{"floor":10,"key":"REST"},{"floor":15,"key":"REST"},{"data":"theDuelist:SliferSky","floor":23,"key":"SMITH"},{"data":"theDuelist:DragonMirror","floor":25,"key":"SMITH"},{"floor":32,"key":"REST"},{"data":"theDuelist:DragonMirror","floor":40,"key":"SMITH"},{"data":"theDuelist:BabyDragon","floor":46,"key":"SMITH"},{"floor":49,"key":"REST"}],"circlet_count":0,"master_deck":["theDuelist:BabyDragon","theDuelist:CastleWalls","theDuelist:CastleWalls","theDuelist:CaveDragon","theDuelist:CaveDragon","theDuelist:LesserDragon","theDuelist:LesserDragon","theDuelist:Sparks","theDuelist:YamataDragon","theDuelist:SliferSky+1","theDuelist:CoralDragon","theDuelist:Hydrogeddon","theDuelist:GenesisDragon","theDuelist:CyberDragonSieger+1","theDuelist:BurstBreath","theDuelist:BabyDragon+1","theDuelist:MegafleetDragon","theDuelist:BlackBrutdrago","theDuelist:GenesisDragon","theDuelist:DragonMirror+1","theDuelist:TwinBarrelDragon","theDuelist:ArmageddonDragonEmp","theDuelist:DarkHorus+1","theDuelist:Sparks","theDuelist:DragonMirror+1","Replay:Sluggish","ReplayTheSpireMod:Restless Dread","theDuelist:Nameless:Magic:DarkworldThorns","theDuelist:GenesisDragon","theDuelist:DoomkaiserDragon","theDuelist:BurstBreath+1","theDuelist:BerserkScales","theDuelist:GenesisDragon","theDuelist:MaskedDragon","theDuelist:GenesisDragon","theDuelist:BurstBreath+1","theDuelist:GenesisDragon","Writhe"],"relics":["theDuelist:MillenniumPuzzle","theDuelist:CardPoolRelic","theDuelist:CardPoolBasicRelic","theDuelist:BoosterPackPoolRelic","theDuelist:CardPoolAddRelic","theDuelist:CardPoolMinusRelic","theDuelist:CardPoolSaveRelic","theDuelist:CardPoolOptionsRelic","conspire:Dentures","Dream Catcher","theDuelist:ElectricKey","Bag of Preparation","theDuelist:MerchantTalisman","ReplayTheSpireMod:CursedCoin","theDuelist:NamelessPowerRelicB","conspire:GiftBox","Tough Bandages","ReplayTheSpireMod:Spearhead","Archangels Feather","Ooze Armor","Red Mask","theDuelist:CursedHealer","Blue Doll","Incense Burner"],"acts_visited":["Exordium","TheCity","TheBeyond"],"potions_floor_usage":[5,13,18,18,27,33,39,50],"damage_taken":[{"damage":0.0,"enemies":"Cultist","floor":1.0,"turns":3.0},{"damage":2.0,"enemies":"2 Louse","floor":2.0,"turns":4.0},{"damage":0.0,"enemies":"Jaw Worm","floor":3.0,"turns":4.0},{"damage":3,"enemies":"Large Slime","floor":4,"turns":5},{"damage":22,"enemies":"3 Louse","floor":5,"turns":3},{"damage":13,"enemies":"Looter","floor":7,"turns":4},{"damage":0,"enemies":"Large Slime","floor":11,"turns":4},{"damage":8,"enemies":"3 Sentries","floor":13,"turns":6},{"damage":0,"enemies":"Exordium Wildlife","floor":14,"turns":5},{"damage":36,"enemies":"Fading Forest","floor":16,"turns":11},{"damage":9,"enemies":"2 Thieves","floor":18,"turns":4},{"damage":17,"enemies":"theDuelist:KaibaA2","floor":24,"turns":6},{"damage":20,"enemies":"Gremlin Leader","floor":27,"turns":4},{"damage":9,"enemies":"Spheric Guardian","floor":28,"turns":4},{"damage":78,"enemies":"Collector","floor":33,"turns":10},{"damage":22,"enemies":"Orb Walker","floor":35,"turns":4},{"damage":0,"enemies":"3 Shapes","floor":39,"turns":5},{"damage":18,"enemies":"Jaw Worm Horde","floor":41,"turns":3},{"damage":24,"enemies":"Giant Head","floor":42,"turns":7},{"damage":4,"enemies":"Sphere and 2 Shapes","floor":43,"turns":14},{"damage":26,"enemies":"Sphere and 2 Shapes","floor":44,"turns":5},{"damage":28,"enemies":"Transient","floor":48,"turns":5},{"damage":87,"enemies":"hubris:GrandSnecko","floor":50,"turns":11}],"seed_played":"724368835461827001","potions_obtained":[{"floor":1.0,"key":"theDuelist:VampireVial"},{"floor":4,"key":"theDuelist:DragonOrbBottle"},{"floor":5,"key":"theDuelist:VampireVial"},{"floor":11,"key":"DistilledChaos"},{"floor":14,"key":"SpeedPotion"},{"floor":24,"key":"Fruit Juice"},{"floor":35,"key":"ColorlessPotion"},{"floor":44,"key":"Doom Potion"}],"is_trial":false,"path_per_floor":["M","M","M","M","M","R","M","?","T","R","M","?","E","M","R","B",null,"M","$","$","?","?","R","E","R","T","E","M","?","?","T","R","B",null,"M","?","?","$","M","R","M","E","MIM","M","?","R","$","M","R","B",null],"character_chosen":"THE_DUELIST","items_purchased":["Bag of Preparation","theDuelist:MerchantTalisman","ReplayTheSpireMod:CursedCoin"],"campfire_rested":4,"item_purchase_floors":[19,19,20],"current_hp_per_floor":[88,86,86,83,61,61,48,37,37,63,63,63,55,55,81,55,88,79,79,79,91,91,91,74,74,74,59,50,50,50,50,80,10,101,79,79,101,101,101,101,83,65,65,49,74,74,74,48,78,1],"gold":21,"neow_bonus":"TEN_PERCENT_HP_BONUS","is_daily":false,"chose_seed":false,"campfire_upgraded":5,"win_rate":0.0,"timestamp":1610858596,"path_taken":["M","M","M","M","M","R","M","?","T","R","M","?","E","M","R","BOSS","M","?","$","?","?","R","E","R","T","E","M","?","?","?","R","BOSS","M","?","?","?","M","R","?","E","MIM","?","?","R","$","M","R","BOSS"],"items_purchased_type":["Relic","Relic","Relic"],"build_version":"2020-12-22","purchased_purges":2,"victory":true,"max_hp_per_floor":[88,88,88,88,88,88,88,88,88,88,88,88,88,88,88,88,88,88,88,88,96,96,96,96,96,96,101,101,101,101,101,101,101,101,101,101,101,101,101,101,101,101,101,101,101,101,101,101,101,101],"card_choices":[{"not_picked":["theDuelist:Lancephorhynchus","theDuelist:DragonZombie","theDuelist:BusterDrake","theDuelist:DoomkaiserDragon"],"picked":"theDuelist:SliferSky","floor":1.0},{"not_picked":["theDuelist:Beatraptor","theDuelist:DarkHorus","theDuelist:AquaDolphin","theDuelist:CyberDragon"],"picked":"theDuelist:CoralDragon","floor":2.0},{"not_picked":["theDuelist:Freezadon","theDuelist:DarkHorus","theDuelist:AquaDolphin","theDuelist:ExploderDragon"],"picked":"theDuelist:Hydrogeddon","floor":3.0},{"not_picked":["theDuelist:TwinHeadedFire","theDuelist:AncientGearGadjiltron","theDuelist:WaterDragonCluster","theDuelist:Anthrosaurus"],"picked":"theDuelist:GenesisDragon","floor":4},{"not_picked":["theDuelist:WhiteHowling","theDuelist:WhiteHornDragon","theDuelist:TotemDragon"],"picked":"theDuelist:CyberDragonSieger","floor":5},{"not_picked":["theDuelist:StarlightRoad","theDuelist:FireDarts","theDuelist:CyberneticOverflow","theDuelist:CastleDragonSouls"],"picked":"theDuelist:BurstBreath","floor":7},{"not_picked":["theDuelist:MadSwordBeast","theDuelist:ScrapIronScarecrow","theDuelist:Earthquake","theDuelist:DragonPiper"],"picked":"theDuelist:BabyDragon","floor":11},{"not_picked":["theDuelist:YamataDragon","theDuelist:LavaDragon","theDuelist:BabyDragon","theDuelist:GuardragonJusticia"],"picked":"theDuelist:BlackBrutdrago","floor":13},{"not_picked":["theDuelist:TotemDragon","theDuelist:SilverWing","theDuelist:GalaxySoldier"],"picked":"theDuelist:DragonMirror","floor":14},{"not_picked":["theDuelist:BusterBlader","theDuelist:CyberDinosaur"],"picked":"theDuelist:TwinBarrelDragon","floor":15},{"not_picked":["theDuelist:TailSwipe","theDuelist:SeismicShockwave","theDuelist:OceanDragonLord","theDuelist:DragonMastery"],"picked":"theDuelist:ArmageddonDragonEmp","floor":16},{"not_picked":["theDuelist:YamataDragon+1","theDuelist:MythicWaterDragon","theDuelist:MaskedDragon","theDuelist:CaveDragon"],"picked":"theDuelist:DarkHorus+1","floor":18},{"not_picked":["theDuelist:CyberDragonInfinity","theDuelist:DefensiveTactics"],"picked":"theDuelist:DoomkaiserDragon","floor":24},{"not_picked":["theDuelist:DragonMirror"],"picked":"theDuelist:BurstBreath+1","floor":24},{"not_picked":["theDuelist:Hydrogeddon","theDuelist:CaveDragon+1","theDuelist:LesserDragon+1","theDuelist:Earthquake","theDuelist:DefenseZone"],"picked":"SKIP","floor":27},{"not_picked":["theDuelist:MadSwordBeast","theDuelist:MadFlameKaiju","theDuelist:GiantRex","theDuelist:BlackTyranno","theDuelist:BarrelDragon"],"picked":"SKIP","floor":28},{"not_picked":["theDuelist:CyberDragonNachster","theDuelist:WaterDragonCluster"],"picked":"theDuelist:BerserkScales","floor":32},{"not_picked":["theDuelist:CyberDragonCore","theDuelist:CyberDinosaur+1","theDuelist:DragonPiper","theDuelist:Mountain+1"],"picked":"theDuelist:MaskedDragon","floor":35},{"not_picked":["theDuelist:WingedDragonRa+1","theDuelist:WaterDragon+1","theDuelist:SeismicShockwave","theDuelist:Scapegoat+1","theDuelist:DragonMastery"],"picked":"SKIP","floor":39},{"not_picked":["theDuelist:Earthquake+1","theDuelist:Beatraptor+1","theDuelist:MegafleetDragon+1","theDuelist:CoralDragon+1","theDuelist:RedDragonArchfiend+1"],"picked":"SKIP","floor":41},{"not_picked":["theDuelist:Kabazauls+1","theDuelist:BlackStego","theDuelist:TornadoDragon+1","theDuelist:SphereChaos","theDuelist:MiraculousDescent"],"picked":"SKIP","floor":42},{"not_picked":["theDuelist:DarkstormDragon+1","theDuelist:ArmedDragon3+1","theDuelist:GalaxySoldier","theDuelist:LostWorld+1"],"picked":"theDuelist:BurstBreath+1","floor":43},{"not_picked":["theDuelist:BattleguardKing+1","theDuelist:Reload","theDuelist:HaneHane","theDuelist:ForbiddenChalice","theDuelist:DestructPotion"],"picked":"SKIP","floor":44},{"not_picked":["theDuelist:LesserDragon","theDuelist:CyberDragonNachster+1","theDuelist:CyberDinosaur","theDuelist:TornadoDragon+1","theDuelist:SuperancientDinobeast"],"picked":"SKIP","floor":48}],"player_experience":325919,"relics_obtained":[{"floor":9,"key":"conspire:Dentures"},{"floor":13,"key":"Dream Catcher"},{"floor":24,"key":"conspire:GiftBox"},{"floor":26,"key":"Tough Bandages"},{"floor":27,"key":"ReplayTheSpireMod:Spearhead"},{"floor":31,"key":"Archangels Feather"},{"floor":42,"key":"Blue Doll"},{"floor":43,"key":"Incense Burner"}],"event_choices":[{"damage_healed":0,"gold_gain":75,"player_choice":"Gold","damage_taken":11,"max_hp_gain":0,"max_hp_loss":0,"event_name":"betterThird:BetterGoop","floor":8,"gold_loss":0},{"damage_healed":0,"gold_gain":0,"cards_transformed":["theDuelist:Sparks"],"player_choice":"Transformed","damage_taken":0,"max_hp_gain":0,"max_hp_loss":0,"event_name":"Transmorgrifier","floor":12,"gold_loss":0,"cards_obtained":["theDuelist:MegafleetDragon"]},{"power_reward":3,"total_magic_score":74,"gold_gain":0,"duelist":true,"damage_taken":0,"relics_obtained":["theDuelist:NamelessPowerRelicB"],"points":7,"max_hp_gain":12,"max_hp_loss":4,"spent_points":{"magic":2,"greed":0,"war":0,"power":3,"hunger":1},"event_name":"Nameless Tomb","hunger_reward":1,"floor":21,"gold_loss":0,"magic_reward":2,"cards_obtained":["hubris:Compulsion","theDuelist:Nameless:Magic:DarkworldThorns","Replay:Sluggish","ReplayTheSpireMod:Restless Dread"]},{"damage_healed":0,"gold_gain":0,"player_choice":"Leave","duelist":true,"damage_taken":0,"max_hp_gain":0,"max_hp_loss":0,"event_name":"Relic Duplicator","floor":22,"gold_loss":0},{"damage_healed":0,"gold_gain":0,"player_choice":"Paid Fearfully","damage_taken":0,"max_hp_gain":0,"max_hp_loss":0,"event_name":"Masked Bandits","floor":29,"gold_loss":152},{"damage_healed":0,"gold_gain":0,"player_choice":"Paid","damage_taken":0,"relics_obtained":["Red Mask"],"max_hp_gain":0,"max_hp_loss":0,"event_name":"Tomb of Lord Red Mask","floor":36,"gold_loss":118},{"damage_healed":0,"gold_gain":0,"player_choice":"Succumb - +25HP/Cursed Relic","duelist":true,"damage_taken":0,"max_hp_gain":0,"max_hp_loss":0,"event_name":"Tomb of the Nameless","floor":37,"gold_loss":0},{"damage_healed":25,"gold_gain":0,"player_choice":"Writhe","damage_taken":0,"max_hp_gain":0,"max_hp_loss":0,"event_name":"Winding Halls","floor":45,"gold_loss":0,"cards_obtained":["Writhe"]}],"is_beta":false,"boss_relics":[{"not_picked":["Painkiller Herb","Mark of Pain"],"picked":"theDuelist:ElectricKey"},{"not_picked":["Astrolabe","conspire:RoyalGoblet"],"picked":"Ooze Armor"}],"items_purged_floors":[20,47],"is_endless":false,"potions_floor_spawned":[1,4,5,11,14,24,35,44],"ascension_level":1}}