{"host":"kwv5rcxiitoh7ssi","time":1610862492,"event":{"mods":["2.2 Compatiblity","A Magickal Journey","AchievementEnabler","Act Like it!","Aspiration","Astrologer","BaseMod","Better Altar","Better Match","Better Note","Better Sensory Stone","Better Skull","Better Third Choice","BetterRewards","Colored Map","Colored Powertips","Conspire","Dark Map","Elementarium","Energized Spire","GifTheSpireLib","Gold Saver","GungeonMod","Hallownest","Hubris","Infinite Spire","Jorbs\u0027s Wanderer Trilogy","Marisa（霧雨　魔理沙）","Menagerie","Minty Spire (QoL Compilation)","Pale of the Ancients","Relic Stats","Replay The Spire","Somnambulant","Spicy Shops","Spikes Relics","StSLib","Stuff the Spire","The Animator","The Cursed","The Mystic","The Necromancer","The Runesmith","The Spell Scribe","Thieving Mod","Uncapped","UnlockEverythingMod","vexMod","【遗物卡牌】REMEMod"],"gold_per_floor":[110,123,123,123,47,76,87,106,106,106,137,152,172,192,192,291,291,310,330,330,346,362,376,391,391,418,430,430,430,430,430],"floor_reached":30,"language":"ENG","playtime":3355,"items_purged":[],"score":273,"play_id":"30b81b32-d34e-46a3-81bf-a9dbee0c31d5","local_time":"20210117004812","is_ascension_mode":false,"campfire_choices":[{"floor":15,"key":"REST"},{"floor":25,"key":"REST"}],"circlet_count":0,"master_deck":["stsjorbsmod:ForbiddenGrimoire+1","stsjorbsmod:Strike_Wanderer","stsjorbsmod:Strike_Wanderer","stsjorbsmod:Strike_Wanderer","stsjorbsmod:Strike_Wanderer","stsjorbsmod:Defend_Wanderer","stsjorbsmod:Defend_Wanderer","stsjorbsmod:Defend_Wanderer","stsjorbsmod:Defend_Wanderer","stsjorbsmod:FreshAdventure","stsjorbsmod:EyeOfTheStorm","ManaRampage","stsjorbsmod:Stalwart","stsjorbsmod:BlackTentacles","stsjorbsmod:FindFamiliar","stsjorbsmod:WeightOfMemory","stsjorbsmod:ScorchingRay","stsjorbsmod:ColorSpray","Menagerie:WallOfBlossoms","stsjorbsmod:BookOfTongues","stsjorbsmod:MageArmor","stsjorbsmod:ChatteringStrike","stsjorbsmod:TrueStrike","hubris:NaturalOne","stsjorbsmod:Pyromancy","stsjorbsmod:Firebolt","stsjorbsmod:Materialize","stsjorbsmod:Prepare+1","stsjorbsmod:Hibernate","stsjorbsmod:ArcaneWeapon","stsjorbsmod:WanderingMind","Forethought+1"],"relics":["stsjorbsmod:GrimoireRelic","REME_ComplimentaryCards","NeowsBlessing","hubris:Icosahedron","StuffTheSpire:HeavyRock","Turnip","vexMod:Dragonfruit","REME_LowDesire","Replay:Rubber Ducky","Replay:Baseball","DemoMod:MeatBun","ReplayTheSpireMod:Lightbulb"],"acts_visited":["Exordium","TheCity"],"potions_floor_usage":[11,16,16,16,22,24],"damage_taken":[{"damage":0,"enemies":"Menagerie:2_RABBITS","floor":1,"turns":1},{"damage":0,"enemies":"Menagerie:StygianBoar","floor":2,"turns":1},{"damage":0,"enemies":"Menagerie:VoidReaper","floor":6,"turns":1},{"damage":13,"enemies":"Menagerie:WhisperingWraith","floor":7,"turns":4},{"damage":16,"enemies":"Menagerie:3_RABBITS","floor":8,"turns":4},{"damage":20,"enemies":"Menagerie:MaskedSummoner","floor":11,"turns":5},{"damage":12,"enemies":"Menagerie:RedMage","floor":12,"turns":4},{"damage":9,"enemies":"Menagerie:STYGIAN_BOAR_AND_RABBIT","floor":13,"turns":4},{"damage":7,"enemies":"Menagerie:MENAGERIE_WILDLIFE","floor":14,"turns":3},{"damage":23,"enemies":"Menagerie:Suneater","floor":16,"turns":7},{"damage":18,"enemies":"Shell Parasite","floor":18,"turns":4},{"damage":10,"enemies":"3 Byrds","floor":19,"turns":5},{"damage":21,"enemies":"Sentry and Sphere","floor":21,"turns":6},{"damage":0,"enemies":"Chosen and Byrds","floor":22,"turns":6},{"damage":0,"enemies":"conspire:HollyBat","floor":23,"turns":6},{"damage":37,"enemies":"Centurion and Healer","floor":24,"turns":6},{"damage":8,"enemies":"Snecko","floor":27,"turns":4},{"damage":39,"enemies":"3 Cultists","floor":30,"turns":4}],"seed_played":"1138024702898244088","potions_obtained":[{"floor":1,"key":"Adrenaline Potion"},{"floor":6,"key":"LiquidMemories"},{"floor":13,"key":"Dexterity Potion"},{"floor":14,"key":"Toxic Potion"},{"floor":19,"key":"LifebloodPotion"},{"floor":22,"key":"PowerPotion"},{"floor":27,"key":"Weak Potion"}],"is_trial":false,"path_per_floor":["M","M","?","?","$","E","M","M","T","?","E","M","M","M","R_BF","B",null,"M","M","AVR","M","M","M","M","R","T","M","PTL","PTL","M"],"character_chosen":"WANDERER","items_purchased":["stsjorbsmod:FindFamiliar"],"campfire_rested":2,"item_purchase_floors":[5],"current_hp_per_floor":[68,68,68,68,68,68,56,40,40,40,27,17,9,4,25,6,73,56,50,64,45,48,51,14,35,35,29,29,29,0,0],"gold":430,"neow_bonus":"THREE_ENEMY_KILL","is_daily":false,"chose_seed":false,"campfire_upgraded":0,"win_rate":0.0,"timestamp":1610862492,"path_taken":["M","M","?","?","$","E","?","M","T","?","E","M","M","M","R_BF","BOSS","M","M","AVR","?","M","M","?","R","T","M","PTL","PTL","M"],"items_purchased_type":["Card"],"build_version":"2020-12-22","purchased_purges":0,"victory":false,"max_hp_per_floor":[68,68,68,68,68,68,68,68,68,68,73,73,73,73,73,73,73,73,73,73,73,73,73,73,73,73,73,73,73,73,73],"relic_stats":{"counters":[18,75],"Turnip":[11],"obtain_stats":[{"NeowsBlessing":0,"stsjorbsmod:GrimoireRelic":0,"DemoMod:GlassGuonStoneRelic":1,"Replay:Rubber Ducky":17,"vexMod:Dragonfruit":11,"Replay:Baseball":17,"hubris:Icosahedron":3,"DemoMod:MeatBun":20,"StuffTheSpire:HeavyRock":6,"Turnip":9,"REME_LowDesire":17,"ReplayTheSpireMod:Lightbulb":26,"REME_ComplimentaryCards":0},{"NeowsBlessing":0,"stsjorbsmod:GrimoireRelic":0,"DemoMod:GlassGuonStoneRelic":1,"Replay:Rubber Ducky":10,"vexMod:Dragonfruit":6,"Replay:Baseball":10,"hubris:Icosahedron":2,"DemoMod:MeatBun":12,"StuffTheSpire:HeavyRock":3,"Turnip":5,"REME_LowDesire":10,"ReplayTheSpireMod:Lightbulb":16,"REME_ComplimentaryCards":0},{"NeowsBlessing":0,"stsjorbsmod:GrimoireRelic":0,"DemoMod:GlassGuonStoneRelic":1,"Replay:Rubber Ducky":34,"vexMod:Dragonfruit":16,"Replay:Baseball":34,"hubris:Icosahedron":2,"DemoMod:MeatBun":43,"StuffTheSpire:HeavyRock":3,"Turnip":11,"REME_LowDesire":34,"ReplayTheSpireMod:Lightbulb":67,"REME_ComplimentaryCards":0}]},"card_choices":[{"not_picked":["stsjorbsmod:UnseenServant","stsjorbsmod:Channel"],"picked":"stsjorbsmod:Stalwart","floor":1},{"not_picked":["stsjorbsmod:Message","stsjorbsmod:AnimateObjects"],"picked":"stsjorbsmod:BlackTentacles","floor":2},{"not_picked":["stsjorbsmod:RefuseToForget","stsjorbsmod:Aid"],"picked":"stsjorbsmod:WeightOfMemory","floor":6},{"not_picked":["stsjorbsmod:TrueStrike","stsjorbsmod:MistyStep"],"picked":"stsjorbsmod:ScorchingRay","floor":7},{"not_picked":["stsjorbsmod:Rest","stsjorbsmod:UnseenServant"],"picked":"stsjorbsmod:ColorSpray","floor":8},{"not_picked":["Menagerie:LightningHelix","Menagerie:Foresee"],"picked":"Menagerie:WallOfBlossoms","floor":10},{"not_picked":["stsjorbsmod:Firebolt","stsjorbsmod:Withdraw"],"picked":"stsjorbsmod:BookOfTongues","floor":11},{"not_picked":["stsjorbsmod:Channel","stsjorbsmod:Firebolt"],"picked":"stsjorbsmod:MageArmor","floor":12},{"not_picked":["stsjorbsmod:Will","stsjorbsmod:TinyHut"],"picked":"stsjorbsmod:ChatteringStrike","floor":13},{"not_picked":["stsjorbsmod:DisguiseSelf","stsjorbsmod:HoldMonster"],"picked":"stsjorbsmod:TrueStrike","floor":14},{"not_picked":["stsjorbsmod:Fireball","stsjorbsmod:MirrorImage"],"picked":"stsjorbsmod:Pyromancy","floor":16},{"not_picked":["stsjorbsmod:DisguiseSelf+1","stsjorbsmod:Introspection","Secret Technique"],"picked":"stsjorbsmod:Firebolt","floor":18},{"not_picked":["stsjorbsmod:FaerieFire","stsjorbsmod:Index","REME_ProfessionalPlagiarism"],"picked":"stsjorbsmod:Materialize","floor":19},{"not_picked":["stsjorbsmod:Stalwart","stsjorbsmod:ParryingBlow","DemoMod:Deposit"],"picked":"stsjorbsmod:Prepare+1","floor":21},{"not_picked":["stsjorbsmod:TollTheDead","stsjorbsmod:Hurt","Mind Blast"],"picked":"stsjorbsmod:Hibernate","floor":22},{"not_picked":["stsjorbsmod:ChainLightning+1","stsjorbsmod:Prestidigitation","REME_BodyOfCthun"],"picked":"stsjorbsmod:ArcaneWeapon","floor":23},{"not_picked":["stsjorbsmod:Aid","stsjorbsmod:Index","REME_ShortnessOfBreath"],"picked":"stsjorbsmod:WanderingMind","floor":24},{"not_picked":["stsjorbsmod:MistyStep","stsjorbsmod:ColorSpray","stsjorbsmod:Rest"],"picked":"Forethought+1","floor":27}],"player_experience":148007,"relics_obtained":[{"floor":6,"key":"StuffTheSpire:HeavyRock"},{"floor":9,"key":"Turnip"},{"floor":11,"key":"vexMod:Dragonfruit"},{"floor":17,"key":"Replay:Rubber Ducky"},{"floor":17,"key":"Replay:Baseball"},{"floor":26,"key":"ReplayTheSpireMod:Lightbulb"}],"event_choices":[{"damage_healed":0,"gold_gain":0,"player_choice":"Leave","damage_taken":0,"max_hp_gain":0,"max_hp_loss":0,"event_name":"conspire:Investor","floor":4,"gold_loss":0},{"damage_healed":0,"gold_gain":0,"player_choice":"Peek","damage_taken":0,"max_hp_gain":0,"max_hp_loss":0,"event_name":"Menagerie:OvergrownLibrary","floor":10,"gold_loss":0}],"is_beta":false,"boss_relics":[{"not_picked":["ReplayTheSpireMod:DimensionalGlitch","StuffTheSpire:ModemDavis"],"picked":"REME_LowDesire"}],"items_purged_floors":[],"is_endless":false,"potions_floor_spawned":[1,6,13,14,19,22,27],"killed_by":"3 Cultists","ascension_level":0}}