{"host":"l84l8xigz5v5foa2","time":1610862253,"event":{"mods":["2.2 Compatiblity","AchievementEnabler","BaseMod","Better Note","Better Vampires","Card Filter","Colored Map","DeckTracker","Downfall","Gremlin Skip","Highlight Path","Keyboard Shortcuts","Minty Spire (QoL Compilation)","Permanent Neow","Quick Restart","Relic Filter","Relic Stats","StSLib","SuperFastMode","Transform Curses","Unknown Chances"],"gold_per_floor":[99,114,126,144,160,160,210,228,128,143,169,69,69,82,95,166,166,166,183,193,293,306,306,306,306,306,306],"floor_reached":25,"language":"ENG","playtime":1249,"items_purged":[],"score":414,"play_id":"7bfaf87b-bb93-4c27-9894-808e623da92e","local_time":"20210117144413","is_ascension_mode":true,"campfire_choices":[{"data":"hexamod:Float","floor":1.0,"key":"SMITH"},{"data":"hexamod:RadiantFlame","floor":6.0,"key":"SMITH"},{"data":"hexamod:GhostOfSpireFuture","floor":9.0,"key":"SMITH"},{"data":"hexamod:ShieldOfDarkness","floor":12,"key":"SMITH"},{"data":"hexamod:FlameSwitch","floor":18,"key":"SMITH"},{"data":"hexamod:GhostOfSpireFuture","floor":23,"key":"SMITH"}],"circlet_count":0,"master_deck":["AscendersBane","hexamod:Strike","hexamod:Strike","hexamod:Defend","hexamod:Defend","hexamod:Defend","hexamod:Defend","hexamod:Sear","hexamod:Float+1","hexamod:WildfireWeapon","hexamod:BacktrackSmack","hexamod:RadiantFlame+1","hexamod:StepThrough","hexamod:ThirdSeal","hexamod:GhostOfSpireFuture+1","hexamod:ShieldOfDarkness+1","hexamod:PowerFromBeyond","hexamod:StepThrough","hexamod:GhostOfSpireFuture+1","hexamod:FlameSwitch+1","hexamod:PhantomCloak","hexamod:SearingWound","hexamod:ApocalypseNow","hexamod:StepThrough","hexamod:GhostflameBarrier","hexamod:SuperheatedStrike+1","hexamod:EtherealExpedition","hexamod:SpectralSpark","hexamod:SpectersWail","hexamod:AdvancingGuard"],"relics":["hexamod:SpiritBrand","downfall:HeartBlessingBlue","Gambling Chip","downfall:HeartBlessingGreen","Coffee Dripper","MutagenicStrength","PreservedInsect"],"acts_visited":["Exordium","TheCity"],"potions_floor_usage":[11,16,19,21],"damage_taken":[{"damage":0.0,"enemies":"Cultist","floor":2.0,"turns":3.0},{"damage":0.0,"enemies":"Small Slimes","floor":3.0,"turns":4.0},{"damage":2.0,"enemies":"Jaw Worm","floor":4.0,"turns":4.0},{"damage":3.0,"enemies":"Blue Slaver","floor":5.0,"turns":4.0},{"damage":8.0,"enemies":"Large Slime","floor":8.0,"turns":4.0},{"damage":3.0,"enemies":"2 Fungi Beasts","floor":10.0,"turns":4.0},{"damage":9,"enemies":"Lagavulin","floor":11,"turns":4},{"damage":0,"enemies":"Gremlin Gang","floor":14,"turns":4},{"damage":4,"enemies":"Exordium Thugs","floor":15,"turns":7},{"damage":16,"enemies":"WA_ARCHETYPE_RETAIN","floor":16,"turns":10},{"damage":0,"enemies":"Chosen","floor":19,"turns":3},{"damage":15,"enemies":"3 Byrds","floor":20,"turns":6},{"damage":17,"enemies":"downfall:Augmenter","floor":21,"turns":6},{"damage":19,"enemies":"Snake Plant","floor":22,"turns":3},{"damage":18,"enemies":"Centurion and Healer","floor":25,"turns":2}],"seed_played":"-7783561016025279393","potions_obtained":[{"floor":2.0,"key":"bronze:BurnAndBuffPotion"},{"floor":4.0,"key":"Block Potion"},{"floor":10.0,"key":"ColorlessPotion"},{"floor":11,"key":"Swift Potion"},{"floor":14,"key":"Block Potion"},{"floor":19,"key":"hexamod:SoulburnPotion"},{"floor":20,"key":"FearPotion"},{"floor":22,"key":"SpeedPotion"}],"is_trial":false,"path_per_floor":["R","M","M","M","M","R","T","M","R","M","E","R","?","M","M","B",null,"R","M","M","?","M","R","T","M"],"character_chosen":"THE_SPIRIT","items_purchased":[],"campfire_rested":0,"item_purchase_floors":[],"current_hp_per_floor":[57,57,57,55,52,52,52,44,54,51,42,42,47,47,43,27,65,65,65,50,33,14,14,14,0,0,0],"gold":306,"neow_bonus":"ONE_RANDOM_RARE_CARD","is_daily":false,"chose_seed":false,"campfire_upgraded":6,"win_rate":0.0,"timestamp":1610862253,"path_taken":["R","M","?","M","M","R","T","?","R","?","E","R","?","M","M","BOSS","R","M","M","?","M","R","T","M"],"items_purchased_type":[],"build_version":"2020-12-22","purchased_purges":0,"victory":false,"max_hp_per_floor":[63,63,63,63,63,63,63,63,73,73,73,73,78,78,78,78,78,78,78,78,78,78,78,78,78,78,78],"relic_stats":{"counters":[15,68],"Gambling Chip":[19],"PreservedInsect":0,"obtain_stats":[{"downfall:HeartBlessingBlue":9,"Gambling Chip":11,"MutagenicStrength":21,"downfall:HeartBlessingGreen":12,"PreservedInsect":24,"Coffee Dripper":17,"hexamod:SpiritBrand":0},{"downfall:HeartBlessingBlue":5,"Gambling Chip":7,"MutagenicStrength":13,"downfall:HeartBlessingGreen":7,"PreservedInsect":14,"Coffee Dripper":10,"hexamod:SpiritBrand":0},{"downfall:HeartBlessingBlue":19,"Gambling Chip":27,"MutagenicStrength":63,"downfall:HeartBlessingGreen":27,"PreservedInsect":66,"Coffee Dripper":48,"hexamod:SpiritBrand":0}]},"card_choices":[{"not_picked":["hexamod:ShieldOfDarkness","hexamod:NightmareStrike"],"picked":"hexamod:BacktrackSmack","floor":2.0},{"not_picked":["hexamod:SuperheatedStrike","hexamod:Haunt"],"picked":"hexamod:RadiantFlame","floor":3.0},{"not_picked":["hexamod:DynamicBlow","hexamod:NightmareGuise"],"picked":"hexamod:StepThrough","floor":4.0},{"not_picked":["hexamod:BacktrackSmack","hexamod:PhantomCloak"],"picked":"hexamod:ThirdSeal","floor":5.0},{"not_picked":["hexamod:Firestarter","hexamod:ShieldOfDarkness"],"picked":"hexamod:GhostOfSpireFuture","floor":8.0},{"not_picked":["hexamod:AdvancingGuard","hexamod:BacktrackSmack"],"picked":"hexamod:ShieldOfDarkness","floor":8.0},{"not_picked":["hexamod:FifthSeal","hexamod:RainOfEmbers"],"picked":"hexamod:PowerFromBeyond","floor":10.0},{"not_picked":["hexamod:FlamesFromBeyond","hexamod:EmpoweredFlame","hexamod:SuperheatedStrike"],"picked":"SKIP","floor":10.0},{"not_picked":["hexamod:Hexaguard","hexamod:HauntingEcho"],"picked":"hexamod:StepThrough","floor":11},{"not_picked":["hexamod:RadiantFlame","hexamod:SwordOfDarkness","hexamod:GhostLash"],"picked":"SKIP","floor":11},{"not_picked":["hexamod:AdvancingGuard","hexamod:NightmareStrike"],"picked":"hexamod:GhostOfSpireFuture","floor":14},{"not_picked":["hexamod:GhostOfSpirePast","hexamod:FlamesFromBeyond","hexamod:RetreatToShadows"],"picked":"SKIP","floor":14},{"not_picked":["hexamod:ShieldOfDarkness","hexamod:FlamesFromBeyond"],"picked":"hexamod:FlameSwitch","floor":15},{"not_picked":["hexamod:AdvancingGuard","hexamod:Hexaguard"],"picked":"hexamod:PhantomCloak","floor":15},{"not_picked":["hexamod:VolcanoVisage","hexamod:TimeOfNeed"],"picked":"hexamod:SearingWound","floor":16},{"not_picked":["hexamod:ParanormalForm","hexamod:WildfireWeapon"],"picked":"hexamod:ApocalypseNow","floor":16},{"not_picked":["hexamod:RecurringNightmare","hexamod:EtherealExpedition","hexamod:SuperheatedStrike"],"picked":"SKIP","floor":19},{"not_picked":["hexamod:NightmareGuise","hexamod:SkipABeat","hexamod:SwordOfDarkness"],"picked":"SKIP","floor":19},{"not_picked":["hexamod:ChargedBarrage","hexamod:Again"],"picked":"hexamod:StepThrough","floor":20},{"not_picked":["hexamod:BacktrackSmack","hexamod:BurningTouch"],"picked":"hexamod:GhostflameBarrier","floor":20},{"not_picked":["hexamod:Hexaguard","hexamod:InspiringFlames"],"picked":"hexamod:SuperheatedStrike+1","floor":21},{"not_picked":["hexamod:GhostShield","hexamod:VolcanoVisage"],"picked":"hexamod:SpectersWail","floor":21},{"not_picked":["hexamod:SecondSeal","hexamod:Firestarter"],"picked":"hexamod:AdvancingGuard","floor":22},{"not_picked":["hexamod:Firestarter","hexamod:Again","hexamod:BurningTouch"],"picked":"SKIP","floor":22}],"player_experience":3282868,"relics_obtained":[{"floor":11,"key":"Gambling Chip"},{"floor":21,"key":"MutagenicStrength"},{"floor":24,"key":"PreservedInsect"}],"event_choices":[{"damage_healed":0,"gold_gain":0,"player_choice":"Donut","damage_taken":0,"max_hp_gain":5,"max_hp_loss":0,"event_name":"Big Fish","floor":13,"gold_loss":0}],"is_beta":false,"boss_relics":[{"not_picked":["Astrolabe","Empty Cage"],"picked":"Coffee Dripper"}],"items_purged_floors":[],"is_endless":false,"potions_floor_spawned":[2,4,10,11,14,19,20,22],"killed_by":"Centurion and Healer","ascension_level":20}}