{"host":"g0kvl32a5uvdvg3r","time":1610908430,"event":{"mods":["BaseMod","Hermit","Minty Spire (QoL Compilation)","Replay The Spire","Shop Mod","StSLib"],"gold_per_floor":[144,189,234,234,234,234,324,369,369,414,414,459,504,594,594,894,894,939,984,702,702,552,642,642,732,732,732,777,822,822,867,867,1167,1167,1212,762,762,312,357,447,492,537,537,537,537,179,224,269,269,269],"floor_reached":51,"language":"ENG","playtime":3661,"items_purged":[],"score":981,"play_id":"4b0445d3-7009-4968-acb0-e847f32304d1","local_time":"20210117183350","daily_mods":["SealedDeck","Hoarder","Midas"],"is_ascension_mode":false,"campfire_choices":[{"floor":6,"key":"REST"},{"floor":15,"key":"REST"},{"floor":44,"key":"REST"},{"floor":49,"key":"DIG"}],"circlet_count":0,"master_deck":["Capacitor","Capacitor","Capacitor","Crystallizer","Crystallizer","Conserve Battery","Conserve Battery","Conserve Battery","Go for the Eyes","Go for the Eyes","Go for the Eyes","Conserve Battery","Conserve Battery","Conserve Battery","Beam Cell","Beam Cell","Beam Cell","Gash","Gash","Gash","Go for the Eyes","Go for the Eyes","Go for the Eyes","Go for the Eyes","Go for the Eyes","Go for the Eyes","Beam Cell","Beam Cell","Chill","Chill","Chill","Time Bomb","Time Bomb","Time Bomb+1","Coolheaded+1","Coolheaded+1","Coolheaded+1","Aggregate+1","Aggregate+1","Aggregate+1","Panic Button+1","Panic Button+1","Panic Button+1","Redo+1","Redo+1","Redo+1","Echo Form","Echo Form","Echo Form","CurseOfTheBell","CurseOfTheBell","CurseOfTheBell","Pot Of Greed+1","Pot Of Greed+1","Pot Of Greed+1","Pot Of Greed+1","Pot Of Greed+1","Pot Of Greed+1","Pot Of Greed+1","Pot Of Greed+1","Pot Of Greed+1","Pot Of Greed+1","Pot Of Greed+1","Pot Of Greed+1","Pot Of Greed+1","Pot Of Greed+1","Pot Of Greed+1","Tempest+1","Tempest+1","Tempest+1","ReplayGash+1","ReplayGash+1","ReplayGash+1","White Noise+1","White Noise+1","White Noise+1","J.A.X.+1","J.A.X.+1","J.A.X.+1","Reboot+1","Reboot+1","Reboot+1","Gash","Gash","Gash","Chill+1","Chill+1","Chill+1","Pot Of Greed+1","Pot Of Greed+1","Pot Of Greed+1","Buffer","Buffer","Buffer","ReplayTheSpireMod:Repulse+1","ReplayTheSpireMod:Repulse+1","ReplayTheSpireMod:Repulse+1","Panacea+1","Panacea+1","Panacea+1","Replay:Bootleg Shield Generator+1","Replay:Bootleg Shield Generator+1","Replay:Bootleg Shield Generator+1","Impatience+1","Impatience+1","Impatience+1","Sadistic Nature+1","Sadistic Nature+1","Sadistic Nature+1"],"relics":["Cracked Core","Toxic Egg 2","ReplayTheSpireMod:Ninjato","Strawberry","Shuriken","Calling Bell","Grinning Jar","Eternal Feather","Mango","DataDisk","ReplayTheSpireMod:TigerMarble","Regal Pillow","Replay:PocketPolymizer","Chameleon Ring","Snecko Heart","Ginger","Nunchaku","Frozen Eye","Counterbalance","Prayer Wheel","Gremlin Horn","Pantograph","Membership Card","Frozen Egg 2","Anchor"],"acts_visited":["Exordium","TheCity","TheBeyond"],"potions_floor_usage":[8,16,16,16,16,16,16,31,31,31,33,33,39,50,50,50],"damage_taken":[{"damage":0,"enemies":"2 Louse","floor":1,"turns":3},{"damage":0,"enemies":"Cultist","floor":2,"turns":4},{"damage":0,"enemies":"Small Slimes","floor":3,"turns":5},{"damage":23,"enemies":"3 Sentries","floor":7,"turns":8},{"damage":7,"enemies":"Looter","floor":8,"turns":4},{"damage":4,"enemies":"2 Fungi Beasts","floor":10,"turns":3},{"damage":0,"enemies":"Large Slime","floor":12,"turns":8},{"damage":1,"enemies":"Lots of Slimes","floor":13,"turns":5},{"damage":1,"enemies":"Lagavulin","floor":14,"turns":7},{"damage":0,"enemies":"Hexaghost","floor":16,"turns":5},{"damage":0,"enemies":"3 Byrds","floor":18,"turns":3},{"damage":0,"enemies":"Spheric Guardian","floor":19,"turns":3},{"damage":0,"enemies":"Gremlin Leader","floor":23,"turns":1},{"damage":19,"enemies":"Book of Stabbing","floor":25,"turns":5},{"damage":0,"enemies":"3 Cultists","floor":28,"turns":1},{"damage":0,"enemies":"Snake Plant","floor":29,"turns":1},{"damage":3,"enemies":"Sentry and Sphere","floor":31,"turns":4},{"damage":6,"enemies":"Champ","floor":33,"turns":6},{"damage":0,"enemies":"3 Shapes","floor":35,"turns":5},{"damage":21,"enemies":"3 Darklings","floor":39,"turns":3},{"damage":26,"enemies":"Nemesis","floor":40,"turns":7},{"damage":32,"enemies":"Writhing Mass","floor":41,"turns":5},{"damage":0,"enemies":"Jaw Worm Horde","floor":42,"turns":4},{"damage":0,"enemies":"3 Darklings","floor":47,"turns":3},{"damage":3,"enemies":"4 Shapes","floor":48,"turns":5},{"damage":3,"enemies":"Replay:Hell Engine","floor":50,"turns":8}],"seed_played":"7372172642885907109","potions_obtained":[{"floor":7,"key":"SneckoOil"},{"floor":10,"key":"BlessingOfTheForge"},{"floor":12,"key":"Weak Potion"},{"floor":14,"key":"EntropicBrew"},{"floor":19,"key":"SmokeBomb"},{"floor":25,"key":"SmokeBomb"},{"floor":27,"key":"EntropicBrew"},{"floor":27,"key":"Flashbang"},{"floor":30,"key":"Explosive Potion"},{"floor":32,"key":"CultistPotion"},{"floor":35,"key":"Milkshake"},{"floor":41,"key":"Dexterity Potion"},{"floor":48,"key":"SkillPotion"}],"is_trial":false,"path_per_floor":["M","M","M","$","?","R","E","M","T","M","?","M","M","E","R","B",null,"M","M","$","?","$","E","?","E","T","R","M","M","R","M","R","B",null,"M","$","?","$","M","E","M","M","T","R","?","$","M","M","R","B",null],"character_chosen":"DEFECT","items_purchased":["ReplayGash+1","DataDisk","White Noise+1","ReplayTheSpireMod:TigerMarble","Ginger","Nunchaku","Frozen Eye","Counterbalance","Membership Card","Frozen Egg 2","Sadistic Nature+1"],"campfire_rested":3,"item_purchase_floors":[20,20,20,22,36,36,38,38,46,46,46],"current_hp_per_floor":[75,75,75,75,75,75,52,45,45,41,48,48,47,46,70,70,96,96,96,96,77,77,77,77,58,58,101,101,101,101,98,101,95,101,101,101,96,96,75,49,17,17,17,96,86,86,86,83,96,93],"gold":269,"neow_bonus":"","is_daily":true,"chose_seed":false,"campfire_upgraded":0,"win_rate":0.0,"timestamp":1610908430,"path_taken":["M","M","M","$","?","R","E","M","T","M","?","M","?","E","R","BOSS","M","M","$","?","$","E","?","E","T","R","M","M","R","M","R","BOSS","M","$","?","$","M","E","M","M","T","R","?","$","M","M","R","BOSS"],"items_purchased_type":["Card","Relic","Card","Relic","Relic","Relic","Relic","Relic","Relic","Relic","Card"],"build_version":"2020-12-22","purchased_purges":0,"victory":true,"max_hp_per_floor":[75,75,75,75,75,75,75,75,75,75,82,82,82,82,82,82,96,96,96,96,101,101,101,101,101,101,101,101,101,101,101,101,101,101,101,101,96,96,96,96,96,96,96,96,96,96,96,96,96,96],"card_choices":[{"not_picked":["Compile Driver","Redo"],"picked":"Chill","floor":1},{"not_picked":["Streamline","Conserve Battery"],"picked":"Time Bomb","floor":2},{"not_picked":["Sweeping Beam","Creative AI","Redo"],"picked":"SKIP","floor":3},{"not_picked":["Thunder Strike","Multi-Cast+1"],"picked":"Coolheaded+1","floor":7},{"not_picked":["Hologram+1","Streamline","Conserve Battery+1"],"picked":"SKIP","floor":8},{"not_picked":["Self Repair","Beam Cell"],"picked":"Aggregate+1","floor":10},{"not_picked":["Sunder","Redo+1"],"picked":"Panic Button+1","floor":12},{"not_picked":["Darkness+1","Beam Cell","Recycle+1"],"picked":"SKIP","floor":13},{"not_picked":["Sweeping Beam","Reprogram+1"],"picked":"Redo+1","floor":14},{"not_picked":["Meteor Strike","Rainbow+1"],"picked":"Echo Form","floor":16},{"not_picked":["Conserve Battery+1","Hello World","Ball Lightning"],"picked":"SKIP","floor":18},{"not_picked":["Capacitor","Skim+1"],"picked":"Tempest+1","floor":19},{"not_picked":["Chill+1","Leap+1","Heatsinks"],"picked":"SKIP","floor":23},{"not_picked":["Amplify+1","ReplayTheSpireMod:Reroute Power+1"],"picked":"Reboot+1","floor":25},{"not_picked":["Go for the Eyes","BasicCrystalCard+1","Force Field+1"],"picked":"SKIP","floor":28},{"not_picked":["Doom and Gloom","Skim+1"],"picked":"Gash","floor":29},{"not_picked":["Rebound","Redo+1","Conserve Battery+1"],"picked":"SKIP","floor":31},{"not_picked":["Rainbow+1","ReplayTheSpireMod:Fabricate Wheel+1"],"picked":"Buffer","floor":33},{"not_picked":["Steam+1","Cold Snap+1","Ball Lightning"],"picked":"SKIP","floor":35},{"not_picked":["Conserve Battery+1","Auto Shields+1","Redo+1"],"picked":"SKIP","floor":39},{"not_picked":["Consume+1","Biased Cognition"],"picked":"ReplayTheSpireMod:Repulse+1","floor":40},{"not_picked":["FIFO Queue+1","Beam Cell","Loop+1"],"picked":"SKIP","floor":41},{"not_picked":["Static Discharge+1","Darkness+1","Reprogram+1"],"picked":"SKIP","floor":41},{"not_picked":["Go for the Eyes+1","Panic Button+1","Rebound"],"picked":"SKIP","floor":42},{"not_picked":["Rebound","Steam+1","Leap+1"],"picked":"SKIP","floor":42},{"not_picked":["Replay:Bootleg Shield Generator+1","ReplayTheSpireMod:Necrogeddon"],"picked":"Panacea+1","floor":45},{"not_picked":["Replay:Sssssssssstrike","Mayhem"],"picked":"Replay:Bootleg Shield Generator+1","floor":45},{"not_picked":["ReplayTheSpireMod:Private Reserves+1","Enlightenment+1"],"picked":"Impatience+1","floor":45},{"not_picked":["Go for the Eyes+1","Doom and Gloom","Double Energy+1"],"picked":"SKIP","floor":47},{"not_picked":["Leap+1","Consume+1","Cold Snap+1"],"picked":"SKIP","floor":47},{"not_picked":["Darkness+1","Auto Shields+1","Cold Snap+1"],"picked":"SKIP","floor":48},{"not_picked":["Cold Snap","Skim+1","Go for the Eyes+1"],"picked":"SKIP","floor":48}],"player_experience":1145130,"relics_obtained":[{"floor":7,"key":"Toxic Egg 2"},{"floor":9,"key":"ReplayTheSpireMod:Ninjato"},{"floor":14,"key":"Shuriken"},{"floor":17,"key":"Grinning Jar"},{"floor":17,"key":"Eternal Feather"},{"floor":17,"key":"Mango"},{"floor":23,"key":"Regal Pillow"},{"floor":25,"key":"Replay:PocketPolymizer"},{"floor":26,"key":"Chameleon Ring"},{"floor":40,"key":"Gremlin Horn"},{"floor":43,"key":"Pantograph"},{"floor":49,"key":"Anchor"}],"event_choices":[{"cards_removed":["Beam Cell"],"damage_healed":0,"gold_gain":0,"player_choice":"Gave Card","damage_taken":0,"relics_obtained":["Strawberry"],"max_hp_gain":0,"max_hp_loss":0,"event_name":"WeMeetAgain","floor":11,"gold_loss":0},{"damage_healed":0,"gold_gain":0,"player_choice":"Shed Blood","damage_taken":24,"max_hp_gain":5,"max_hp_loss":0,"event_name":"Forgotten Altar","floor":21,"gold_loss":0},{"damage_healed":0,"gold_gain":0,"player_choice":"Obtain J.A.X.","damage_taken":0,"max_hp_gain":0,"max_hp_loss":0,"event_name":"Drug Dealer","floor":24,"gold_loss":0,"cards_obtained":["J.A.X."]},{"damage_healed":0,"gold_gain":0,"player_choice":"Max HP","damage_taken":0,"max_hp_gain":0,"max_hp_loss":5,"event_name":"Winding Halls","floor":37,"gold_loss":0},{"damage_healed":0,"gold_gain":0,"player_choice":"Memory 3","damage_taken":10,"max_hp_gain":0,"max_hp_loss":0,"event_name":"SensoryStone","floor":45,"gold_loss":0}],"is_beta":false,"boss_relics":[{"not_picked":["Replay:Wanted Poster","Runic Dome"],"picked":"Calling Bell"},{"not_picked":["Cursed Key","Replay:Bronze Core"],"picked":"Snecko Heart"}],"items_purged_floors":[],"is_endless":false,"potions_floor_spawned":[7,10,12,14,19,25,31,35,41,48],"ascension_level":0}}