{"host":"jpcy2bclvs7juczu","time":1610885128,"event":{"mods":["AchievementEnabler","BaseMod","Block Reminder","Colored Map","Colored Powertips","Curses Come First","Dark Map","Minty Spire (QoL Compilation)","Quick Restart","Relic Stats","StSLib","ojb\u0027s Better Paths Mod","ojb\u0027s Info Mod","slay the spire mod where everything is the same but ironclad has a cowboy hat"],"gold_per_floor":[113,388,407,55,72,101,101,133,133,133,133,147,175,192,192,270,270,287,28,48,48,72,84,130,156,244,291,323,335,347,359,371,460,472,495,857,869,896,908,950,373,408,435,435,461,474,474,505,505,505,505,505,505,32,61,61],"floor_reached":57,"language":"ENG","playtime":3038,"items_purged":["Regret","Strike_R"],"score":3623,"play_id":"82f5c823-278e-4e21-a19e-995f2b7de0e1","local_time":"20210117120528","is_ascension_mode":true,"campfire_choices":[{"data":"Immolate","floor":7.0,"key":"SMITH"},{"data":"Carnage","floor":11.0,"key":"SMITH"},{"data":"Disarm","floor":15.0,"key":"SMITH"},{"data":"Corruption","floor":23.0,"key":"SMITH"},{"data":"Fiend Fire","floor":30.0,"key":"SMITH"},{"data":"Barricade","floor":32.0,"key":"SMITH"},{"floor":44.0,"key":"RECALL"},{"data":"Shockwave","floor":47.0,"key":"SMITH"},{"data":"Master of Strategy","floor":49.0,"key":"SMITH"},{"data":"Armaments","floor":53.0,"key":"SMITH"}],"circlet_count":0,"master_deck":["AscendersBane","Strike_R","Defend_R","Defend_R","Defend_R","Defend_R","Bash","Twin Strike","Iron Wave","Immolate+1","Disarm+1","Twin Strike","Carnage+1","Entrench","Corruption+1","Reaper","Fiend Fire+1","Pummel","Barricade+1","Armaments+1","Spot Weakness","Disarm","Entrench","Feel No Pain+1","Battle Trance+1","Fiend Fire","Seeing Red","Demon Form","Shockwave+1","Master of Strategy+1","Dark Shackles","Panache","Evolve","Battle Trance+1","Shrug It Off","Disarm+1"],"relics":["Burning Blood","NeowsBlessing","Membership Card","Akabeko","Incense Burner","Self Forming Clay","Kunai","Runic Pyramid","Dead Branch","MawBank","Omamori","MealTicket","Sozu","Old Coin","Orichalcum","Toolbox","Lantern","Question Card","Mummified Hand","Dream Catcher","Boot","Centennial Puzzle","Bag of Preparation","Orrery","StrikeDummy","Happy Flower"],"acts_visited":["Exordium","TheCity","TheBeyond","TheEnding"],"potions_floor_usage":[56],"damage_taken":[{"damage":0.0,"enemies":"Cultist","floor":1.0,"turns":1.0},{"damage":0.0,"enemies":"Jaw Worm","floor":3.0,"turns":1.0},{"damage":0.0,"enemies":"2 Louse","floor":5.0,"turns":1.0},{"damage":29.0,"enemies":"Gremlin Nob","floor":6.0,"turns":4.0},{"damage":15.0,"enemies":"3 Sentries","floor":8.0,"turns":4.0},{"damage":7.0,"enemies":"Exordium Wildlife","floor":12.0,"turns":2.0},{"damage":8.0,"enemies":"Gremlin Nob","floor":13.0,"turns":3.0},{"damage":27.0,"enemies":"Lots of Slimes","floor":14.0,"turns":5.0},{"damage":1.0,"enemies":"The Guardian","floor":16.0,"turns":15.0},{"damage":17.0,"enemies":"3 Byrds","floor":18.0,"turns":5.0},{"damage":48.0,"enemies":"2 Thieves","floor":20.0,"turns":4.0},{"damage":0.0,"enemies":"Gremlin Leader","floor":24.0,"turns":4.0},{"damage":0.0,"enemies":"Snecko","floor":25.0,"turns":3.0},{"damage":0.0,"enemies":"Book of Stabbing","floor":27.0,"turns":3.0},{"damage":16.0,"enemies":"Centurion and Healer","floor":28.0,"turns":8.0},{"damage":1.0,"enemies":"Collector","floor":33.0,"turns":6.0},{"damage":1.0,"enemies":"3 Darklings","floor":35.0,"turns":3.0},{"damage":42.0,"enemies":"2 Orb Walkers","floor":36.0,"turns":5.0},{"damage":30.0,"enemies":"3 Shapes","floor":38.0,"turns":4.0},{"damage":6.0,"enemies":"Nemesis","floor":40.0,"turns":7.0},{"damage":0.0,"enemies":"Giant Head","floor":42.0,"turns":5.0},{"damage":0.0,"enemies":"Nemesis","floor":45.0,"turns":7.0},{"damage":1.0,"enemies":"Spire Growth","floor":46.0,"turns":2.0},{"damage":0.0,"enemies":"Reptomancer","floor":48.0,"turns":4.0},{"damage":0.0,"enemies":"Time Eater","floor":50.0,"turns":5.0},{"damage":2.0,"enemies":"Donu and Deca","floor":51.0,"turns":3.0},{"damage":13,"enemies":"Shield and Spear","floor":55,"turns":15},{"damage":10,"enemies":"The Heart","floor":56,"turns":6}],"seed_played":"3741121768992406941","potions_obtained":[{"floor":6.0,"key":"EssenceOfSteel"},{"floor":8.0,"key":"Fruit Juice"},{"floor":12.0,"key":"ColorlessPotion"},{"floor":14.0,"key":"DuplicationPotion"},{"floor":20.0,"key":"ColorlessPotion"},{"floor":24.0,"key":"LiquidBronze"},{"floor":33.0,"key":"CultistPotion"}],"is_trial":false,"path_per_floor":["M","?","M","$","M","E","R","E","T","?","R","M","E","M","R","B",null,"M","$","M","?","T","R","E","M","T","E","M","?","R","$","R","B",null,"M","?","?","M","?","E","$","E","T","R","E","M","R","E","R","B","B",null,"R","$","E","B",null],"character_chosen":"IRONCLAD","items_purchased":["Membership Card","Immolate","Disarm","ColorlessPotion","Dead Branch","Barricade","Armaments","Demon Form","Shockwave","Toolbox","Lantern","Question Card","Master of Strategy","Dark Shackles","Panache","Bag of Preparation","Evolve","Orrery","StrikeDummy"],"campfire_rested":0,"item_purchase_floors":[4,4,4,4,19,19,19,41,41,41,41,41,41,41,54,54,54,54,54],"current_hp_per_floor":[74,74,75,75,75,52,52,43,43,43,43,47,45,72,72,80,80,76,76,58,58,58,58,80,80,80,80,70,70,70,80,80,80,80,80,44,60,56,56,68,80,80,80,80,80,80,80,80,80,80,80,80,80,80,80,80],"gold":61,"neow_bonus":"THREE_ENEMY_KILL","is_daily":false,"chose_seed":false,"campfire_upgraded":9,"win_rate":0.0,"timestamp":1610885128,"path_taken":["M","?","?","$","M","E","R","E","T","?","R","M","E","M","R","BOSS","M","$","M","?","?","R","E","?","T","E","M","?","R","$","R","BOSS","M","?","?","M","?","E","$","E","T","R","E","M","R","E","R","BOSS","BOSS","R","$","E","BOSS"],"items_purchased_type":["Relic","Card","Card","Potion","Relic","Card","Card","Card","Card","Relic","Relic","Relic","Card","Card","Card","Relic","Card","Relic","Relic"],"build_version":"2020-12-22","purchased_purges":2,"victory":true,"max_hp_per_floor":[75,75,75,75,75,75,75,75,75,75,75,80,80,80,80,80,80,80,80,80,80,80,80,80,80,80,80,80,80,80,80,80,80,80,80,80,80,80,80,80,80,80,80,80,80,80,80,80,80,80,80,80,80,80,80,80],"relic_stats":{"Happy Flower":[2],"counters":[28,135],"Self Forming Clay":[153],"Dead Branch":[492],"Bag of Preparation":[4],"Orichalcum":[36],"MawBank":228,"Question Card":11,"Boot":[17],"Burning Blood":94,"Sozu":3,"Dream Catcher":0,"Centennial Puzzle":[7],"Mummified Hand":[65],"MealTicket":22,"Kunai":[26],"obtain_stats":[{"Lantern":41,"Incense Burner":8,"Bag of Preparation":54,"Boot":45,"Burning Blood":0,"Old Coin":36,"Sozu":34,"Dream Catcher":43,"Centennial Puzzle":48,"Mummified Hand":42,"Toolbox":41,"MealTicket":27,"Kunai":13,"Runic Pyramid":17,"NeowsBlessing":0,"Happy Flower":55,"Self Forming Clay":9,"Dead Branch":19,"Omamori":24,"Orichalcum":40,"MawBank":22,"Question Card":41,"Akabeko":6,"Orrery":54,"Membership Card":4,"StrikeDummy":54},{"Lantern":20,"Incense Burner":5,"Bag of Preparation":26,"Boot":22,"Burning Blood":0,"Old Coin":18,"Sozu":16,"Dream Catcher":21,"Centennial Puzzle":24,"Mummified Hand":21,"Toolbox":20,"MealTicket":14,"Kunai":7,"Runic Pyramid":9,"NeowsBlessing":0,"Happy Flower":27,"Self Forming Clay":5,"Dead Branch":10,"Omamori":12,"Orichalcum":20,"MawBank":11,"Question Card":20,"Akabeko":4,"Orrery":26,"Membership Card":2,"StrikeDummy":26},{"Lantern":88,"Incense Burner":11,"Bag of Preparation":114,"Boot":100,"Burning Blood":0,"Old Coin":77,"Sozu":69,"Dream Catcher":93,"Centennial Puzzle":106,"Mummified Hand":93,"Toolbox":88,"MealTicket":55,"Kunai":16,"Runic Pyramid":36,"NeowsBlessing":0,"Happy Flower":129,"Self Forming Clay":11,"Dead Branch":41,"Omamori":49,"Orichalcum":88,"MawBank":45,"Question Card":88,"Akabeko":7,"Orrery":114,"Membership Card":2,"StrikeDummy":114}]},"card_choices":[{"not_picked":["Heavy Blade","Havoc"],"picked":"Twin Strike","floor":1.0},{"not_picked":["Flex","Burning Pact"],"picked":"Iron Wave","floor":3.0},{"not_picked":["Havoc","Dual Wield"],"picked":"Twin Strike","floor":5.0},{"not_picked":["Heavy Blade","Entrench"],"picked":"Carnage","floor":6.0},{"not_picked":["Rage","Blood for Blood"],"picked":"Inflame","floor":8.0},{"not_picked":["Cleave","Spot Weakness"],"picked":"Corruption","floor":12.0},{"not_picked":["Metallicize","Warcry"],"picked":"Reaper","floor":13.0},{"not_picked":["Wild Strike","Inflame","Heavy Blade"],"picked":"SKIP","floor":14.0},{"not_picked":["Bludgeon","Exhume"],"picked":"Fiend Fire","floor":16.0},{"not_picked":["Clash","Perfected Strike"],"picked":"Pummel","floor":18.0},{"not_picked":["Thunderclap","Rage","Blood for Blood"],"picked":"SKIP","floor":20.0},{"not_picked":["Havoc","Spot Weakness","Barricade"],"picked":"SKIP","floor":24.0},{"not_picked":["Sword Boomerang+1","Pummel"],"picked":"Entrench","floor":25.0},{"not_picked":["Shockwave","Combust"],"picked":"Feel No Pain+1","floor":27.0},{"not_picked":["Burning Pact+1","Sword Boomerang"],"picked":"Battle Trance+1","floor":28.0},{"not_picked":["Immolate","Reaper"],"picked":"Fiend Fire","floor":33.0},{"not_picked":["Pommel Strike","Clash"],"picked":"Seeing Red","floor":35.0},{"not_picked":["Blood for Blood","Flex","Warcry"],"picked":"SKIP","floor":38.0},{"not_picked":["Rampage","Rage","Clash"],"picked":"SKIP","floor":40.0},{"not_picked":["Headbutt","Sword Boomerang","Iron Wave","Uppercut+1"],"picked":"SKIP","floor":42.0},{"not_picked":["Thunderclap+1","Evolve+1","True Grit","Headbutt"],"picked":"SKIP","floor":45.0},{"not_picked":["Anger","Bludgeon","Iron Wave","Heavy Blade"],"picked":"SKIP","floor":46.0},{"not_picked":["Blood for Blood+1","Twin Strike","Warcry","Wild Strike"],"picked":"SKIP","floor":48.0},{"not_picked":["True Grit","Pummel","Armaments"],"picked":"Battle Trance+1","floor":54},{"not_picked":["Wild Strike","Power Through","Armaments+1"],"picked":"Shrug It Off","floor":54},{"not_picked":["Battle Trance+1","Intimidate","Entrench"],"picked":"Disarm+1","floor":55}],"player_experience":413404,"relics_obtained":[{"floor":6.0,"key":"Akabeko"},{"floor":8.0,"key":"Incense Burner"},{"floor":9.0,"key":"Self Forming Clay"},{"floor":13.0,"key":"Kunai"},{"floor":22.0,"key":"MawBank"},{"floor":24.0,"key":"Omamori"},{"floor":27.0,"key":"MealTicket"},{"floor":36.0,"key":"Old Coin"},{"floor":40.0,"key":"Orichalcum"},{"floor":42.0,"key":"Mummified Hand"},{"floor":43.0,"key":"Dream Catcher"},{"floor":45.0,"key":"Boot"},{"floor":48.0,"key":"Centennial Puzzle"},{"floor":55,"key":"Happy Flower"}],"event_choices":[{"damage_healed":0.0,"max_hp_gain":0.0,"max_hp_loss":0.0,"gold_gain":275.0,"event_name":"Golden Shrine","player_choice":"Desecrate","floor":2.0,"gold_loss":0.0,"damage_taken":0.0,"cards_obtained":["Regret"]},{"damage_healed":0.0,"max_hp_gain":0.0,"max_hp_loss":0.0,"gold_gain":0.0,"cards_transformed":["Strike_R"],"event_name":"Living Wall","player_choice":"Change","floor":10.0,"gold_loss":0.0,"damage_taken":0.0,"cards_obtained":["Entrench"]},{"damage_healed":0.0,"max_hp_gain":0.0,"max_hp_loss":0.0,"gold_gain":0.0,"cards_transformed":["Strike_R","Strike_R"],"event_name":"Drug Dealer","player_choice":"Became Test Subject","floor":21.0,"gold_loss":0.0,"damage_taken":0.0,"cards_obtained":["Spot Weakness","Disarm"]},{"damage_healed":0.0,"max_hp_gain":0.0,"max_hp_loss":0.0,"gold_gain":0.0,"event_name":"Beggar","player_choice":"Ignored","floor":29.0,"gold_loss":0.0,"damage_taken":0.0},{"damage_healed":0.0,"max_hp_gain":0.0,"max_hp_loss":0.0,"gold_gain":0.0,"event_name":"Mysterious Sphere","player_choice":"Fight","floor":36.0,"gold_loss":0.0,"damage_taken":0.0},{"damage_healed":16.0,"max_hp_gain":0.0,"max_hp_loss":0.0,"gold_gain":0.0,"event_name":"Winding Halls","player_choice":"Writhe","floor":37.0,"gold_loss":0.0,"damage_taken":0.0,"cards_obtained":["Writhe"]},{"cards_removed":["Inflame"],"damage_healed":0.0,"max_hp_gain":0.0,"max_hp_loss":0.0,"gold_gain":0.0,"event_name":"Falling","player_choice":"Removed Power","floor":39.0,"gold_loss":0.0,"damage_taken":0.0}],"is_beta":false,"boss_relics":[{"not_picked":["Ectoplasm","Pandora\u0027s Box"],"picked":"Runic Pyramid"},{"not_picked":["Fusion Hammer","Velvet Choker"],"picked":"Sozu"}],"items_purged_floors":[4,54],"is_endless":false,"potions_floor_spawned":[6,8,12,14,20,24,33,35,38,46],"ascension_level":20}}