{"host":"v54ek091sdz7ha6h","time":1610915743,"event":{"mods":["BaseMod","Better Vampires","Colored Map","Colored Powertips","Custom Start","DeckTracker","Highlight Path","KOR Keyword Fix","Minty Spire (QoL Compilation)","Rare Cards Sparkle","Relic Stats","StSLib","SuperFastMode","everything is the same but u backflip on backflip","slay the spire mod where everything is the same but ironclad has a cowboy hat"],"gold_per_floor":[118,137,62,137,62,72,72,72,123,123,123,123,155,173,173,247,247,260,290,306,9,25,25,25,58,58,86,129,129,150,170,170,249,249,265,61,79,97,97,128,128,155,205,205,205,236,261,308,308,308,308,308,308,9,46,46,46],"floor_reached":56,"language":"KOR","playtime":2209,"items_purged":["Defend_R","Heavy Blade+1","Heavy Blade+1"],"score":2033,"play_id":"679233f2-19db-482f-85c8-15eb967bbf3d","local_time":"20210118053543","is_ascension_mode":true,"campfire_choices":[{"data":"Bash","floor":8.0,"key":"SMITH"},{"data":"Dropkick","floor":12.0,"key":"SMITH"},{"data":"Second Wind","floor":15.0,"key":"SMITH"},{"data":"Burning Pact","floor":24.0,"key":"SMITH"},{"data":"Entrench","floor":29.0,"key":"SMITH"},{"data":"Warcry","floor":32.0,"key":"SMITH"},{"data":"Evolve","floor":41.0,"key":"SMITH"},{"floor":44.0,"key":"RECALL"},{"data":"Finesse","floor":49.0,"key":"SMITH"},{"data":"Power Through","floor":53.0,"key":"SMITH"}],"circlet_count":0,"master_deck":["AscendersBane","Defend_R","Defend_R","Defend_R","Dropkick+1","Thunderclap","Shockwave","Second Wind+1","Immolate","Burning Pact+1","Power Through+1","Body Slam+1","Evolve+1","Entrench+1","Warcry+1","Purity","Finesse+1","Reckless Charge","Static Discharge"],"relics":["Burning Blood","NeowsBlessing","Orichalcum","Meat on the Bone","Astrolabe","Red Mask","Membership Card","Lantern","CeramicFish","Juzu Bracelet","Runic Dome","HornCleat","Vajra","Bronze Scales","Smiling Mask","Unceasing Top","Pocketwatch","Bird Faced Urn","Anchor","Bag of Marbles","PrismaticShard","Red Skull"],"acts_visited":["Exordium","TheCity","TheBeyond","TheEnding"],"potions_floor_usage":[56],"damage_taken":[{"damage":0.0,"enemies":"2 Louse","floor":1.0,"turns":2.0},{"damage":0.0,"enemies":"Jaw Worm","floor":2.0,"turns":1.0},{"damage":0.0,"enemies":"Small Slimes","floor":6.0,"turns":1.0},{"damage":0.0,"enemies":"3 Sentries","floor":10.0,"turns":1.0},{"damage":16.0,"enemies":"Gremlin Nob","floor":13.0,"turns":4.0},{"damage":3.0,"enemies":"Looter","floor":14.0,"turns":3.0},{"damage":61.0,"enemies":"Slime Boss","floor":16.0,"turns":13.0},{"damage":21.0,"enemies":"2 Thieves","floor":18.0,"turns":3.0},{"damage":40.0,"enemies":"Masked Bandits","floor":19.0,"turns":4.0},{"damage":0.0,"enemies":"Chosen","floor":20.0,"turns":5.0},{"damage":38.0,"enemies":"Centurion and Healer","floor":22.0,"turns":12.0},{"damage":47.0,"enemies":"Gremlin Leader","floor":25.0,"turns":7.0},{"damage":29.0,"enemies":"Shelled Parasite and Fungi","floor":27.0,"turns":8.0},{"damage":25.0,"enemies":"Slavers","floor":28.0,"turns":4.0},{"damage":6.0,"enemies":"Cultist and Chosen","floor":30.0,"turns":7.0},{"damage":4.0,"enemies":"Snake Plant","floor":31.0,"turns":5.0},{"damage":25.0,"enemies":"Collector","floor":33.0,"turns":9.0},{"damage":10.0,"enemies":"3 Shapes","floor":35.0,"turns":3.0},{"damage":5.0,"enemies":"3 Darklings","floor":37.0,"turns":5.0},{"damage":26.0,"enemies":"Reptomancer","floor":40.0,"turns":5.0},{"damage":12.0,"enemies":"Giant Head","floor":42.0,"turns":7.0},{"damage":8.0,"enemies":"Reptomancer","floor":46.0,"turns":5.0},{"damage":0.0,"enemies":"Mind Bloom Boss Battle","floor":47.0,"turns":5.0},{"damage":0.0,"enemies":"2 Orb Walkers","floor":48.0,"turns":3.0},{"damage":8.0,"enemies":"Awakened One","floor":50.0,"turns":7.0},{"damage":64.0,"enemies":"Time Eater","floor":51.0,"turns":13.0},{"damage":28.0,"enemies":"Shield and Spear","floor":55.0,"turns":6.0},{"damage":58,"enemies":"The Heart","floor":56,"turns":5}],"seed_played":"6925416595659170108","potions_obtained":[{"floor":1.0,"key":"GamblersBrew"},{"floor":6.0,"key":"SmokeBomb"},{"floor":14.0,"key":"Weak Potion"},{"floor":18.0,"key":"Fire Potion"},{"floor":20.0,"key":"SpeedPotion"},{"floor":25.0,"key":"PowerPotion"},{"floor":28.0,"key":"PowerPotion"},{"floor":30.0,"key":"PowerPotion"},{"floor":35.0,"key":"Explosive Potion"},{"floor":37.0,"key":"Energy Potion"},{"floor":47.0,"key":"AttackPotion"}],"is_trial":false,"path_per_floor":["M","M","?","?","$","M","$","R","T","E","?","R","E","M","R","B",null,"M","?","M","$","M","?","R","E","T","M","E","R","M","M","R","B",null,"M","$","M","?","?","E","R","E","T","R","?","E","?","?","R","B","B",null,"R","$","E","B"],"character_chosen":"IRONCLAD","items_purchased":["Membership Card","Lantern","HornCleat","Anchor","Bag of Marbles","PrismaticShard","Reckless Charge","PowerPotion"],"campfire_rested":0,"item_purchase_floors":[21,21,36,54,54,54,54,54],"current_hp_per_floor":[74,75,75,64,64,70,70,70,70,75,75,75,65,68,68,25,63,48,26,44,44,24,75,75,46,46,35,28,28,40,54,54,47,68,64,64,65,55,55,47,47,53,53,53,53,51,57,63,63,63,19,58,58,58,50,0,0],"gold":46,"neow_bonus":"THREE_ENEMY_KILL","is_daily":false,"chose_seed":false,"campfire_upgraded":9,"win_rate":0.0,"timestamp":1610915743,"path_taken":["M","M","?","?","?","?","$","R","T","E","?","R","E","M","R","BOSS","M","?","M","$","M","?","R","E","T","?","E","R","M","M","R","BOSS","M","$","M","?","?","E","R","E","T","R","?","E","?","?","R","BOSS","BOSS","R","$","E","BOSS"],"items_purchased_type":["Relic","Relic","Relic","Relic","Relic","Relic","Card","Potion"],"build_version":"2020-12-22","purchased_purges":3,"victory":false,"max_hp_per_floor":[75,75,75,75,75,75,75,75,75,75,75,75,75,75,75,75,75,75,75,75,75,75,75,75,75,75,75,75,75,75,75,75,75,75,75,75,75,75,71,71,71,71,71,71,71,71,71,71,71,71,71,71,71,71,71,71,71],"relic_stats":{"counters":[28,153],"Astrolabe":["Rampage","Heavy Blade","Heavy Blade"],"CeramicFish":63,"Juzu Bracelet":1,"Orichalcum":[192],"Smiling Mask":0,"Burning Blood":156,"Bronze Scales":[243],"Bird Faced Urn":[12],"obtain_stats":[{"Lantern":21,"NeowsBlessing":0,"Astrolabe":17,"CeramicFish":25,"Vajra":40,"Juzu Bracelet":28,"Orichalcum":9,"Smiling Mask":43,"PrismaticShard":54,"Burning Blood":0,"Runic Dome":34,"Anchor":54,"HornCleat":36,"Bronze Scales":42,"Bird Faced Urn":48,"Red Mask":19,"Bag of Marbles":54,"Membership Card":21,"Unceasing Top":46,"Red Skull":55,"Meat on the Bone":13,"Pocketwatch":47},{"Lantern":10,"NeowsBlessing":0,"Astrolabe":7,"CeramicFish":12,"Vajra":20,"Juzu Bracelet":14,"Orichalcum":3,"Smiling Mask":21,"PrismaticShard":26,"Burning Blood":0,"Runic Dome":17,"Anchor":26,"HornCleat":18,"Bronze Scales":21,"Bird Faced Urn":24,"Red Mask":9,"Bag of Marbles":26,"Membership Card":10,"Unceasing Top":22,"Red Skull":27,"Meat on the Bone":5,"Pocketwatch":23},{"Lantern":37,"NeowsBlessing":0,"Astrolabe":25,"CeramicFish":56,"Vajra":102,"Juzu Bracelet":68,"Orichalcum":4,"Smiling Mask":109,"PrismaticShard":142,"Burning Blood":0,"Runic Dome":89,"Anchor":142,"HornCleat":92,"Bronze Scales":109,"Bird Faced Urn":122,"Red Mask":32,"Bag of Marbles":142,"Membership Card":37,"Unceasing Top":114,"Red Skull":148,"Meat on the Bone":9,"Pocketwatch":119}],"Unceasing Top":[3],"Meat on the Bone":168,"Pocketwatch":[15]},"card_choices":[{"not_picked":["Shrug It Off","Shockwave"],"picked":"Dropkick","floor":1.0},{"not_picked":["Sword Boomerang","Clothesline","Sentinel"],"picked":"SKIP","floor":2.0},{"not_picked":["True Grit","Infernal Blade"],"picked":"Thunderclap","floor":6.0},{"not_picked":["Pommel Strike","Exhume"],"picked":"Second Wind","floor":13.0},{"not_picked":["Twin Strike","Infernal Blade","Perfected Strike"],"picked":"SKIP","floor":14.0},{"not_picked":["Impervious","Exhume"],"picked":"Immolate","floor":16.0},{"not_picked":["Wild Strike","Headbutt"],"picked":"Burning Pact","floor":18.0},{"not_picked":["Clash","Warcry"],"picked":"Power Through","floor":19.0},{"not_picked":["Shrug It Off","Blood for Blood","Spot Weakness"],"picked":"SKIP","floor":20.0},{"not_picked":["Combust","Wild Strike+1"],"picked":"Body Slam+1","floor":22.0},{"not_picked":["Armaments+1","Warcry","Twin Strike"],"picked":"SKIP","floor":25.0},{"not_picked":["Sword Boomerang","Clash"],"picked":"Evolve","floor":27.0},{"not_picked":["Metallicize","Impervious"],"picked":"Entrench","floor":28.0},{"not_picked":["Second Wind","Cleave"],"picked":"Warcry","floor":30.0},{"not_picked":["Warcry","Cleave","Headbutt"],"picked":"SKIP","floor":31.0},{"not_picked":["Iron Wave","Armaments","Pummel"],"picked":"SKIP","floor":35.0},{"not_picked":["Perfected Strike","Sword Boomerang","Twin Strike+1"],"picked":"SKIP","floor":37.0},{"not_picked":["Impatience","Good Instincts"],"picked":"Purity","floor":38.0},{"not_picked":["Dramatic Entrance","Forethought"],"picked":"Finesse","floor":38.0},{"not_picked":["Heavy Blade","Clothesline","True Grit"],"picked":"SKIP","floor":40.0},{"not_picked":["Second Wind+1","Clothesline","Flex"],"picked":"SKIP","floor":42.0},{"not_picked":["Spot Weakness+1","Body Slam","Wild Strike"],"picked":"SKIP","floor":46.0},{"not_picked":["ClearTheMind+1","CutThroughFate"],"picked":"Static Discharge","floor":55.0}],"player_experience":1453937,"relics_obtained":[{"floor":9.0,"key":"Orichalcum"},{"floor":13.0,"key":"Meat on the Bone"},{"floor":19.0,"key":"Red Mask"},{"floor":25.0,"key":"CeramicFish"},{"floor":28.0,"key":"Juzu Bracelet"},{"floor":40.0,"key":"Vajra"},{"floor":42.0,"key":"Bronze Scales"},{"floor":43.0,"key":"Smiling Mask"},{"floor":46.0,"key":"Unceasing Top"},{"floor":47.0,"key":"Pocketwatch"},{"floor":48.0,"key":"Bird Faced Urn"},{"floor":55.0,"key":"Red Skull"}],"event_choices":[{"cards_removed":["Strike_R"],"damage_healed":0.0,"max_hp_gain":0.0,"max_hp_loss":0.0,"gold_gain":0.0,"event_name":"The Cleric","player_choice":"Card Removal","floor":3.0,"gold_loss":75.0,"damage_taken":0.0},{"damage_healed":0.0,"max_hp_gain":0.0,"max_hp_loss":0.0,"gold_gain":75.0,"event_name":"World of Goop","player_choice":"Gather Gold","floor":4.0,"gold_loss":0.0,"damage_taken":11.0},{"damage_healed":0.0,"max_hp_gain":0.0,"max_hp_loss":0.0,"gold_gain":0.0,"cards_transformed":["Strike_R"],"event_name":"Living Wall","player_choice":"Change","floor":11.0,"gold_loss":0.0,"damage_taken":0.0,"cards_obtained":["Shockwave"]},{"damage_healed":0.0,"max_hp_gain":0.0,"max_hp_loss":0.0,"gold_gain":0.0,"event_name":"Masked Bandits","player_choice":"Fought Bandits","floor":19.0,"gold_loss":0.0,"damage_taken":0.0},{"cards_removed":["Rampage"],"damage_healed":51.0,"max_hp_gain":0.0,"max_hp_loss":0.0,"gold_gain":0.0,"event_name":"Bonfire Elementals","player_choice":"Offered Uncommon","floor":23.0,"gold_loss":0.0,"damage_taken":0.0},{"damage_healed":0.0,"max_hp_gain":0.0,"max_hp_loss":0.0,"gold_gain":0.0,"event_name":"SensoryStone","player_choice":"Memory 3","floor":38.0,"gold_loss":0.0,"damage_taken":10.0},{"damage_healed":0.0,"max_hp_gain":0.0,"max_hp_loss":4.0,"gold_gain":0.0,"event_name":"Winding Halls","player_choice":"Max HP","floor":39.0,"gold_loss":0.0,"damage_taken":0.0},{"cards_removed":["Bash"],"damage_healed":0.0,"max_hp_gain":0.0,"max_hp_loss":0.0,"gold_gain":0.0,"event_name":"Falling","player_choice":"Removed Attack","floor":45.0,"gold_loss":0.0,"damage_taken":0.0},{"damage_healed":0.0,"max_hp_gain":0.0,"max_hp_loss":0.0,"gold_gain":0.0,"event_name":"MindBloom","player_choice":"Fight","floor":47.0,"gold_loss":0.0,"damage_taken":0.0},{"damage_healed":0.0,"max_hp_gain":0.0,"max_hp_loss":0.0,"gold_gain":0.0,"event_name":"Mysterious Sphere","player_choice":"Fight","floor":48.0,"gold_loss":0.0,"damage_taken":0.0}],"is_beta":false,"boss_relics":[{"not_picked":["SlaversCollar","Ectoplasm"],"picked":"Astrolabe"},{"not_picked":["Calling Bell","Philosopher\u0027s Stone"],"picked":"Runic Dome"}],"items_purged_floors":[5,21,36],"is_endless":false,"potions_floor_spawned":[1,6,10,14,18,20,25,28,30,35,37,47],"killed_by":"The Heart","ascension_level":20}}