{"host":"x5q8uzeox1qwonhv","time":1610889813,"event":{"mods":["ATMod(阿瑾Mod)","Act Like it!","BaseMod","Better Skull","Better Third Choice","Decade(王小明)","Hallownest","Luminous","Minty Spire (QoL Compilation)","Quick Restart","Spicy Shops","StSLib","The Alterego","The IronCluck","The Marked","【遗物卡牌】REMEMod"],"gold_per_floor":[111,36,48,148,2726,2751,2751,2763,2763,2763,2763,2773,2773,2773,2773,2869,2869,2879,2458,2473,2492,2509,2509,2536,2536,2614,2614,2614,2614,2632,2648,2648,2748,2748,2762,2762,2812,2828,1976,2001,2001,1487,1487,1506,1506,1524,1549,1559,1559,1589,1589],"floor_reached":50,"language":"ZHS","playtime":4663,"items_purged":["Strike_G","Defend_G","AT_KneejerkReflex","Defend_G","Escape Plan","Slice+1"],"score":629,"play_id":"fdadb856-ad5b-4143-a719-663bdb7c7b22","local_time":"20210117212333","is_ascension_mode":true,"campfire_choices":[{"data":"AT_TwilightShroud","floor":7.0,"key":"SMITH"},{"floor":10.0,"key":"REST"},{"data":"Envenom","floor":13.0,"key":"SMITH"},{"data":"Prepared","floor":15.0,"key":"SMITH"},{"data":"Noxious Fumes","floor":23.0,"key":"SMITH"},{"data":"Noxious Fumes","floor":27.0,"key":"SMITH"},{"data":"Well Laid Plans","floor":29.0,"key":"SMITH"},{"data":"Choke","floor":32.0,"key":"SMITH"},{"data":"REME_ShadowForm","floor":41,"key":"SMITH"},{"floor":49,"key":"REST"}],"circlet_count":0,"master_deck":["Strike_G","Strike_G","Strike_G","Defend_G+1","Defend_G+1","Defend_G","Survivor","Neutralize+1","AT_TwilightShroud+1","Envenom+1","Prepared+1","Well Laid Plans+1","Cloak And Dagger","REME_BattleFury","REME_GreenPollution","Prepared","Infinite Blades","REME_GreenPollution","Choke+1","Bullet Time","Noxious Fumes+1","Noxious Fumes+1","REME_ShadowForm+1","Concentrate+1","Deadly Poison+1","REME_GreenPollution","REME_TwoStrings","Backflip","AT_Desolate","Tools of the Trade","Catalyst"],"relics":["Ring of the Snake","AT_ATBox","REME_ComplimentaryCards","REME_HourglassOfDeath","AT_ForceNature","HoveringKite","REME_PuzzleBoxRelic","Whetstone","Dream Catcher","alterego_mod:SomeoneToFightFor","Eternal Feather","REME_DuelDisc","Du-Vu Doll","AT_BladeRuinedKing","Sling","Art of War","The Courier","AT_SpeedBoots","MealTicket","Cauldron","War Paint","Snake Skull"],"acts_visited":["Exordium","TheCity","TheBeyond"],"potions_floor_usage":[50,50,50,50],"damage_taken":[{"damage":0.0,"enemies":"2 Louse","floor":1.0,"turns":5.0},{"damage":13.0,"enemies":"Cultist","floor":3.0,"turns":6.0},{"damage":24.0,"enemies":"Lagavulin","floor":6.0,"turns":9.0},{"damage":5.0,"enemies":"Small Slimes","floor":8.0,"turns":6.0},{"damage":0.0,"enemies":"Exordium Wildlife","floor":11.0,"turns":1.0},{"damage":0.0,"enemies":"Large Slime","floor":12.0,"turns":6.0},{"damage":20.0,"enemies":"The Guardian","floor":16.0,"turns":8.0},{"damage":15.0,"enemies":"3 Byrds","floor":18.0,"turns":4.0},{"damage":3.0,"enemies":"Chosen","floor":20.0,"turns":3.0},{"damage":0.0,"enemies":"Centurion and Healer","floor":21.0,"turns":6.0},{"damage":29.0,"enemies":"Snecko","floor":22.0,"turns":4.0},{"damage":15.0,"enemies":"Gremlin Leader","floor":24.0,"turns":6.0},{"damage":7.0,"enemies":"Snake Plant","floor":30.0,"turns":5.0},{"damage":0.0,"enemies":"Centurion and Healer","floor":31.0,"turns":5.0},{"damage":15.0,"enemies":"Champ","floor":33.0,"turns":8.0},{"damage":16.0,"enemies":"3 Shapes","floor":35.0,"turns":4.0},{"damage":0,"enemies":"Mind Bloom Boss Battle","floor":37,"turns":8},{"damage":0,"enemies":"Orb Walker","floor":38,"turns":5},{"damage":1,"enemies":"Giant Head","floor":40,"turns":8},{"damage":0,"enemies":"Maw","floor":44,"turns":3},{"damage":28,"enemies":"3 Darklings","floor":46,"turns":4},{"damage":44,"enemies":"Nemesis","floor":47,"turns":5},{"damage":0,"enemies":"Transient","floor":48,"turns":5},{"damage":85,"enemies":"Awakened One","floor":50,"turns":2}],"seed_played":"-9011822149146378322","potions_obtained":[{"floor":3.0,"key":"SmokeBomb"},{"floor":12.0,"key":"SneckoOil"},{"floor":20.0,"key":"Strength Potion"},{"floor":21.0,"key":"Regen Potion"},{"floor":24.0,"key":"BlessingOfTheForge"},{"floor":35.0,"key":"Weak Potion"},{"floor":38,"key":"Ancient Potion"},{"floor":42,"key":"FairyPotion"},{"floor":42,"key":"EntropicBrew"},{"floor":47,"key":"CultistPotion"}],"is_trial":false,"path_per_floor":["M","$","M","?","$","E","R","M","T","R","M","M","R","?","R","B",null,"M","$","M","M","M","R","E","?","T","R","?","R","M","M","R","B",null,"M","?","?","M","$","E","R","$","T","M","?","M","E","M","R","B"],"character_chosen":"THE_SILENT","items_purchased":["REME_BattleFury","REME_GreenPollution","Prepared","REME_PuzzleBoxRelic","Whetstone","AT_BladeRuinedKing","Sling","Art of War","REME_TwoStrings","Backflip","AT_SpeedBoots","MealTicket","Cauldron"],"campfire_rested":2,"item_purchase_floors":[5,5,5,19,19,39,39,39,39,39,42,42,42],"current_hp_per_floor":[70,70,57,57,57,33,33,28,28,49,49,49,49,49,49,29,70,55,55,52,52,35,35,20,20,20,35,35,50,50,50,65,50,70,54,54,70,70,70,70,70,70,70,70,66,59,15,15,52,0,0],"gold":1589,"neow_bonus":"THREE_CARDS","is_daily":false,"chose_seed":false,"campfire_upgraded":8,"win_rate":0.0,"timestamp":1610889813,"path_taken":["M","$","M","?","$","E","R","M","T","R","?","?","R","?","R","BOSS","M","$","M","M","M","R","E","?","T","R","?","R","M","M","R","BOSS","M","?","?","M","$","E","R","$","T","M","?","M","E","M","R","BOSS"],"items_purchased_type":["Card","Card","Card","Relic","Relic","Relic","Relic","Relic","Card","Card","Relic","Relic","Relic"],"build_version":"2020-12-22","purchased_purges":6,"victory":false,"max_hp_per_floor":[70,70,70,70,70,70,70,70,70,70,70,70,70,70,70,70,70,70,70,70,70,70,70,70,70,70,70,70,70,70,70,70,70,70,70,70,70,70,70,70,70,70,70,70,66,66,66,66,66,66,66],"card_choices":[{"not_picked":["Backstab","Riddle With Holes"],"picked":"Prepared","floor":0.0},{"not_picked":["AT_WindFlip","Well Laid Plans","Flying Knee"],"picked":"SKIP","floor":1.0},{"not_picked":["AT_WindFlip","Flying Knee"],"picked":"Well Laid Plans","floor":1.0},{"not_picked":["Sucker Punch","PiercingWail"],"picked":"Cloak And Dagger","floor":3.0},{"not_picked":["Finisher","Grand Finale","Underhanded Strike"],"picked":"SKIP","floor":6.0},{"not_picked":["Leg Sweep","Blur","Dagger Throw"],"picked":"SKIP","floor":8.0},{"not_picked":["Backstab","Catalyst"],"picked":"Infinite Blades","floor":12.0},{"not_picked":["Burst","AT_MyraUnstableElement"],"picked":"Bullet Time","floor":16.0},{"not_picked":["Deflect","All Out Attack","Blade Dance"],"picked":"SKIP","floor":18.0},{"not_picked":["Finisher+1","Dagger Throw+1","Underhanded Strike"],"picked":"SKIP","floor":20.0},{"not_picked":["Blade Dance","Underhanded Strike"],"picked":"Noxious Fumes","floor":21.0},{"not_picked":["Prepared","Catalyst+1"],"picked":"Noxious Fumes","floor":22.0},{"not_picked":["Flying Knee+1","Dash","Storm of Steel"],"picked":"SKIP","floor":24.0},{"not_picked":["Backflip","Caltrops+1","Dagger Spray+1"],"picked":"SKIP","floor":30.0},{"not_picked":["Finisher","Acrobatics","Outmaneuver"],"picked":"SKIP","floor":31.0},{"not_picked":["Malaise","Tools of the Trade"],"picked":"REME_ShadowForm","floor":33.0},{"not_picked":["Prepared+1","Well Laid Plans"],"picked":"Concentrate+1","floor":35.0},{"not_picked":["PiercingWail","Underhanded Strike+1"],"picked":"Deadly Poison+1","floor":37},{"not_picked":["Expertise","REME_ShadowStrike+1"],"picked":"REME_GreenPollution","floor":38},{"not_picked":["REME_CopyPotion","Prepared","Caltrops+1"],"picked":"SKIP","floor":40},{"not_picked":["Slice+1","AT_TinkerSharpsword+1"],"picked":"AT_Desolate","floor":44},{"not_picked":["Dagger Spray","Crippling Poison","Dodge and Roll+1"],"picked":"SKIP","floor":46},{"not_picked":["AT_TwilightShroud","Expertise+1","Cloak And Dagger"],"picked":"SKIP","floor":47},{"not_picked":["Flying Knee","Prepared+1"],"picked":"Tools of the Trade","floor":48},{"not_picked":["Flying Knee+1","Skewer+1"],"picked":"Catalyst","floor":49}],"player_experience":233448,"relics_obtained":[{"floor":6.0,"key":"REME_HourglassOfDeath"},{"floor":9.0,"key":"AT_ForceNature"},{"floor":24.0,"key":"Dream Catcher"},{"floor":26.0,"key":"Eternal Feather"},{"floor":37,"key":"Du-Vu Doll"},{"floor":40,"key":"The Courier"},{"floor":43,"key":"War Paint"},{"floor":47,"key":"Snake Skull"}],"event_choices":[{"damage_healed":0.0,"max_hp_gain":0.0,"max_hp_loss":0.0,"gold_gain":100.0,"event_name":"Wheel of Change","player_choice":"Gold","floor":4.0,"gold_loss":0.0,"damage_taken":0.0},{"damage_healed":0.0,"max_hp_gain":0.0,"max_hp_loss":0.0,"gold_gain":0.0,"event_name":"爱的神圣花园","player_choice":"Choice 2","floor":25.0,"gold_loss":0.0,"damage_taken":0.0,"relics_obtained":["alterego_mod:SomeoneToFightFor"]},{"damage_healed":0.0,"max_hp_gain":0.0,"max_hp_loss":0.0,"gold_gain":0.0,"event_name":"The Woman in Blue","player_choice":"Bought 0 Potions","floor":28.0,"gold_loss":0.0,"damage_taken":0.0},{"cards_removed":["Strike_G"],"damage_healed":0.0,"max_hp_gain":0.0,"max_hp_loss":0.0,"gold_gain":0.0,"event_name":"Falling","player_choice":"Removed Attack","floor":36.0,"gold_loss":0.0,"damage_taken":0.0},{"damage_healed":0,"gold_gain":0,"player_choice":"Fight","damage_taken":0,"max_hp_gain":0,"max_hp_loss":0,"event_name":"MindBloom","floor":37,"gold_loss":0},{"damage_healed":0,"gold_gain":0,"player_choice":"Max HP","damage_taken":0,"max_hp_gain":0,"max_hp_loss":4,"event_name":"Winding Halls","floor":45,"gold_loss":0}],"is_beta":false,"boss_relics":[{"not_picked":["REME_ChargedStone","Runic Pyramid"],"picked":"HoveringKite"},{"not_picked":["Empty Cage","REME_LowDesire"],"picked":"REME_DuelDisc"}],"items_purged_floors":[2,5,19,39,39,42],"is_endless":false,"potions_floor_spawned":[3,12,20,21,24,35,38,46,47],"killed_by":"Awakened One","ascension_level":3}}