{"host":"siro","time":1610888536,"event":{"mods":["Act Like it!","BaseMod","Colored Powertips","Defuse TimeMaze Blight","Gensokyo","Hallownest","Marisa£¨ìFÓê¡¡Ä§ÀíÉ³£©","Minty Spire (QoL Compilation)","Replay The Spire","RumiaBox-Â¶Ã×æ«µÄÉñÃØºÐ×Ó","StSLib","The Bug Knight","The Cursed","The Hierophant","The Senshi","Youmu£¨»êÆÇÑýÃÎ£©","[IsaacMod]ÒÔÈö¼âËþ","¡¾ÒÅÎï¿¨ÅÆ¡¿REMEMod"],"gold_per_floor":[113,123,23,23,117,133,159,159,159,159,176,176,194,214,214,317,317,337,297,315,193,210,210,226,226,226,262,262,262],"floor_reached":28,"language":"ZHS","playtime":1067,"items_purged":[],"score":365,"play_id":"41223e15-3b9a-4ece-a308-c8bb35568da9","local_time":"20210117210216","daily_mods":["Heirloom","Time Dilation"],"is_ascension_mode":false,"campfire_choices":[{"data":"theSenshi:SailorPlutoAssists","floor":8,"key":"SMITH"},{"data":"theSenshi:MoonCrisisMakeUp","floor":10,"key":"SMITH"},{"data":"theSenshi:GlimpseOfThePast","floor":15,"key":"SMITH"},{"data":"theSenshi:TallSilhouette","floor":23,"key":"SMITH"}],"circlet_count":0,"master_deck":["theSenshi:SailorKick","theSenshi:SailorKick","theSenshi:SailorKick","theSenshi:SailorKick","theSenshi:SailorBlock","theSenshi:SailorBlock","theSenshi:SailorBlock","theSenshi:RoseThrow","theSenshi:MoonPrismPowerMakeUp","Reprogram+1","theSenshi:SailorPlutoAssists+1","theSenshi:LunasBite","theSenshi:MoonPunch","theSenshi:TallSilhouette","theSenshi:MoonCrisisMakeUp+1","theSenshi:Sidestep","theSenshi:KlutzyLuck","theSenshi:GlimpseOfThePast+1","theSenshi:SailorStarHealerAssists","theSenshi:TallSilhouette+1","theSenshi:TuxedoSmokingBomber","Gensokyo:BlemishedSteel","theSenshi:SailorMercuryAssists+1"],"relics":["theSenshi:TransformationBroochRelic","HushsDoor","REME_ComplimentaryCards","MoneyPower","Onion Ring","Blue Candle","BranchBurnRelic","SteamSale","Gensokyo:YoukaiFlower","MagicMushroom","DeadEye","Orichalcum","CeramicFish"],"acts_visited":["Exordium","Gensokyo:Gensokyo"],"potions_floor_usage":[16,27],"damage_taken":[{"damage":3,"enemies":"Gensokyo:2_Kodama","floor":1,"turns":3},{"damage":3,"enemies":"Gensokyo:3_Fairies","floor":2,"turns":3},{"damage":7,"enemies":"Gensokyo:Gryphon","floor":6,"turns":2},{"damage":22,"enemies":"Gensokyo:Mamizou","floor":7,"turns":7},{"damage":0,"enemies":"Gensokyo:VengefulSpirit","floor":11,"turns":3},{"damage":10,"enemies":"Gensokyo:Gryphon_and_Rabbit","floor":13,"turns":3},{"damage":0,"enemies":"Gensokyo:Kitsune","floor":14,"turns":2},{"damage":41,"enemies":"Gensokyo:Kokoro","floor":16,"turns":6},{"damage":0,"enemies":"Gensokyo:AngelMirror","floor":18,"turns":4},{"damage":0,"enemies":"Gensokyo:2_Gloops","floor":20,"turns":4},{"damage":33,"enemies":"Gensokyo:Monolith_and_Dog","floor":22,"turns":5},{"damage":26,"enemies":"Gensokyo:Chomper_and_Gloop","floor":24,"turns":7},{"damage":19,"enemies":"Gensokyo:Koishi","floor":27,"turns":7},{"damage":58,"enemies":"Gensokyo:3_Gloops","floor":28,"turns":4}],"seed_played":"-1999365415742694944","potions_obtained":[{"floor":2,"key":"FairyPotion"},{"floor":6,"key":"Elixir"},{"floor":13,"key":"Elixir"},{"floor":16,"key":"EntropicBrew"},{"floor":18,"key":"Strength Potion"},{"floor":20,"key":"Energy Potion"},{"floor":27,"key":"REME_GoldPotion"}],"is_trial":true,"path_per_floor":["M","M","?","?","?","M","E","R","T","R","M","?","M","M","R","B",null,"M","?","M","COS","M","R","M","?","T","E","M"],"character_chosen":"THE_SENSHI","items_purchased":[],"campfire_rested":0,"item_purchase_floors":[],"current_hp_per_floor":[72,69,69,69,54,47,25,25,25,25,34,34,24,24,24,22,82,82,82,82,82,54,54,54,54,54,41,0,0],"gold":262,"neow_bonus":"","is_daily":false,"chose_seed":false,"campfire_upgraded":4,"win_rate":0.0,"timestamp":1610888536,"path_taken":["M","M","?","?","?","M","E","R","T","R","?","?","M","M","R","BOSS","M","?","?","COS","M","R","M","?","T","E","M"],"items_purchased_type":[],"build_version":"2020-12-18","purchased_purges":0,"victory":false,"max_hp_per_floor":[75,75,75,75,75,75,75,75,75,75,75,75,75,75,75,75,82,82,82,82,82,82,82,82,82,82,82,82,82],"card_choices":[{"not_picked":["theSenshi:SailorMercuryAssists","theSenshi:KlutzyLuck"],"picked":"theSenshi:SailorUranusAssists","floor":1},{"not_picked":["theSenshi:MoonPower","theSenshi:SchoolBag"],"picked":"theSenshi:SailorPlutoAssists","floor":2},{"not_picked":["theSenshi:LateForSchool","theSenshi:MoonTiaraMagic"],"picked":"theSenshi:LunasBite","floor":4},{"not_picked":["theSenshi:SailorUranusAssists","theSenshi:MoonCosmicPowerMakeUp"],"picked":"theSenshi:MoonPunch","floor":4},{"not_picked":["theSenshi:MoonTiaraMagic","theSenshi:MoonPrincessHalation"],"picked":"theSenshi:TallSilhouette","floor":6},{"not_picked":["theSenshi:SailorMercuryAssists","theSenshi:PlutosSolemnity"],"picked":"theSenshi:MoonCrisisMakeUp","floor":7},{"not_picked":["theSenshi:SailorPlanetAttack","theSenshi:DramaticEntrance"],"picked":"theSenshi:Sidestep","floor":11},{"not_picked":["theSenshi:TallSilhouette","theSenshi:LunasBite"],"picked":"theSenshi:KlutzyLuck","floor":13},{"not_picked":["theSenshi:EncouragingSpeech","theSenshi:SailorMarsAssists"],"picked":"theSenshi:GlimpseOfThePast","floor":14},{"not_picked":["theSenshi:FatedKiss","theSenshi:SilverMoonCrystalPowerKiss"],"picked":"theSenshi:SailorStarHealerAssists","floor":16},{"not_picked":["theSenshi:MoonPunch","theSenshi:LunaWiseMentor"],"picked":"theSenshi:TallSilhouette","floor":18},{"not_picked":["theSenshi:MoonCosmicPowerMakeUp","theSenshi:SupersonicWaves"],"picked":"theSenshi:TuxedoSmokingBomber","floor":20},{"not_picked":["theSenshi:Sidestep","theSenshi:MoonSpiralHeartAttack","theSenshi:EncouragingSpeech"],"picked":"SKIP","floor":22},{"not_picked":["theSenshi:Sidestep","theSenshi:SailorStarHealerAssists","theSenshi:TuxedoSmokingBomber+1"],"picked":"SKIP","floor":24},{"not_picked":["theSenshi:SailorV","theSenshi:SupersonicWaves"],"picked":"theSenshi:SailorMercuryAssists+1","floor":27}],"player_experience":193593,"relics_obtained":[{"floor":7,"key":"Blue Candle"},{"floor":9,"key":"SteamSale"},{"floor":26,"key":"DeadEye"},{"floor":27,"key":"CeramicFish"}],"event_choices":[],"is_beta":true,"boss_relics":[{"not_picked":["Replay:Ancient Bell","Astrolabe"],"picked":"MagicMushroom"},{"not_picked":[]}],"items_purged_floors":[],"is_endless":true,"potions_floor_spawned":[2,6,13,16,18,20,27],"killed_by":"Gensokyo:3_Gloops","ascension_level":0}}