{"host":"p1xsuo25udtrkbq2","time":1610870917,"event":{"mods":["BaseMod","Colored Map","Highlight Path","Minty Spire (QoL Compilation)","Rare Cards Sparkle","Relic Stats","Slay the Relics Exporter","StSLib","everything is the same but u backflip on backflip"],"gold_per_floor":[116,116,126,138,148,179,76,76,103,121,121,148,20,20,20,118,118,118,118,118,118,118,118,118,118,118,118,118,118,118,118,118,118,118,118,118,0,0,0,0,0,0,0,0,0,0,0,0,0,0,0],"floor_reached":50,"language":"ENG","playtime":6654,"items_purged":["Strike_G"],"score":901,"play_id":"becb44af-5504-4918-bb81-8be1d708a506","local_time":"20210117030837","is_ascension_mode":true,"campfire_choices":[{"floor":8.0,"key":"REST"},{"data":"A Thousand Cuts","floor":11.0,"key":"SMITH"},{"floor":15.0,"key":"REST"},{"data":"Wraith Form v2","floor":23.0,"key":"SMITH"},{"floor":25.0,"key":"REST"},{"floor":27.0,"key":"DIG"},{"floor":32.0,"key":"REST"},{"floor":41.0,"key":"REST"},{"data":"Well Laid Plans","floor":45,"key":"SMITH"},{"floor":47,"key":"DIG"},{"floor":49,"key":"REST"}],"circlet_count":0,"master_deck":["AscendersBane","Strike_G","Strike_G","Defend_G","Defend_G","Defend_G","Defend_G","Defend_G","Survivor","Neutralize","Blur","A Thousand Cuts+1","Crippling Poison","Cloak And Dagger+1","Terror","Quick Slash","Blade Dance","Footwork+1","Deflect","Blade Dance","Heel Hook","Cloak And Dagger","Wraith Form v2+1","Backstab","Calculated Gamble","Deflect+1","Well Laid Plans+1","Sucker Punch","Backflip","PiercingWail","Poisoned Stab+1","Bullet Time","PiercingWail+1","Accuracy","Flechettes+1","Cloak And Dagger+1","Slice","Finisher+1"],"relics":["Ring of the Snake","Tiny Chest","Oddly Smooth Stone","Anchor","Ectoplasm","Shovel","Letter Opener","Centennial Puzzle","Lantern","SacredBark","Bottled Tornado","Red Mask","Ancient Tea Set","Bottled Flame","Ninja Scroll","Mango","Bottled Lightning"],"acts_visited":["Exordium","TheCity","TheBeyond"],"potions_floor_usage":[48,50,50],"damage_taken":[{"damage":0.0,"enemies":"Small Slimes","floor":1.0,"turns":4.0},{"damage":7.0,"enemies":"Jaw Worm","floor":3.0,"turns":6.0},{"damage":2.0,"enemies":"Cultist","floor":4.0,"turns":5.0},{"damage":12.0,"enemies":"Large Slime","floor":5.0,"turns":12.0},{"damage":19.0,"enemies":"Lagavulin","floor":6.0,"turns":8.0},{"damage":3.0,"enemies":"3 Louse","floor":10.0,"turns":4.0},{"damage":1.0,"enemies":"3 Sentries","floor":12.0,"turns":5.0},{"damage":2.0,"enemies":"Slime Boss","floor":16.0,"turns":8.0},{"damage":0.0,"enemies":"Shell Parasite","floor":18.0,"turns":6.0},{"damage":0.0,"enemies":"3 Byrds","floor":19.0,"turns":4.0},{"damage":15.0,"enemies":"Cultist and Chosen","floor":21.0,"turns":7.0},{"damage":11.0,"enemies":"Snecko","floor":22.0,"turns":6.0},{"damage":11.0,"enemies":"Gremlin Leader","floor":24.0,"turns":5.0},{"damage":12.0,"enemies":"Snake Plant","floor":28.0,"turns":6.0},{"damage":7.0,"enemies":"Shelled Parasite and Fungi","floor":29.0,"turns":5.0},{"damage":20.0,"enemies":"Slavers","floor":30.0,"turns":8.0},{"damage":0.0,"enemies":"Snecko","floor":31.0,"turns":5.0},{"damage":12.0,"enemies":"Collector","floor":33.0,"turns":10.0},{"damage":3.0,"enemies":"3 Darklings","floor":35.0,"turns":4.0},{"damage":0.0,"enemies":"3 Shapes","floor":38.0,"turns":4.0},{"damage":35.0,"enemies":"Writhing Mass","floor":39.0,"turns":7.0},{"damage":6.0,"enemies":"Reptomancer","floor":40.0,"turns":7.0},{"damage":41.0,"enemies":"Nemesis","floor":42.0,"turns":5.0},{"damage":25,"enemies":"Giant Head","floor":44,"turns":9},{"damage":0,"enemies":"Sphere and 2 Shapes","floor":46,"turns":3},{"damage":6,"enemies":"Maw","floor":48,"turns":7},{"damage":60,"enemies":"Awakened One","floor":50,"turns":7}],"seed_played":"1183941585317816641","potions_obtained":[{"floor":1.0,"key":"DuplicationPotion"},{"floor":4.0,"key":"Swift Potion"},{"floor":6.0,"key":"AttackPotion"},{"floor":18.0,"key":"Energy Potion"},{"floor":19.0,"key":"Weak Potion"},{"floor":21.0,"key":"GamblersBrew"},{"floor":29.0,"key":"FairyPotion"},{"floor":42,"key":"BlessingOfTheForge"},{"floor":44,"key":"Energy Potion"},{"floor":46,"key":"ColorlessPotion"}],"is_trial":false,"path_per_floor":["M","?","M","M","M","E","$","R","T","M","R","E","$","?","R","B",null,"M","M","?","M","M","R","E","R","T","R","M","M","E","M","R","B",null,"M","T","?","M","M","E","R","E","T","E","R","M","R","M","R","B"],"character_chosen":"THE_SILENT","items_purchased":["Footwork","Deflect","Cloak And Dagger"],"campfire_rested":6,"item_purchase_floors":[7,7,13],"current_hp_per_floor":[63,68,61,59,47,28,28,48,48,45,45,44,44,30,50,48,63,63,63,63,48,37,37,26,46,46,46,34,27,7,7,27,15,55,52,52,52,52,17,11,31,40,40,29,29,29,29,23,47,0,0],"gold":0,"neow_bonus":"TRANSFORM_TWO_CARDS","is_daily":false,"chose_seed":true,"campfire_upgraded":3,"win_rate":0.0,"timestamp":1610870917,"path_taken":["M","?","M","M","M","E","$","R","T","M","R","E","$","?","R","BOSS","M","M","?","M","M","R","E","R","T","R","?","M","E","M","R","BOSS","M","?","?","M","M","E","R","E","T","E","R","M","R","M","R","BOSS"],"items_purchased_type":["Card","Card","Card"],"build_version":"2020-12-22","purchased_purges":1,"victory":false,"max_hp_per_floor":[63,68,68,68,68,68,68,68,68,68,68,68,68,68,68,68,68,68,68,68,68,68,68,68,68,68,68,68,68,68,68,68,68,68,68,68,68,68,68,68,68,68,68,82,82,82,82,82,82,82,82],"relic_stats":{"Centennial Puzzle":[33],"Shovel":2,"counters":[27,167],"Tiny Chest":1,"Ectoplasm":433,"Letter Opener":[328],"obtain_stats":[{"Lantern":30,"SacredBark":34,"Oddly Smooth Stone":9,"Mango":44,"Letter Opener":26,"Bottled Tornado":36,"Ancient Tea Set":40,"Anchor":12,"Centennial Puzzle":27,"Bottled Flame":42,"Shovel":24,"Ninja Scroll":43,"Tiny Chest":6,"Ectoplasm":17,"Red Mask":37,"Bottled Lightning":47,"Ring of the Snake":0},{"Lantern":16,"SacredBark":18,"Oddly Smooth Stone":5,"Mango":24,"Letter Opener":13,"Bottled Tornado":19,"Ancient Tea Set":22,"Anchor":7,"Centennial Puzzle":13,"Bottled Flame":23,"Shovel":13,"Ninja Scroll":23,"Tiny Chest":5,"Ectoplasm":8,"Red Mask":19,"Bottled Lightning":25,"Ring of the Snake":0},{"Lantern":99,"SacredBark":114,"Oddly Smooth Stone":35,"Mango":150,"Letter Opener":80,"Bottled Tornado":118,"Ancient Tea Set":136,"Anchor":44,"Centennial Puzzle":80,"Bottled Flame":141,"Shovel":80,"Ninja Scroll":141,"Tiny Chest":35,"Ectoplasm":52,"Red Mask":118,"Bottled Lightning":153,"Ring of the Snake":0}],"Ring of the Snake":[54]},"card_choices":[{"not_picked":["Deadly Poison","Tactician"],"picked":"Crippling Poison","floor":1.0},{"not_picked":["Deflect","Outmaneuver"],"picked":"Cloak And Dagger","floor":3.0},{"not_picked":["Distraction","Sucker Punch"],"picked":"Terror","floor":4.0},{"not_picked":["Deflect","Deadly Poison"],"picked":"Quick Slash","floor":5.0},{"not_picked":["Acrobatics","Crippling Poison"],"picked":"Blade Dance","floor":6.0},{"not_picked":["Malaise","Masterful Stab"],"picked":"Blade Dance","floor":10.0},{"not_picked":["Cloak And Dagger","Escape Plan"],"picked":"Heel Hook","floor":12.0},{"not_picked":["Malaise","Doppelganger"],"picked":"Wraith Form v2","floor":16.0},{"not_picked":["Dagger Spray+1","Concentrate+1"],"picked":"Backstab","floor":18.0},{"not_picked":["Catalyst","Quick Slash"],"picked":"Calculated Gamble","floor":19.0},{"not_picked":["Expertise","Flying Knee+1"],"picked":"Deflect+1","floor":21.0},{"not_picked":["Sucker Punch","Reflex","Dash+1"],"picked":"SKIP","floor":22.0},{"not_picked":["Quick Slash+1","Footwork+1"],"picked":"Well Laid Plans","floor":24.0},{"not_picked":["All Out Attack","Quick Slash"],"picked":"Sucker Punch","floor":28.0},{"not_picked":["Bane","A Thousand Cuts"],"picked":"Backflip","floor":29.0},{"not_picked":["Reflex","Crippling Poison+1"],"picked":"PiercingWail","floor":30.0},{"not_picked":["Cloak And Dagger","Sucker Punch"],"picked":"Poisoned Stab+1","floor":31.0},{"not_picked":["Doppelganger","Tools of the Trade"],"picked":"Bullet Time","floor":33.0},{"not_picked":["All Out Attack","Quick Slash+1","PiercingWail"],"picked":"SKIP","floor":35.0},{"not_picked":["Catalyst+1","Dagger Throw"],"picked":"PiercingWail+1","floor":38.0},{"not_picked":["Dagger Spray+1","Backstab","Flying Knee+1"],"picked":"SKIP","floor":39.0},{"not_picked":["Underhanded Strike","Catalyst+1"],"picked":"Accuracy","floor":40.0},{"not_picked":["Catalyst+1","Concentrate+1"],"picked":"Flechettes+1","floor":42},{"not_picked":["Endless Agony+1","Flying Knee"],"picked":"Cloak And Dagger+1","floor":44},{"not_picked":["Prepared","Deflect+1"],"picked":"Slice","floor":46},{"not_picked":["Poisoned Stab+1","Dagger Spray"],"picked":"Finisher+1","floor":48}],"player_experience":907464,"relics_obtained":[{"floor":6.0,"key":"Tiny Chest"},{"floor":9.0,"key":"Oddly Smooth Stone"},{"floor":12.0,"key":"Anchor"},{"floor":24.0,"key":"Shovel"},{"floor":26.0,"key":"Letter Opener"},{"floor":27.0,"key":"Centennial Puzzle"},{"floor":30.0,"key":"Lantern"},{"floor":36.0,"key":"Bottled Tornado"},{"floor":40.0,"key":"Ancient Tea Set"},{"floor":42,"key":"Bottled Flame"},{"floor":43,"key":"Ninja Scroll"},{"floor":44,"key":"Mango"},{"floor":47,"key":"Bottled Lightning"}],"event_choices":[{"damage_healed":0.0,"max_hp_gain":5.0,"max_hp_loss":0.0,"gold_gain":0.0,"event_name":"Big Fish","player_choice":"Donut","floor":2.0,"gold_loss":0.0,"damage_taken":0.0},{"damage_healed":0.0,"max_hp_gain":0.0,"max_hp_loss":0.0,"gold_gain":0.0,"event_name":"Shining Light","player_choice":"Entered Light","floor":14.0,"gold_loss":0.0,"damage_taken":14.0,"cards_upgraded":["Cloak And Dagger","Footwork"]},{"damage_healed":0.0,"max_hp_gain":0.0,"max_hp_loss":0.0,"gold_gain":0.0,"event_name":"The Woman in Blue","player_choice":"Bought 0 Potions","floor":20.0,"gold_loss":0.0,"damage_taken":0.0},{"damage_healed":0.0,"max_hp_gain":0.0,"max_hp_loss":0.0,"gold_gain":0.0,"event_name":"Tomb of Lord Red Mask","player_choice":"Paid","floor":37.0,"gold_loss":118.0,"damage_taken":0.0,"relics_obtained":["Red Mask"]}],"is_beta":false,"boss_relics":[{"not_picked":["Empty Cage","Astrolabe"],"picked":"Ectoplasm"},{"not_picked":["Fusion Hammer","Sozu"],"picked":"SacredBark"}],"items_purged_floors":[13],"is_endless":false,"potions_floor_spawned":[1,4,6,18,19,21,29,42,44,46],"killed_by":"Awakened One","ascension_level":10}}