{"host":"g2yp6paluzgljz05","time":1610896602,"event":{"mods":["BaseMod","Bestiary","Colored Powertips","DeckTracker","Highlight Path","Minty Spire (QoL Compilation)","Quick Restart"],"gold_per_floor":[117,42,42,54,54,79,79,104,104,117,133,133,150,161,161,161,161],"floor_reached":16,"language":"ENG","playtime":680,"items_purged":["Strike_R"],"score":194,"play_id":"7fd93900-ee7d-48f5-9fac-7382076c9732","local_time":"20210118021642","is_ascension_mode":true,"campfire_choices":[{"data":"Bash","floor":7,"key":"SMITH"},{"data":"Warcry","floor":12,"key":"SMITH"},{"data":"Shrug It Off","floor":15,"key":"SMITH"}],"circlet_count":0,"master_deck":["Strike_R","Strike_R","Strike_R","Strike_R","Defend_R","Defend_R","Defend_R","Defend_R","Bash+1","Warcry+1","Havoc+1","Headbutt","Shrug It Off+1"],"relics":["Burning Blood","NeowsBlessing","HornCleat","Meat on the Bone","Smiling Mask"],"acts_visited":["Exordium"],"potions_floor_usage":[8],"damage_taken":[{"damage":0,"enemies":"2 Louse","floor":1,"turns":1},{"damage":0,"enemies":"Cultist","floor":4,"turns":1},{"damage":0,"enemies":"Lagavulin","floor":6,"turns":1},{"damage":0,"enemies":"Gremlin Nob","floor":8,"turns":3},{"damage":8,"enemies":"Small Slimes","floor":10,"turns":3},{"damage":10,"enemies":"Exordium Thugs","floor":11,"turns":5},{"damage":0,"enemies":"Blue Slaver","floor":13,"turns":3},{"damage":3,"enemies":"Looter","floor":14,"turns":3},{"damage":81,"enemies":"Hexaghost","floor":16,"turns":12}],"seed_played":"-738313283369094170","potions_obtained":[{"floor":4,"key":"Energy Potion"},{"floor":6,"key":"Weak Potion"},{"floor":8,"key":"Energy Potion"}],"is_trial":false,"path_per_floor":["M","$","?","M","?","E","R","E","T","M","M","R","M","M","R","B"],"character_chosen":"IRONCLAD","items_purchased":[],"campfire_rested":0,"item_purchase_floors":[],"current_hp_per_floor":[80,80,80,80,80,80,80,80,80,78,74,74,80,80,80,0,0],"gold":161,"neow_bonus":"THREE_ENEMY_KILL","is_daily":false,"chose_seed":false,"campfire_upgraded":3,"win_rate":0.0,"timestamp":1610896602,"path_taken":["M","$","?","?","?","E","R","E","T","M","M","R","?","M","R","BOSS"],"items_purchased_type":[],"build_version":"2020-12-22","purchased_purges":1,"victory":false,"max_hp_per_floor":[80,80,80,80,80,80,80,80,80,80,80,80,80,80,80,80,80],"card_choices":[{"not_picked":["Clash","Pummel"],"picked":"Warcry","floor":1},{"not_picked":["Havoc","Clash","Anger"],"picked":"SKIP","floor":4},{"not_picked":["Warcry","Metallicize"],"picked":"Headbutt","floor":6},{"not_picked":["Anger","Clash","Intimidate"],"picked":"SKIP","floor":8},{"not_picked":["True Grit","Offering"],"picked":"Shrug It Off","floor":10},{"not_picked":["Infernal Blade","Rage","Thunderclap"],"picked":"SKIP","floor":11},{"not_picked":["Sever Soul","Seeing Red","Rage"],"picked":"SKIP","floor":13},{"not_picked":["Metallicize","Headbutt","Iron Wave"],"picked":"SKIP","floor":14}],"player_experience":207949,"relics_obtained":[{"floor":6,"key":"HornCleat"},{"floor":8,"key":"Meat on the Bone"},{"floor":9,"key":"Smiling Mask"}],"event_choices":[{"damage_healed":0,"gold_gain":0,"player_choice":"1 cards matched","damage_taken":0,"max_hp_gain":0,"max_hp_loss":0,"event_name":"Match and Keep!","floor":3,"gold_loss":0,"cards_obtained":["Havoc"]},{"damage_healed":0,"gold_gain":0,"player_choice":"Upgraded","damage_taken":0,"max_hp_gain":0,"max_hp_loss":0,"event_name":"Upgrade Shrine","floor":5,"gold_loss":0,"cards_upgraded":["Havoc"]}],"is_beta":false,"boss_relics":[],"items_purged_floors":[2],"is_endless":false,"potions_floor_spawned":[4,6,8],"killed_by":"Hexaghost","ascension_level":4}}