{"host":"qjv9b7mze4c73keh","time":1610901983,"event":{"mods":["BaseMod","Colored Map","Colored Powertips","DeckTracker","Highlight Path","Minty Spire (QoL Compilation)","Rare Cards Sparkle","Synergy Search","Unceasing Turn Reminder"],"gold_per_floor":[117,117,117,117,129,129,142,142,142,155,169,20,20,40,40,144,144,159,11,0,16,16,16],"floor_reached":22,"language":"RUS","playtime":2671,"items_purged":["Strike_G"],"score":176,"play_id":"771c4193-d385-4c1a-ba0a-b10ac6e8983b","local_time":"20210117214623","is_ascension_mode":false,"campfire_choices":[{"data":"Prepared","floor":6.0,"key":"SMITH"},{"floor":8.0,"key":"REST"},{"floor":15,"key":"REST"}],"circlet_count":0,"master_deck":["Strike_G","Strike_G","Strike_G","Defend_G","Defend_G","Defend_G","Defend_G","Defend_G","Survivor","Neutralize","Backflip","Prepared+1","Flying Knee","Deadly Poison","Noxious Fumes","Backstab","Slice","Burst","Burst","Backstab+1"],"relics":["Ring of the Snake","Ancient Tea Set","Pantograph","Peace Pipe","Philosopher\u0027s Stone"],"acts_visited":["Exordium","TheCity"],"potions_floor_usage":[16,16],"damage_taken":[{"damage":1.0,"enemies":"Jaw Worm","floor":1.0,"turns":7.0},{"damage":0.0,"enemies":"Small Slimes","floor":5.0,"turns":5.0},{"damage":64.0,"enemies":"Cultist","floor":7.0,"turns":12.0},{"damage":8.0,"enemies":"Exordium Thugs","floor":10.0,"turns":8.0},{"damage":6,"enemies":"2 Fungi Beasts","floor":11,"turns":5},{"damage":15,"enemies":"Lots of Slimes","floor":14,"turns":5},{"damage":22,"enemies":"The Guardian","floor":16,"turns":10},{"damage":21,"enemies":"Chosen","floor":18,"turns":6},{"damage":17,"enemies":"2 Thieves","floor":20,"turns":5},{"damage":14,"enemies":"Snecko","floor":21,"turns":5},{"damage":25,"enemies":"Cultist and Chosen","floor":22,"turns":6}],"seed_played":"7035146694393996550","potions_obtained":[{"floor":5.0,"key":"LiquidMemories"},{"floor":10,"key":"Energy Potion"},{"floor":18,"key":"Energy Potion"}],"is_trial":false,"path_per_floor":["M","?","T","?","M","R","M","R","T","M","M","$","$","M","R","B",null,"M","$","M","M","M"],"character_chosen":"THE_SILENT","items_purchased":["Backstab","Burst"],"campfire_rested":2,"item_purchase_floors":[12,19],"current_hp_per_floor":[69,74,74,74,74,74,10,32,32,24,18,18,18,3,25,28,75,54,54,37,23,0,0],"gold":16,"neow_bonus":"RANDOM_COMMON_RELIC","is_daily":false,"chose_seed":false,"campfire_upgraded":1,"win_rate":0.0,"timestamp":1610901983,"path_taken":["M","?","?","?","M","R","M","R","T","?","M","?","$","M","R","BOSS","M","$","M","M","M"],"items_purchased_type":["Card","Card"],"build_version":"2020-12-22","purchased_purges":1,"victory":false,"max_hp_per_floor":[70,75,75,75,75,75,75,75,75,75,75,75,75,75,75,75,75,75,75,75,75,75,75],"card_choices":[{"not_picked":["Acrobatics","Masterful Stab"],"picked":"Backflip","floor":1.0},{"not_picked":["Dodge and Roll","Outmaneuver"],"picked":"Prepared","floor":5.0},{"not_picked":["PiercingWail","Underhanded Strike"],"picked":"Flying Knee","floor":7.0},{"not_picked":["Dodge and Roll","Heel Hook"],"picked":"Deadly Poison","floor":10},{"not_picked":["Backflip","Caltrops"],"picked":"Noxious Fumes","floor":11},{"not_picked":["Predator","Heel Hook"],"picked":"Slice","floor":14},{"not_picked":["Doppelganger","Wraith Form v2"],"picked":"Burst","floor":16},{"not_picked":["Dash","Dagger Throw","Masterful Stab+1"],"picked":"SKIP","floor":18},{"not_picked":["Skewer","Outmaneuver"],"picked":"Backstab+1","floor":20},{"not_picked":["Infinite Blades","PiercingWail","Caltrops"],"picked":"SKIP","floor":21}],"player_experience":95319,"relics_obtained":[{"floor":3.0,"key":"Pantograph"},{"floor":9.0,"key":"Peace Pipe"}],"event_choices":[{"damage_healed":0.0,"max_hp_gain":5.0,"max_hp_loss":0.0,"gold_gain":0.0,"event_name":"Big Fish","player_choice":"Donut","floor":2.0,"gold_loss":0.0,"damage_taken":0.0},{"cards_removed":["Strike_G"],"damage_healed":0.0,"max_hp_gain":0.0,"max_hp_loss":0.0,"gold_gain":0.0,"event_name":"Purifier","player_choice":"Purged","floor":4.0,"gold_loss":0.0,"damage_taken":0.0}],"is_beta":false,"boss_relics":[{"not_picked":["Calling Bell","Snecko Eye"],"picked":"Philosopher\u0027s Stone"}],"items_purged_floors":[12],"is_endless":false,"potions_floor_spawned":[5,10,18],"killed_by":"Cultist and Chosen","ascension_level":0}}