{"host":"i0s8vbixp24k5aul","time":1610917586,"event":{"mods":["2.2 Compatiblity","Act Like it!","Aspiration","BaseMod","Better Note","Better Third Choice","Better Vampires","BetterUpgradePreview","Colorless Booster Pack","Displayed Cursed Tome","Energized Spire","Fox Events","GifTheSpireLib","Halation","Hermit","Hubris","HumanHunterMod(????mod)","Infinite Spire","Jedi Mod","Minty Spire (QoL Compilation)","Optimize The Spire","Poor People Problems","Random Character Mod","Shade Mod","StSLib","Stuff the Spire","Swap Starting Deck Mod","The Bug Knight","The Construct","The Cursed","The Disciple","The Mystic","TheHero","TheWitcher","vexMod","??????REMEMod"],"gold_per_floor":[144,189,189,189,234,234,324,369,369,369,414,489,489,13,13,305,305,346,387,285,285,123,119,119],"floor_reached":23,"language":"RUS","playtime":3060,"items_purged":["Regret"],"score":216,"play_id":"5548d1cd-711a-42aa-bcfb-85bbc1b5638f","local_time":"20210118000626","daily_mods":["SealedDeck","Diverse","Midas"],"is_ascension_mode":false,"campfire_choices":[{"floor":6.0,"key":"REST"},{"floor":10.0,"key":"REST"},{"floor":13.0,"key":"REST"},{"floor":15.0,"key":"REST"}],"circlet_count":0,"master_deck":["Caltrops","SnafuTest:FirstAid","SnafuTest:SpellLivingArmor","SnafuTest:Siege","Shade:ClawBack","SnafuTest:BattleCry","SnafuTest:SignYrden","LockedAnchor","HollowMod:InfectedAttack","SnafuTest:SmashingSlash","animeID:DetroitSmash","construct:Chainstrike","mysticmod:CureLightWounds","SnafuTest:PayHappyHour","BiteCommand","HandsUpC","Barricade","Shade:CommandSoldier+1","mysticmod:Dedication","jedi:cleanse","REME_PuzzleBox"],"relics":["Chronometer","REME_ComplimentaryCards","HornCleat","SnafuTest:BearRelic","Meat on the Bone","StuffTheSpire:Wildfire","energizedSpire:OgreHead","jedi:ominousloannote","Dead Branch"],"acts_visited":["Exordium","TheCity"],"potions_floor_usage":[19],"damage_taken":[{"damage":35.0,"enemies":"Jaw Worm","floor":1.0,"turns":6.0},{"damage":3.0,"enemies":"Cultist","floor":2.0,"turns":3.0},{"damage":7.0,"enemies":"2 Louse","floor":5.0,"turns":3.0},{"damage":14.0,"enemies":"HollowMod:MossKnight","floor":7.0,"turns":6.0},{"damage":1.0,"enemies":"Looter","floor":8.0,"turns":3.0},{"damage":11.0,"enemies":"2 Fungi Beasts","floor":11.0,"turns":3.0},{"damage":3.0,"enemies":"Large Slime","floor":12.0,"turns":7.0},{"damage":61.0,"enemies":"Hexaghost","floor":16.0,"turns":11.0},{"damage":37,"enemies":"2 Thieves","floor":18,"turns":4},{"damage":27,"enemies":"Shell Parasite","floor":19,"turns":4},{"damage":65,"enemies":"REME_1_Revenger","floor":23,"turns":4}],"seed_played":"7372172642885907109","potions_obtained":[{"floor":7.0,"key":"DistilledChaos"},{"floor":11.0,"key":"REME_GoldPotion"},{"floor":18,"key":"Weak Potion"}],"is_trial":false,"path_per_floor":["M","M","?","?","M","R","E","M","T","R","M","M","R","$","R","B",null,"M","M","$","?","$","E"],"character_chosen":"CHRONO_CLASS","items_purchased":["BiteCommand","StuffTheSpire:Wildfire","HandsUpC","jedi:ominousloannote","Dead Branch","jedi:cleanse","REME_PuzzleBox"],"campfire_rested":4,"item_purchase_floors":[14,14,14,20,20,20,22],"current_hp_per_floor":[37,38,38,38,31,50,45,44,44,63,52,52,65,65,65,19,65,43,31,31,52,52,0,0],"gold":119,"neow_bonus":"","is_daily":true,"chose_seed":false,"campfire_upgraded":0,"win_rate":0.0,"timestamp":1610917586,"path_taken":["M","M","?","?","?","R","E","M","T","R","M","M","R","$","R","BOSS","M","M","$","?","$","E"],"items_purchased_type":["Card","Relic","Card","Relic","Relic","Card","Card"],"build_version":"2020-12-22","purchased_purges":1,"victory":false,"max_hp_per_floor":[65,65,65,65,65,65,65,65,65,65,65,65,65,65,65,65,65,65,65,65,65,65,65,65],"card_choices":[{"not_picked":["Shade:SpontaneousRitual","HollowMod:SoulStrike"],"picked":"SnafuTest:SmashingSlash","floor":1.0},{"not_picked":["StuffTheSpire:Python","TheCursedMod:TroublousMinions"],"picked":"animeID:DetroitSmash","floor":2.0},{"not_picked":["hermit:HoleUp","HollowMod:ShadowDash"],"picked":"construct:Chainstrike","floor":5.0},{"not_picked":["Shade:AblativeArmor","Undo"],"picked":"construct:Enhance","floor":7.0},{"not_picked":["EscortCommand","mysticmod:HunkerDown"],"picked":"SnafuTest:MCSongOfPeace","floor":8.0},{"not_picked":["Shade:FreshBones","hermit:BodyArmor"],"picked":"mysticmod:CureLightWounds","floor":11.0},{"not_picked":["construct:ClusterMines","Blood for Blood"],"picked":"SnafuTest:PayHappyHour","floor":12.0},{"not_picked":["Reboot","Shade:UnbarTheGrave"],"picked":"Barricade","floor":16.0},{"not_picked":["Defragment","TheCursedMod:RapidMovement"],"picked":"Shade:CommandSoldier+1","floor":18},{"not_picked":["Dual Wield","Shade:Premonition"],"picked":"mysticmod:Dedication","floor":19}],"player_experience":952351,"relics_obtained":[{"floor":7.0,"key":"SnafuTest:BearRelic"},{"floor":9.0,"key":"Meat on the Bone"}],"event_choices":[{"damage_healed":0.0,"max_hp_gain":0.0,"max_hp_loss":0.0,"gold_gain":0.0,"event_name":"Big Fish","player_choice":"Box","floor":3.0,"gold_loss":0.0,"damage_taken":0.0,"relics_obtained":["HornCleat"],"cards_obtained":["Regret"]},{"damage_healed":0.0,"max_hp_gain":0.0,"max_hp_loss":0.0,"gold_gain":0.0,"event_name":"Upgrade Shrine","player_choice":"Upgraded","floor":4.0,"gold_loss":0.0,"damage_taken":0.0,"cards_upgraded":["HollowMod:PaleKingsBlessing"]},{"damage_healed":21,"gold_gain":0,"player_choice":"Heal","damage_taken":0,"max_hp_gain":0,"max_hp_loss":0,"event_name":"The Library","floor":21,"gold_loss":0}],"is_beta":false,"boss_relics":[{"not_picked":["hubris:HollowSoul","Cursed Key"],"picked":"energizedSpire:OgreHead"}],"items_purged_floors":[14],"is_endless":false,"potions_floor_spawned":[7,11,18],"killed_by":"REME_1_Revenger","ascension_level":0}}