{"host":"vyjryxuuuxkt43k4","time":1610902953,"event":{"mods":["AchievementEnabler","BaseMod","Colored Map","DeckTracker","Keyboard Shortcuts","Minty Spire (QoL Compilation)","Permanent Neow","Quick Restart","StSLib","SuperFastMode","everything is the same but u backflip on backflip"],"gold_per_floor":[112,112,127,127,139,139,139,152,152,102,27,51,86,107,107,107,107],"floor_reached":16,"language":"KOR","playtime":447,"items_purged":["Strike_P"],"score":112,"play_id":"e7319ff1-3d26-400f-9b62-329c7e8d3c5c","local_time":"20210118020233","is_ascension_mode":true,"campfire_choices":[{"data":"Meditate","floor":6,"key":"SMITH"},{"floor":15,"key":"REST"}],"circlet_count":0,"master_deck":["Strike_P","Strike_P","Strike_P","Defend_P","Defend_P","Defend_P","Eruption+1","Vigilance","Meditate+1","InnerPeace"],"relics":["VioletLotus","Golden Idol","Regal Pillow","Letter Opener"],"acts_visited":["Exordium"],"potions_floor_usage":[14],"damage_taken":[{"damage":8,"enemies":"Jaw Worm","floor":1,"turns":4},{"damage":0,"enemies":"Small Slimes","floor":3,"turns":4},{"damage":2,"enemies":"2 Louse","floor":5,"turns":2},{"damage":8,"enemies":"2 Fungi Beasts","floor":8,"turns":3},{"damage":0,"enemies":"Looter","floor":12,"turns":2},{"damage":13,"enemies":"3 Sentries","floor":13,"turns":9},{"damage":7,"enemies":"3 Louse","floor":14,"turns":3},{"damage":56,"enemies":"The Guardian","floor":16,"turns":9}],"seed_played":"7391219964580658815","potions_obtained":[{"floor":1,"key":"Ambrosia"},{"floor":5,"key":"LiquidBronze"},{"floor":12,"key":"Dexterity Potion"},{"floor":13,"key":"Fire Potion"}],"is_trial":false,"path_per_floor":["M","?","M","$","M","R","?","M","T","?","$","M","E","M","R","B"],"character_chosen":"WATCHER","items_purchased":[],"campfire_rested":1,"item_purchase_floors":[],"current_hp_per_floor":[64,64,64,64,62,62,44,36,36,36,36,36,23,16,52,0,0],"gold":107,"neow_bonus":"BOSS_RELIC","is_daily":false,"chose_seed":false,"campfire_upgraded":1,"win_rate":0.0,"timestamp":1610902953,"path_taken":["M","?","M","$","M","R","?","M","T","?","$","M","E","M","R","BOSS"],"items_purchased_type":[],"build_version":"2020-12-22","purchased_purges":1,"victory":false,"max_hp_per_floor":[72,72,72,72,72,72,72,72,72,72,72,72,72,72,72,72,72],"card_choices":[{"not_picked":["LikeWater","Crescendo","WaveOfTheHand"],"picked":"SKIP","floor":1},{"not_picked":["Weave","EmptyBody","FollowUp"],"picked":"SKIP","floor":3},{"not_picked":["Study","BowlingBash"],"picked":"Meditate","floor":5},{"not_picked":["CrushJoints","BowlingBash","Pray"],"picked":"SKIP","floor":8},{"not_picked":["PathToVictory","Swivel","Prostrate"],"picked":"SKIP","floor":12},{"not_picked":["WreathOfFlame","PathToVictory","BowlingBash"],"picked":"SKIP","floor":13},{"not_picked":["Consecrate","WaveOfTheHand"],"picked":"InnerPeace","floor":14}],"player_experience":426625,"relics_obtained":[{"floor":9,"key":"Regal Pillow"},{"floor":13,"key":"Letter Opener"}],"event_choices":[{"damage_healed":0,"gold_gain":0,"player_choice":"Grow","damage_taken":0,"max_hp_gain":0,"max_hp_loss":0,"event_name":"Living Wall","floor":2,"gold_loss":0,"cards_upgraded":["Eruption"]},{"damage_healed":0,"gold_gain":0,"player_choice":"Take Damage","damage_taken":18,"relics_obtained":["Golden Idol"],"max_hp_gain":0,"max_hp_loss":0,"event_name":"Golden Idol","floor":7,"gold_loss":0},{"cards_removed":["Defend_P"],"damage_healed":0,"gold_gain":0,"player_choice":"Card Removal","damage_taken":0,"max_hp_gain":0,"max_hp_loss":0,"event_name":"The Cleric","floor":10,"gold_loss":50}],"is_beta":false,"boss_relics":[],"items_purged_floors":[11],"is_endless":false,"potions_floor_spawned":[1,5,12,13],"killed_by":"The Guardian","ascension_level":2}}