{"host":"dtvgc7uk609653br","time":1610858910,"event":{"mods":["BaseMod","Downfall","Minty Spire (QoL Compilation)","Shade Mod","StSLib","The Bladedancer","The Druid"],"gold_per_floor":[99,116,266,284,194,194,194,194,194,86,186,198,198,226,239,239,239,239],"floor_reached":16,"language":"ENG","playtime":764,"items_purged":["downfall:Icky"],"score":98,"play_id":"3274b5fc-6537-4270-bce2-fb06972c45dc","local_time":"20210116234830","is_ascension_mode":false,"campfire_choices":[{"data":"Guardian:CurlUp","floor":1,"key":"SMITH"},{"data":"Guardian:SpikerProtocol","floor":6,"key":"SMITH"},{"data":"Guardian:EvasiveProtocol","floor":13,"key":"SMITH"}],"circlet_count":0,"master_deck":["Guardian:Strike_Guardian","Guardian:Strike_Guardian","Guardian:Strike_Guardian","Guardian:Strike_Guardian","Guardian:Defend_Guardian","Guardian:Defend_Guardian","Guardian:Defend_Guardian","Guardian:Defend_Guardian","Guardian:CurlUp+1","Guardian:TwinSlam","Guardian:EvasiveProtocol+1","Guardian:SpikerProtocol+1","Guardian:GuardianWhirl","Guardian:CrystalBeam","Guardian:Gem_Cyan"],"relics":["Guardian:ModeShifter","Juzu Bracelet","Centennial Puzzle","Art of War","HornCleat"],"acts_visited":["Exordium"],"potions_floor_usage":[12],"damage_taken":[{"damage":6,"enemies":"Jaw Worm","floor":2,"turns":5},{"damage":5,"enemies":"Small Slimes","floor":4,"turns":6},{"damage":10,"enemies":"downfall:FleeingMerchant","floor":5,"turns":4},{"damage":0,"enemies":"downfall:FleeingMerchant","floor":10,"turns":4},{"damage":0,"enemies":"Cultist","floor":12,"turns":4},{"damage":10,"enemies":"Gremlin Nob","floor":14,"turns":5},{"damage":11,"enemies":"3 Louse","floor":15,"turns":2},{"damage":58,"enemies":"DF_ARCHETYPE_STREAMLINE","floor":16,"turns":9}],"seed_played":"-5808730950348038677","potions_obtained":[{"floor":4,"key":"Strength Potion"},{"floor":12,"key":"Fruit Juice"}],"is_trial":false,"path_per_floor":["R","M","?","M","$","R","T","?","?","$","?","M","R","E","M","B"],"character_chosen":"GUARDIAN","items_purchased":["Guardian:GuardianWhirl","Guardian:Gem_Cyan"],"campfire_rested":0,"item_purchase_floors":[10,10],"current_hp_per_floor":[88,82,82,77,67,67,67,67,60,60,60,65,65,55,44,0,0,0],"gold":239,"neow_bonus":"TEN_PERCENT_HP_BONUS","is_daily":false,"chose_seed":false,"campfire_upgraded":3,"win_rate":0.0,"timestamp":1610858910,"path_taken":["R","M","?","M","$","R","T","?","?","$","?","M","R","E","M","BOSS"],"items_purchased_type":["Card","Card"],"build_version":"2020-12-22","purchased_purges":1,"victory":false,"max_hp_per_floor":[88,88,88,88,88,88,88,88,88,88,88,93,93,93,93,93,93,93],"card_choices":[{"not_picked":["Guardian:PrimingBeam","Guardian:Reroute"],"picked":"Guardian:EvasiveProtocol","floor":2},{"not_picked":["Guardian:DonusPower","Guardian:Repulse"],"picked":"Guardian:Gem_Blue","floor":4},{"not_picked":["Guardian:Gem_Purple","Guardian:RollAttack"],"picked":"Guardian:SpikerProtocol","floor":5},{"not_picked":["Guardian:Planning","Guardian:Suspension","Guardian:Repulse"],"picked":"SKIP","floor":10},{"not_picked":["Guardian:ShieldCharger","Guardian:WalkerClaw"],"picked":"Guardian:CrystalBeam","floor":12},{"not_picked":["Guardian:Incinerate","Guardian:StasisStrike","Guardian:TemporalStrike"],"picked":"SKIP","floor":14},{"not_picked":["Guardian:Planning","Guardian:BodySlam"],"picked":"Guardian:Gem_Cyan","floor":15}],"player_experience":546053,"relics_obtained":[{"floor":7,"key":"Juzu Bracelet"},{"floor":8,"key":"Centennial Puzzle"},{"floor":14,"key":"HornCleat"}],"event_choices":[{"damage_healed":0,"gold_gain":0,"player_choice":"Relic","damage_taken":0,"max_hp_gain":0,"max_hp_loss":0,"event_name":"Wheel of Change","floor":8,"gold_loss":0},{"damage_healed":0,"gold_gain":0,"player_choice":"Success","damage_taken":7,"relics_obtained":["Art of War"],"max_hp_gain":0,"max_hp_loss":0,"event_name":"Scrap Ooze","floor":9,"gold_loss":0}],"is_beta":false,"boss_relics":[],"items_purged_floors":[5],"is_endless":false,"potions_floor_spawned":[4,12],"killed_by":"DF_ARCHETYPE_STREAMLINE","ascension_level":0}}