{"host":"szp1d6dso4pv7ddl","time":1610926511,"event":{"mods":["AchievementEnabler","Alarm Clock","BaseMod","Bestiary","Block Reminder","Colored Map","Colored Powertips","Curses Come First","Dark Map","Displayed Cursed Tome","Highlight Path","Minty Spire (QoL Compilation)","Permanent Neow","Quick Restart","Relic Sorter","Relic Stats","StSLib","Synergy Search"],"gold_per_floor":[118,193,368,97,97,122,122,152,152,152,167,196,196,211,211,211,211],"floor_reached":16,"language":"ENG","playtime":687,"items_purged":["Doubt"],"score":249,"play_id":"443d5164-ff14-4a76-a6d5-2c8e23dfe20a","local_time":"20210117153511","is_ascension_mode":true,"campfire_choices":[{"data":"Zap","floor":7.0,"key":"SMITH"},{"data":"Reprogram","floor":10.0,"key":"SMITH"},{"floor":13,"key":"REST"},{"floor":15,"key":"REST"}],"circlet_count":0,"master_deck":["AscendersBane","Strike_B","Strike_B","Strike_B","Defend_B","Defend_B","Defend_B","Defend_B","Zap+1","Dualcast","Coolheaded","Gash","Undo","Reprogram+1","Steam","Reinforced Body","Beam Cell"],"relics":["Cracked Core","NeowsBlessing","Bronze Scales","Question Card","Anchor","Sundial","Nunchaku"],"acts_visited":["Exordium"],"potions_floor_usage":[16],"damage_taken":[{"damage":0.0,"enemies":"Small Slimes","floor":1.0,"turns":1.0},{"damage":0.0,"enemies":"Gremlin Nob","floor":6.0,"turns":1.0},{"damage":0.0,"enemies":"3 Sentries","floor":8.0,"turns":1.0},{"damage":3.0,"enemies":"Cultist","floor":11.0,"turns":4.0},{"damage":51,"enemies":"Gremlin Nob","floor":12,"turns":6},{"damage":0,"enemies":"Jaw Worm","floor":14,"turns":3},{"damage":49,"enemies":"Slime Boss","floor":16,"turns":9}],"seed_played":"420642533249083670","potions_obtained":[{"floor":6.0,"key":"SpeedPotion"},{"floor":11.0,"key":"Energy Potion"},{"floor":14,"key":"EssenceOfSteel"}],"is_trial":false,"path_per_floor":["M","?","?","$","?","E","R","E","T","R","M","E","R","M","R","B"],"character_chosen":"DEFECT","items_purchased":["Bronze Scales","Gash"],"campfire_rested":2,"item_purchase_floors":[4,4],"current_hp_per_floor":[68,57,57,57,57,57,57,57,57,57,54,3,25,25,47,0,0],"gold":211,"neow_bonus":"THREE_ENEMY_KILL","is_daily":false,"chose_seed":false,"campfire_upgraded":2,"win_rate":0.0,"timestamp":1610926511,"path_taken":["M","?","?","$","?","E","R","E","T","R","M","E","R","M","R","BOSS"],"items_purchased_type":["Relic","Card"],"build_version":"2020-12-22","purchased_purges":1,"victory":false,"max_hp_per_floor":[75,75,75,75,75,75,75,75,75,75,75,75,75,75,75,75,75],"relic_stats":{"Nunchaku":[1],"counters":[7,25],"Sundial":[2],"Bronze Scales":[39],"Question Card":4,"obtain_stats":[{"Anchor":8,"Nunchaku":12,"NeowsBlessing":0,"Sundial":9,"Bronze Scales":4,"Cracked Core":0,"Question Card":6},{"Anchor":3,"Nunchaku":5,"NeowsBlessing":0,"Sundial":3,"Bronze Scales":1,"Cracked Core":0,"Question Card":2},{"Anchor":3,"Nunchaku":13,"NeowsBlessing":0,"Sundial":3,"Bronze Scales":1,"Cracked Core":0,"Question Card":2}]},"card_choices":[{"not_picked":["Double Energy","Stack"],"picked":"Coolheaded","floor":1.0},{"not_picked":["Seek","Rip and Tear"],"picked":"Undo","floor":6.0},{"not_picked":["Coolheaded","Core Surge","FTL"],"picked":"Reprogram","floor":8.0},{"not_picked":["Compile Driver","Barrage","Go for the Eyes"],"picked":"Steam","floor":11.0},{"not_picked":["Skim","Lockon","Genetic Algorithm"],"picked":"Reinforced Body","floor":12},{"not_picked":["Hologram","Tempest","Barrage"],"picked":"Beam Cell","floor":14}],"player_experience":1207844,"relics_obtained":[{"floor":6.0,"key":"Question Card"},{"floor":8.0,"key":"Anchor"},{"floor":9.0,"key":"Sundial"},{"floor":12,"key":"Nunchaku"}],"event_choices":[{"damage_healed":0.0,"max_hp_gain":0.0,"max_hp_loss":0.0,"gold_gain":75.0,"event_name":"World of Goop","player_choice":"Gather Gold","floor":2.0,"gold_loss":0.0,"damage_taken":11.0},{"damage_healed":0.0,"max_hp_gain":0.0,"max_hp_loss":0.0,"gold_gain":175.0,"event_name":"Liars Game","player_choice":"AGREE","floor":3.0,"gold_loss":0.0,"damage_taken":0.0,"cards_obtained":["Doubt"]},{"cards_removed":["Strike_B"],"damage_healed":0.0,"max_hp_gain":0.0,"max_hp_loss":0.0,"gold_gain":0.0,"event_name":"Bonfire Elementals","player_choice":"Offered Basic","floor":5.0,"gold_loss":0.0,"damage_taken":0.0}],"is_beta":false,"boss_relics":[],"items_purged_floors":[4],"is_endless":false,"potions_floor_spawned":[6,11,14],"killed_by":"Slime Boss","ascension_level":10}}