{"host":"sc0o2qwpf9j16a4i","time":1610876987,"event":{"mods":["AchievementEnabler","BaseMod","BetterRewards","Block Reminder","Colored Map","Colored Powertips","Custom Start","Highlight Path","Minty Spire (QoL Compilation)","Relic Stats"],"gold_per_floor":[114,125,125,140,155,155,182,194,256,284,36,53,53,82,82,157,157,175,175,6,17,17,17,17,49,49,60,60,72,72,342,342,419,419,430,430,430,446,471,471,505,505,528,553,553,565,580,580,580,580,580],"floor_reached":50,"language":"ENG","playtime":1910,"items_purged":[],"score":1556,"play_id":"8031eb15-c721-4951-8b2e-388dca82d4c6","local_time":"20210117114947","is_ascension_mode":true,"campfire_choices":[{"data":"Bash","floor":6,"key":"SMITH"},{"data":"Inflame","floor":13,"key":"SMITH"},{"data":"Offering","floor":15,"key":"SMITH"},{"data":"True Grit","floor":23,"key":"SMITH"},{"data":"Demon Form","floor":28,"key":"SMITH"},{"floor":32,"key":"REST"},{"data":"Feel No Pain","floor":40,"key":"SMITH"},{"floor":42,"key":"RECALL"},{"floor":45,"key":"REST"},{"data":"Barricade","floor":49,"key":"SMITH"}],"circlet_count":0,"master_deck":["AscendersBane","Bash+1","Wild Strike+1","Twin Strike+1","Anger+1","Headbutt+1","Inflame+1","Offering+1","Heavy Blade+1","Offering","Demon Form+1","Power Through","Pummel+1","Immolate+1","Battle Trance","Rage","True Grit+1","Impervious","Evolve+1","Seeing Red","Feel No Pain+1","Pommel Strike+1","Rupture","Shrug It Off","Barricade+1","CurseOfTheBell","Spot Weakness","Flash of Steel+1","Dark Shackles","Discovery","Shockwave","True Grit+1","Corruption","Burning Pact","Parasite"],"relics":["Burning Blood","Molten Egg 2","Orichalcum","Ginger","Dream Catcher","Eternal Feather","MawBank","Ornamental Fan","Juzu Bracelet","OrangePellets","HornCleat","Pandora\u0027s Box","Lee\u0027s Waffle","Pear","Self Forming Clay","Calling Bell","Art of War","Shuriken","Pocketwatch","Champion Belt","Strawberry","Turnip"],"acts_visited":["Exordium","TheCity","TheBeyond"],"potions_floor_usage":[7,14,16,33,33,41,47],"damage_taken":[{"damage":0.0,"enemies":"Small Slimes","floor":1.0,"turns":3.0},{"damage":6.0,"enemies":"Jaw Worm","floor":2.0,"turns":2.0},{"damage":0,"enemies":"Cultist","floor":4,"turns":3},{"damage":8,"enemies":"Exordium Wildlife","floor":5,"turns":4},{"damage":28,"enemies":"Lagavulin","floor":7,"turns":5},{"damage":2,"enemies":"2 Fungi Beasts","floor":10,"turns":3},{"damage":0,"enemies":"Large Slime","floor":12,"turns":3},{"damage":8,"enemies":"3 Sentries","floor":14,"turns":4},{"damage":18,"enemies":"Hexaghost","floor":16,"turns":4},{"damage":6,"enemies":"3 Byrds","floor":18,"turns":3},{"damage":12,"enemies":"Spheric Guardian","floor":21,"turns":2},{"damage":20,"enemies":"Slavers","floor":25,"turns":3},{"damage":12,"enemies":"Chosen and Byrds","floor":27,"turns":3},{"damage":6,"enemies":"Snake Plant","floor":29,"turns":3},{"damage":12,"enemies":"Automaton","floor":33,"turns":9},{"damage":6,"enemies":"Orb Walker","floor":35,"turns":3},{"damage":17,"enemies":"3 Shapes","floor":38,"turns":5},{"damage":12,"enemies":"Mind Bloom Boss Battle","floor":39,"turns":3},{"damage":29,"enemies":"Giant Head","floor":41,"turns":8},{"damage":55,"enemies":"Reptomancer","floor":44,"turns":6},{"damage":22,"enemies":"Transient","floor":46,"turns":6},{"damage":27,"enemies":"Writhing Mass","floor":47,"turns":7},{"damage":103,"enemies":"Awakened One","floor":50,"turns":11}],"seed_played":"3899332763321879197","potions_obtained":[{"floor":2.0,"key":"FearPotion"},{"floor":4,"key":"SteroidPotion"},{"floor":10,"key":"SteroidPotion"},{"floor":12,"key":"PowerPotion"},{"floor":27,"key":"PowerPotion"},{"floor":29,"key":"BlessingOfTheForge"},{"floor":33,"key":"ElixirPotion"},{"floor":35,"key":"Strength Potion"},{"floor":46,"key":"Energy Potion"},{"floor":47,"key":"FearPotion"}],"is_trial":false,"path_per_floor":["M","M","?","M","M","R","E","T","T","M","$","M","R","E","R","B",null,"M","?","$","M","?","R","?","E","T","M","R","M","?","?","R","B",null,"M","?","?","M","?","R","E","R","T","E","R","M","M","?","R","B"],"character_chosen":"IRONCLAD","items_purchased":["Molten Egg 2","Orichalcum","Ginger","Dream Catcher","Eternal Feather","Wild Strike+1","OrangePellets","Inflame","Lee\u0027s Waffle"],"campfire_rested":2,"item_purchase_floors":[0,0,0,0,0,0,11,11,20],"current_hp_per_floor":[27,27,32,38,36,45,23,23,23,27,27,33,42,40,49,37,69,69,69,87,81,81,87,87,83,83,77,89,89,60,33,78,72,95,95,85,102,91,85,102,86,104,104,55,108,92,71,71,92,0,0],"gold":580,"neow_bonus":"","is_daily":false,"chose_seed":false,"campfire_upgraded":7,"win_rate":0.0,"timestamp":1610876987,"path_taken":["M","M","?","M","M","R","E","?","T","M","?","M","R","E","R","BOSS","M","?","$","M","?","R","?","E","T","M","R","M","?","?","R","BOSS","M","?","?","M","?","R","E","R","T","E","R","M","M","?","R","BOSS"],"items_purchased_type":["Relic","Relic","Relic","Relic","Relic","Card","Relic","Card","Relic"],"build_version":"2020-12-22","purchased_purges":0,"victory":false,"max_hp_per_floor":[75,75,80,80,80,80,80,80,80,80,80,80,80,80,80,80,80,80,80,87,87,87,87,87,97,97,97,97,97,102,102,102,102,102,102,102,102,102,102,102,109,109,109,109,109,109,109,109,109,109,109],"relic_stats":{"Lee\u0027s Waffle":18,"counters":[50,297],"Self Forming Clay":[117],"Eternal Feather":137,"Juzu Bracelet":2,"Ginger":[12],"Orichalcum":[126],"MawBank":48,"Burning Blood":132,"OrangePellets":[7],"Dream Catcher":2,"Ornamental Fan":[116],"Shuriken":[33],"Pandora\u0027s Box":["Demon Form","Power Through","Pummel","Immolate","Battle Trance","Reckless Charge","Rage","True Grit","Impervious"],"Turnip":[0],"Art of War":[7],"Champion Belt":[19],"obtain_stats":[{"Torii":26,"Nilry\u0027s Codex":19,"Juzu Bracelet":9,"Ginger":0,"Empty Cage":0,"Smiling Mask":41,"Burning Blood":0,"Sozu":17,"Dream Catcher":0,"HornCleat":14,"Mummified Hand":14,"Strawberry":41,"Red Skull":8,"Lee\u0027s Waffle":20,"Pear":25,"Self Forming Clay":26,"Eternal Feather":0,"War Paint":47,"Orichalcum":0,"MawBank":7,"White Beast Statue":45,"Mercury Hourglass":23,"Calling Bell":34,"OrangePellets":11,"Shuriken":9,"Ornamental Fan":8,"Snecko Eye":34,"Molten Egg 2":0,"Pandora\u0027s Box":17,"Turnip":44,"Art of War":34,"Champion Belt":39,"Pocketwatch":34},{"Torii":13,"Nilry\u0027s Codex":10,"Juzu Bracelet":32,"Ginger":27,"Empty Cage":0,"Smiling Mask":20,"Burning Blood":0,"Sozu":9,"Dream Catcher":27,"HornCleat":35,"Mummified Hand":8,"Strawberry":46,"Red Skull":5,"Lee\u0027s Waffle":37,"Pear":39,"Self Forming Clay":39,"Eternal Feather":27,"War Paint":24,"Orichalcum":27,"MawBank":32,"White Beast Statue":23,"Mercury Hourglass":12,"Calling Bell":42,"OrangePellets":33,"Shuriken":5,"Ornamental Fan":32,"Snecko Eye":16,"Molten Egg 2":27,"Pandora\u0027s Box":36,"Turnip":47,"Art of War":42,"Champion Belt":45,"Pocketwatch":42},{"Torii":70,"Nilry\u0027s Codex":54,"Juzu Bracelet":211,"Ginger":194,"Empty Cage":0,"Smiling Mask":117,"Burning Blood":0,"Sozu":48,"Dream Catcher":194,"HornCleat":221,"Mummified Hand":33,"Strawberry":267,"Red Skull":25,"Lee\u0027s Waffle":228,"Pear":233,"Self Forming Clay":233,"Eternal Feather":194,"War Paint":136,"Orichalcum":194,"MawBank":211,"White Beast Statue":130,"Mercury Hourglass":65,"Calling Bell":248,"OrangePellets":214,"Shuriken":25,"Ornamental Fan":211,"Snecko Eye":96,"Molten Egg 2":194,"Pandora\u0027s Box":225,"Turnip":273,"Art of War":248,"Champion Belt":259,"Pocketwatch":248}],"Pocketwatch":[42]},"card_choices":[{"not_picked":["Warcry","Seeing Red"],"picked":"Twin Strike+1","floor":1.0},{"not_picked":["Rage","Twin Strike+1","Rupture"],"picked":"SKIP","floor":2.0},{"not_picked":["True Grit","Cleave+1"],"picked":"Anger+1","floor":4},{"not_picked":["Warcry","Infernal Blade"],"picked":"Headbutt+1","floor":5},{"not_picked":["Havoc","Brutality","Flex"],"picked":"SKIP","floor":7},{"not_picked":["Pummel+1","Warcry","Thunderclap+1"],"picked":"SKIP","floor":10},{"not_picked":["Sever Soul+1","Clash+1"],"picked":"Offering","floor":12},{"not_picked":["Warcry","Perfected Strike+1"],"picked":"Heavy Blade+1","floor":14},{"not_picked":["Berserk","Immolate+1"],"picked":"Offering","floor":16},{"not_picked":["Headbutt+1","Rage"],"picked":"Evolve+1","floor":18},{"not_picked":["Headbutt+1","Wild Strike+1"],"picked":"Seeing Red","floor":21},{"not_picked":["Ghostly Armor","Twin Strike+1"],"picked":"Pommel Strike+1","floor":25},{"not_picked":["Hemokinesis+1","Reckless Charge+1"],"picked":"Rupture","floor":27},{"not_picked":["Pommel Strike+1","Twin Strike+1"],"picked":"Uppercut+1","floor":29},{"not_picked":["Pommel Strike+1","Anger+1"],"picked":"Shrug It Off","floor":32},{"not_picked":["Corruption","Reaper+1"],"picked":"Barricade","floor":33},{"not_picked":["Sword Boomerang+1","Cleave+1"],"picked":"Spot Weakness","floor":35},{"not_picked":["Blind","The Bomb"],"picked":"Flash of Steel+1","floor":36},{"not_picked":["Purity","Panache"],"picked":"Dark Shackles","floor":36},{"not_picked":["Sadistic Nature","Metamorphosis"],"picked":"Discovery","floor":36},{"not_picked":["Perfected Strike+1","Iron Wave+1"],"picked":"Shockwave","floor":38},{"not_picked":["Rupture","Clash+1"],"picked":"True Grit+1","floor":39},{"not_picked":["Twin Strike+1","Heavy Blade+1"],"picked":"Corruption","floor":41},{"not_picked":["Havoc","Clash+1"],"picked":"Burning Pact","floor":44},{"not_picked":["Fire Breathing+1","Iron Wave+1","Warcry"],"picked":"SKIP","floor":46},{"not_picked":["Blood for Blood+1","Wild Strike+1","Clothesline+1"],"picked":"SKIP","floor":47}],"player_experience":679316,"relics_obtained":[{"floor":7,"key":"MawBank"},{"floor":8,"key":"Ornamental Fan"},{"floor":9,"key":"Juzu Bracelet"},{"floor":14,"key":"HornCleat"},{"floor":25,"key":"Pear"},{"floor":26,"key":"Self Forming Clay"},{"floor":34,"key":"Art of War"},{"floor":34,"key":"Shuriken"},{"floor":34,"key":"Pocketwatch"},{"floor":39,"key":"Champion Belt"},{"floor":41,"key":"Strawberry"},{"floor":44,"key":"Turnip"}],"event_choices":[{"damage_healed":0.0,"max_hp_gain":5.0,"max_hp_loss":0.0,"gold_gain":0.0,"event_name":"Big Fish","player_choice":"Donut","floor":3.0,"gold_loss":0.0,"damage_taken":0.0},{"damage_healed":0,"gold_gain":0,"player_choice":"Ignored","damage_taken":0,"max_hp_gain":0,"max_hp_loss":0,"event_name":"Ghosts","floor":19,"gold_loss":0},{"damage_healed":0,"gold_gain":0,"player_choice":"Read","damage_taken":0,"max_hp_gain":0,"max_hp_loss":0,"event_name":"The Library","floor":22,"gold_loss":0,"cards_obtained":["Feel No Pain"]},{"damage_healed":0,"gold_gain":0,"player_choice":"Ignored","damage_taken":0,"max_hp_gain":0,"max_hp_loss":0,"event_name":"Vampires","floor":24,"gold_loss":0},{"damage_healed":0,"gold_gain":0,"player_choice":"Shed Blood","damage_taken":34,"max_hp_gain":5,"max_hp_loss":0,"event_name":"Forgotten Altar","floor":30,"gold_loss":0},{"damage_healed":0,"gold_gain":270,"player_choice":"GOLD GOLD GOLD ","damage_taken":27,"max_hp_gain":0,"max_hp_loss":0,"event_name":"Knowing Skull","floor":31,"potions_obtained":[],"gold_loss":0,"cards_obtained":[]},{"damage_healed":0,"gold_gain":0,"player_choice":"Memory 3","damage_taken":10,"max_hp_gain":0,"max_hp_loss":0,"event_name":"SensoryStone","floor":36,"gold_loss":0},{"cards_removed":["Reckless Charge"],"damage_healed":17,"gold_gain":0,"player_choice":"Offered Uncommon","damage_taken":0,"max_hp_gain":0,"max_hp_loss":0,"event_name":"Bonfire Elementals","floor":37,"gold_loss":0},{"damage_healed":0,"gold_gain":0,"player_choice":"Fight","damage_taken":0,"max_hp_gain":0,"max_hp_loss":0,"event_name":"MindBloom","floor":39,"gold_loss":0},{"cards_removed":["Uppercut"],"damage_healed":0,"gold_gain":0,"player_choice":"Removed Attack","damage_taken":0,"max_hp_gain":0,"max_hp_loss":0,"event_name":"Falling","floor":48,"gold_loss":0}],"is_beta":false,"boss_relics":[{"not_picked":["Ectoplasm","Fusion Hammer"],"picked":"Pandora\u0027s Box"},{"not_picked":["Black Star","Empty Cage"],"picked":"Calling Bell"}],"items_purged_floors":[],"is_endless":false,"potions_floor_spawned":[2,4,10,12,27,29,33,35,39,46,47],"killed_by":"Awakened One","ascension_level":20}}