{"host":"04hh9gplt9wkfmr1","time":1610883181,"event":{"mods":["AchievementEnabler","BaseMod","Colored Map","KOR Keyword Fix","Minty Spire (QoL Compilation)","Rare Cards Sparkle","SuperFastMode"],"gold_per_floor":[114,124,199,199,41,41,54,54,54,94,94,135,155,169,169,288,288,311,410,860,880,900,900,900],"floor_reached":23,"language":"KOR","playtime":571,"items_purged":["Writhe"],"score":221,"play_id":"0916d027-5ec1-426e-9344-17a741a90e10","local_time":"20210117203301","is_ascension_mode":true,"campfire_choices":[{"data":"Armaments","floor":6.0,"key":"SMITH"},{"data":"Demon Form","floor":8.0,"key":"SMITH"},{"data":"Bandage Up","floor":11.0,"key":"SMITH"},{"data":"Shockwave","floor":15.0,"key":"SMITH"}],"circlet_count":0,"master_deck":["Strike_R","Strike_R","Strike_R","Strike_R","Strike_R","Defend_R","Defend_R","Defend_R","Defend_R","Bash","Demon Form+1","Armaments+1","Bandage Up+1","Shockwave+1","Offering","Carnage"],"relics":["Black Blood","Golden Idol","Darkstone Periapt","Omamori","Regal Pillow"],"acts_visited":["Exordium","TheCity"],"potions_floor_usage":[23],"damage_taken":[{"damage":10.0,"enemies":"Cultist","floor":1.0,"turns":5.0},{"damage":12.0,"enemies":"Jaw Worm","floor":2.0,"turns":4.0},{"damage":0.0,"enemies":"2 Louse","floor":7.0,"turns":4.0},{"damage":27.0,"enemies":"Gremlin Nob","floor":10.0,"turns":5.0},{"damage":10.0,"enemies":"Lagavulin","floor":12.0,"turns":6.0},{"damage":13.0,"enemies":"2 Fungi Beasts","floor":13.0,"turns":4.0},{"damage":10.0,"enemies":"Red Slaver","floor":14.0,"turns":4.0},{"damage":18.0,"enemies":"Hexaghost","floor":16.0,"turns":8.0},{"damage":34.0,"enemies":"Spheric Guardian","floor":18.0,"turns":7.0},{"damage":18.0,"enemies":"Chosen","floor":21.0,"turns":4.0},{"damage":20.0,"enemies":"Centurion and Healer","floor":22.0,"turns":6.0},{"damage":37,"enemies":"Gremlin Leader","floor":23,"turns":2}],"seed_played":"-1161186111542020997","potions_obtained":[{"floor":2.0,"key":"ElixirPotion"},{"floor":7.0,"key":"SneckoOil"},{"floor":13.0,"key":"BloodPotion"},{"floor":21.0,"key":"ElixirPotion"}],"is_trial":false,"path_per_floor":["M","M","?","?","$","R","M","R","T","E","R","E","M","M","R","B",null,"M","?","?","M","M","E"],"character_chosen":"IRONCLAD","items_purchased":["Bandage Up"],"campfire_rested":0,"item_purchase_floors":[5],"current_hp_per_floor":[76,70,59,39,39,39,51,51,51,34,34,36,35,37,37,31,80,64,64,18,34,32,0,0],"gold":900,"neow_bonus":"THREE_RARE_CARDS","is_daily":false,"chose_seed":false,"campfire_upgraded":4,"win_rate":0.0,"timestamp":1610883181,"path_taken":["M","M","?","?","?","R","M","R","T","E","R","E","M","M","R","BOSS","M","?","?","?","?","E"],"items_purchased_type":["Card"],"build_version":"2020-12-22","purchased_purges":1,"victory":false,"max_hp_per_floor":[80,80,80,80,80,80,80,80,80,80,80,80,80,80,80,80,80,80,80,80,80,80,80,80],"card_choices":[{"not_picked":["Bludgeon","Corruption"],"picked":"Demon Form","floor":0.0},{"not_picked":["Rage","Power Through"],"picked":"Armaments","floor":1.0},{"not_picked":["Bloodletting","Havoc","Cleave"],"picked":"SKIP","floor":2.0},{"not_picked":["Sword Boomerang","Armaments"],"picked":"Shockwave","floor":7.0},{"not_picked":["Cleave","True Grit","Warcry"],"picked":"SKIP","floor":10.0},{"not_picked":["Brutality","Blood for Blood","Havoc"],"picked":"SKIP","floor":12.0},{"not_picked":["Twin Strike","Sword Boomerang","Clothesline"],"picked":"SKIP","floor":13.0},{"not_picked":["True Grit","Body Slam","Thunderclap"],"picked":"SKIP","floor":14.0},{"not_picked":["Feed","Bludgeon"],"picked":"Offering","floor":16.0},{"not_picked":["Combust","Twin Strike","Clothesline"],"picked":"SKIP","floor":18.0},{"not_picked":["Burning Pact","Carnage","Second Wind"],"picked":"SKIP","floor":21.0},{"not_picked":["Burning Pact","Second Wind"],"picked":"Carnage","floor":21.0},{"not_picked":["Hemokinesis","Body Slam+1","Flex"],"picked":"SKIP","floor":22.0}],"player_experience":44387,"relics_obtained":[{"floor":9.0,"key":"Darkstone Periapt"},{"floor":10.0,"key":"Omamori"},{"floor":12.0,"key":"Regal Pillow"}],"event_choices":[{"damage_healed":0.0,"max_hp_gain":0.0,"max_hp_loss":0.0,"gold_gain":75.0,"event_name":"World of Goop","player_choice":"Gather Gold","floor":3.0,"gold_loss":0.0,"damage_taken":11.0},{"damage_healed":0.0,"max_hp_gain":0.0,"max_hp_loss":0.0,"gold_gain":0.0,"event_name":"Golden Idol","player_choice":"Take Damage","floor":4.0,"gold_loss":0.0,"damage_taken":20.0,"relics_obtained":["Golden Idol"]},{"damage_healed":0.0,"max_hp_gain":0.0,"max_hp_loss":0.0,"gold_gain":99.0,"event_name":"Nest","player_choice":"Stole From Cult","floor":19.0,"gold_loss":0.0,"damage_taken":0.0},{"damage_healed":0.0,"max_hp_gain":0.0,"max_hp_loss":0.0,"gold_gain":450.0,"event_name":"Knowing Skull","player_choice":"GOLD GOLD GOLD GOLD GOLD ","floor":20.0,"potions_obtained":[],"gold_loss":0.0,"damage_taken":46.0,"cards_obtained":[]}],"is_beta":false,"boss_relics":[{"not_picked":["Fusion Hammer","Runic Pyramid"],"picked":"Black Blood"}],"items_purged_floors":[5],"is_endless":false,"potions_floor_spawned":[2,7,13,21],"killed_by":"Gremlin Leader","ascension_level":2}}