{"host":"ojme7g6xlqwffsso","time":1610873121,"event":{"mods":["BaseMod","Downfall","Minty Spire (QoL Compilation)","Shop Mod","StSLib"],"gold_per_floor":[99,99,99,99,45,45,91,91,104,135,153,181,81,111,129,229,229,129,139,56,76,125,151,222,222,235,235,251,276,292,305,322,421,421,421,434,453,379,379,196,196,211,211,111,123,137,162,162,177,177,177,211,15,15,15,15,15],"floor_reached":56,"language":"ENG","playtime":3626,"items_purged":["bronze:Strike","bronze:Strike"],"score":850,"play_id":"2ad43820-ed9c-4290-9e8f-e90fbbfdb66e","local_time":"20210117174521","is_ascension_mode":true,"campfire_choices":[{"data":"bronze:Goto","floor":1,"key":"SMITH"},{"data":"bronze:Replicate","floor":8,"key":"SMITH"},{"data":"Regret","floor":13,"key":"PURGE"},{"data":"bronze:Strike","floor":18,"key":"PURGE"},{"data":"bronze:MaxOutput","floor":27,"key":"SMITH"},{"floor":35,"key":"RECALL"},{"data":"bronze:Defend","floor":44,"key":"PURGE"},{"floor":54,"key":"REST"}],"circlet_count":0,"master_deck":["bronze:Defend","bronze:Defend","bronze:Replicate+1","bronze:Goto+1","bronze:WhirlingStrike","bronze:Safeguard+1","bronze:CutThrough","bronze:MaxOutput+1","bronze:Separator","bronze:CutThrough","bronze:Constructor","bronze:GetLatest+1","bronze:InfiniteLoop","bronze:Turbo+1","bronze:Optimize+1","bronze:Fortify+1","bronze:HyperBeam","bronze:Repulsor","bronze:ChosenStrike","bronze:ShipIt","bronze:FollowUp","bronze:WildBeam+1","bronze:ItsAFeature","bronze:Overload+1","bronze:Separator","bronze:Optimize+1","bronze:BronzeOrb","bronze:Constructor+1","bronze:InfiniteBeams"],"relics":["bronze:PlatinumCore","downfall:HeartsMalice","Ginger","Mercury Hourglass","downfall:HeartBlessingGreen","Toy Ornithopter","Philosopher\u0027s Stone","downfall:HeartBlessingBlue","Bottled Flame","Bottled Tornado","Ice Cream","Anchor","bronze:CableSpool","downfall:HeartBlessingRed","Letter Opener","Thread and Needle","MerchantsRug"],"acts_visited":["Exordium","TheCity","TheBeyond","TheEnding"],"potions_floor_usage":[10,16,29,33,38,49,49,49,49,50,50,56],"damage_taken":[{"damage":0,"enemies":"Jaw Worm","floor":4,"turns":1},{"damage":0,"enemies":"downfall:FleeingMerchant","floor":5,"turns":1},{"damage":0,"enemies":"2 Louse","floor":6,"turns":1},{"damage":6,"enemies":"Cultist","floor":9,"turns":2},{"damage":10,"enemies":"Gremlin Nob","floor":10,"turns":3},{"damage":13,"enemies":"Exordium Thugs","floor":11,"turns":3},{"damage":18,"enemies":"3 Sentries","floor":12,"turns":8},{"damage":1,"enemies":"Lagavulin","floor":14,"turns":5},{"damage":6,"enemies":"3 Louse","floor":15,"turns":2},{"damage":0,"enemies":"IC_STATUS_ARCHETYPE","floor":16,"turns":8},{"damage":6,"enemies":"Chosen","floor":19,"turns":4},{"damage":0,"enemies":"downfall:FleeingMerchant","floor":20,"turns":4},{"damage":4,"enemies":"3 Byrds","floor":21,"turns":4},{"damage":10,"enemies":"Gremlin Leader","floor":23,"turns":6},{"damage":13,"enemies":"Centurion and Healer","floor":26,"turns":3},{"damage":5,"enemies":"Sentry and Sphere","floor":28,"turns":3},{"damage":14,"enemies":"Book of Stabbing","floor":29,"turns":4},{"damage":0,"enemies":"Snake Plant","floor":30,"turns":4},{"damage":1,"enemies":"3 Cultists","floor":31,"turns":4},{"damage":7,"enemies":"Centurion and Healer","floor":32,"turns":4},{"damage":9,"enemies":"WA_ARCHETYPE_CALM","floor":33,"turns":5},{"damage":9,"enemies":"3 Darklings","floor":36,"turns":5},{"damage":9,"enemies":"3 Shapes","floor":37,"turns":4},{"damage":10,"enemies":"downfall:FleeingMerchant","floor":38,"turns":4},{"damage":7,"enemies":"3 Darklings","floor":42,"turns":3},{"damage":0,"enemies":"Spire Growth","floor":45,"turns":3},{"damage":10,"enemies":"4 Shapes","floor":46,"turns":3},{"damage":47,"enemies":"Nemesis","floor":47,"turns":5},{"damage":0,"enemies":"Maw","floor":49,"turns":4},{"damage":4,"enemies":"SI_POISON_ARCHETYPE","floor":50,"turns":8},{"damage":69,"enemies":"downfall:CharBossMerchant","floor":52,"turns":8},{"damage":16,"enemies":"downfall:NeowBoss","floor":55,"turns":13},{"damage":62,"enemies":"downfall:NeowBossFinal","floor":56,"turns":5}],"seed_played":"-5344688774272240605","potions_obtained":[{"floor":9,"key":"FearPotion"},{"floor":12,"key":"AttackPotion"},{"floor":15,"key":"DuplicationPotion"},{"floor":21,"key":"SpeedPotion"},{"floor":23,"key":"FearPotion"},{"floor":30,"key":"Strength Potion"},{"floor":36,"key":"EntropicBrew"},{"floor":46,"key":"Dexterity Potion"},{"floor":49,"key":"Strength Potion"},{"floor":52,"key":"sneckomod:MuddlingPotion"}],"is_trial":false,"path_per_floor":["R","?","?","M","$","M","T","R","M","E","M","E","R","E","M","B",null,"R","M","$","M","T","E","T","?","M","R","M","E","M","M","M","B",null,"R","M","M","$","?","$","T","M","?","R","M","M","E","T","M","B",null,"E","$","R","B","B"],"character_chosen":"THE_AUTOMATON","items_purchased":["bronze:CutThrough","bronze:Optimize","Ice Cream","bronze:ItsAFeature","Anchor","MerchantsRug","bronze:InfiniteBeams"],"campfire_rested":1,"item_purchase_floors":[5,20,38,40,40,53,53],"current_hp_per_floor":[70,70,70,70,70,70,70,70,64,54,41,23,23,22,16,21,70,80,74,74,70,77,67,67,59,46,46,41,42,42,41,34,30,97,97,88,79,74,74,74,74,67,67,67,67,57,10,10,30,36,97,28,28,57,41,0,0],"gold":15,"neow_bonus":"THREE_ENEMY_KILL","is_daily":false,"chose_seed":false,"campfire_upgraded":3,"win_rate":0.0,"timestamp":1610873121,"path_taken":["R","?","?","M","$","M","T","R","M","E","M","E","R","E","M","BOSS","R","M","$","?","?","E","T","?","M","R","?","E","M","M","M","BOSS","R","M","M","$","?","$","T","M","?","R","M","M","E","?","M","BOSS","E","$","R","BOSS","BOSS"],"items_purchased_type":["Card","Card","Relic","Card","Relic","Relic","Card"],"build_version":"2020-12-22","purchased_purges":2,"victory":false,"max_hp_per_floor":[70,70,70,70,70,70,70,70,70,70,70,70,70,70,70,70,70,80,80,80,80,87,87,87,87,87,87,87,97,97,97,97,97,97,97,97,97,97,97,97,97,97,97,97,97,97,97,97,97,97,97,97,97,97,97,97,97],"card_choices":[{"not_picked":["bronze:BuggyMess","bronze:BitShift"],"picked":"bronze:WhirlingStrike","floor":4},{"not_picked":["bronze:BitShift","bronze:ChildClass"],"picked":"bronze:Safeguard","floor":5},{"not_picked":["bronze:DelayedGuard","bronze:Constructor"],"picked":"bronze:MaxOutput","floor":6},{"not_picked":["bronze:Verify","bronze:FineTuning"],"picked":"bronze:Separator","floor":9},{"not_picked":["bronze:WildBeam","bronze:Separator"],"picked":"bronze:CutThrough","floor":10},{"not_picked":["bronze:Overload","bronze:Deprecate"],"picked":"bronze:Constructor","floor":11},{"not_picked":["bronze:MaxOutput","bronze:BugBarrage","bronze:Allocate"],"picked":"SKIP","floor":12},{"not_picked":["bronze:Separator","bronze:Deprecate","bronze:FindAndReplace"],"picked":"SKIP","floor":14},{"not_picked":["bronze:CutThrough","bronze:DigitalCarnage"],"picked":"bronze:GetLatest","floor":15},{"not_picked":["bronze:Break","bronze:Verify"],"picked":"bronze:InfiniteLoop","floor":16},{"not_picked":["bronze:WhirlingStrike","bronze:Allocate","bronze:Separator"],"picked":"SKIP","floor":19},{"not_picked":["bronze:Frontload+1","bronze:BugBarrage"],"picked":"bronze:Turbo+1","floor":20},{"not_picked":["bronze:OilSpill","bronze:DelayedGuard"],"picked":"bronze:Fortify+1","floor":21},{"not_picked":["bronze:Branch","bronze:WhirlingStrike+1"],"picked":"bronze:HyperBeam","floor":23},{"not_picked":["bronze:Branch","bronze:BitShift"],"picked":"bronze:CutThrough","floor":26},{"not_picked":["bronze:Backtrace+1","bronze:ForLoop","bronze:BuggyMess"],"picked":"SKIP","floor":28},{"not_picked":["bronze:DelayedGuard","bronze:Turbo"],"picked":"bronze:Repulsor","floor":29},{"not_picked":["bronze:Turbo","bronze:Branch"],"picked":"bronze:ChosenStrike","floor":30},{"not_picked":["bronze:Boost","bronze:Overheat"],"picked":"bronze:ShipIt","floor":31},{"not_picked":["bronze:DelayedSlice+1","bronze:DelayedGuard"],"picked":"bronze:FollowUp","floor":32},{"not_picked":["bronze:Frontload+1","bronze:Invalidate+1"],"picked":"bronze:WildBeam+1","floor":36},{"not_picked":["bronze:WildBeam+1","bronze:Shield","bronze:WhirlingStrike"],"picked":"SKIP","floor":37},{"not_picked":["bronze:Branch","bronze:Repulsor","bronze:BuggyMess"],"picked":"SKIP","floor":38},{"not_picked":["bronze:ChosenStrike+1","bronze:Invalidate"],"picked":"bronze:Overload+1","floor":42},{"not_picked":["bronze:BuggyMess+1","bronze:Shield+1"],"picked":"bronze:Optimize+1","floor":45},{"not_picked":["bronze:GetLatest","bronze:Frontload+1","bronze:BugBarrage"],"picked":"SKIP","floor":46},{"not_picked":["bronze:Shell","bronze:Branch+1","bronze:BronzeArmor"],"picked":"SKIP","floor":47},{"not_picked":["bronze:Invalidate+1","bronze:Shell+1"],"picked":"bronze:BronzeOrb","floor":49},{"not_picked":["bronze:Backtrace","bronze:CleanCode"],"picked":"bronze:Constructor+1","floor":52}],"player_experience":868864,"relics_obtained":[{"floor":10,"key":"Mercury Hourglass"},{"floor":12,"key":"Peace Pipe"},{"floor":14,"key":"Toy Ornithopter"},{"floor":22,"key":"Strawberry"},{"floor":23,"key":"Bottled Flame"},{"floor":24,"key":"Bottled Tornado"},{"floor":29,"key":"Pear"},{"floor":41,"key":"bronze:CableSpool"},{"floor":47,"key":"Letter Opener"},{"floor":48,"key":"Thread and Needle"},{"floor":52,"key":"War Paint"}],"event_choices":[{"damage_healed":0,"gold_gain":0,"player_choice":"Box","damage_taken":0,"relics_obtained":["Ginger"],"max_hp_gain":0,"max_hp_loss":0,"event_name":"Big Fish","floor":2,"gold_loss":0,"cards_obtained":["Regret"]},{"cards_removed":["bronze:CutThrough"],"damage_healed":0,"gold_gain":0,"player_choice":"Removed Attack","damage_taken":0,"max_hp_gain":0,"max_hp_loss":0,"event_name":"Falling","floor":39,"gold_loss":0}],"is_beta":false,"boss_relics":[{"not_picked":["SacredBark","Empty Cage"],"picked":"Philosopher\u0027s Stone"},{"not_picked":["Pandora\u0027s Box","Black Star"],"picked":"bronze:PlatinumCore"}],"items_purged_floors":[38,53],"is_endless":false,"potions_floor_spawned":[9,12,15,21,23,28,30,32,36,46,49,52],"killed_by":"downfall:NeowBossFinal","ascension_level":1}}