{"host":"KYO","time":1610851065,"event":{"mods":["ATMod(°¢èªMod)","BaseMod","Minty Spire (QoL Compilation)","Shop Mod","StSLib","SuperFastMode","[IsaacMod]ÒÔÈö¼âËþ","¡¾ÒÅÎï¿¨ÅÆ¡¿REMEMod"],"gold_per_floor":[116,127,127,140,140,204,204,221,270,299,358,383,403,403,403,403,403],"floor_reached":16,"language":"ZHS","playtime":771,"items_purged":[],"score":270,"play_id":"8c6a5d3f-2070-4a1b-ba01-752d15fc896a","local_time":"20210117103745","is_ascension_mode":true,"campfire_choices":[{"data":"Neutralize","floor":7.0,"key":"SMITH"},{"floor":15.0,"key":"REST"}],"circlet_count":0,"master_deck":["AscendersBane","Strike_G","Strike_G","Strike_G","Strike_G","Strike_G","Defend_G","Defend_G","Defend_G","Defend_G","Defend_G","Survivor","Neutralize+1","AT_FamilyPortrait","REME_BattleFury+1","Reflex","Corpse Explosion"],"relics":["Ring of the Snake","HushsDoor","AT_ATBox","REME_ComplimentaryCards","Gambling Chip","TheBean","TheBible","Toy Ornithopter","Nunchaku","Odd Mushroom"],"acts_visited":["Exordium"],"potions_floor_usage":[16],"damage_taken":[{"damage":0.0,"enemies":"Jaw Worm","floor":1.0,"turns":3.0},{"damage":0.0,"enemies":"Small Slimes","floor":2.0,"turns":2.0},{"damage":0.0,"enemies":"Cultist","floor":4.0,"turns":2.0},{"damage":20.0,"enemies":"Lagavulin","floor":6.0,"turns":3.0},{"damage":0.0,"enemies":"Looter","floor":8.0,"turns":2.0},{"damage":0.0,"enemies":"3 Sentries","floor":10.0,"turns":5.0},{"damage":22.0,"enemies":"Gremlin Nob","floor":11.0,"turns":4.0},{"damage":0.0,"enemies":"The Mushroom Lair","floor":12.0,"turns":2.0},{"damage":0.0,"enemies":"2 Fungi Beasts","floor":13.0,"turns":2.0},{"damage":18,"enemies":"Slime Boss","floor":16,"turns":8}],"seed_played":"235995546115993421","potions_obtained":[{"floor":1.0,"key":"REME_GoldPotion"},{"floor":8.0,"key":"Energy Potion"},{"floor":12.0,"key":"Fire Potion"}],"is_trial":false,"path_per_floor":["M","M","?","M","?","E","R","M","T","E","?","?","M","?","R","B"],"character_chosen":"THE_SILENT","items_purchased":[],"campfire_rested":1,"item_purchase_floors":[],"current_hp_per_floor":[44,44,44,44,44,24,24,24,24,24,2,2,2,2,21,8,8],"gold":403,"neow_bonus":"ONE_RARE_RELIC","is_daily":false,"chose_seed":false,"campfire_upgraded":1,"win_rate":0.0,"timestamp":1610851065,"path_taken":["M","M","?","M","?","E","R","M","T","E","?","?","M","?","R","BOSS"],"items_purchased_type":[],"build_version":"2020-12-18","purchased_purges":0,"victory":false,"max_hp_per_floor":[66,66,66,66,66,66,66,66,66,66,66,66,66,66,66,66,66],"card_choices":[{"not_picked":["Dagger Throw","Slice","AT_TinkerSharpsword"],"picked":"SKIP","floor":1.0},{"not_picked":["Noxious Fumes","Setup","Deadly Poison"],"picked":"SKIP","floor":2.0},{"not_picked":["Cloak And Dagger","Outmaneuver","Endless Agony"],"picked":"SKIP","floor":4.0},{"not_picked":["Dodge and Roll","Poisoned Stab"],"picked":"Reflex","floor":6.0},{"not_picked":["Dagger Throw","Dagger Spray"],"picked":"Corpse Explosion","floor":8.0},{"not_picked":["Predator","Cloak And Dagger","Skewer"],"picked":"SKIP","floor":10.0},{"not_picked":["Slice","Deadly Poison","Poisoned Stab"],"picked":"SKIP","floor":13.0}],"player_experience":607661,"relics_obtained":[{"floor":6.0,"key":"TheBible"},{"floor":10.0,"key":"Toy Ornithopter"},{"floor":11.0,"key":"Nunchaku"},{"floor":12.0,"key":"Odd Mushroom"}],"event_choices":[{"damage_healed":0.0,"max_hp_gain":0.0,"max_hp_loss":0.0,"gold_gain":0.0,"event_name":"Liars Game","player_choice":"Ignored","floor":3.0,"gold_loss":0.0,"damage_taken":0.0},{"damage_healed":0.0,"max_hp_gain":0.0,"max_hp_loss":0.0,"gold_gain":0.0,"event_name":"Upgrade Shrine","player_choice":"Upgraded","floor":5.0,"gold_loss":0.0,"damage_taken":0.0,"cards_upgraded":["REME_BattleFury"]},{"damage_healed":0.0,"max_hp_gain":0.0,"max_hp_loss":0.0,"gold_gain":0.0,"event_name":"Dead Adventurer","player_choice":"Searched \u00272\u0027 times","floor":11.0,"gold_loss":0.0,"damage_taken":0.0},{"damage_healed":0.0,"max_hp_gain":0.0,"max_hp_loss":0.0,"gold_gain":0.0,"event_name":"Mushrooms","player_choice":"Fought Mushrooms","floor":12.0,"gold_loss":0.0,"damage_taken":0.0},{"damage_healed":0.0,"max_hp_gain":0.0,"max_hp_loss":0.0,"gold_gain":0.0,"event_name":"Golden Wing","player_choice":"Ignored","floor":14.0,"gold_loss":0.0,"damage_taken":0.0}],"is_beta":true,"boss_relics":[],"items_purged_floors":[],"is_endless":false,"potions_floor_spawned":[1,8,12,13],"killed_by":"Slime Boss","ascension_level":20}}