{"host":"tcdxiwht2vajk3tk","time":1610902015,"event":{"mods":["AchievementEnabler","BaseMod","Beaked The Cultist","Conspire","Defuse TimeMaze Blight","Downfall","Halation","Hermit","Hubris","Infinite Spire","Lobotomy","Minty Spire (QoL Compilation)","Shop Mod","StSLib","The Cursed","The Disciple","vexMod"],"gold_per_floor":[99,113,131,131,581,581,581,611,611,70,70,94,129,11,29,126,126,126,150,178,210,210,210,210,210,261,279,313,13,41,73,101,205,205,205,231,231,248,16,16,98,132,162,62,62,86,86,86,102,213,213,213,223,239,239,689,689,766,795,809,821,854,170,170,2,16,119,169,169,185,205,205,217,217,251,131,131,131,144,173,173,173,173,173],"floor_reached":82,"language":"ENG","playtime":7015,"items_purged":["downfall:Icky","downfall:Icky","downfall:Icky","downfall:Icky","downfall:Icky"],"score":1482,"play_id":"2c4ee313-831f-496d-8446-ed201fdb9d51","local_time":"20210117114655","is_ascension_mode":true,"campfire_choices":[{"data":"hexamod:Sear","floor":1.0,"key":"SMITH"},{"data":"infinitespire:Execution","floor":6.0,"key":"SMITH"},{"floor":9.0,"key":"REST"},{"data":"hexamod:RainOfEmbers","floor":11.0,"key":"SMITH"},{"floor":18.0,"key":"RECALL"},{"data":"hexamod:GhostOfSpirePast","floor":29.0,"key":"SMITH"},{"data":"hexamod:Toasty","floor":35.0,"key":"SMITH"},{"data":"hexamod:UnlimitedPower","floor":40.0,"key":"SMITH"},{"data":"hexamod:HexaLevel","floor":45.0,"key":"SMITH"},{"data":"hexamod:RetreatToShadows","floor":47.0,"key":"SMITH"},{"data":"hexamod:VolcanoVisage","floor":52.0,"key":"SMITH"},{"data":"hexamod:RadiantFlame","floor":57.0,"key":"SMITH"},{"data":"expansioncontent:StudyTheSpire","floor":64.0,"key":"SMITH"},{"data":"infinitespire:Punishment","floor":69.0,"key":"SMITH"},{"data":"Madness","floor":74.0,"key":"SMITH"},{"data":"hexamod:RetreatToShadows","floor":78.0,"key":"SMITH"},{"floor":81,"key":"REST"}],"circlet_count":0,"master_deck":["hexamod:Strike","hexamod:Strike","hexamod:Strike","hexamod:Strike+1","hexamod:Defend+1","hexamod:Defend+1","hexamod:Defend","hexamod:Defend","hexamod:Sear+1","hexamod:Float+1","hexamod:GhostflameBarrier","hexamod:SpectersWail+1","infinitespire:Execution+1","hexamod:StepThrough","hexamod:HeatMetal+1","hexamod:RainOfEmbers+1","hexamod:SpectralSpark+1","hexamod:SecondSeal","hexamod:SoulSteal","hexamod:GhostOfSpirePast+1","hexamod:Toasty+1","hexamod:HeatCrush","hexamod:FourthSeal","hexamod:FlamesFromBeyond","hexamod:ShieldOfDarkness","hexamod:CatchUp","hexamod:PhantomCloak+1","hexamod:SixthSeal","hexamod:SoulSteal+1","hexamod:HexaLevel+1","hexamod:SixthSeal","hexamod:UnlimitedPower+1","hexamod:NightmareStrike+1","hexamod:RetreatToShadows+1","hexamod:RetreatToShadows+1","hexamod:SwordOfDarkness+1","hexamod:NightmareGuise+1","hexamod:RetreatToShadows","hexamod:FifthSeal","infinitespire:Gouge","infinitespire:SevenWalls","hexamod:RadiantFlame+1","hexamod:SecondSeal","hexamod:VolcanoVisage+1","CurseOfTheBell","hexamod:PhantomFireball","hexamod:Hexaguard","hexamod:HauntingEcho","hexamod:FirstSeal","hexamod:AdvancingGuard","hexamod:ApocalypseNow","hexamod:RainOfEmbers","hexamod:RadiantFlame","hexamod:UnlimitedPower","expansioncontent:StudyTheSpire+1","hexamod:EmpoweredFlame","Guardian:Gem_Red","hexamod:HexaLevel","Endless Agony","infinitespire:Punishment+1","hexamod:ThirdSeal","Guardian:Gem_Synthetic","beaked:Overpower","Lantern","hexamod:FourthSeal","Madness+1","hermit:Dive","hexamod:FlamesFromBeyond","hexamod:HeatCrush","Panacea","champ:BerserkersShout","infinitespire:Starlight","Stagnate"],"relics":["hexamod:SpiritBrand","infinitespire:BottledMercury","Shuriken","infinitespire:FocusingShard","MerchantsRug","hubris:OldNail","beaked:MendingPlumage","Bottled Flame","Lantern","Happy Flower","downfall:HeartBlessingRed","downfall:HeartBlessingBlue","downfall:HeartBlessingGreen","halation:BottledLove","Black Star","hubris:Towel","infinitespire:Lucky Rock","hubris:MysteriousPyramids","hexamod:MatchstickCase","Incense Burner","hexamod:TheBrokenSeal","halation:LettersToHer","infinitespire:EmpoweringShard","Torii","hubris:SphereOfDissonance","Strawberry","Turnip","PrismaticShard","Vajra"],"acts_visited":["Exordium","TheCity","TheBeyond","Exordium","TheCity"],"potions_floor_usage":[80,80,80,82,82,82],"damage_taken":[{"damage":1.0,"enemies":"Jaw Worm","floor":2.0,"turns":3.0},{"damage":4.0,"enemies":"conspire:RoseBush","floor":3.0,"turns":3.0},{"damage":15.0,"enemies":"Gremlin Nob","floor":8.0,"turns":4.0},{"damage":0.0,"enemies":"downfall:FleeingMerchant","floor":10.0,"turns":4.0},{"damage":0.0,"enemies":"Cultist","floor":12.0,"turns":3.0},{"damage":20.0,"enemies":"Lagavulin","floor":13.0,"turns":4.0},{"damage":7.0,"enemies":"downfall:FleeingMerchant","floor":14.0,"turns":4.0},{"damage":6.0,"enemies":"conspire:2 RoseBushes","floor":15.0,"turns":3.0},{"damage":20.0,"enemies":"WA_ARCHETYPE_RETAIN","floor":16.0,"turns":6.0},{"damage":7.0,"enemies":"Spheric Guardian","floor":19.0,"turns":4.0},{"damage":11.0,"enemies":"Snake Plant","floor":20.0,"turns":2.0},{"damage":14.0,"enemies":"conspire:HollyBat","floor":21.0,"turns":8.0},{"damage":20.0,"enemies":"conspire:Head Lice","floor":26.0,"turns":7.0},{"damage":8.0,"enemies":"Snecko","floor":27.0,"turns":3.0},{"damage":37.0,"enemies":"Slavers","floor":28.0,"turns":4.0},{"damage":75.0,"enemies":"Nightmare","floor":30.0,"turns":8.0},{"damage":11.0,"enemies":"Cultist and Chosen","floor":31.0,"turns":4.0},{"damage":0.0,"enemies":"conspire:HollyBat","floor":32.0,"turns":9.0},{"damage":83.0,"enemies":"SI_MIRROR_ARCHETYPE","floor":33.0,"turns":12.0},{"damage":53.0,"enemies":"3 Shapes","floor":36.0,"turns":8.0},{"damage":4.0,"enemies":"Orb Walker","floor":38.0,"turns":3.0},{"damage":4.0,"enemies":"downfall:FleeingMerchant","floor":39.0,"turns":4.0},{"damage":9.0,"enemies":"Maw","floor":42.0,"turns":6.0},{"damage":44.0,"enemies":"Jaw Worm Horde","floor":43.0,"turns":6.0},{"damage":0.0,"enemies":"Sphere and 2 Shapes","floor":49.0,"turns":2.0},{"damage":55.0,"enemies":"IC_BLOCK_ARCHETYPE","floor":50.0,"turns":9.0},{"damage":0.0,"enemies":"2 Louse","floor":53.0,"turns":2.0},{"damage":0.0,"enemies":"Small Slimes","floor":54.0,"turns":2.0},{"damage":0.0,"enemies":"Gremlin Nob","floor":59.0,"turns":2.0},{"damage":0.0,"enemies":"Jaw Worm","floor":60.0,"turns":2.0},{"damage":0.0,"enemies":"2 Fungi Beasts","floor":61.0,"turns":1.0},{"damage":0.0,"enemies":"Lagavulin","floor":62.0,"turns":1.0},{"damage":0.0,"enemies":"downfall:FleeingMerchant","floor":63.0,"turns":2.0},{"damage":0.0,"enemies":"Red Slaver","floor":66.0,"turns":2.0},{"damage":9.0,"enemies":"The Guardian","floor":67.0,"turns":3.0},{"damage":13.0,"enemies":"3 Byrds","floor":70.0,"turns":4.0},{"damage":0.0,"enemies":"Shell Parasite","floor":71.0,"turns":1.0},{"damage":3.0,"enemies":"Sentry and Sphere","floor":73.0,"turns":5.0},{"damage":7.0,"enemies":"Gremlin Leader","floor":75.0,"turns":3.0},{"damage":0.0,"enemies":"Snake Plant","floor":79.0,"turns":2.0},{"damage":121,"enemies":"Nightmare_Alpha","floor":80,"turns":7},{"damage":51,"enemies":"Centurion and Healer","floor":82,"turns":1}],"seed_played":"2065378160674630894","potions_obtained":[{"floor":3.0,"key":"BlessingOfTheForge"},{"floor":8.0,"key":"LiquidBronze"},{"floor":13.0,"key":"Dexterity Potion"},{"floor":19.0,"key":"Explosive Potion"},{"floor":21.0,"key":"SneckoOil"},{"floor":26.0,"key":"LiquidBronze"},{"floor":26.0,"key":"Strength Potion"},{"floor":27.0,"key":"Block Potion"},{"floor":28.0,"key":"SmokeBomb"},{"floor":28.0,"key":"Fire Potion"},{"floor":28.0,"key":"conspire:TimeTravelPotion"},{"floor":30.0,"key":"EssenceOfSteel"},{"floor":30.0,"key":"LiquidMemories"},{"floor":30.0,"key":"sneckomod:MuddlingPotion"},{"floor":32.0,"key":"ColorlessPotion"},{"floor":33.0,"key":"SkillPotion"},{"floor":33.0,"key":"BlessingOfTheForge"},{"floor":36.0,"key":"SmokeBomb"},{"floor":36.0,"key":"SneckoOil"},{"floor":42.0,"key":"EssenceOfSteel"},{"floor":42.0,"key":"PowerPotion"},{"floor":43.0,"key":"Block Potion"},{"floor":53.0,"key":"EssenceOfSteel"},{"floor":54.0,"key":"LiquidBronze"},{"floor":54.0,"key":"Fruit Juice"},{"floor":62.0,"key":"Weak Potion"},{"floor":66.0,"key":"Weak Potion"},{"floor":67.0,"key":"Guardian:BlockOnCardUsePotion"},{"floor":75.0,"key":"BlessingOfTheForge"},{"floor":75.0,"key":"LiquidMemories"},{"floor":80,"key":"EssenceOfSteel"},{"floor":80,"key":"Explosive Potion"},{"floor":80,"key":"BlessingOfTheForge"}],"is_trial":false,"path_per_floor":["R","M","M","?","?","R","T","E","R","$","R","M","E","$","M","B",null,"R","M","M","M","?","?","T","T","E","M","E","R","NM","M","M","B",null,"R","M","?","M","$","R","T","M","M","NS","R","T","R","AVR","M","B",null,"R","M","M","?","?","R","T","E","M","M","E","$","R","$","M","B",null,"R","M","M","?","M","R","E","$","?","R","M","NM","R","M"],"character_chosen":"THE_SPIRIT","items_purchased":["infinitespire:FocusingShard","hexamod:SecondSeal","hexamod:RainOfEmbers","MerchantsRug","hubris:OldNail","infinitespire:Lucky Rock","Strawberry","Turnip","PrismaticShard","hexamod:RadiantFlame","hexamod:UnlimitedPower","expansioncontent:StudyTheSpire","Vajra","hexamod:EmpoweredFlame","hexamod:FlamesFromBeyond","hexamod:HeatCrush"],"campfire_rested":2,"item_purchase_floors":[10,10,10,10,14,39,63,63,63,63,63,63,65,65,76,76],"current_hp_per_floor":[77,76,72,53,53,53,53,38,61,61,61,61,41,34,28,8,77,77,75,67,77,77,77,77,77,73,73,49,59,21,26,55,19,87,87,52,52,60,68,68,68,80,58,58,58,58,58,58,62,79,97,97,97,102,102,102,102,102,102,102,102,102,109,109,109,109,105,114,114,111,113,113,114,114,111,111,111,111,114,11,45,0,0,0],"gold":173,"neow_bonus":"TEN_PERCENT_HP_BONUS","is_daily":false,"chose_seed":false,"campfire_upgraded":14,"win_rate":0.0,"timestamp":1610902015,"path_taken":["R","M","M","?","?","R","T","E","R","?","R","?","E","$","M","BOSS","R","M","M","M","?","?","T","?","E","?","E","R","NM","M","M","BOSS","R","M","?","M","$","R","T","M","M","NS","R","?","R","AVR","M","BOSS","R","M","M","?","?","R","T","E","M","M","E","$","R","$","M","BOSS","R","M","M","?","M","R","E","$","?","R","M","NM","R","?"],"items_purchased_type":["Relic","Card","Card","Relic","Relic","Relic","Relic","Relic","Relic","Card","Card","Card","Relic","Card","Card","Card"],"build_version":"2020-12-22","purchased_purges":5,"victory":false,"max_hp_per_floor":[77,77,77,77,77,77,77,77,77,77,77,77,77,77,77,77,77,77,77,77,77,77,77,77,77,77,77,77,87,87,87,87,87,87,87,87,87,87,87,87,87,87,87,87,87,87,87,87,87,97,97,97,97,102,102,102,102,102,102,102,102,102,109,109,109,109,109,114,114,114,114,114,114,114,114,114,114,114,114,114,114,114,114,114],"card_choices":[{"not_picked":["hexamod:GhostOfSpireFuture","hexamod:ChargedBarrage"],"picked":"hexamod:GhostflameBarrier","floor":2.0},{"not_picked":["hexamod:AdvancingGuard","hexamod:RetreatToShadows"],"picked":"hexamod:SpectersWail","floor":3.0},{"not_picked":["infinitespire:TheBestDefense","infinitespire:FutureSight"],"picked":"infinitespire:Execution","floor":4.0},{"not_picked":["hexamod:FastForward","hexamod:EtherealExpedition"],"picked":"hexamod:StepThrough","floor":8.0},{"not_picked":["hexamod:Firestarter","hexamod:RecurringNightmare"],"picked":"hexamod:HeatMetal","floor":10.0},{"not_picked":["hexamod:SpectersWail","hexamod:Firestarter"],"picked":"hexamod:SpectralSpark","floor":12.0},{"not_picked":["hexamod:RetreatToShadows","hexamod:GhostShield"],"picked":"hexamod:SecondSeal","floor":13.0},{"not_picked":["hexamod:FlamesFromBeyond","hexamod:PhantomCloak"],"picked":"hexamod:SoulSteal","floor":14.0},{"not_picked":["hexamod:HeatMetal","hexamod:AdvancingGuard"],"picked":"hexamod:GhostOfSpirePast","floor":15.0},{"not_picked":["hexamod:GiftsFromTheDead","hexamod:FlameSwitch"],"picked":"hexamod:Toasty","floor":16.0},{"not_picked":["hexamod:Incineration","hexamod:ThermalTransfer"],"picked":"hexamod:HeatCrush","floor":19.0},{"not_picked":["hexamod:GhostflameBarrier+1","hexamod:GhostLash"],"picked":"hexamod:FourthSeal","floor":20.0},{"not_picked":["hexamod:SwordOfDarkness","hexamod:InspiringFlames"],"picked":"hexamod:FourthSeal","floor":21.0},{"not_picked":["hexamod:Firestarter+1","hexamod:InspiringFlames+1"],"picked":"hexamod:FlamesFromBeyond","floor":26.0},{"not_picked":["hexamod:SwordOfDarkness","hexamod:RainOfEmbers"],"picked":"hexamod:ShieldOfDarkness","floor":27.0},{"not_picked":["hexamod:AdvancingGuard","hexamod:FourthSeal"],"picked":"hexamod:FifthSeal","floor":28.0},{"not_picked":["hexamod:SecondSeal","hexamod:FirstSeal"],"picked":"hexamod:SixthSeal","floor":30.0},{"not_picked":["hexamod:InspiringFlames+1","hexamod:DynamicBlow"],"picked":"hexamod:BurningTouch","floor":30.0},{"not_picked":["hexamod:SixthSeal","hexamod:FourthSeal"],"picked":"hexamod:ThirdSeal","floor":31.0},{"not_picked":["hexamod:Haunt","hexamod:HauntingEcho"],"picked":"hexamod:CatchUp","floor":31.0},{"not_picked":["hexamod:BacktrackSmack","hexamod:Hexaguard"],"picked":"hexamod:PhantomCloak","floor":32.0},{"not_picked":["hexamod:FirstSeal","hexamod:FourthSeal"],"picked":"hexamod:SixthSeal","floor":32.0},{"not_picked":["hexamod:Firestarter","hexamod:NecessarySacrifice"],"picked":"hexamod:SoulSteal","floor":32.0},{"not_picked":["hexamod:Toasty","hexamod:TimeWarp"],"picked":"hexamod:HexaLevel","floor":33.0},{"not_picked":["hexamod:FourthSeal","hexamod:SecondSeal"],"picked":"hexamod:SixthSeal","floor":33.0},{"not_picked":["hexamod:Toasty","hexamod:UnleashSpirits"],"picked":"hexamod:UnlimitedPower","floor":33.0},{"not_picked":["hexamod:ThermalTransfer","hexamod:GhostShield+1"],"picked":"hexamod:NightmareStrike+1","floor":36.0},{"not_picked":["hexamod:SuperheatedStrike","hexamod:FirstSeal"],"picked":"hexamod:RetreatToShadows","floor":36.0},{"not_picked":["hexamod:Haunt+1","hexamod:InspiringFlames+1"],"picked":"hexamod:RetreatToShadows","floor":38.0},{"not_picked":["hexamod:GhostLash","hexamod:PhantomFireball"],"picked":"hexamod:SwordOfDarkness+1","floor":38.0},{"not_picked":["hexamod:BurningTouch","hexamod:ShieldOfDarkness+1"],"picked":"hexamod:ThermalTransfer","floor":39.0},{"not_picked":["hexamod:GhostOfSpirePast","hexamod:ThermalTransfer"],"picked":"hexamod:NightmareGuise+1","floor":42.0},{"not_picked":["hexamod:FourthSeal","hexamod:SixthSeal"],"picked":"hexamod:FirstSeal","floor":43.0},{"not_picked":["hexamod:Hexaguard+1","hexamod:NecessarySacrifice+1"],"picked":"hexamod:RetreatToShadows","floor":43.0},{"not_picked":["hexamod:BacktrackSmack","hexamod:SwordOfDarkness+1"],"picked":"hexamod:FifthSeal","floor":43.0},{"not_picked":["hexamod:HeatMetal","hexamod:SwordOfDarkness"],"picked":"hexamod:RadiantFlame","floor":49.0},{"not_picked":["hexamod:SixthSeal","hexamod:ThirdSeal"],"picked":"hexamod:SecondSeal","floor":50.0},{"not_picked":["hexamod:GhostOfSpirePresent","hexamod:GhostflameInferno"],"picked":"hexamod:VolcanoVisage","floor":50.0},{"not_picked":["hexamod:GhostLash","hexamod:BurningTouch"],"picked":"hexamod:PhantomFireball","floor":53.0},{"not_picked":["hexamod:NightmareGuise","hexamod:Incineration"],"picked":"hexamod:Hexaguard","floor":54.0},{"not_picked":["hexamod:GhostShield","hexamod:CatchUp"],"picked":"hexamod:HauntingEcho","floor":59.0},{"not_picked":["hexamod:SpectersWail","hexamod:HeatMetal"],"picked":"hexamod:FirstSeal","floor":60.0},{"not_picked":["hexamod:SkipABeat","hexamod:SwordOfDarkness"],"picked":"hexamod:AdvancingGuard","floor":61.0},{"not_picked":["hexamod:HeatMetal","hexamod:BacktrackSmack"],"picked":"hexamod:ApocalypseNow","floor":62.0},{"not_picked":["hexamod:NightmareGuise","hexamod:Firestarter"],"picked":"hexamod:RainOfEmbers","floor":63.0},{"not_picked":["bronze:ForceShield","Shrug It Off"],"picked":"Guardian:Gem_Red","floor":66.0},{"not_picked":["beaked:FakeOut","Justitia"],"picked":"hexamod:HexaLevel","floor":67.0},{"not_picked":["Sword Boomerang","Slimebound:ItLooksTasty"],"picked":"Endless Agony","floor":68.0},{"not_picked":["infinitespire:Oblivion","infinitespire:Fortify"],"picked":"infinitespire:Punishment","floor":68.0},{"not_picked":["hexamod:SecondSeal","hexamod:FirstSeal"],"picked":"hexamod:ThirdSeal","floor":70.0},{"not_picked":["Calculated Gamble","Footwork+1"],"picked":"Guardian:Gem_Synthetic","floor":70.0},{"not_picked":["Guardian:Incinerate","Slimebound:SlimeSpikes"],"picked":"beaked:Overpower","floor":71.0},{"not_picked":["hexamod:FirstSeal","hexamod:SecondSeal"],"picked":"hexamod:FourthSeal","floor":73.0},{"not_picked":["bronze:DarkDash","hermit:FinalCanter"],"picked":"Madness","floor":73.0},{"not_picked":["hermit:TrackingShot","beaked:Tweet+1"],"picked":"hermit:Dive","floor":75.0},{"not_picked":["Guardian:Gem_Lightblue","Crippling Poison"],"picked":"Panacea","floor":79.0},{"not_picked":["hexamod:SpectralAdrenaline","expansioncontent:DashGenerateEvil"],"picked":"champ:BerserkersShout","floor":80},{"not_picked":["infinitespire:Fortify","infinitespire:Collect"],"picked":"infinitespire:Starlight","floor":80},{"not_picked":["Discord","Sucker Punch"],"picked":"Stagnate","floor":80}],"player_experience":1564337,"relics_obtained":[{"floor":7.0,"key":"infinitespire:BottledMercury"},{"floor":8.0,"key":"Shuriken"},{"floor":13.0,"key":"hubris:PeanutButter"},{"floor":25.0,"key":"Bottled Flame"},{"floor":26.0,"key":"Lantern"},{"floor":28.0,"key":"Happy Flower"},{"floor":30.0,"key":"halation:BottledLove"},{"floor":41.0,"key":"hubris:MysteriousPyramids"},{"floor":46.0,"key":"hexamod:MatchstickCase"},{"floor":51.0,"key":"halation:LettersToHer"},{"floor":51.0,"key":"infinitespire:EmpoweringShard"},{"floor":51.0,"key":"Torii"},{"floor":55.0,"key":"halation:KoshaPiece"},{"floor":58.0,"key":"halation:LettersToHer"},{"floor":58.0,"key":"hubris:SphereOfDissonance"}],"event_choices":[{"damage_healed":0.0,"max_hp_gain":0.0,"max_hp_loss":0.0,"gold_gain":0.0,"event_name":"The Library","player_choice":"Read","floor":72.0,"gold_loss":0.0,"damage_taken":0.0,"cards_obtained":["Lantern"]}],"is_beta":false,"boss_relics":[{"not_picked":["bronze:MakeshiftBattery","hubris:VirtuousBlindfold"],"picked":"hubris:Backtick"},{"not_picked":["Philosopher\u0027s Stone","halation:Risk"],"picked":"Black Star"},{"not_picked":["halation:Yufonium","infinitespire:Cupcake"],"picked":"Calling Bell"},{"not_picked":["Snecko Eye","hubris:TerracottaHorce"],"picked":"Tiny House"}],"items_purged_floors":[14,39,48,63,76],"is_endless":true,"potions_floor_spawned":[3,8,13,19,27,28,30,33,36,42,43,53,54,62,66,67,75,80],"killed_by":"Centurion and Healer","ascension_level":1}}