{"host":"x52zk6e1f2bye2h7","time":1610907130,"event":{"mods":["AchievementEnabler","BaseMod","Highlight Path","Minty Spire (QoL Compilation)","everything is the same but u backflip on backflip"],"gold_per_floor":[112,122,134,134,154,154,180,180,258,276,276,167,167,184,184,287,287,301,317,517,97,97,126,126,126,126],"floor_reached":25,"language":"ENG","playtime":1433,"items_purged":["Strike_P","Defend_P"],"score":232,"play_id":"93208879-def4-4dda-8388-75887c65b638","local_time":"20210117181210","is_ascension_mode":true,"campfire_choices":[{"data":"Perseverance","floor":6,"key":"SMITH"},{"data":"Eruption","floor":8,"key":"SMITH"},{"data":"CutThroughFate","floor":13,"key":"SMITH"},{"floor":15,"key":"REST"},{"floor":24,"key":"REST"}],"circlet_count":0,"master_deck":["Strike_P","Strike_P","Strike_P","Defend_P","Defend_P","Defend_P","Eruption+1","Vigilance","CutThroughFate+1","WindmillStrike+1","Perseverance+1","SandsOfTime","Establishment","DeceiveReality","InnerPeace+1","BattleHymn"],"relics":["PureWater","NeowsBlessing","Bird Faced Urn","PreservedInsect","SacredBark","Kunai","Nunchaku","MealTicket"],"acts_visited":["Exordium","TheCity"],"potions_floor_usage":[16,23,23],"damage_taken":[{"damage":0,"enemies":"Cultist","floor":1,"turns":1},{"damage":0,"enemies":"Jaw Worm","floor":2,"turns":1},{"damage":0,"enemies":"Small Slimes","floor":3,"turns":1},{"damage":2,"enemies":"3 Louse","floor":5,"turns":5},{"damage":20,"enemies":"Lagavulin","floor":7,"turns":5},{"damage":14,"enemies":"Exordium Thugs","floor":10,"turns":6},{"damage":5,"enemies":"Looter","floor":14,"turns":3},{"damage":41,"enemies":"The Guardian","floor":16,"turns":8},{"damage":39,"enemies":"2 Thieves","floor":18,"turns":4},{"damage":2,"enemies":"Chosen","floor":19,"turns":3},{"damage":31,"enemies":"Slavers","floor":23,"turns":6},{"damage":47,"enemies":"3 Cultists","floor":25,"turns":4}],"seed_played":"2521976314043822012","potions_obtained":[{"floor":5,"key":"Fruit Juice"},{"floor":7,"key":"Dexterity Potion"},{"floor":10,"key":"FearPotion"},{"floor":16,"key":"StancePotion"}],"is_trial":false,"path_per_floor":["M","M","M","?","M","R","E","R","T","M","?","$","R","M","R","B",null,"M","M","?","$","?","E","R","M"],"character_chosen":"WATCHER","items_purchased":["SandsOfTime","BattleHymn","Kunai"],"campfire_rested":2,"item_purchase_floors":[12,21,21],"current_hp_per_floor":[72,72,72,72,70,70,50,50,50,36,29,29,29,24,45,9,77,40,40,40,40,40,13,36,0,0],"gold":126,"neow_bonus":"THREE_ENEMY_KILL","is_daily":false,"chose_seed":false,"campfire_upgraded":3,"win_rate":0.0,"timestamp":1610907130,"path_taken":["M","?","M","?","?","R","E","R","T","M","?","$","R","M","R","BOSS","M","M","?","?","?","E","R","M"],"items_purchased_type":["Card","Card","Relic"],"build_version":"2020-12-22","purchased_purges":2,"victory":false,"max_hp_per_floor":[72,72,72,72,72,72,72,72,72,72,72,72,72,72,72,77,77,77,77,77,77,77,77,77,77,77],"card_choices":[{"not_picked":["PathToVictory","Protect"],"picked":"CutThroughFate","floor":1},{"not_picked":["Halt","WaveOfTheHand"],"picked":"WindmillStrike","floor":2},{"not_picked":["Halt","Consecrate","BowlingBash"],"picked":"SKIP","floor":3},{"not_picked":["FearNoEvil","Indignation"],"picked":"Perseverance","floor":5},{"not_picked":["Consecrate","Omniscience","EmptyBody"],"picked":"SKIP","floor":7},{"not_picked":["FlurryOfBlows","BowlingBash","WheelKick"],"picked":"SKIP","floor":10},{"not_picked":["Worship","Adaptation","CrushJoints"],"picked":"SKIP","floor":14},{"not_picked":["ConjureBlade","MasterReality"],"picked":"Establishment","floor":16},{"not_picked":["SashWhip","Evaluate+1"],"picked":"DeceiveReality","floor":18},{"not_picked":["BowlingBash","Worship"],"picked":"InnerPeace+1","floor":19},{"not_picked":["Evaluate+1","Ragnarok","DeceiveReality"],"picked":"SKIP","floor":23}],"player_experience":106042,"relics_obtained":[{"floor":7,"key":"Bird Faced Urn"},{"floor":23,"key":"MealTicket"}],"event_choices":[{"damage_healed":0,"gold_gain":0,"player_choice":"Upgraded","damage_taken":0,"max_hp_gain":0,"max_hp_loss":0,"event_name":"Upgrade Shrine","floor":4,"gold_loss":0,"cards_upgraded":["WindmillStrike"]},{"damage_healed":0,"gold_gain":0,"player_choice":"Success","damage_taken":7,"relics_obtained":["PreservedInsect"],"max_hp_gain":0,"max_hp_loss":0,"event_name":"Scrap Ooze","floor":11,"gold_loss":0},{"damage_healed":0,"gold_gain":200,"player_choice":"Gold","damage_taken":0,"max_hp_gain":0,"max_hp_loss":0,"event_name":"Wheel of Change","floor":20,"gold_loss":0},{"damage_healed":0,"gold_gain":0,"player_choice":"Opened","damage_taken":0,"relics_obtained":["Nunchaku"],"max_hp_gain":0,"max_hp_loss":0,"event_name":"The Mausoleum","floor":22,"gold_loss":0}],"is_beta":false,"boss_relics":[{"not_picked":["Snecko Eye","Fusion Hammer"],"picked":"SacredBark"}],"items_purged_floors":[12,21],"is_endless":false,"potions_floor_spawned":[5,7,10,16,18],"killed_by":"3 Cultists","ascension_level":1}}