{"host":"f5gffvlv6a66yqkd","time":1610875153,"event":{"mods":["2.2 Compatiblity","Alarm Clock","BaseMod","Colored Map","Custom Start","DeckTracker","Keyboard Shortcuts","Minty Spire (QoL Compilation)","Permanent Neow","Quick Restart","Relic Stats","Replay The Spire","StSLib","SuperFastMode"],"gold_per_floor":[118,118,118,118,135,135,148,148,195,39,39,39,52,64,64,141,141,154,54,64,81,101,101,81,111,134,9,9,9,21,21,21,94,94,114,139,52,107,107,107,137,156,156,183,197,197,197,197,197,197,197,197,197,35,62,62,62],"floor_reached":56,"language":"KOR","playtime":3051,"items_purged":["Defend_B","Strike_B","Strike_B"],"score":1472,"play_id":"c8a067bb-3537-47c3-89c2-661d52b8dd55","local_time":"20210117181913","is_ascension_mode":true,"campfire_choices":[{"data":"Zap","floor":6.0,"key":"SMITH"},{"data":"Buffer","floor":8.0,"key":"SMITH"},{"data":"Blizzard","floor":11.0,"key":"SMITH"},{"data":"Go for the Eyes","floor":15.0,"key":"SMITH"},{"data":"Biased Cognition","floor":23.0,"key":"SMITH"},{"data":"ReplayRNGCard","floor":28.0,"key":"SMITH"},{"floor":40.0,"key":"REST"},{"floor":46.0,"key":"REST"},{"floor":49.0,"key":"RECALL"},{"data":"ReplayTheSpireMod:System Scan","floor":53.0,"key":"SMITH"}],"circlet_count":0,"master_deck":["AscendersBane","Zap+1","Dualcast","Conserve Battery","Buffer+1","Glacier","Blizzard+1","Ball Lightning","ReplayRNGCard+1","Biased Cognition+1","Skim","Glacier","BootSequence","Go for the Eyes","ReplayTheSpireMod:System Scan+1","Rainbow","Buffer","Defragment+1","FIFO Queue","ReplayTheSpireMod:GoodbyeWorld","Coolheaded","Chill","Turbo+1"],"relics":["Cracked Core","Geode","Replay:Ancient Bell","Bag of Preparation","Gremlin Horn","Torii","Replay:Antivirus Software","CultistMask","Thread and Needle","Calipers","Happy Flower","Question Card","Nunchaku","Pantograph"],"acts_visited":["Exordium","TheCity","TheBeyond","TheEnding"],"potions_floor_usage":[55,56],"damage_taken":[{"damage":1.0,"enemies":"Cultist","floor":1.0,"turns":3.0},{"damage":0.0,"enemies":"Jaw Worm","floor":5.0,"turns":3.0},{"damage":0.0,"enemies":"Small Slimes","floor":7.0,"turns":3.0},{"damage":0.0,"enemies":"Blue Slaver","floor":13.0,"turns":4.0},{"damage":3.0,"enemies":"Looter","floor":14.0,"turns":2.0},{"damage":11.0,"enemies":"Hexaghost","floor":16.0,"turns":12.0},{"damage":1.0,"enemies":"Shell Parasite","floor":18.0,"turns":5.0},{"damage":15.0,"enemies":"Chosen","floor":20.0,"turns":5.0},{"damage":0.0,"enemies":"Snecko","floor":21.0,"turns":5.0},{"damage":2.0,"enemies":"Sentry and Sphere","floor":22.0,"turns":7.0},{"damage":3.0,"enemies":"Book of Stabbing","floor":25.0,"turns":7.0},{"damage":11.0,"enemies":"Cultist and Chosen","floor":30.0,"turns":7.0},{"damage":19.0,"enemies":"Automaton","floor":33.0,"turns":11.0},{"damage":6.0,"enemies":"3 Darklings","floor":35.0,"turns":8.0},{"damage":0.0,"enemies":"Mind Bloom Boss Battle","floor":36.0,"turns":9.0},{"damage":37.0,"enemies":"2 Orb Walkers","floor":38.0,"turns":8.0},{"damage":7.0,"enemies":"R_Hoarder","floor":41.0,"turns":10.0},{"damage":17.0,"enemies":"Orb Walker","floor":42.0,"turns":4.0},{"damage":0.0,"enemies":"Nemesis","floor":44.0,"turns":11.0},{"damage":1.0,"enemies":"Jaw Worm Horde","floor":45.0,"turns":7.0},{"damage":0.0,"enemies":"Replay:Hell Engine","floor":50.0,"turns":18.0},{"damage":1.0,"enemies":"Donu and Deca","floor":51.0,"turns":14.0},{"damage":43,"enemies":"Shield and Spear","floor":55,"turns":9},{"damage":51,"enemies":"The Heart","floor":56,"turns":2}],"seed_played":"-20300265803383612","potions_obtained":[{"floor":5.0,"key":"SpeedPotion"},{"floor":7.0,"key":"Dexterity Potion"},{"floor":13.0,"key":"Energy Potion"},{"floor":24.0,"key":"Flashbang"},{"floor":25.0,"key":"Toxic Potion"},{"floor":41.0,"key":"Adrenaline Potion"},{"floor":42.0,"key":"GamblersBrew"},{"floor":44.0,"key":"DuplicationPotion"}],"is_trial":false,"path_per_floor":["M","?","?","?","M","R","M","R","T","$","R","$","M","M","R","B",null,"M","$","M","M","M","R","?","E","T","$","R","?","M","?","R_BF","B",null,"M","?","$","?","?","R","E","M","T","E","M","R","?","$","R","B","B",null,"R","$","E","B"],"character_chosen":"DEFECT","items_purchased":["Blizzard","ReplayTheSpireMod:GoodbyeWorld","Reflective Coating","DuplicationPotion"],"campfire_rested":2,"item_purchase_floors":[10,37,54,54],"current_hp_per_floor":[63,68,68,61,61,61,61,61,61,61,61,61,61,58,58,47,69,68,68,53,53,51,51,51,48,48,48,48,48,37,37,37,18,62,56,56,56,19,19,41,38,21,21,21,20,42,42,42,42,42,41,67,67,67,24,0,0],"gold":62,"neow_bonus":"RANDOM_EVENT","is_daily":false,"chose_seed":false,"campfire_upgraded":7,"win_rate":0.0,"timestamp":1610875153,"path_taken":["M","?","?","?","M","R","M","R","T","?","R","$","M","M","R","BOSS","M","$","M","M","M","R","?","E","T","?","R","?","M","?","R_BF","BOSS","M","?","$","?","?","R","E","M","T","E","M","R","?","?","R","BOSS","BOSS","R","$","E","BOSS"],"items_purchased_type":["Card","Card","Potion","Potion"],"build_version":"2020-12-22","purchased_purges":3,"victory":false,"max_hp_per_floor":[71,76,76,76,76,76,76,76,76,76,76,76,76,76,76,76,76,76,76,76,76,76,76,76,76,76,76,76,76,76,76,76,76,76,76,76,76,76,76,76,76,76,76,76,76,76,76,76,76,76,76,76,76,76,76,76,76],"relic_stats":{"Nunchaku":[3],"Gremlin Horn":[15,15],"Torii":32,"Happy Flower":[21],"counters":[24,174],"Pantograph":25,"Bag of Preparation":[36],"Question Card":3,"obtain_stats":[{"Calipers":38,"Gremlin Horn":17,"Torii":17,"Happy Flower":41,"Thread and Needle":36,"Geode":9,"Replay:Ancient Bell":17,"Bag of Preparation":17,"Question Card":43,"Nunchaku":44,"Pantograph":55,"CultistMask":32,"Replay:Antivirus Software":25,"Cracked Core":0},{"Calipers":16,"Gremlin Horn":6,"Torii":6,"Happy Flower":17,"Thread and Needle":15,"Geode":3,"Replay:Ancient Bell":6,"Bag of Preparation":6,"Question Card":18,"Nunchaku":19,"Pantograph":23,"CultistMask":12,"Replay:Antivirus Software":11,"Cracked Core":0},{"Calipers":99,"Gremlin Horn":27,"Torii":27,"Happy Flower":109,"Thread and Needle":91,"Geode":9,"Replay:Ancient Bell":27,"Bag of Preparation":27,"Question Card":113,"Nunchaku":124,"Pantograph":172,"CultistMask":63,"Replay:Antivirus Software":56,"Cracked Core":0}]},"card_choices":[{"not_picked":["Steam","Skim"],"picked":"Conserve Battery","floor":1.0},{"not_picked":["Reinforced Body","Chill"],"picked":"Glacier","floor":5.0},{"not_picked":["Conserve Battery","Stack"],"picked":"Go for the Eyes","floor":7.0},{"not_picked":["Steam","Melter"],"picked":"Ball Lightning","floor":13.0},{"not_picked":["Hologram","Fusion"],"picked":"ReplayRNGCard","floor":14.0},{"not_picked":["Thunder Strike","Reboot"],"picked":"Biased Cognition","floor":16.0},{"not_picked":["Ball Lightning","Static Discharge"],"picked":"Skim","floor":18.0},{"not_picked":["Lockon","Compile Driver"],"picked":"Glacier","floor":20.0},{"not_picked":["Barrage","Conserve Battery","Compile Driver"],"picked":"SKIP","floor":21.0},{"not_picked":["ReplayTheSpireMod:Reroute Power","Rip and Tear"],"picked":"BootSequence","floor":22.0},{"not_picked":["Genetic Algorithm","Stack+1","Steam Power"],"picked":"SKIP","floor":25.0},{"not_picked":["Rip and Tear","Sweeping Beam"],"picked":"Rainbow","floor":30.0},{"not_picked":["ReplayRNGCard","ReplayTheSpireMod:Omega Cannon"],"picked":"Buffer","floor":33.0},{"not_picked":["Streamline","Static Discharge"],"picked":"Defragment+1","floor":35.0},{"not_picked":["Panic Button","Rebound"],"picked":"FIFO Queue","floor":36.0},{"not_picked":["Cold Snap+1","ReplaySolidLightProjector+1","ReplayTheSpireMod:System Scan"],"picked":"SKIP","floor":41.0},{"not_picked":["FTL","Capacitor"],"picked":"Coolheaded","floor":42.0},{"not_picked":["Auto Shields","Scrape","Hello World+1"],"picked":"Chill","floor":44.0},{"not_picked":["Melter+1","ReplaySort","Compile Driver"],"picked":"Turbo+1","floor":45.0},{"not_picked":["Heatsinks","Multi-Cast","Turbo","Storm"],"picked":"SKIP","floor":55}],"player_experience":1579001,"relics_obtained":[{"floor":9.0,"key":"Geode"},{"floor":25.0,"key":"Replay:Antivirus Software"},{"floor":36.0,"key":"Thread and Needle"},{"floor":38.0,"key":"Calipers"},{"floor":41.0,"key":"Happy Flower"},{"floor":43.0,"key":"Question Card"},{"floor":44.0,"key":"Nunchaku"},{"floor":55,"key":"Pantograph"}],"event_choices":[{"damage_healed":0.0,"max_hp_gain":5.0,"max_hp_loss":0.0,"gold_gain":0.0,"event_name":"Big Fish","player_choice":"Donut","floor":2.0,"gold_loss":0.0,"damage_taken":0.0},{"damage_healed":0.0,"max_hp_gain":0.0,"max_hp_loss":0.0,"gold_gain":0.0,"cards_transformed":["Defend_B"],"event_name":"Living Wall","player_choice":"Change","floor":3.0,"gold_loss":0.0,"damage_taken":0.0,"cards_obtained":["Buffer"]},{"cards_removed":["Defend_B"],"damage_healed":0.0,"max_hp_gain":0.0,"max_hp_loss":0.0,"gold_gain":0.0,"event_name":"Golden Wing","player_choice":"Card Removal","floor":4.0,"gold_loss":0.0,"damage_taken":7.0},{"damage_healed":0.0,"max_hp_gain":0.0,"max_hp_loss":0.0,"gold_gain":0.0,"event_name":"The Woman in Blue","player_choice":"Bought 1 Potion","floor":24.0,"gold_loss":0.0,"damage_taken":0.0},{"damage_healed":0.0,"max_hp_gain":0.0,"max_hp_loss":0.0,"gold_gain":0.0,"cards_transformed":["Defend_B","Strike_B"],"event_name":"Drug Dealer","player_choice":"Became Test Subject","floor":29.0,"gold_loss":0.0,"damage_taken":0.0,"cards_obtained":["Go for the Eyes","ReplayTheSpireMod:System Scan"]},{"damage_healed":0.0,"max_hp_gain":0.0,"max_hp_loss":0.0,"gold_gain":0.0,"event_name":"N\u0027loth","player_choice":"Ignored","floor":31.0,"gold_loss":0.0,"damage_taken":0.0},{"damage_healed":0.0,"max_hp_gain":0.0,"max_hp_loss":0.0,"gold_gain":0.0,"event_name":"FaceTrader","player_choice":"Trade","floor":32.0,"gold_loss":0.0,"damage_taken":0.0,"relics_obtained":["CultistMask"]},{"damage_healed":0.0,"max_hp_gain":0.0,"max_hp_loss":0.0,"gold_gain":0.0,"event_name":"MindBloom","player_choice":"Fight","floor":36.0,"gold_loss":0.0,"damage_taken":0.0},{"damage_healed":0.0,"max_hp_gain":0.0,"max_hp_loss":0.0,"gold_gain":0.0,"event_name":"Mysterious Sphere","player_choice":"Fight","floor":38.0,"gold_loss":0.0,"damage_taken":0.0},{"cards_removed":["Go for the Eyes"],"damage_healed":0.0,"max_hp_gain":0.0,"max_hp_loss":0.0,"gold_gain":0.0,"event_name":"Falling","player_choice":"Removed Attack","floor":39.0,"gold_loss":0.0,"damage_taken":0.0},{"damage_healed":0.0,"max_hp_gain":0.0,"max_hp_loss":0.0,"gold_gain":0.0,"event_name":"Tomb of Lord Red Mask","player_choice":"Ignored","floor":47.0,"gold_loss":0.0,"damage_taken":0.0}],"is_beta":false,"boss_relics":[{"not_picked":["SlaversCollar","Ectoplasm"],"picked":"Replay:Ancient Bell"},{"not_picked":["Grinning Jar","Replay:Rubber Ducky"],"picked":"Bag of Preparation"},{"not_picked":["The Courier","Quantum Egg"],"picked":"Gremlin Horn"},{"not_picked":["FossilizedHelix","WingedGreaves"],"picked":"Torii"},{"not_picked":["Snecko Eye","Kintsugi","Busted Crown"]}],"items_purged_floors":[10,19,27],"is_endless":false,"potions_floor_spawned":[5,7,13,22,25,30,33,41,42,44,45],"killed_by":"The Heart","ascension_level":20}}