{"host":"8c7ixdz8x9d2d2wv","time":1610849547,"event":{"mods":["AYAYA","BaseMod","Better Altar","Better Sensory Stone","Better-Laid Plans","BetterRewards","Colored Map","Colored Powertips","Curses Come First","Dark Map","Defuse TimeMaze Blight","Emptier Cage","Highlight Path","Minty Spire (QoL Compilation)","Quick Restart","Rare Cards Sparkle","Relic Sorter","Shop Mod","StSLib","Transform Curses","Uncapped"],"gold_per_floor":[118,118,118,118,133,133,146,146,146,146,160,183,1,14,14,139,139,159,10,10,24,45,45,145,169,169,169,169,169,169,169,169],"floor_reached":31,"language":"ENG","playtime":1489,"items_purged":[],"score":223,"play_id":"3a62399d-c6c1-4d3b-a14b-ae3e49b50906","local_time":"20210117031227","is_ascension_mode":false,"campfire_choices":[{"data":"Defend_G","floor":6,"key":"SMITH"},{"data":"Deflect","floor":8,"key":"SMITH"},{"data":"Footwork","floor":15,"key":"SMITH"},{"data":"Cloak And Dagger","floor":23,"key":"SMITH"},{"data":"Cloak And Dagger","floor":29,"key":"SMITH"}],"circlet_count":0,"master_deck":["Strike_G+1","Strike_G+1","Strike_G+1","Strike_G+1","Strike_G+1","Defend_G+1","Defend_G+1","Defend_G+1","Defend_G+1","Defend_G+1","Survivor","Neutralize+1","Sadistic Nature+1","Deflect","Deflect+1","Footwork+1","Cloak And Dagger+1","Cloak And Dagger+1","Impatience","Good Instincts"],"relics":["Ring of the Snake","Unceasing Top","Golden Idol","Membership Card","Black Star","MerchantsRug","Sling","The Courier","Nloth\u0027s Gift"],"acts_visited":["Exordium","TheCity"],"potions_floor_usage":[16,16,16,16,16,22,31,31],"damage_taken":[{"damage":0,"enemies":"Jaw Worm","floor":1,"turns":5},{"damage":0,"enemies":"Small Slimes","floor":5,"turns":3},{"damage":0,"enemies":"Cultist","floor":7,"turns":3},{"damage":0,"enemies":"Blue Slaver","floor":11,"turns":3},{"damage":0,"enemies":"Large Slime","floor":14,"turns":8},{"damage":30,"enemies":"Slime Boss","floor":16,"turns":9},{"damage":10,"enemies":"Shell Parasite","floor":18,"turns":9},{"damage":0,"enemies":"3 Byrds","floor":21,"turns":8},{"damage":6,"enemies":"Centurion and Healer","floor":22,"turns":16},{"damage":0,"enemies":"Snake Plant","floor":25,"turns":9},{"damage":55,"enemies":"Gremlin Leader","floor":31,"turns":9}],"seed_played":"1162925879808900985","potions_obtained":[{"floor":5,"key":"LiquidBronze"},{"floor":7,"key":"SpeedPotion"},{"floor":14,"key":"EntropicBrew"},{"floor":16,"key":"SkillPotion"},{"floor":22,"key":"SpeedPotion"},{"floor":25,"key":"Dexterity Potion"}],"is_trial":false,"path_per_floor":["M","?","?","?","M","R","M","R","T","?","M","T","$","M","R","B",null,"M","$","?","M","M","R","?","M","T","?","?","R","?","E"],"character_chosen":"THE_SILENT","items_purchased":["Membership Card","Footwork","MerchantsRug","Sling"],"campfire_rested":0,"item_purchase_floors":[13,13,19,19],"current_hp_per_floor":[63,50,50,50,50,50,50,50,50,35,35,35,35,35,35,5,63,53,53,53,53,47,47,47,47,47,47,47,47,47,0,0],"gold":169,"neow_bonus":"RANDOM_COLORLESS_2","is_daily":false,"chose_seed":false,"campfire_upgraded":5,"win_rate":0.0,"timestamp":1610849547,"path_taken":["M","?","?","?","?","R","M","R","T","?","M","?","$","M","R","BOSS","M","$","?","M","M","R","?","?","T","?","?","R","?","E"],"items_purchased_type":["Relic","Card","Relic","Relic"],"build_version":"2020-12-22","purchased_purges":0,"victory":false,"max_hp_per_floor":[63,63,63,63,63,63,63,63,63,63,63,63,63,63,63,63,63,63,63,63,63,63,63,63,63,63,63,63,63,63,63,63],"card_choices":[{"not_picked":["Apotheosis","Thinking Ahead"],"picked":"Sadistic Nature","floor":0},{"not_picked":["Eviscerate","Skewer"],"picked":"Deflect","floor":1},{"not_picked":["Quick Slash","Dagger Throw"],"picked":"Deflect","floor":5},{"not_picked":["Backflip","Choke","Endless Agony"],"picked":"SKIP","floor":7},{"not_picked":["Infinite Blades","Blade Dance","Quick Slash"],"picked":"SKIP","floor":11},{"not_picked":["Prepared","Blade Dance","Deadly Poison"],"picked":"SKIP","floor":14},{"not_picked":["Backflip","PiercingWail"],"picked":"Cloak And Dagger","floor":18},{"not_picked":["Underhanded Strike","Sucker Punch+1"],"picked":"Cloak And Dagger","floor":21},{"not_picked":["Concentrate","Envenom","Blade Dance"],"picked":"SKIP","floor":22},{"not_picked":["Slice","Quick Slash","Prepared+1"],"picked":"SKIP","floor":25},{"not_picked":["Chrysalis","Panacea"],"picked":"Impatience","floor":28},{"not_picked":["Panacea","HandOfGreed"],"picked":"Good Instincts","floor":28}],"player_experience":646365,"relics_obtained":[{"floor":9,"key":"Unceasing Top"},{"floor":26,"key":"The Courier"}],"event_choices":[{"damage_healed":0,"gold_gain":0,"player_choice":"Entered Light","damage_taken":13,"max_hp_gain":0,"max_hp_loss":0,"event_name":"Shining Light","floor":2,"gold_loss":0,"cards_upgraded":["Defend_G","Strike_G"]},{"damage_healed":0,"gold_gain":0,"player_choice":"Grow","damage_taken":0,"max_hp_gain":0,"max_hp_loss":0,"event_name":"Living Wall","floor":3,"gold_loss":0,"cards_upgraded":["Sadistic Nature"]},{"damage_healed":0,"gold_gain":0,"player_choice":"Forge","damage_taken":0,"max_hp_gain":0,"max_hp_loss":0,"event_name":"Accursed Blacksmith","floor":4,"gold_loss":0,"cards_upgraded":["Neutralize"]},{"damage_healed":0,"gold_gain":0,"player_choice":"Take Damage","damage_taken":15,"relics_obtained":["Golden Idol"],"max_hp_gain":0,"max_hp_loss":0,"event_name":"Golden Idol","floor":10,"gold_loss":0},{"damage_healed":0,"gold_gain":0,"player_choice":"Simplicity","damage_taken":0,"max_hp_gain":0,"max_hp_loss":0,"event_name":"Back to Basics","floor":20,"gold_loss":0,"cards_upgraded":["Strike_G","Strike_G","Strike_G","Strike_G","Defend_G","Defend_G","Defend_G"]},{"damage_healed":0,"gold_gain":100,"player_choice":"Pray","damage_taken":0,"max_hp_gain":0,"max_hp_loss":0,"event_name":"Golden Shrine","floor":24,"gold_loss":0},{"damage_healed":0,"gold_gain":0,"player_choice":"Inject Mutagens","damage_taken":0,"relics_obtained":["MutagenicStrength"],"max_hp_gain":0,"max_hp_loss":0,"event_name":"Drug Dealer","floor":27,"gold_loss":0},{"damage_healed":0,"gold_gain":2,"player_choice":"1","damage_taken":0,"max_hp_gain":0,"max_hp_loss":0,"event_name":"betterStone:BetterStone","floor":28,"gold_loss":0},{"damage_healed":0,"gold_gain":0,"player_choice":"Traded Relic","damage_taken":0,"relics_obtained":["Nloth\u0027s Gift"],"max_hp_gain":0,"max_hp_loss":0,"event_name":"N\u0027loth","floor":30,"relics_lost":["MutagenicStrength"],"gold_loss":0}],"is_beta":false,"boss_relics":[{"not_picked":["Runic Pyramid","Ectoplasm"],"picked":"Black Star"}],"items_purged_floors":[],"is_endless":false,"potions_floor_spawned":[5,7,14,16,22,25],"killed_by":"Gremlin Leader","ascension_level":0}}