{"host":"gk9qdtkqd8dwfeg2","time":1610880765,"event":{"mods":["Act Like it!","Aspiration","BaseMod","Colored Powertips","KomeijiMod","Minty Spire (QoL Compilation)","Quick Restart","Replay The Spire","Shop Mod","StSLib","TestMod","The Gatherer","The Servant 0.9.4","Waifu the Spire","WarShipGirlsR/’ΩΩ¢…Ÿ≈ÆR mod","Yuri Mod"],"gold_per_floor":[109,184,184,19,30,65,65,76,156,156,156,182,200,232,232,318,318,337,9,33,33,60,95,104,104,104,133,162,162,191,216,216,287,287,302,470,470,470,481,515,530,563,563,590,602,631,651,277,277,277,277,277],"floor_reached":51,"language":"ZHS","playtime":2040,"items_purged":["Confused"],"score":1607,"play_id":"420e43dc-11c9-45c1-a0e0-3ce152d24237","local_time":"20210117185245","is_ascension_mode":true,"campfire_choices":[{"data":"Neutralize","floor":7.0,"key":"SMITH"},{"data":"Blade Dance","floor":11.0,"key":"SMITH"},{"floor":15.0,"key":"REST"},{"data":"Footwork","floor":25.0,"key":"SMITH"},{"data":"Accuracy","floor":29.0,"key":"SMITH"},{"data":"Cloak And Dagger","floor":32.0,"key":"SMITH"},{"floor":49,"key":"RECALL"}],"circlet_count":1,"master_deck":["AscendersBane","Strike_G","Strike_G","Strike_G","Strike_G","Strike_G","Defend_G","Defend_G","Defend_G+1","Defend_G","Defend_G","Survivor","Neutralize+1","Blade Dance+1","Blade Dance+1","Venomology+1","Footwork+1","ReplayTheSpireMod:Scrap Shanks+1","Underhanded Strike","Hallucinations","Accuracy+1","Cloak And Dagger+1","Tactician+1","Concentrate+1","Reflex+1","ReplayTheSpireMod:Scrap Shanks+1","Hidden Blade"],"relics":["Ring of the Snake","testmod-TestBox","testmod-RealStoneCalender","NeowsBlessing","Golden Egg","Membership Card","Pet Ghost","ReplayTheSpireMod:TigerMarble","Snecko Scales","MerchantsRug","Lee\u0027s Waffle","testmod-ArcanaOfDestiny","MutagenicStrength","Red Mask","Gambling Chip","ReplayTheSpireMod:Ring of Addiction","SacredBark","Circlet","testmod-Hope","Centennial Puzzle","MealTicket","Black Star","Replay:Baseball","Onion Ring","Chameleon Ring","Happy Flower","Bag of Marbles","Smiling Mask","War Paint","ReplayTheSpireMod:Lightbulb","testmod-Antiphasic","Guide Book","testmod-Maize","Strawberry"],"acts_visited":["Exordium","TheCity","TheBeyond"],"potions_floor_usage":[33,35,39,40,41,42,42,44,45,46,46,47,50,50,51,51],"damage_taken":[{"damage":0.0,"enemies":"Cultist","floor":1.0,"turns":1.0},{"damage":0.0,"enemies":"Jaw Worm","floor":5.0,"turns":1.0},{"damage":0.0,"enemies":"3 Sentries","floor":6.0,"turns":1.0},{"damage":0.0,"enemies":"2 Louse","floor":8.0,"turns":1.0},{"damage":15.0,"enemies":"Lagavulin","floor":12.0,"turns":5.0},{"damage":3.0,"enemies":"Lots of Slimes","floor":13.0,"turns":3.0},{"damage":6.0,"enemies":"Gremlin Nob","floor":14.0,"turns":4.0},{"damage":25.0,"enemies":"Fading Forest","floor":16.0,"turns":13.0},{"damage":22.0,"enemies":"Spheric Guardian","floor":18.0,"turns":4.0},{"damage":5.0,"enemies":"Shell Parasite","floor":20.0,"turns":3.0},{"damage":0.0,"enemies":"Masked Bandits","floor":22.0,"turns":2.0},{"damage":0.0,"enemies":"Replay:Snechameleon","floor":23.0,"turns":2.0},{"damage":0.0,"enemies":"Gremlin Leader","floor":27.0,"turns":2.0},{"damage":18.0,"enemies":"Snake Plant","floor":28.0,"turns":4.0},{"damage":0.0,"enemies":"Slavers","floor":30.0,"turns":1.0},{"damage":0.0,"enemies":"Chosen and Byrds","floor":31.0,"turns":2.0},{"damage":17,"enemies":"Champ","floor":33,"turns":4},{"damage":0,"enemies":"3 Darklings","floor":35,"turns":1},{"damage":0,"enemies":"Orb Walker","floor":39,"turns":1},{"damage":12,"enemies":"R_Hoarder","floor":40,"turns":3},{"damage":0,"enemies":"Transient","floor":41,"turns":6},{"damage":38,"enemies":"Nemesis","floor":42,"turns":3},{"damage":2,"enemies":"R_Hoarder","floor":44,"turns":4},{"damage":0,"enemies":"Jaw Worm Horde","floor":45,"turns":1},{"damage":9,"enemies":"Nemesis","floor":46,"turns":3},{"damage":0,"enemies":"4 Shapes","floor":47,"turns":5},{"damage":19,"enemies":"Replay:Hell Engine","floor":50,"turns":5},{"damage":5,"enemies":"Time Eater","floor":51,"turns":4}],"seed_played":"-3079061774551109101","potions_obtained":[{"floor":1.0,"key":"Fire Potion"},{"floor":5.0,"key":"Strength Potion"},{"floor":8.0,"key":"Swift Potion"},{"floor":10.0,"key":"testmod-TimePotion"},{"floor":24.0,"key":"CunningPotion"},{"floor":30.0,"key":"DuplicationPotion"},{"floor":42,"key":"Adrenaline Potion"},{"floor":45,"key":"SkillPotion"}],"is_trial":false,"path_per_floor":["M","?","T","$","M","E","R","M","T","?","R","E","M","E","R","B",null,"M","$","M","?","?","E","?","R","T","E","M","R","E","M","R","B",null,"M","?","?","?","M","E","M","E","T","E","M","E","M","$","R","B","B"],"character_chosen":"THE_SILENT","items_purchased":["Membership Card","ReplayTheSpireMod:Scrap Shanks","MerchantsRug","Lee\u0027s Waffle","testmod-ArcanaOfDestiny","Guide Book","testmod-Maize","Strawberry"],"campfire_rested":1,"item_purchase_floors":[4,19,19,19,19,48,48,48],"current_hp_per_floor":[59,48,48,48,48,48,48,48,48,48,48,33,30,24,43,26,56,34,73,68,68,68,68,68,68,68,68,50,50,50,50,50,33,63,63,63,63,63,63,51,51,13,13,11,11,2,2,24,24,5,0,0],"gold":277,"neow_bonus":"THREE_ENEMY_KILL","is_daily":false,"chose_seed":false,"campfire_upgraded":5,"win_rate":0.0,"timestamp":1610880765,"path_taken":["M","?","?","$","M","E","R","M","T","?","R","E","M","E","R","BOSS","M","$","?","?","?","E","?","R","T","E","M","R","E","M","R","BOSS","M","?","?","?","M","E","M","E","T","E","M","E","M","$","R","BOSS","BOSS"],"items_purchased_type":["Relic","Card","Relic","Relic","Relic","Relic","Relic","Relic"],"build_version":"2020-12-22","purchased_purges":1,"victory":false,"max_hp_per_floor":[66,66,66,66,66,66,66,66,66,66,66,66,66,66,66,66,66,66,73,73,73,73,73,73,73,73,73,73,73,73,73,73,73,73,73,73,73,73,71,71,71,71,71,71,71,71,71,78,78,78,78,78],"card_choices":[{"not_picked":["Hidden Blade","PiercingWail"],"picked":"Blade Dance","floor":1.0},{"not_picked":["Hidden Blade","PiercingWail"],"picked":"Blade Dance","floor":1.0},{"not_picked":["All Out Attack","Dodge and Roll"],"picked":"Backflip","floor":5.0},{"not_picked":["Dagger Spray","Eviscerate","Riddle With Holes"],"picked":"SKIP","floor":6.0},{"not_picked":["Endless Agony","Prepared","Dash"],"picked":"SKIP","floor":8.0},{"not_picked":["Prepared","A Thousand Cuts","Slice"],"picked":"SKIP","floor":12.0},{"not_picked":["Quick Slash","Dagger Spray","Bane"],"picked":"SKIP","floor":13.0},{"not_picked":["Replay:Poison Smokescreen","Dagger Throw","Blur"],"picked":"SKIP","floor":14.0},{"not_picked":["A Thousand Cuts","ReplayTheSpireMod:From All Sides"],"picked":"Venomology","floor":16.0},{"not_picked":["Backflip","Draining Mist"],"picked":"Footwork","floor":18.0},{"not_picked":["Backflip","Slice+1"],"picked":"Underhanded Strike","floor":20.0},{"not_picked":["Blade Dance","Deadly Poison+1","Dagger Spray"],"picked":"SKIP","floor":23.0},{"not_picked":["Tools of the Trade","Replay:Bag of Tricks","Well Laid Plans"],"picked":"SKIP","floor":27.0},{"not_picked":["Bane","Slice"],"picked":"Accuracy","floor":28.0},{"not_picked":["Flechettes","Crippling Poison","Grand Finale"],"picked":"SKIP","floor":30.0},{"not_picked":["Well Laid Plans","ReplayTheSpireMod:Speed Training"],"picked":"Cloak And Dagger","floor":31.0},{"not_picked":["Backstab","Sucker Punch","Hidden Blade"],"picked":"SKIP","floor":35},{"not_picked":["Flying Knee","Blade Dance"],"picked":"Tactician+1","floor":36},{"not_picked":["Slice+1","Poisoned Stab+1"],"picked":"Concentrate+1","floor":39},{"not_picked":["Finisher+1","Toxin Wave","ReplayTheSpireMod:Shiv Toss"],"picked":"SKIP","floor":40},{"not_picked":["Quick Slash","Slice"],"picked":"Reflex","floor":41},{"not_picked":["Quick Slash+1","Deflect","Atom Bomb"],"picked":"SKIP","floor":42},{"not_picked":["Slice","Backstab"],"picked":"ReplayTheSpireMod:Scrap Shanks","floor":44},{"not_picked":["ReplayTheSpireMod:The Works","Footwork"],"picked":"Hidden Blade","floor":45},{"not_picked":["Crippling Poison","Deflect","Sneak Up"],"picked":"SKIP","floor":46},{"not_picked":["Backstab+1","Slice+1","Deflect"],"picked":"SKIP","floor":47}],"player_experience":644023,"relics_obtained":[{"floor":3.0,"key":"Golden Egg"},{"floor":6.0,"key":"Pet Ghost"},{"floor":12.0,"key":"CeramicFish"},{"floor":14.0,"key":"ReplayTheSpireMod:TigerMarble"},{"floor":22.0,"key":"Red Mask"},{"floor":23.0,"key":"Gambling Chip"},{"floor":24.0,"key":"ReplayTheSpireMod:Ring of Addiction"},{"floor":24.0,"key":"SacredBark"},{"floor":24.0,"key":"Circlet"},{"floor":26.0,"key":"testmod-Hope"},{"floor":27.0,"key":"Centennial Puzzle"},{"floor":30.0,"key":"MealTicket"},{"floor":40,"key":"Replay:Baseball"},{"floor":40,"key":"Onion Ring"},{"floor":42,"key":"Chameleon Ring"},{"floor":42,"key":"Happy Flower"},{"floor":43,"key":"Bag of Marbles"},{"floor":44,"key":"Smiling Mask"},{"floor":44,"key":"War Paint"},{"floor":46,"key":"ReplayTheSpireMod:Lightbulb"},{"floor":46,"key":"testmod-Antiphasic"}],"event_choices":[{"damage_healed":0.0,"max_hp_gain":0.0,"max_hp_loss":0.0,"gold_gain":75.0,"event_name":"World of Goop","player_choice":"Gather Gold","floor":2.0,"gold_loss":0.0,"damage_taken":11.0},{"damage_healed":0.0,"max_hp_gain":0.0,"max_hp_loss":0.0,"gold_gain":0.0,"event_name":"Lab","player_choice":"Got Potions","floor":10.0,"gold_loss":0.0,"damage_taken":0.0},{"damage_healed":0.0,"max_hp_gain":0.0,"max_hp_loss":0.0,"gold_gain":0.0,"event_name":"Drug Dealer","player_choice":"Inject Mutagens","floor":21.0,"gold_loss":0.0,"damage_taken":0.0,"relics_obtained":["MutagenicStrength"]},{"damage_healed":0.0,"max_hp_gain":0.0,"max_hp_loss":0.0,"gold_gain":0.0,"event_name":"Masked Bandits","player_choice":"Fought Bandits","floor":22.0,"gold_loss":0.0,"damage_taken":0.0},{"cards_removed":["Backflip"],"damage_healed":0,"gold_gain":0,"player_choice":"Removed Skill","damage_taken":0,"max_hp_gain":0,"max_hp_loss":0,"event_name":"Falling","floor":38,"gold_loss":0}],"is_beta":false,"boss_relics":[{"not_picked":["Philosopher\u0027s Stone","HoveringKite"],"picked":"Snecko Scales"},{"not_picked":["Honey Jar","Runic Pyramid"],"picked":"Black Star"}],"items_purged_floors":[48],"is_endless":false,"potions_floor_spawned":[1,5,6,8,20,23,27,30,41,42,44,45],"killed_by":"Time Eater","ascension_level":20}}