{"host":"mhmeo7g9gd98ttwb","time":1610852367,"event":{"mods":["BaseMod","Card Forge","Colored Map","Minty Spire (QoL Compilation)","Relic Stats","StSLib"],"gold_per_floor":[144,189,234,279,337,337,427,472,472,517,517,562,607,697,697,997,997,1042,1087,813,813,463,553,553,643,643,688,787,787,877,922,922,1222,1222,1267,1267,1312,1357,1357,1447,1447,1537,1537,1582,1627,1302,1347,1392,1392,1392],"floor_reached":51,"language":"ENG","playtime":4687,"items_purged":[],"score":1233,"play_id":"24f53a07-d0fe-46c1-8c4c-ceaaaeffb5e9","local_time":"20210117025927","daily_mods":["SealedDeck","Hoarder","Midas"],"is_ascension_mode":false,"campfire_choices":[{"floor":6,"key":"REST"},{"floor":15,"key":"REST"},{"floor":32,"key":"REST"},{"floor":41,"key":"REST"},{"floor":49,"key":"REST"}],"circlet_count":0,"master_deck":["Rebound+1","Rebound+1","Rebound+1","Barrage+1","Barrage+1","Barrage+1","Loop+1","Loop+1","Loop+1","Go for the Eyes+1","Go for the Eyes+1","Go for the Eyes+1","Turbo+1","Turbo+1","Turbo+1","Streamline+1","Streamline+1","Streamline+1","Beam Cell+1","Beam Cell+1","Stack+1","Stack+1","Stack+1","Hologram+1","Hologram+1","Hologram+1","Conserve Battery+1","Conserve Battery+1","Conserve Battery+1","Double Energy+1","Double Energy+1","Double Energy+1","Core Surge+1","Core Surge+1","Core Surge+1","Gash+1","Gash+1","Gash+1","Consume+1","Consume+1","Consume+1","Chill+1","Chill+1","Chill+1","Cold Snap+1","Cold Snap+1","Cold Snap+1","Amplify+1","Amplify+1","Amplify+1","Ball Lightning+1","Ball Lightning+1","Ball Lightning+1","Panacea+1","Panacea+1","Panacea+1","Biased Cognition+1","Biased Cognition+1","Biased Cognition+1","Echo Form+1","Echo Form+1","Echo Form+1","Defragment+1","Defragment+1","Defragment+1","Electrodynamics+1","Electrodynamics+1","Electrodynamics+1","Seek+1","Seek+1","Seek+1","Capacitor+1","Capacitor+1","Capacitor+1","Defragment+1","Defragment+1","Defragment+1","Seek+1","Seek+1","Seek+1","Double Energy+1","Double Energy+1","Double Energy+1","White Noise+1","White Noise+1","White Noise+1"],"relics":["Cracked Core","Hammer of Thor","Seething Fire","Anvil of the Gods","Pear","Darkstone Periapt","Potion Belt","Bottled Flame","Fusion Hammer","Membership Card","Nunchaku","Mango","Bottled Lightning","Medical Kit","Toxic Egg 2","Vajra","Bird Faced Urn","Matryoshka","Shuriken","Bottled Tornado","PreservedInsect","Black Star","War Paint","Gambling Chip","Orichalcum","Bag of Preparation","Whetstone","DataDisk","Peace Pipe","Ancient Tea Set","OrangePellets"],"acts_visited":["Exordium","TheCity","TheBeyond"],"potions_floor_usage":[44,50],"damage_taken":[{"damage":0,"enemies":"2 Louse","floor":1,"turns":1},{"damage":0,"enemies":"Cultist","floor":2,"turns":2},{"damage":0,"enemies":"Small Slimes","floor":3,"turns":3},{"damage":0,"enemies":"Looter","floor":4,"turns":2},{"damage":3,"enemies":"3 Sentries","floor":7,"turns":4},{"damage":2,"enemies":"2 Fungi Beasts","floor":8,"turns":2},{"damage":16,"enemies":"Large Slime","floor":10,"turns":2},{"damage":5,"enemies":"Lots of Slimes","floor":12,"turns":3},{"damage":0,"enemies":"Exordium Thugs","floor":13,"turns":5},{"damage":0,"enemies":"Lagavulin","floor":14,"turns":3},{"damage":0,"enemies":"Slime Boss","floor":16,"turns":8},{"damage":0,"enemies":"Spheric Guardian","floor":18,"turns":3},{"damage":0,"enemies":"Chosen","floor":19,"turns":3},{"damage":7,"enemies":"Slavers","floor":23,"turns":2},{"damage":0,"enemies":"Gremlin Leader","floor":25,"turns":3},{"damage":0,"enemies":"3 Cultists","floor":27,"turns":2},{"damage":12,"enemies":"Book of Stabbing","floor":30,"turns":3},{"damage":0,"enemies":"Snake Plant","floor":31,"turns":3},{"damage":11,"enemies":"Automaton","floor":33,"turns":3},{"damage":0,"enemies":"3 Darklings","floor":35,"turns":2},{"damage":0,"enemies":"3 Shapes","floor":37,"turns":1},{"damage":0,"enemies":"Transient","floor":38,"turns":5},{"damage":0,"enemies":"Reptomancer","floor":40,"turns":3},{"damage":0,"enemies":"Nemesis","floor":42,"turns":3},{"damage":0,"enemies":"Writhing Mass","floor":44,"turns":4},{"damage":0,"enemies":"Jaw Worm Horde","floor":45,"turns":1},{"damage":0,"enemies":"3 Darklings","floor":47,"turns":1},{"damage":0,"enemies":"4 Shapes","floor":48,"turns":1},{"damage":0,"enemies":"Awakened One","floor":50,"turns":5}],"seed_played":"7372172642885907109","potions_obtained":[{"floor":4,"key":"Regen Potion"},{"floor":8,"key":"SneckoOil"},{"floor":10,"key":"SneckoOil"},{"floor":16,"key":"SpeedPotion"},{"floor":19,"key":"BlessingOfTheForge"},{"floor":23,"key":"DistilledChaos"},{"floor":25,"key":"CultistPotion"},{"floor":40,"key":"Fruit Juice"},{"floor":44,"key":"EssenceOfSteel"},{"floor":48,"key":"PotionOfCapacity"}],"is_trial":false,"path_per_floor":["M","M","M","M","?","R","E","M","T","M","?","M","M","E","R","B",null,"M","M","$","?","$","E","?","E","T","M","?","T","E","M","R","B",null,"M","?","M","M","?","E","R","E","T","M","M","$","M","M","R","B",null],"character_chosen":"DEFECT","items_purchased":["Membership Card","Nunchaku","Panacea","Mango","Bottled Lightning","Medical Kit","Peace Pipe","Ancient Tea Set","OrangePellets","AttackPotion"],"campfire_rested":5,"item_purchase_floors":[20,20,20,22,22,22,46,46,46,46],"current_hp_per_floor":[75,75,75,75,75,75,82,80,80,64,64,59,59,59,84,84,85,85,85,85,85,99,92,110,110,110,116,116,116,105,117,117,110,117,117,117,117,117,114,117,117,117,117,122,122,122,122,122,122,122],"gold":1392,"neow_bonus":"","is_daily":true,"chose_seed":false,"campfire_upgraded":0,"win_rate":0.0,"timestamp":1610852367,"path_taken":["M","M","M","M","?","R","E","M","T","M","?","M","?","E","R","BOSS","M","M","$","?","$","E","?","E","T","M","?","?","E","M","R","BOSS","M","?","M","M","?","E","R","E","T","M","?","$","M","M","R","BOSS"],"items_purchased_type":["Relic","Relic","Card","Relic","Relic","Relic","Relic","Relic","Relic","Potion"],"build_version":"2020-12-22","purchased_purges":0,"victory":true,"max_hp_per_floor":[75,75,75,75,75,75,85,85,85,85,85,85,85,85,85,85,85,85,85,85,85,99,99,117,117,117,117,117,117,117,117,117,117,117,117,117,117,117,117,117,117,117,117,122,122,122,122,122,122,122],"relic_stats":{"Darkstone Periapt":18,"counters":[29,79],"PreservedInsect":106,"Bag of Preparation":[10],"Whetstone":[],"War Paint":["Chill","Chill"],"Orichalcum":[36],"Medical Kit":[0],"Peace Pipe":0,"OrangePellets":[0],"Nunchaku":[5],"Shuriken":[8],"Bird Faced Urn":[26],"Gambling Chip":[18],"Black Star":2,"obtain_stats":[{"Darkstone Periapt":9,"Vajra":24,"Mango":22,"Hammer of Thor":0,"Bag of Preparation":42,"Whetstone":43,"Bottled Tornado":29,"Ancient Tea Set":46,"Nunchaku":20,"Matryoshka":26,"Gambling Chip":40,"Fusion Hammer":17,"Toxic Egg 2":23,"Cracked Core":0,"Potion Belt":11,"Pear":7,"PreservedInsect":30,"Seething Fire":0,"War Paint":40,"Orichalcum":42,"Medical Kit":22,"Peace Pipe":46,"OrangePellets":46,"Bottled Flame":14,"DataDisk":43,"Anvil of the Gods":0,"Shuriken":29,"Bird Faced Urn":25,"Black Star":34,"Membership Card":20,"Bottled Lightning":22},{"Darkstone Periapt":6,"Vajra":14,"Mango":13,"Hammer of Thor":0,"Bag of Preparation":24,"Whetstone":24,"Bottled Tornado":16,"Ancient Tea Set":26,"Nunchaku":13,"Matryoshka":15,"Gambling Chip":23,"Fusion Hammer":11,"Toxic Egg 2":14,"Cracked Core":0,"Potion Belt":7,"Pear":5,"PreservedInsect":17,"Seething Fire":0,"War Paint":23,"Orichalcum":24,"Medical Kit":13,"Peace Pipe":26,"OrangePellets":26,"Bottled Flame":10,"DataDisk":24,"Anvil of the Gods":0,"Shuriken":16,"Bird Faced Urn":15,"Black Star":19,"Membership Card":13,"Bottled Lightning":13},{"Darkstone Periapt":13,"Vajra":42,"Mango":40,"Hammer of Thor":0,"Bag of Preparation":69,"Whetstone":69,"Bottled Tornado":47,"Ancient Tea Set":73,"Nunchaku":40,"Matryoshka":45,"Gambling Chip":66,"Fusion Hammer":34,"Toxic Egg 2":42,"Cracked Core":0,"Potion Belt":15,"Pear":11,"PreservedInsect":50,"Seething Fire":0,"War Paint":66,"Orichalcum":69,"Medical Kit":40,"Peace Pipe":73,"OrangePellets":73,"Bottled Flame":26,"DataDisk":69,"Anvil of the Gods":0,"Shuriken":47,"Bird Faced Urn":45,"Black Star":55,"Membership Card":40,"Bottled Lightning":40}]},"card_choices":[{"not_picked":["Leap","Scrape","Streamline"],"picked":"SKIP","floor":1},{"not_picked":["Cold Snap","Streamline"],"picked":"Double Energy","floor":2},{"not_picked":["Steam","Turbo"],"picked":"Core Surge","floor":3},{"not_picked":["Stack","FTL"],"picked":"Gash","floor":4},{"not_picked":["Beam Cell","Storm","Hello World"],"picked":"SKIP","floor":7},{"not_picked":["Reboot","Hologram","Steam"],"picked":"SKIP","floor":8},{"not_picked":["Go for the Eyes","Machine Learning"],"picked":"Consume","floor":10},{"not_picked":["FTL","Redo"],"picked":"Chill","floor":12},{"not_picked":["Compile Driver","Go for the Eyes","Conserve Battery"],"picked":"SKIP","floor":13},{"not_picked":["Go for the Eyes","Beam Cell"],"picked":"Cold Snap","floor":14},{"not_picked":["Rainbow","Multi-Cast"],"picked":"Amplify","floor":16},{"not_picked":["Streamline","Storm"],"picked":"Ball Lightning","floor":18},{"not_picked":["Static Discharge","Double Energy","Genetic Algorithm"],"picked":"SKIP","floor":19},{"not_picked":["FTL","Biased Cognition","BootSequence+1"],"picked":"SKIP","floor":23},{"not_picked":["Rebound","Heatsinks+1"],"picked":"Defragment","floor":25},{"not_picked":["Hello World","Sweeping Beam+1","Capacitor+1"],"picked":"SKIP","floor":27},{"not_picked":["Biased Cognition","Rebound","Gash+1"],"picked":"SKIP","floor":30},{"not_picked":["Conserve Battery+1","Doom and Gloom+1","Streamline+1"],"picked":"SKIP","floor":31},{"not_picked":["Redo+1","Conserve Battery+1","Barrage"],"picked":"SKIP","floor":35},{"not_picked":["Barrage","Creative AI","Ball Lightning"],"picked":"SKIP","floor":37},{"not_picked":["Lockon","Turbo+1","Static Discharge"],"picked":"SKIP","floor":38},{"not_picked":["Blizzard+1","Coolheaded+1","Cold Snap+1"],"picked":"SKIP","floor":40},{"not_picked":["Compile Driver+1","Rebound+1"],"picked":"Double Energy+1","floor":42},{"not_picked":["Chaos+1","All For One","Beam Cell+1"],"picked":"SKIP","floor":44},{"not_picked":["Conserve Battery+1","Consume+1","Force Field+1"],"picked":"SKIP","floor":45},{"not_picked":["Auto Shields+1","Stack+1","Beam Cell"],"picked":"SKIP","floor":47},{"not_picked":["Aggregate+1","Redo+1"],"picked":"White Noise+1","floor":48}],"player_experience":192018,"relics_obtained":[{"floor":7,"key":"Pear"},{"floor":9,"key":"Darkstone Periapt"},{"floor":14,"key":"Bottled Flame"},{"floor":23,"key":"Toxic Egg 2"},{"floor":25,"key":"Bird Faced Urn"},{"floor":26,"key":"Matryoshka"},{"floor":29,"key":"Shuriken"},{"floor":29,"key":"Bottled Tornado"},{"floor":30,"key":"PreservedInsect"},{"floor":40,"key":"War Paint"},{"floor":40,"key":"Gambling Chip"},{"floor":42,"key":"Orichalcum"},{"floor":42,"key":"Bag of Preparation"},{"floor":43,"key":"Whetstone"},{"floor":43,"key":"DataDisk"}],"event_choices":[{"damage_healed":0,"gold_gain":58,"player_choice":"Gained Gold","damage_taken":0,"max_hp_gain":0,"max_hp_loss":0,"event_name":"Golden Wing","floor":5,"gold_loss":0},{"damage_healed":0,"gold_gain":0,"player_choice":"Gave Potion","damage_taken":0,"relics_obtained":["Potion Belt"],"max_hp_gain":0,"max_hp_loss":0,"event_name":"WeMeetAgain","floor":11,"gold_loss":0},{"damage_healed":0,"gold_gain":0,"player_choice":"Ignored","damage_taken":0,"max_hp_gain":0,"max_hp_loss":0,"event_name":"Vampires","floor":21,"gold_loss":0},{"damage_healed":0,"gold_gain":0,"player_choice":"Stole Relic","damage_taken":0,"relics_obtained":["Vajra"],"max_hp_gain":0,"max_hp_loss":0,"event_name":"Addict","floor":24,"gold_loss":0,"cards_obtained":["Shame"]},{"damage_healed":0,"gold_gain":99,"player_choice":"Stole From Cult","damage_taken":0,"max_hp_gain":0,"max_hp_loss":0,"event_name":"Nest","floor":28,"gold_loss":0},{"cards_removed":["Beam Cell"],"damage_healed":0,"gold_gain":0,"player_choice":"Removed Attack","damage_taken":0,"max_hp_gain":0,"max_hp_loss":0,"event_name":"Falling","floor":36,"gold_loss":0},{"damage_healed":0,"gold_gain":0,"player_choice":"Punched","damage_taken":3,"max_hp_gain":0,"max_hp_loss":0,"event_name":"Designer","floor":39,"gold_loss":0}],"is_beta":false,"boss_relics":[{"not_picked":["SlaversCollar","Philosopher\u0027s Stone"],"picked":"Fusion Hammer"},{"not_picked":["Nuclear Battery","Astrolabe"],"picked":"Black Star"}],"items_purged_floors":[],"is_endless":false,"potions_floor_spawned":[4,8,10,16,19,23,25,40,44,47,48],"ascension_level":0}}