{"host":"mgwrmgf4x3air4cr","time":1610870421,"event":{"mods":["ATMod(阿瑾Mod)","Act Like it!","Arknights The Spire","BaseMod","Downfall","HololiveMod","Minty Spire (QoL Compilation)","RumiaBox-露米娅的神秘盒子","Shop Mod","StSLib","TestMod","Waifu the Spire","WarShipGirlsR/战舰少女R mod","noobMod","【功能Mod】混沌之环修复补丁","篝火指南"],"gold_per_floor":[99,112,112,128,141,169,169,179,197,207,240,140,154,167,182,287,287,187,202,202,214,234,234,234,269,287,258,458,484,502,533,553,658,658,337,362,384,86,86,136,136,169,69,69,125,125,52,452,467,467,467,493,37,37,37,37],"floor_reached":57,"language":"ZHS","playtime":4536,"items_purged":["Guardian:Defend_Guardian","Guardian:FloatingOrbs","Guardian:Emergency","Guardian:Defend_Guardian","Guardian:Defend_Guardian"],"score":1506,"play_id":"04893c15-24d3-4120-ace1-c29e29818a1a","local_time":"20210117160021","is_ascension_mode":false,"campfire_choices":[{"data":"AT_EssenceShift","floor":1,"key":"SMITH"},{"floor":12,"key":"RECALL"},{"data":"Guardian:PrismaticBarrier","floor":18,"key":"SMITH"},{"data":"Guardian:TemporalShield","floor":23,"key":"SMITH"},{"data":"testmod-WeaknessCounterattack","floor":43,"key":"SMITH"},{"data":"Guardian:TwinSlam","floor":46,"key":"SMITH"},{"data":"testmod-Wormhole","floor":54,"key":"SMITH"}],"circlet_count":0,"master_deck":["Guardian:Strike_Guardian","Guardian:Strike_Guardian","Guardian:Strike_Guardian","Guardian:Strike_Guardian","Guardian:Defend_Guardian","Guardian:CurlUp","Guardian:TwinSlam+1","AT_EssenceShift+1","Guardian:Recover","Guardian:ChargeCore","Guardian:Reroute","Guardian:BodySlam","Guardian:PrismaticBarrier+1","Guardian:TemporalStrike","Guardian:StasisField","Guardian:PrismaticBarrier","Guardian:TemporalStrike","testmod-WeaknessCounterattack+1","Guardian:TemporalStrike","Guardian:StasisStrike","testmod-Wormhole+1"],"relics":["Guardian:ModeShifter","AT_ATBox","ice","testmod-Fanaticism","Unceasing Top","AT_ForceNature","LastBattle","downfall:HeartBlessingGreen","testmod-BatchProcessingSystem","downfall:HeartBlessingRed","MagicDraw1","MerchantsRug","Membership Card","Vajra","testmod-TimeTraveler","GodSword5","Molten Egg 2","WingedGreaves","Sling","MoreBug","Bag of Preparation","downfall:HeartBlessingBlue","Medical Kit","testmod-OneHitWonder","Hololive_LightStick","AT_LudenTempest"],"acts_visited":["Exordium","TheCity","TheBeyond","TheEnding"],"potions_floor_usage":[4,4,10,16],"damage_taken":[{"damage":12,"enemies":"2 Louse","floor":2,"turns":3},{"damage":0,"enemies":"Cultist","floor":4,"turns":2},{"damage":0,"enemies":"Small Slimes","floor":5,"turns":3},{"damage":7,"enemies":"Lagavulin","floor":6,"turns":7},{"damage":16,"enemies":"3 Louse","floor":8,"turns":3},{"damage":20,"enemies":"2 Fungi Beasts","floor":9,"turns":4},{"damage":16,"enemies":"Blue Slaver","floor":10,"turns":3},{"damage":35,"enemies":"3 Sentries","floor":11,"turns":7},{"damage":24,"enemies":"3 Louse","floor":13,"turns":3},{"damage":20,"enemies":"Large Slime","floor":14,"turns":4},{"damage":18,"enemies":"2 Fungi Beasts","floor":15,"turns":2},{"damage":8,"enemies":"SI_SHIV_ARCHETYPE","floor":16,"turns":5},{"damage":0,"enemies":"Spheric Guardian","floor":19,"turns":1},{"damage":0,"enemies":"Chosen","floor":21,"turns":1},{"damage":0,"enemies":"Centurion and Healer","floor":22,"turns":3},{"damage":0,"enemies":"Gremlin Leader","floor":25,"turns":2},{"damage":0,"enemies":"Snake Plant","floor":26,"turns":1},{"damage":0,"enemies":"downfall:FleeingMerchant","floor":27,"turns":1},{"damage":0,"enemies":"Book of Stabbing","floor":29,"turns":2},{"damage":0,"enemies":"3 Cultists","floor":30,"turns":2},{"damage":0,"enemies":"Gremlin Leader","floor":31,"turns":1},{"damage":0,"enemies":"Chosen and Byrds","floor":32,"turns":2},{"damage":4,"enemies":"IC_MUSHROOM_ARCHETYPE","floor":33,"turns":2},{"damage":0,"enemies":"3 Shapes","floor":36,"turns":1},{"damage":0,"enemies":"Orb Walker","floor":37,"turns":1},{"damage":0,"enemies":"Orb Walker","floor":40,"turns":1},{"damage":0,"enemies":"Reptomancer","floor":42,"turns":1},{"damage":0,"enemies":"Writhing Mass","floor":49,"turns":1},{"damage":0,"enemies":"DF_ARCHETYPE_ORBS","floor":50,"turns":1},{"damage":0,"enemies":"downfall:CharBossMerchant","floor":52,"turns":1},{"damage":0,"enemies":"downfall:NeowBoss","floor":55,"turns":5},{"damage":2,"enemies":"downfall:NeowBossFinal","floor":56,"turns":3}],"seed_played":"6423181334685012093","potions_obtained":[{"floor":3,"key":"Fire Potion"},{"floor":3,"key":"testmod-TimePotion"},{"floor":3,"key":"SneckoOil"},{"floor":4,"key":"Fruit Juice"},{"floor":8,"key":"SteroidPotion"},{"floor":9,"key":"Weak Potion"},{"floor":15,"key":"EssenceOfSteel"},{"floor":16,"key":"Fire Potion"},{"floor":22,"key":"Regen Potion"},{"floor":26,"key":"FairyPotion"},{"floor":30,"key":"SpeedPotion"},{"floor":32,"key":"Swift Potion"},{"floor":42,"key":"SkillPotion"},{"floor":49,"key":"Strength Potion"}],"is_trial":false,"path_per_floor":["R","M","?","M","M","E","T","M","M","M","E","R","M","M","M","B",null,"R","M","?","M","M","R","T","E","M","$","?","E","M","E","M","B",null,"R","M","M","$","?","?","T","E","R","?","$","R","R","?","M","B",null,"E","$","R","B","B",null],"character_chosen":"GUARDIAN","items_purchased":["MerchantsRug","Membership Card","testmod-WeaknessCounterattack","GodSword5","Strange Spoon","MawBank","Molten Egg 2","WingedGreaves","Sling","Medical Kit","Hololive_LightStick","Guardian:Gem_Purple","Guardian:Gem_Crimson","testmod-Wormhole","AT_LudenTempest"],"campfire_rested":0,"item_purchase_floors":[27,27,27,35,35,35,38,38,38,47,53,53,53,53,53],"current_hp_per_floor":[88,77,77,82,82,86,86,77,63,57,54,54,38,29,19,30,93,93,93,93,93,93,93,93,93,93,93,93,93,93,93,93,93,93,93,93,93,93,93,93,93,93,103,103,103,103,103,103,103,103,103,103,103,103,103,103],"gold":37,"neow_bonus":"TEN_PERCENT_HP_BONUS","is_daily":false,"chose_seed":false,"campfire_upgraded":6,"win_rate":0.0,"timestamp":1610870421,"path_taken":["R","M","?","M","M","E","T","M","M","M","E","R","M","?","M","BOSS","R","M","?","M","M","R","T","E","M","?","?","E","?","E","M","BOSS","R","M","M","$","?","?","T","E","R","?","$","R","R","?","M","BOSS","E","$","R","BOSS","BOSS"],"items_purchased_type":["Relic","Relic","Card","Relic","Relic","Relic","Relic","Relic","Relic","Relic","Relic","Card","Card","Card","Relic"],"build_version":"2020-12-22","purchased_purges":5,"victory":true,"max_hp_per_floor":[88,88,88,93,93,93,93,93,93,93,93,93,93,93,93,93,93,93,93,93,93,93,93,93,93,93,93,93,93,93,93,93,93,93,93,93,93,93,93,93,93,93,103,103,103,103,103,103,103,103,103,103,103,103,103,103],"card_choices":[{"not_picked":["Guardian:CrystalBeam","Guardian:MultiBeam"],"picked":"Guardian:Recover","floor":2},{"not_picked":["Guardian:Gem_Green","Guardian:BodySlam"],"picked":"Guardian:Gem_Fragmented","floor":4},{"not_picked":["Guardian:Emergency","Guardian:HyperBeam_Guardian"],"picked":"Guardian:ChargeCore","floor":5},{"not_picked":["Guardian:Incinerate","Guardian:WalkerClaw"],"picked":"Guardian:Reroute","floor":6},{"not_picked":["Guardian:SpikerProtocol","Guardian:Harden"],"picked":"Guardian:Gem_Cyan","floor":8},{"not_picked":["Guardian:PiercingHide","Guardian:Reroute"],"picked":"Guardian:BodySlam","floor":9},{"not_picked":["Guardian:Reroute","Guardian:Incinerate"],"picked":"Guardian:PrismaticBarrier","floor":10},{"not_picked":["Guardian:Planning","Guardian:Gem_Orange"],"picked":"Guardian:TemporalStrike","floor":11},{"not_picked":["Guardian:PiercingHide","Guardian:VentSteam"],"picked":"Guardian:Gem_White","floor":13},{"not_picked":["Guardian:SpikerProtocol","Guardian:Incinerate"],"picked":"Guardian:WalkerClaw","floor":14},{"not_picked":["Guardian:PrismaticBeam","Guardian:Incinerate"],"picked":"Guardian:Gem_Cyan","floor":15},{"not_picked":["Guardian:BaubleBeam","Guardian:TimeSifter"],"picked":"Guardian:StasisField","floor":16},{"not_picked":["Guardian:Suspension","Guardian:WalkerClaw","Guardian:RollAttack"],"picked":"SKIP","floor":19},{"not_picked":["Guardian:Emergency","Guardian:Gem_Blue"],"picked":"Guardian:PrismaticBarrier","floor":21},{"not_picked":["Guardian:ShieldCharger+1","Guardian:Gem_Fragmented"],"picked":"Guardian:TemporalShield","floor":22},{"not_picked":["Guardian:DonusPower","Guardian:ShieldCharger","Guardian:PrismaticBarrier"],"picked":"SKIP","floor":25},{"not_picked":["Guardian:SentryBeam","Guardian:Repulse"],"picked":"Guardian:FloatingOrbs","floor":26},{"not_picked":["Guardian:DecasProtection","Guardian:PrimingBeam+1"],"picked":"Guardian:TemporalStrike","floor":27},{"not_picked":["Guardian:Gem_Green","Guardian:WalkerClaw"],"picked":"Guardian:Emergency","floor":29},{"not_picked":["Guardian:TimeBomb","Guardian:TemporalStrike"],"picked":"Guardian:Gem_Cyan","floor":30},{"not_picked":["Guardian:Gem_Purple","Guardian:Gem_Green"],"picked":"Guardian:Gem_White","floor":31},{"not_picked":["Guardian:PiercingHide+1","Guardian:Reroute"],"picked":"Guardian:TemporalStrike","floor":32},{"not_picked":["Guardian:ExploitGems","Guardian:AncientConstruct"],"picked":"Guardian:StasisStrike","floor":33},{"not_picked":["Guardian:CrystalBeam","Guardian:Gem_Cyan","Guardian:Harden"],"picked":"SKIP","floor":36},{"not_picked":["Guardian:ArmoredProtocol+1","Guardian:FloatingOrbs+1","Guardian:Gem_Green"],"picked":"SKIP","floor":37},{"not_picked":["Guardian:SentryBeam+1","Guardian:ShieldCharger","Guardian:RollAttack+1"],"picked":"SKIP","floor":42},{"not_picked":["Guardian:Reroute+1","Guardian:Gem_Red","Guardian:ShieldCharger"],"picked":"SKIP","floor":49},{"not_picked":["Guardian:Gem_Red","Guardian:HyperBeam_Guardian+1","Guardian:CrystalBeam+1"],"picked":"SKIP","floor":52}],"player_experience":43652,"relics_obtained":[{"floor":6,"key":"Unceasing Top"},{"floor":7,"key":"AT_ForceNature"},{"floor":11,"key":"LastBattle"},{"floor":24,"key":"MagicDraw1"},{"floor":25,"key":"Orichalcum"},{"floor":29,"key":"Bronze Scales"},{"floor":31,"key":"Vajra"},{"floor":40,"key":"MoreBug"},{"floor":42,"key":"Bag of Preparation"},{"floor":52,"key":"testmod-OneHitWonder"}],"event_choices":[{"damage_healed":0,"gold_gain":0,"player_choice":"Got Potions","damage_taken":0,"max_hp_gain":0,"max_hp_loss":0,"event_name":"Lab","floor":3,"gold_loss":0},{"cards_removed":["Guardian:TemporalShield"],"damage_healed":0,"gold_gain":0,"player_choice":"Removed Skill","damage_taken":0,"max_hp_gain":0,"max_hp_loss":0,"event_name":"Falling","floor":39,"gold_loss":0},{"damage_healed":0,"gold_gain":400,"player_choice":"Sell","damage_taken":0,"max_hp_gain":0,"max_hp_loss":0,"event_name":"恩洛斯的盘子","floor":48,"relics_lost":["testmod-TestBox"],"gold_loss":0}],"is_beta":false,"boss_relics":[{"not_picked":["Guardian:StasisSlotReductionRelic","testmod-Recursion"],"picked":"testmod-BatchProcessingSystem"},{"not_picked":["Calling Bell","Pandora\u0027s Box"],"picked":"testmod-TimeTraveler"}],"items_purged_floors":[27,35,38,45,53],"is_endless":false,"potions_floor_spawned":[4,8,9,15,16,22,26,30,32,33,42,49],"ascension_level":0}}