{"host":"ukx402utdi8v8522","time":1610864256,"event":{"mods":["AchievementEnabler","BaseMod","Colored Map","Downfall","Minty Spire (QoL Compilation)","StSLib"],"gold_per_floor":[99,109,119,134,19,45,45,55,72,103,3,3,3,17,34,34,34,34],"floor_reached":16,"language":"ENG","playtime":869,"items_purged":["champ:Defend"],"score":114,"play_id":"541604cf-30e0-4272-ad62-756e1f77e7e1","local_time":"20210117171736","is_ascension_mode":false,"campfire_choices":[{"floor":1,"key":"RECALL"},{"data":"champ:FanOfKnives","floor":11,"key":"SMITH"},{"data":"champ:Taunt","floor":13,"key":"SMITH"}],"circlet_count":0,"master_deck":["champ:Strike","champ:Strike","champ:Strike","champ:Strike","champ:Defend","champ:Defend","champ:Defend","champ:Execute","champ:Taunt+1","champ:EnGarde","champ:GutPunch","champ:Lariat","champ:FanOfKnives+1","champ:StanceDance","champ:EndlessRage","champ:Shatter+1","champ:IronFortress","champ:BringItOn","champ:TripleStrike+1"],"relics":["champ:ChampionCrown","Strawberry","Du-Vu Doll","Molten Egg 2","Bag of Marbles","downfall:HeartBlessingRed"],"acts_visited":["Exordium"],"potions_floor_usage":[16],"damage_taken":[{"damage":10,"enemies":"Small Slimes","floor":2,"turns":3},{"damage":6,"enemies":"Cultist","floor":3,"turns":4},{"damage":18,"enemies":"Jaw Worm","floor":4,"turns":3},{"damage":25,"enemies":"downfall:FleeingMerchant","floor":5,"turns":4},{"damage":81,"enemies":"Lagavulin","floor":6,"turns":7},{"damage":44,"enemies":"Exordium Wildlife","floor":8,"turns":4},{"damage":27,"enemies":"Blue Slaver","floor":9,"turns":4},{"damage":28,"enemies":"Gremlin Nob","floor":10,"turns":5},{"damage":27,"enemies":"Large Slime","floor":14,"turns":4},{"damage":0,"enemies":"2 Fungi Beasts","floor":15,"turns":3},{"damage":63,"enemies":"WA_ARCHETYPE_RETAIN","floor":16,"turns":6}],"seed_played":"3462032869130528371","potions_obtained":[{"floor":4,"key":"Ancient Potion"},{"floor":6,"key":"hexamod:SoulburnPotion"},{"floor":10,"key":"Dexterity Potion"},{"floor":15,"key":"Swift Potion"}],"is_trial":false,"path_per_floor":["R","M","M","M","$","E","T","M","M","E","R","?","R","M","M","B"],"character_chosen":"THE_CHAMP","items_purchased":["champ:StanceDance"],"campfire_rested":0,"item_purchase_floors":[5],"current_hp_per_floor":[97,97,96,93,83,67,67,48,46,33,33,28,28,26,26,0,0,0],"gold":34,"neow_bonus":"RANDOM_COMMON_RELIC","is_daily":false,"chose_seed":false,"campfire_upgraded":2,"win_rate":0.0,"timestamp":1610864256,"path_taken":["R","M","M","M","$","E","T","M","M","E","R","?","R","M","M","BOSS"],"items_purchased_type":["Card"],"build_version":"2020-12-22","purchased_purges":1,"victory":false,"max_hp_per_floor":[97,97,97,97,97,97,97,97,97,97,97,97,97,97,97,97,97,97],"card_choices":[{"not_picked":["champ:PreciseThrust","champ:StanceDance"],"picked":"champ:EnGarde","floor":2},{"not_picked":["champ:Shatter","champ:PreciseThrust"],"picked":"champ:GutPunch","floor":3},{"not_picked":["champ:EnGarde","champ:BerserkersShout"],"picked":"champ:Lariat","floor":4},{"not_picked":["champ:AdrenalArmor","champ:FocusedBerserking"],"picked":"champ:FanOfKnives","floor":5},{"not_picked":["champ:SetATrap","champ:StanceDance"],"picked":"champ:EndlessRage","floor":6},{"not_picked":["champ:FlashCut+1","champ:Backstep"],"picked":"champ:Shatter+1","floor":8},{"not_picked":["champ:Lariat","champ:FanOfKnives+1"],"picked":"champ:IronFortress","floor":9},{"not_picked":["champ:Shatter+1","champ:FalseCounter","champ:Circumvent"],"picked":"SKIP","floor":10},{"not_picked":["champ:Parry","champ:Circumvent"],"picked":"champ:BringItOn","floor":14},{"not_picked":["champ:CalledShot","champ:AdrenalArmor"],"picked":"champ:TripleStrike+1","floor":15}],"player_experience":525848,"relics_obtained":[{"floor":6,"key":"Du-Vu Doll"},{"floor":7,"key":"Molten Egg 2"},{"floor":10,"key":"Bag of Marbles"}],"event_choices":[],"is_beta":false,"boss_relics":[],"items_purged_floors":[5],"is_endless":false,"potions_floor_spawned":[4,6,10,15],"killed_by":"WA_ARCHETYPE_RETAIN","ascension_level":0}}