{"host":"uv231blk40vjdojr","time":1610895278,"event":{"mods":["AchievementEnabler","BaseMod","Bestiary","Minty Spire (QoL Compilation)","Relic Stats"],"gold_per_floor":[114,26,26,36,36,36,50,79,79,90,90,118,118,118,118,118,118],"floor_reached":16,"language":"ENG","playtime":649,"items_purged":[],"score":216,"play_id":"d1faf2c4-9773-436e-8cca-597b757a409a","local_time":"20210117155438","is_ascension_mode":true,"campfire_choices":[{"data":"Streamline","floor":6,"key":"SMITH"},{"data":"Genetic Algorithm","floor":11,"key":"SMITH"},{"floor":13,"key":"DIG"},{"floor":15,"key":"DIG"}],"circlet_count":0,"master_deck":["AscendersBane","Strike_B","Strike_B","Strike_B","Strike_B","Defend_B","Defend_B","Defend_B","Defend_B","Zap","Dualcast","Coolheaded","Turbo","Streamline+1","Genetic Algorithm+1","Ball Lightning"],"relics":["Runic Pyramid","Oddly Smooth Stone","Bag of Preparation","Blue Candle","Shovel","Blood Vial","Strawberry"],"acts_visited":["Exordium"],"potions_floor_usage":[16],"damage_taken":[{"damage":6,"enemies":"Small Slimes","floor":1,"turns":4},{"damage":6,"enemies":"Jaw Worm","floor":4,"turns":3},{"damage":0,"enemies":"Cultist","floor":7,"turns":4},{"damage":26,"enemies":"3 Sentries","floor":8,"turns":10},{"damage":0,"enemies":"Large Slime","floor":10,"turns":6},{"damage":16,"enemies":"Lagavulin","floor":12,"turns":5},{"damage":32,"enemies":"Slime Boss","floor":16,"turns":9}],"seed_played":"-139222230194053935","potions_obtained":[{"floor":4,"key":"LiquidBronze"},{"floor":7,"key":"LiquidMemories"},{"floor":8,"key":"BlessingOfTheForge"}],"is_trial":false,"path_per_floor":["M","$","?","M","?","R","M","E","T","M","R","E","R","?","R","B"],"character_chosen":"DEFECT","items_purchased":["Turbo","Streamline"],"campfire_rested":0,"item_purchase_floors":[2,2],"current_hp_per_floor":[58,58,40,34,57,57,57,31,31,31,31,15,15,15,22,0,0],"gold":118,"neow_bonus":"BOSS_RELIC","is_daily":false,"chose_seed":false,"campfire_upgraded":2,"win_rate":0.0,"timestamp":1610895278,"path_taken":["M","$","?","M","?","R","M","E","T","M","R","E","R","?","R","BOSS"],"items_purchased_type":["Card","Card"],"build_version":"2020-12-22","purchased_purges":0,"victory":false,"max_hp_per_floor":[71,71,71,71,71,71,71,71,71,71,71,71,71,71,78,78,78],"relic_stats":{"Blood Vial":2,"Shovel":2,"counters":[7,41],"Blue Candle":[0],"Bag of Preparation":[6],"obtain_stats":[{"Blood Vial":13,"Shovel":12,"Blue Candle":9,"Strawberry":15,"Oddly Smooth Stone":3,"Bag of Preparation":8,"Cracked Core":0,"Runic Pyramid":0},{"Blood Vial":6,"Shovel":6,"Blue Candle":4,"Strawberry":6,"Oddly Smooth Stone":1,"Bag of Preparation":4,"Cracked Core":0,"Runic Pyramid":0},{"Blood Vial":32,"Shovel":32,"Blue Candle":21,"Strawberry":32,"Oddly Smooth Stone":4,"Bag of Preparation":21,"Cracked Core":0,"Runic Pyramid":0}]},"card_choices":[{"not_picked":["Leap","Stack"],"picked":"Coolheaded","floor":1},{"not_picked":["Storm","Redo","Sweeping Beam"],"picked":"SKIP","floor":4},{"not_picked":["Barrage","Undo"],"picked":"Genetic Algorithm","floor":7},{"not_picked":["Storm","Gash","Thunder Strike"],"picked":"SKIP","floor":8},{"not_picked":["Leap","Hologram"],"picked":"Ball Lightning","floor":10},{"not_picked":["Streamline","Gash","Rebound"],"picked":"SKIP","floor":12}],"player_experience":697847,"relics_obtained":[{"floor":8,"key":"Bag of Preparation"},{"floor":9,"key":"Blue Candle"},{"floor":12,"key":"Shovel"},{"floor":13,"key":"Blood Vial"},{"floor":15,"key":"Strawberry"}],"event_choices":[{"damage_healed":0,"gold_gain":0,"player_choice":"Success","damage_taken":18,"relics_obtained":["Oddly Smooth Stone"],"max_hp_gain":0,"max_hp_loss":0,"event_name":"Scrap Ooze","floor":3,"gold_loss":0},{"damage_healed":23,"gold_gain":0,"player_choice":"Banana","damage_taken":0,"max_hp_gain":0,"max_hp_loss":0,"event_name":"Big Fish","floor":5,"gold_loss":0},{"damage_healed":0,"gold_gain":0,"player_choice":"Ignored","damage_taken":0,"max_hp_gain":0,"max_hp_loss":0,"event_name":"Shining Light","floor":14,"gold_loss":0}],"is_beta":false,"boss_relics":[],"items_purged_floors":[],"is_endless":false,"potions_floor_spawned":[4,7,8],"killed_by":"Slime Boss","ascension_level":20}}