{"host":"56ghxnzsglgdq727","time":1610852317,"event":{"mods":["AchievementEnabler","BaseMod","Downfall","Duelist Mod","Minty Spire (QoL Compilation)","Rare Cards Sparkle","StSLib","The Bug Knight","The Exalted","The Senshi","The Wild Card"],"gold_per_floor":[138,138,148,34,34,34,64,64,116,129,182,257,257,291,291,392,392,406,406,425,875,895,895,912,936,984,784,694,706,706,174,174,174,174],"floor_reached":33,"language":"ENG","playtime":1088,"items_purged":["theDuelist:Sparks","theDuelist:CastleWalls","theDuelist:CastleWalls"],"score":386,"play_id":"1b259f6a-f694-42f9-ba9c-d9d62c30dd7e","local_time":"20210116215837","is_ascension_mode":true,"campfire_choices":[{"data":"theDuelist:ArmageddonDragonEmp","floor":6,"key":"SMITH"},{"floor":13,"key":"REST"},{"floor":15,"key":"REST"},{"floor":23,"key":"REST"},{"floor":32,"key":"REST"}],"circlet_count":0,"master_deck":["theDuelist:BabyDragon","theDuelist:CaveDragon","theDuelist:CaveDragon","theDuelist:LesserDragon","theDuelist:LesserDragon","theDuelist:Sparks+1","theDuelist:YamataDragon","theDuelist:ArmageddonDragonEmp+1","theDuelist:CyberTwinDragon","theDuelist:BoosterDragon+1","theDuelist:CyberValley","theDuelist:BSkullDragon","theDuelist:Raigeki","theDuelist:GravityLash","theDuelist:TotemDragon","theDuelist:RedEyes"],"relics":["theDuelist:MillenniumPuzzle","theDuelist:CardPoolRelic","theDuelist:CardPoolBasicRelic","theDuelist:BoosterPackPoolRelic","theDuelist:CardPoolAddRelic","theDuelist:CardPoolMinusRelic","theDuelist:CardPoolSaveRelic","theDuelist:CardPoolOptionsRelic","Smiling Mask","PreservedInsect","champ:DeflectingBracers","WingedGreaves","Bird Faced Urn","Lantern","Fusion Hammer","theDuelist:MetronomeRelicD","Vajra","Tiny Chest","theDuelist:MillenniumRod","Tingsha","Cauldron","Question Card"],"acts_visited":["Exordium","TheCity"],"potions_floor_usage":[11,11,18,22,24,33,33,33],"damage_taken":[{"damage":0,"enemies":"Cultist","floor":1,"turns":3},{"damage":1,"enemies":"Jaw Worm","floor":3,"turns":3},{"damage":13,"enemies":"HollowMod:MossKnight","floor":7,"turns":4},{"damage":0,"enemies":"Small Slimes","floor":10,"turns":2},{"damage":0,"enemies":"Small Slimes","floor":11,"turns":10},{"damage":23,"enemies":"Lagavulin","floor":14,"turns":4},{"damage":14,"enemies":"Hexaghost","floor":16,"turns":6},{"damage":0,"enemies":"3 Byrds","floor":18,"turns":3},{"damage":1,"enemies":"Spheric Guardian","floor":20,"turns":3},{"damage":21,"enemies":"Snecko","floor":22,"turns":5},{"damage":3,"enemies":"Centurion and Healer","floor":24,"turns":5},{"damage":33,"enemies":"Shelled Parasite and Fungi","floor":29,"turns":4},{"damage":75,"enemies":"Automaton","floor":33,"turns":6}],"seed_played":"3791788115707312215","potions_obtained":[{"floor":7,"key":"Strength Potion"},{"floor":10,"key":"theDuelist:VampireVial"},{"floor":16,"key":"SkillPotion"},{"floor":20,"key":"EssenceOfSteel"},{"floor":22,"key":"SkillPotion"},{"floor":24,"key":"Ancient Potion"},{"floor":31,"key":"champ:CounterPotion"},{"floor":31,"key":"theDuelist:BabyPotion"},{"floor":31,"key":"theDuelist:BottledKuriboh"}],"is_trial":false,"path_per_floor":["M","?","M","$","?","R","E","?","T","M","?","?","R","E","R","B",null,"M","?","M","?","M","R","M","T","T","$","?","M","?","$","R","B"],"character_chosen":"THE_DUELIST","items_purchased":["theDuelist:BoosterDragon","theDuelist:MillenniumRod","Cauldron","theDuelist:RedEyes","Question Card"],"campfire_rested":4,"item_purchase_floors":[4,27,31,31,31],"current_hp_per_floor":[72,77,76,76,59,59,46,46,46,46,46,35,60,37,62,48,76,76,70,71,25,6,31,28,28,28,28,28,1,1,1,26,0,0],"gold":174,"neow_bonus":"ONE_RANDOM_RARE_CARD","is_daily":false,"chose_seed":false,"campfire_upgraded":1,"win_rate":0.0,"timestamp":1610852317,"path_taken":["M","?","M","$","?","R","E","?","T","?","?","?","R","E","R","BOSS","M","?","?","?","?","R","M","?","T","$","?","M","?","$","R","BOSS"],"items_purchased_type":["Card","Relic","Relic","Card","Relic"],"build_version":"2020-12-22","purchased_purges":3,"victory":false,"max_hp_per_floor":[80,85,85,85,85,85,85,85,85,85,85,85,85,85,85,85,85,85,85,85,85,85,85,85,85,85,85,85,85,85,85,85,85,85],"card_choices":[{"not_picked":["theDuelist:LightningDarts","theDuelist:StrayLambs","theDuelist:LabyrinthWall","theDuelist:DianKeto","theDuelist:BlueBloodedOni"],"picked":"SKIP","floor":1},{"not_picked":["theDuelist:Kabazauls","theDuelist:BlackPtera","theDuelist:BlackBrachios","theDuelist:BarrelDragon"],"picked":"theDuelist:CyberTwinDragon","floor":3},{"not_picked":["theDuelist:TrihornedDragon","theDuelist:GiantRex","theDuelist:BlackTyranno","theDuelist:BlackStego","theDuelist:BarrelDragon"],"picked":"SKIP","floor":7},{"not_picked":["theDuelist:VeilDarkness","theDuelist:BlackVeloci","theDuelist:BlackBrutdrago","theDuelist:DarkDriceratops","theDuelist:BlackTyranno"],"picked":"SKIP","floor":10},{"not_picked":["theDuelist:TwinHeadedFire","theDuelist:RedRisingDragon","theDuelist:Kabazauls","theDuelist:SilverWing"],"picked":"theDuelist:CyberValley","floor":11},{"not_picked":["theDuelist:RedEyesZombie","theDuelist:SilverDragon","theDuelist:Sabersaurus","theDuelist:FiendSkull","theDuelist:AncientDragon"],"picked":"SKIP","floor":14},{"not_picked":["theDuelist:VoidOgreDragon","theDuelist:TailSwipe","theDuelist:StardustDragon","theDuelist:FiveHeaded"],"picked":"theDuelist:BSkullDragon","floor":16},{"not_picked":["theDuelist:LightningDarts+1","theDuelist:BigEye","theDuelist:Solidarity","theDuelist:YellowBelliedOni"],"picked":"theDuelist:Raigeki","floor":18},{"not_picked":["theDuelist:BlackBrutdrago+1","theDuelist:MoltenDestruction","theDuelist:MaskedDragon+1","theDuelist:DefenseZone","theDuelist:SafeZone+1"],"picked":"SKIP","floor":20},{"not_picked":["theDuelist:SafeZone","theDuelist:FireDarts+1","theDuelist:DragonCaptureJar","theDuelist:DefenseZone+1","theDuelist:DefenseDraw"],"picked":"SKIP","floor":22},{"not_picked":["theDuelist:VoidOgreDragon","theDuelist:OceanDragonLord","theDuelist:BusterBladerDDS","theDuelist:ArmedProtectorDragon"],"picked":"theDuelist:GravityLash","floor":24},{"not_picked":["theDuelist:Pyrorex","theDuelist:Freezadon","theDuelist:LesserDragon","theDuelist:MoltenDestruction","theDuelist:TornadoDragon"],"picked":"SKIP","floor":29}],"player_experience":273795,"relics_obtained":[{"floor":7,"key":"Smiling Mask"},{"floor":9,"key":"PreservedInsect"},{"floor":11,"key":"champ:DeflectingBracers"},{"floor":11,"key":"WingedGreaves"},{"floor":11,"key":"Bird Faced Urn"},{"floor":14,"key":"Lantern"},{"floor":25,"key":"Vajra"},{"floor":26,"key":"Tiny Chest"}],"event_choices":[{"damage_healed":0,"gold_gain":0,"player_choice":"Donut","damage_taken":0,"max_hp_gain":5,"max_hp_loss":0,"event_name":"Big Fish","floor":2,"gold_loss":0},{"damage_healed":0,"gold_gain":0,"player_choice":"Entered Light","damage_taken":17,"max_hp_gain":0,"max_hp_loss":0,"event_name":"Shining Light","floor":5,"gold_loss":0,"cards_upgraded":["theDuelist:BoosterDragon","theDuelist:Sparks"]},{"damage_healed":0,"gold_gain":0,"player_choice":"Leave","damage_taken":0,"max_hp_gain":0,"max_hp_loss":0,"event_name":"The Cleric","floor":8,"gold_loss":0},{"damage_healed":0,"gold_gain":0,"player_choice":"Fight","duelist":true,"damage_taken":0,"max_hp_gain":0,"max_hp_loss":0,"event_name":"Battle City","floor":11,"gold_loss":0},{"damage_healed":0,"gold_gain":75,"player_choice":"Gather Gold","damage_taken":11,"max_hp_gain":0,"max_hp_loss":0,"event_name":"World of Goop","floor":12,"gold_loss":0},{"damage_healed":0,"gold_gain":0,"player_choice":"Dig - random Duelist relic","duelist":true,"damage_taken":0,"max_hp_gain":0,"max_hp_loss":0,"event_name":"Aknamkanon\u0027s Tomb","floor":19,"gold_loss":0},{"damage_healed":0,"gold_gain":450,"player_choice":"GOLD GOLD GOLD GOLD GOLD ","damage_taken":46,"max_hp_gain":0,"max_hp_loss":0,"event_name":"Knowing Skull","floor":21,"potions_obtained":[],"gold_loss":0,"cards_obtained":[]},{"damage_healed":0,"gold_gain":0,"player_choice":"Purchased Totem Dragon for 90 Gold.","duelist":true,"damage_taken":0,"max_hp_gain":0,"max_hp_loss":0,"event_name":"Card Trader","floor":28,"gold_loss":0},{"damage_healed":0,"gold_gain":0,"player_choice":"Opened","damage_taken":0,"relics_obtained":["Tingsha"],"max_hp_gain":0,"max_hp_loss":0,"event_name":"The Mausoleum","floor":30,"gold_loss":0}],"is_beta":false,"boss_relics":[{"not_picked":["Snecko Eye","theDuelist:ElectricKey"],"picked":"Fusion Hammer"}],"items_purged_floors":[4,27,31],"is_endless":false,"potions_floor_spawned":[7,10,16,20,22,24],"killed_by":"Automaton","ascension_level":8}}