{"host":"j9ki0s1dicmcfq9y","time":1610926133,"event":{"mods":["Abigail Mod","BaseMod","Minty Spire (QoL Compilation)","StSLib"],"gold_per_floor":[116,216,230,240,240,240,240,257,257,257,271,291,306,64,64,167,167,180,199,199,219,269,269,269],"floor_reached":23,"language":"ENG","playtime":1842,"items_purged":[],"score":185,"play_id":"52e9eb64-d8b3-4f7d-bd19-2a3a6226934d","local_time":"20210117182853","is_ascension_mode":false,"campfire_choices":[{"floor":6,"key":"RECALL"},{"data":"AbbyMod:Hitomi","floor":10,"key":"SMITH"},{"data":"AbbyMod:PowerGamer","floor":15,"key":"SMITH"}],"circlet_count":0,"master_deck":["AbbyMod:Ab_Strike","AbbyMod:Ab_Strike","AbbyMod:Ab_Strike","AbbyMod:Ab_Strike","AbbyMod:Ab_Defend","AbbyMod:Ab_Defend","AbbyMod:Ab_Defend","AbbyMod:FleetingSanity+1","AbbyMod:ForeheadBeam","AbbyMod:PowerGamer+1","AbbyMod:Hitomi+1","AbbyMod:DemonPancake+1","AbbyMod:FamiliarShield","AbbyMod:LargeTentacle","AbbyMod:AdultWords","AbbyMod:TeddyBear","AbbyMod:CosmicSpark+1"],"relics":["AbbyMod:Salem_Diary","Gremlin Horn","Toxic Egg 2","Philosopher\u0027s Stone"],"acts_visited":["Exordium","TheCity"],"potions_floor_usage":[23],"damage_taken":[{"damage":10,"enemies":"Jaw Worm","floor":1,"turns":5},{"damage":0,"enemies":"Cultist","floor":3,"turns":3},{"damage":0,"enemies":"2 Louse","floor":4,"turns":3},{"damage":0,"enemies":"Exordium Thugs","floor":8,"turns":6},{"damage":7,"enemies":"Gremlin Gang","floor":11,"turns":5},{"damage":0,"enemies":"Blue Slaver","floor":12,"turns":5},{"damage":0,"enemies":"3 Louse","floor":13,"turns":5},{"damage":22,"enemies":"The Guardian","floor":16,"turns":9},{"damage":29,"enemies":"Chosen","floor":18,"turns":5},{"damage":1,"enemies":"Spheric Guardian","floor":19,"turns":4},{"damage":30,"enemies":"Centurion and Healer","floor":21,"turns":8},{"damage":26,"enemies":"Book of Stabbing","floor":23,"turns":2}],"seed_played":"8065844964946913670","potions_obtained":[{"floor":8,"key":"FearPotion"},{"floor":12,"key":"GamblersBrew"},{"floor":13,"key":"LiquidMemories"}],"is_trial":false,"path_per_floor":["M","?","M","M","?","R","?","M","T","R","M","M","M","$","R","B",null,"M","M","?","M","?","E"],"character_chosen":"Ab_Foreigner","items_purchased":["Toxic Egg 2"],"campfire_rested":0,"item_purchase_floors":[14],"current_hp_per_floor":[50,50,50,50,50,50,50,50,50,50,43,43,43,43,43,31,60,41,40,34,14,14,0,0],"gold":269,"neow_bonus":"UPGRADE_CARD","is_daily":false,"chose_seed":false,"campfire_upgraded":2,"win_rate":0.0,"timestamp":1610926133,"path_taken":["M","?","M","?","?","R","?","M","T","R","M","?","M","?","R","BOSS","M","M","?","?","?","E"],"items_purchased_type":["Relic"],"build_version":"2020-12-22","purchased_purges":0,"victory":false,"max_hp_per_floor":[60,60,60,60,60,60,60,60,60,60,60,60,60,60,60,60,60,60,60,60,60,60,60,60],"card_choices":[{"not_picked":["AbbyMod:ConsumeFlesh","AbbyMod:CommandSpell"],"picked":"AbbyMod:PowerGamer","floor":1},{"not_picked":["AbbyMod:Kuroboshi","AbbyMod:WormHole"],"picked":"AbbyMod:Hitomi","floor":3},{"not_picked":["AbbyMod:EyesOfMadness","AbbyMod:ConsumeFlesh"],"picked":"AbbyMod:DemonPancake","floor":4},{"not_picked":["AbbyMod:DemonPancake","AbbyMod:CloneArmy"],"picked":"AbbyMod:FamiliarShield","floor":8},{"not_picked":["AbbyMod:DemonPancake","AbbyMod:SweetPancakes"],"picked":"AbbyMod:LargeTentacle","floor":11},{"not_picked":["AbbyMod:TeddyBear","AbbyMod:Kinoko"],"picked":"AbbyMod:AdultWords","floor":12},{"not_picked":["AbbyMod:FlyingMascot","AbbyMod:LiftSkirt"],"picked":"AbbyMod:TeddyBear","floor":13},{"not_picked":["AbbyMod:BlackKey","AbbyMod:GudaGudaParticle+1"],"picked":"AbbyMod:CosmicSpark+1","floor":16},{"not_picked":["AbbyMod:SweetPancakes+1","AbbyMod:OldOneLimb","AbbyMod:Kinoko"],"picked":"SKIP","floor":18},{"not_picked":["AbbyMod:AceInTheHole","AbbyMod:CommandSpell+1","AbbyMod:MeltBrain+1"],"picked":"SKIP","floor":19},{"not_picked":["AbbyMod:PrayerOfFaith","AbbyMod:ConsumeFlesh","AbbyMod:Dabigail+1"],"picked":"SKIP","floor":21}],"player_experience":657560,"relics_obtained":[{"floor":9,"key":"Gremlin Horn"}],"event_choices":[{"damage_healed":0,"gold_gain":100,"player_choice":"Gold","damage_taken":0,"max_hp_gain":0,"max_hp_loss":0,"event_name":"Wheel of Change","floor":2,"gold_loss":0},{"damage_healed":0,"gold_gain":0,"player_choice":"Grow","damage_taken":0,"max_hp_gain":0,"max_hp_loss":0,"event_name":"Living Wall","floor":5,"gold_loss":0,"cards_upgraded":["AbbyMod:DemonPancake"]},{"damage_healed":0,"gold_gain":0,"player_choice":"Ignored","damage_taken":0,"max_hp_gain":0,"max_hp_loss":0,"event_name":"Transmorgrifier","floor":7,"gold_loss":0},{"damage_healed":0,"gold_gain":0,"player_choice":"","damage_taken":6,"max_hp_gain":0,"max_hp_loss":0,"event_name":"Knowing Skull","floor":20,"potions_obtained":[],"gold_loss":0,"cards_obtained":[]},{"damage_healed":0,"gold_gain":100,"player_choice":"Bet on Murderer","damage_taken":0,"max_hp_gain":0,"max_hp_loss":0,"event_name":"The Joust","floor":22,"gold_loss":50}],"is_beta":false,"boss_relics":[{"not_picked":["Ectoplasm","SlaversCollar"],"picked":"Philosopher\u0027s Stone"}],"items_purged_floors":[],"is_endless":false,"potions_floor_spawned":[8,12,13,16,18],"killed_by":"Book of Stabbing","ascension_level":0}}