{"host":"oc9z8cublggqyfxu","time":1610870710,"event":{"mods":["AchievementEnabler","Act Like it!","Aspiration","BaseMod","Colored Map","Colored Powertips","Dio Mod","Dota2Spire","Friendly Minions","Gensokyo","GifTheSpireLib","Hallownest","Hermit","Highlight Path","Infinite Spire","KinomotoSakuraMod(木之本樱)","Koishi","Lobotomy","LobotomyExtend","Marisa（F雨　魔理沙）","Minty Spire (QoL Compilation)","Quick Restart","Rare Cards Sparkle","Reimu（博丽灵梦）","Relic Stats","Remilia（蕾米莉亚）","Replay The Spire","RumiaBox-露米娅的神秘盒子","Spicy Shops","StSLib","The Administrix","The Animator","The Blackbeard","The Bug Knight","The Cursed","The Hierophant","The Mystic","The Runesmith","The Servant 0.9.4","Yakumo Yukari mod","Youmu（魂魄妖梦）","Yuyuko","vexMod","【功能Mod】混沌之环修复补丁","【功能Mod】聪明的最终Boss"],"gold_per_floor":[118,182,182,197,216,247,247,255,255,255,51,51,51,63,63,158,158,178,178,194,19,39,68,68,68,68,68,68,68],"floor_reached":28,"language":"ZHS","playtime":3200,"items_purged":["Strike_P","Defend_P"],"score":319,"play_id":"0486c198-5597-4197-b898-c09bb108802a","local_time":"20210117160510","is_ascension_mode":false,"campfire_choices":[{"data":"Meditate","floor":7.0,"key":"SMITH"},{"floor":10.0,"key":"REST"},{"data":"LessonLearned","floor":13.0,"key":"SMITH"},{"data":"JustLucky","floor":15.0,"key":"SMITH"},{"floor":24,"key":"REST"},{"floor":27,"key":"RECALL"}],"circlet_count":0,"master_deck":["Mercenary","Strike_P","Strike_P","Strike_P+1","Defend_P","Defend_P","Defend_P+1","Eruption+1","Vigilance+1","Consecrate+1","Freischutz","Meditate+1","SpiderBud","EmptyFist","ShyLook","Replay:Anticipation+1","VoidDream","LessonLearned+1","Pray+1","JustLucky+1","MHz","Scrawl","FairyFestival","Replay:AtTheReady+1","MeatLantern","FlurryOfBlows","Bloodbath","EmptyFist","Vault","QueenOfHatred"],"relics":["PureWater","CogitoBucket","LetterFromLob","vexMod:FocusSash","LaetitiaHeart","Moonlight_r","Garlic","Bag of Preparation","Dota2Spire:Desolator","LuminousBracelet","WantedRequest","vexMod:BigBerry","Runesmith:Nanobots"],"acts_visited":["Hallownest:Greenpath","Hallownest:CityofTears"],"potions_floor_usage":[22,28],"damage_taken":[{"damage":7.0,"enemies":"2_ Uuma","floor":1.0,"turns":3.0},{"damage":0.0,"enemies":"2_ Uuma","floor":3.0,"turns":6.0},{"damage":0.0,"enemies":"2_ Uuma","floor":3.0,"turns":2.0},{"damage":0.0,"enemies":"2_ Uuma","floor":3.0,"turns":1.0},{"damage":4.0,"enemies":"Hallownest:2_MossCreeps","floor":4.0,"turns":4.0},{"damage":0.0,"enemies":"Hallownest:monsterHuskWarrior","floor":5.0,"turns":3.0},{"damage":12.0,"enemies":"Hallownest:eliteCrystalGuardian","floor":6.0,"turns":5.0},{"damage":8.0,"enemies":"Hallownest:eliteMossKnight","floor":8.0,"turns":4.0},{"damage":22.0,"enemies":"Hallownest:2_Tiktiks_1_Baldur_1_Crawlid","floor":14.0,"turns":4.0},{"damage":49.0,"enemies":"Hallownest:BossHornet","floor":16.0,"turns":9.0},{"damage":4,"enemies":"Hallownest:Guard_and_Sentry","floor":18,"turns":4},{"damage":61,"enemies":"Hallownest:2_Mistakes","floor":20,"turns":12},{"damage":34,"enemies":"Hallownest:monsterMisterMushroom","floor":22,"turns":2},{"damage":0,"enemies":"Hallownest:Nosk","floor":23,"turns":4},{"damage":90,"enemies":"Nightmare","floor":28,"turns":5}],"seed_played":"-4883020894707838056","potions_obtained":[{"floor":1.0,"key":"Energy Potion"},{"floor":2.0,"key":"ColorlessPotion"},{"floor":5.0,"key":"Explosive Potion"},{"floor":14.0,"key":"Block Potion"},{"floor":16.0,"key":"BlessingOfTheForge"},{"floor":20,"key":"Swift Potion"},{"floor":22,"key":"SteroidPotion"}],"is_trial":false,"path_per_floor":["M","?","?","M","M","E","R","E","T","R","$","?","R","M","R","B",null,"M","?","M","$","M","E","R","$","T","R","NM"],"character_chosen":"WATCHER","items_purchased":["LessonLearned","Pray"],"campfire_rested":2,"item_purchase_floors":[11,11],"current_hp_per_floor":[65,47,40,36,36,24,24,16,16,37,37,37,37,42,42,6,117,114,114,68,68,35,36,71,71,71,71,0,0],"gold":68,"neow_bonus":"","is_daily":false,"chose_seed":false,"campfire_upgraded":3,"win_rate":0.0,"timestamp":1610870710,"path_taken":["M","?","?","M","M","E","R","E","T","R","$","?","R","?","R","BOSS","M","?","M","$","?","E","R","$","T","R","NM"],"items_purchased_type":["Card","Card"],"build_version":"2020-12-22","purchased_purges":2,"victory":false,"max_hp_per_floor":[72,72,72,72,72,72,72,72,72,72,72,72,72,87,87,87,117,117,117,117,117,117,117,117,117,117,117,107,107],"relic_stats":{"counters":[16,68],"Bag of Preparation":[14],"obtain_stats":[{"Runesmith:Nanobots":23,"LuminousBracelet":14,"Bag of Preparation":8,"vexMod:FocusSash":2,"Moonlight_r":3,"CogitoBucket":0,"LaetitiaHeart":3,"LetterFromLob":1,"Garlic":6,"PureWater":0,"Dota2Spire:Desolator":9,"WantedRequest":16,"vexMod:BigBerry":17},{"Runesmith:Nanobots":15,"LuminousBracelet":10,"Bag of Preparation":8,"vexMod:FocusSash":1,"Moonlight_r":3,"CogitoBucket":0,"LaetitiaHeart":2,"LetterFromLob":1,"Garlic":7,"PureWater":0,"Dota2Spire:Desolator":8,"WantedRequest":11,"vexMod:BigBerry":11},{"Runesmith:Nanobots":63,"LuminousBracelet":32,"Bag of Preparation":27,"vexMod:FocusSash":3,"Moonlight_r":11,"CogitoBucket":0,"LaetitiaHeart":9,"LetterFromLob":3,"Garlic":23,"PureWater":0,"Dota2Spire:Desolator":27,"WantedRequest":38,"vexMod:BigBerry":41}]},"card_choices":[{"not_picked":["Replay:Battleflow","EmptyBody"],"picked":"Consecrate","floor":1.0},{"not_picked":["MHz","MeatLantern"],"picked":"Freischutz","floor":1.0},{"not_picked":["Weave","Replay:BluntJabs"],"picked":"Meditate","floor":2.0},{"not_picked":["MeatLantern","OSAHOGD"],"picked":"SpiderBud","floor":4.0},{"not_picked":["CrushJoints","ClearTheMind","JustLucky"],"picked":"SKIP","floor":4.0},{"not_picked":["CrushJoints","ClearTheMind","JustLucky"],"picked":"SKIP","floor":4.0},{"not_picked":["CrushJoints","ClearTheMind","JustLucky"],"picked":"SKIP","floor":4.0},{"not_picked":["CrushJoints","ClearTheMind","JustLucky"],"picked":"SKIP","floor":4.0},{"not_picked":["SashWhip","Protect"],"picked":"EmptyFist","floor":5.0},{"not_picked":["DreamingCurrent","QueenBee"],"picked":"ShyLook","floor":6.0},{"not_picked":["Protect","ClearTheMind","PathToVictory"],"picked":"SKIP","floor":6.0},{"not_picked":["FlyingSleeves","Replay:DivineShield"],"picked":"Replay:Anticipation","floor":8.0},{"not_picked":["WallGazer","BeautyBeast"],"picked":"VoidDream","floor":8.0},{"not_picked":["Evaluate","Replay:BluntJabs"],"picked":"JustLucky","floor":14.0},{"not_picked":["Murderer","CherryBlossoms"],"picked":"Mercenary","floor":14.0},{"not_picked":["Laetitia","Woodsman"],"picked":"MHz","floor":16.0},{"not_picked":["Ragnarok","Judgement"],"picked":"Scrawl","floor":16.0},{"not_picked":["Murderer","WallGazer"],"picked":"FairyFestival","floor":18},{"not_picked":["Halt","Study"],"picked":"Replay:AtTheReady+1","floor":18},{"not_picked":["Porccubus","QueenBee"],"picked":"MeatLantern","floor":20},{"not_picked":["Evaluate","FollowUp"],"picked":"FlurryOfBlows","floor":20},{"not_picked":["BeautyBeast","OldLady"],"picked":"Bloodbath","floor":22},{"not_picked":["Protect","JustLucky"],"picked":"EmptyFist","floor":22},{"not_picked":["Replay:ManipulateFuture","ClearTheMind"],"picked":"Vault","floor":23},{"not_picked":["Alriune","BeautyBeast"],"picked":"QueenOfHatred","floor":23}],"player_experience":278415,"relics_obtained":[{"floor":1.0,"key":"LetterFromLob"},{"floor":2.0,"key":"vexMod:FocusSash"},{"floor":6.0,"key":"Garlic"},{"floor":8.0,"key":"Bag of Preparation"},{"floor":9.0,"key":"Dota2Spire:Desolator"},{"floor":23,"key":"Runesmith:Nanobots"}],"event_choices":[],"is_beta":false,"boss_relics":[{"not_picked":["Replay:Bronze Core","Runesmith:UraniumAnvil"],"picked":"vexMod:BigBerry"}],"items_purged_floors":[21,21],"is_endless":false,"potions_floor_spawned":[1,5,6,14,16,20,22],"killed_by":"Nightmare","ascension_level":0}}