{"host":"ehqnuxn7bihai0xr","time":1610890905,"event":{"mods":["2.2 Compatiblity","AchievementEnabler","Act Like it!","Ascension Reborn","Aspiration","BaseMod","Better Third Choice","BetterRewards","Block Reminder","Clawfect","Conspire","Curses Come First","Downfall","Energized Spire","Faster Ascension Climbing","Gensokyo","Hubris","Ironclad Rager","Minty Spire (QoL Compilation)","Permanent Neow","Quick Restart","Rare Cards Sparkle","Relic Stats","Shop Mod","Spikes Relics","StSLib","SuperFastMode","TestMod","vexMod"],"gold_per_floor":[115,40,40,5,22,57,57,85,85,104,104,104,117,136,136,240,240,253,253,19,119,0,14,30,30,57,69,81,93,136,167,179,191,191],"floor_reached":33,"language":"ENG","playtime":2455,"items_purged":["Strike_R","Injury"],"score":273,"play_id":"9d0d7124-7847-4dab-89d4-44f3297ae8f6","local_time":"20210117084145","is_ascension_mode":true,"campfire_choices":[{"data":"Metallicize","floor":7,"key":"SMITH"},{"data":"Twin Strike","floor":11,"key":"SMITH"},{"data":"Bash","floor":15,"key":"SMITH"},{"data":"Demon Form","floor":27,"key":"SMITH"},{"floor":32,"key":"REST"}],"circlet_count":0,"master_deck":["Strike_R","Strike_R","Strike_R","Strike_R","Defend_R+1","Defend_R+1","Defend_R","Defend_R","Bash+1","Twin Strike+1","Metallicize+1","Reaper+1","Pummel+1","Demon Form+1","Disarm+1","hubris:Sloth","Injury","downfall:Malfunctioning","Searing Blow+1","Gensokyo:LockedMedkit","Whirlwind+1","Gensokyo:ManorOfTheDishes","Metallicize+1","Double Tap"],"relics":["Burning Blood","testmod-TestBox","testmod-CardMagician","Molten Egg 2","betterThird:SlimedRelic","Blood Vial","Matryoshka","conspire:Flyswatter","testmod-ObsoleteBoomerang","sneckomod:SneckoTalon","Gensokyo:SongOfSouls","MerchantsRug","hubris:Teleporter","testmod-Laevatain","Slimebound:StickyStick","MawBank","CherryCoatedStake","Bag of Preparation"],"acts_visited":["Exordium","Gensokyo:Gensokyoer"],"potions_floor_usage":[6,16,16,18,21,30,33,33],"damage_taken":[{"damage":0,"enemies":"Cultist","floor":1,"turns":2},{"damage":2,"enemies":"2 Louse","floor":5,"turns":3},{"damage":19,"enemies":"Gremlin Nob","floor":6,"turns":4},{"damage":9,"enemies":"3 Sentries","floor":8,"turns":12},{"damage":6,"enemies":"Jaw Worm","floor":10,"turns":3},{"damage":0,"enemies":"Large Slime","floor":13,"turns":4},{"damage":2,"enemies":"Exordium Thugs","floor":14,"turns":4},{"damage":17,"enemies":"Slime Boss","floor":16,"turns":11},{"damage":7,"enemies":"Gensokyo:AngelMirror","floor":18,"turns":3},{"damage":66,"enemies":"Gensokyo:AngelMirror","floor":21,"turns":11},{"damage":0,"enemies":"Gensokyo:2_Gloops","floor":23,"turns":3},{"damage":13,"enemies":"Gensokyo:Wraith","floor":24,"turns":5},{"damage":23,"enemies":"Gensokyo:Koishi","floor":30,"turns":5},{"damage":21,"enemies":"Gensokyo:Mirror_and_Dog","floor":31,"turns":3},{"damage":45,"enemies":"Gensokyo:Eternal_Rivals","floor":33,"turns":1}],"seed_played":"4222347938094678269","potions_obtained":[{"floor":5,"key":"PowerPotion"},{"floor":8,"key":"Explosive Potion"},{"floor":10,"key":"Block Potion"},{"floor":14,"key":"Block Potion"},{"floor":16,"key":"SpeedPotion"},{"floor":21,"key":"Dexterity Potion"},{"floor":30,"key":"FearPotion"},{"floor":31,"key":"Regen Potion"}],"is_trial":true,"path_per_floor":["M","$","?","?","M","E","R","E","T","M","R","T","M","M","R","B",null,"M","?","$","?","COS","M","M","?","T","R","?","?","E","M","R","B"],"character_chosen":"IRONCLAD","items_purchased":["MerchantsRug"],"campfire_rested":1,"item_purchase_floors":[20],"current_hp_per_floor":[80,80,80,69,73,60,60,69,69,75,75,75,80,80,80,78,80,79,79,79,30,30,46,50,50,50,50,43,43,28,17,38,0,0],"gold":191,"neow_bonus":"","is_daily":false,"chose_seed":false,"campfire_upgraded":4,"win_rate":0.0,"timestamp":1610890905,"path_taken":["M","?","?","?","M","E","R","E","T","M","R","?","?","M","R","BOSS","M","?","$","?","COS","M","?","?","T","R","?","?","E","M","R","BOSS"],"items_purchased_type":["Relic"],"build_version":"2020-12-22","purchased_purges":2,"victory":false,"max_hp_per_floor":[80,80,80,80,80,80,80,80,80,80,80,80,80,80,80,80,80,80,80,80,80,80,80,80,72,72,72,72,72,72,72,72,72,72],"relic_stats":{"Blood Vial":17,"counters":[15,74],"Bag of Preparation":[2],"MawBank":84,"obtain_stats":[{"MerchantsRug":20,"testmod-TestBox":0,"hubris:Teleporter":21,"CherryCoatedStake":30,"testmod-CardMagician":0,"Bag of Preparation":31,"War Paint":8,"sneckomod:SneckoTalon":17,"MawBank":26,"Burning Blood":0,"Blood Vial":6,"Frozen Eye":30,"Matryoshka":9,"testmod-Laevatain":21,"Slimebound:StickyStick":26,"betterThird:SlimedRelic":4,"Molten Egg 2":3,"testmod-ObsoleteBoomerang":12,"conspire:Flyswatter":12,"Gensokyo:SongOfSouls":19},{"MerchantsRug":9,"testmod-TestBox":0,"hubris:Teleporter":10,"CherryCoatedStake":13,"testmod-CardMagician":0,"Bag of Preparation":14,"War Paint":4,"sneckomod:SneckoTalon":8,"MawBank":12,"Burning Blood":0,"Blood Vial":3,"Frozen Eye":12,"Matryoshka":4,"testmod-Laevatain":10,"Slimebound:StickyStick":12,"betterThird:SlimedRelic":1,"Molten Egg 2":1,"testmod-ObsoleteBoomerang":5,"conspire:Flyswatter":5,"Gensokyo:SongOfSouls":9},{"MerchantsRug":46,"testmod-TestBox":0,"hubris:Teleporter":57,"CherryCoatedStake":70,"testmod-CardMagician":0,"Bag of Preparation":72,"War Paint":21,"sneckomod:SneckoTalon":43,"MawBank":65,"Burning Blood":0,"Blood Vial":9,"Frozen Eye":65,"Matryoshka":21,"testmod-Laevatain":57,"Slimebound:StickyStick":65,"betterThird:SlimedRelic":2,"Molten Egg 2":2,"testmod-ObsoleteBoomerang":24,"conspire:Flyswatter":24,"Gensokyo:SongOfSouls":46}],"Burning Blood":71},"card_choices":[{"not_picked":["Warcry","True Grit"],"picked":"Twin Strike","floor":1},{"not_picked":["BarbarianYell","Absolvement"],"picked":"Metallicize","floor":5},{"not_picked":["Juggernaut","Armaments"],"picked":"Reaper+1","floor":6},{"not_picked":["Offering","Shrug It Off","Sever Soul+1"],"picked":"SKIP","floor":8},{"not_picked":["Flex","Clothesline+1","Second Wind"],"picked":"SKIP","floor":10},{"not_picked":["Havoc","Shrug It Off"],"picked":"Pummel+1","floor":13},{"not_picked":["Armaments","Sword Boomerang+1","Flex"],"picked":"SKIP","floor":14},{"not_picked":["hubris:StunningStrike+1","Offering"],"picked":"Demon Form","floor":16},{"not_picked":["Infernal Blade","Warcry"],"picked":"Disarm+1","floor":18},{"not_picked":["Armaments+1","True Grit"],"picked":"Searing Blow+1","floor":21},{"not_picked":["Heavy Blade+1","Burning Pact+1"],"picked":"Whirlwind+1","floor":23},{"not_picked":["Headbutt+1","Evolve","Armaments+1"],"picked":"SKIP","floor":24},{"not_picked":["Gensokyo:SevenSchoolMysteries","Gensokyo:MenInBlack"],"picked":"Gensokyo:ManorOfTheDishes","floor":25},{"not_picked":["Wild Strike+1","hubris:SharpeningStone"],"picked":"Metallicize+1","floor":30},{"not_picked":["Havoc","hubris:ReadiedAction"],"picked":"Double Tap","floor":31}],"player_experience":1287218,"relics_obtained":[{"floor":6,"key":"Blood Vial"},{"floor":8,"key":"War Paint"},{"floor":9,"key":"Matryoshka"},{"floor":12,"key":"conspire:Flyswatter"},{"floor":12,"key":"testmod-ObsoleteBoomerang"},{"floor":21,"key":"hubris:Teleporter"},{"floor":21,"key":"testmod-Laevatain"},{"floor":26,"key":"Slimebound:StickyStick"},{"floor":26,"key":"MawBank"},{"floor":30,"key":"CherryCoatedStake"}],"event_choices":[{"damage_healed":0,"gold_gain":0,"player_choice":"Slimed","damage_taken":11,"max_hp_gain":0,"max_hp_loss":0,"event_name":"betterThird:BetterGoop","floor":4,"gold_loss":35},{"damage_healed":0,"gold_gain":0,"player_choice":"Ignored","damage_taken":7,"max_hp_gain":0,"max_hp_loss":0,"event_name":"Plate Of N\u0027loth","floor":28,"gold_loss":0}],"is_beta":false,"boss_relics":[{"not_picked":["Velvet Choker","Coffee Dripper"],"picked":"sneckomod:SneckoTalon"}],"items_purged_floors":[2,20],"is_endless":true,"potions_floor_spawned":[5,8,10,14,16,21,30,31],"killed_by":"Gensokyo:Eternal_Rivals","ascension_level":0}}