{"host":"640uue19m79c7wbt","time":1610917136,"event":{"mods":["BaseMod","Colored Map","Googly Eyes","Highlight Path","Minty Spire (QoL Compilation)","Quick Restart","StSLib"],"gold_per_floor":[119,119,119,143,218,251,251,275,301,26,60,127,139,139],"floor_reached":13,"language":"ENG","playtime":401,"items_purged":["Strike_G"],"score":186,"play_id":"0b2afe7b-846c-46bb-9741-02e8029869e0","local_time":"20210117155856","is_ascension_mode":true,"campfire_choices":[{"data":"Riddle With Holes","floor":7.0,"key":"SMITH"}],"circlet_count":0,"master_deck":["AscendersBane","Strike_G","Strike_G","Strike_G","Strike_G","Defend_G","Defend_G","Defend_G","Defend_G","Defend_G","Survivor","Neutralize+1","Underhanded Strike","Riddle With Holes+1","Well Laid Plans","Finisher","Cloak And Dagger","Infinite Blades","Blade Dance"],"relics":["Ring of the Snake","NeowsBlessing","Golden Idol","Tiny Chest","Bronze Scales","MawBank"],"acts_visited":["Exordium"],"potions_floor_usage":[11,11],"damage_taken":[{"damage":0.0,"enemies":"2 Louse","floor":1.0,"turns":1.0},{"damage":0.0,"enemies":"Cultist","floor":4.0,"turns":1.0},{"damage":0.0,"enemies":"Lagavulin","floor":6.0,"turns":1.0},{"damage":0.0,"enemies":"Small Slimes","floor":8.0,"turns":3.0},{"damage":22,"enemies":"Gremlin Nob","floor":11,"turns":4},{"damage":15,"enemies":"Lagavulin","floor":13,"turns":4}],"seed_played":"-6875800115041209492","potions_obtained":[{"floor":6.0,"key":"Block Potion"},{"floor":8.0,"key":"Energy Potion"}],"is_trial":false,"path_per_floor":["M","?","?","M","?","E","R","M","T","$","E","?","E"],"character_chosen":"THE_SILENT","items_purchased":["Finisher","Cloak And Dagger","Infinite Blades"],"campfire_rested":0,"item_purchase_floors":[10,10,10],"current_hp_per_floor":[63,46,46,46,35,35,35,35,35,35,13,13,0,0],"gold":139,"neow_bonus":"THREE_ENEMY_KILL","is_daily":false,"chose_seed":false,"campfire_upgraded":1,"win_rate":0.0,"timestamp":1610917136,"path_taken":["M","?","?","?","?","E","R","M","T","$","E","?","E"],"items_purchased_type":["Card","Card","Card"],"build_version":"2020-12-22","purchased_purges":1,"victory":false,"max_hp_per_floor":[70,70,70,70,70,70,70,70,70,70,70,70,70,70],"card_choices":[{"not_picked":["Deflect","All Out Attack","Expertise"],"picked":"SKIP","floor":1.0},{"not_picked":["Backflip","Deadly Poison"],"picked":"Underhanded Strike","floor":4.0},{"not_picked":["Finisher","Backflip"],"picked":"Riddle With Holes","floor":6.0},{"not_picked":["Dodge and Roll","Bane"],"picked":"Well Laid Plans","floor":8.0},{"not_picked":["PiercingWail","Riddle With Holes"],"picked":"Blade Dance","floor":11}],"player_experience":598828,"relics_obtained":[{"floor":6.0,"key":"Tiny Chest"},{"floor":9.0,"key":"Bronze Scales"},{"floor":11,"key":"MawBank"}],"event_choices":[{"damage_healed":0.0,"max_hp_gain":0.0,"max_hp_loss":0.0,"gold_gain":0.0,"event_name":"Golden Idol","player_choice":"Take Damage","floor":2.0,"gold_loss":0.0,"damage_taken":17.0,"relics_obtained":["Golden Idol"]},{"damage_healed":0.0,"max_hp_gain":0.0,"max_hp_loss":0.0,"gold_gain":0.0,"event_name":"Upgrade Shrine","player_choice":"Upgraded","floor":3.0,"gold_loss":0.0,"damage_taken":0.0,"cards_upgraded":["Neutralize"]},{"damage_healed":0.0,"max_hp_gain":0.0,"max_hp_loss":0.0,"gold_gain":75.0,"event_name":"World of Goop","player_choice":"Gather Gold","floor":5.0,"gold_loss":0.0,"damage_taken":11.0},{"damage_healed":0,"gold_gain":55,"player_choice":"Gained Gold","damage_taken":0,"max_hp_gain":0,"max_hp_loss":0,"event_name":"Golden Wing","floor":12,"gold_loss":0}],"is_beta":false,"boss_relics":[],"items_purged_floors":[10],"is_endless":false,"potions_floor_spawned":[6,8],"killed_by":"Lagavulin","ascension_level":12}}