{"host":"0dsi8ju7ih3zb7n8","time":1610901590,"event":{"mods":["2.2 Compatiblity","Act Like it!","BaseMod","Downfall","Hermit","Minty Spire (QoL Compilation)","Robot Space Explorer","Spicy Shops","StSLib"],"gold_per_floor":[99,117,117,127,140,170,170,202,202,231,231,247,38,58,72,176,176,176,186,186,14,32,32,57,57,42,342,142,158,58,68,81,81,81],"floor_reached":33,"language":"ENG","playtime":2366,"items_purged":[],"score":317,"play_id":"b9c8eae7-9395-47e9-8c7a-1a05bbc3aecc","local_time":"20210117173950","is_ascension_mode":false,"campfire_choices":[{"data":"bronze:Goto","floor":1,"key":"SMITH"},{"data":"bronze:Flail","floor":11,"key":"SMITH"},{"data":"bronze:SpaghettiCode","floor":18,"key":"SMITH"},{"data":"bronze:AlphaBuild","floor":23,"key":"SMITH"},{"data":"bronze:MaxOutput","floor":25,"key":"SMITH"},{"floor":28,"key":"RECALL"},{"data":"bronze:Format","floor":30,"key":"SMITH"}],"circlet_count":0,"master_deck":["bronze:Strike","bronze:Strike","bronze:Defend","bronze:Defend","bronze:Defend","bronze:Replicate","bronze:Goto+1","bronze:Iterate","downfall:Haunted","bronze:Branch","bronze:BronzeArmor","bronze:Philosophize","bronze:Flail+1","bronze:Shell","bronze:SpaghettiCode+1","bronze:ForLoop","bronze:Repair","bronze:Boost","bronze:ForLoop","bronze:ItsAFeature","bronze:AlphaBuild+1","bronze:MaxOutput+1","bronze:DelayedSlice+1","bronze:Allocate","bronze:ThunderWave","bronze:CloningBeam","bronze:Optimize+1","bronze:Format+1","bronze:ItsAFeature+1","bronze:ClassDefault"],"relics":["bronze:BronzeCore","Ginger","Guardian:GemstoneGun","Eternal Feather","Thread and Needle","Prayer Wheel","Chemical X","Black Star","WingedGreaves","Old Coin","downfall:HeartBlessingGreen","downfall:HeartBlessingBlue","downfall:HeartBlessingRed"],"acts_visited":["Exordium","TheCity"],"potions_floor_usage":[10,21,33],"damage_taken":[{"damage":3,"enemies":"Jaw Worm","floor":2,"turns":4},{"damage":0,"enemies":"Cultist","floor":4,"turns":2},{"damage":0,"enemies":"Small Slimes","floor":5,"turns":2},{"damage":14,"enemies":"3 Sentries","floor":6,"turns":8},{"damage":16,"enemies":"Gremlin Nob","floor":8,"turns":3},{"damage":2,"enemies":"3 Sentries","floor":10,"turns":4},{"damage":0,"enemies":"Exordium Thugs","floor":12,"turns":1},{"damage":1,"enemies":"downfall:FleeingMerchant","floor":13,"turns":4},{"damage":0,"enemies":"2 Fungi Beasts","floor":14,"turns":2},{"damage":0,"enemies":"Large Slime","floor":15,"turns":4},{"damage":18,"enemies":"SI_SHIV_ARCHETYPE","floor":16,"turns":8},{"damage":13,"enemies":"Shell Parasite","floor":19,"turns":8},{"damage":0,"enemies":"downfall:FleeingMerchant","floor":21,"turns":4},{"damage":32,"enemies":"Centurion and Healer","floor":22,"turns":8},{"damage":0,"enemies":"downfall:FleeingMerchant","floor":26,"turns":4},{"damage":17,"enemies":"Snake Plant","floor":29,"turns":4},{"damage":0,"enemies":"3 Cultists","floor":31,"turns":3},{"damage":0,"enemies":"Snecko","floor":32,"turns":3},{"damage":96,"enemies":"IC_MUSHROOM_ARCHETYPE","floor":33,"turns":8}],"seed_played":"3574647498066401574","potions_obtained":[{"floor":4,"key":"FairyPotion"},{"floor":5,"key":"DuplicationPotion"},{"floor":8,"key":"CultistPotion"},{"floor":14,"key":"Swift Potion"},{"floor":16,"key":"AttackPotion"},{"floor":19,"key":"CultistPotion"},{"floor":29,"key":"Weak Potion"}],"is_trial":false,"path_per_floor":["R","M","?","M","M","E","T","E","T","E","R","M","$","M","M","B",null,"R","M","?","$","M","R","T","R","$","T","R","M","R","M","M","B"],"character_chosen":"THE_AUTOMATON","items_purchased":["Chemical X","bronze:Boost","WingedGreaves"],"campfire_rested":0,"item_purchase_floors":[13,13,21],"current_hp_per_floor":[77,74,74,74,74,60,60,44,44,42,48,48,47,47,54,57,77,77,71,71,77,45,60,60,75,77,77,87,70,85,87,87,0,0],"gold":81,"neow_bonus":"TEN_PERCENT_HP_BONUS","is_daily":false,"chose_seed":false,"campfire_upgraded":6,"win_rate":0.0,"timestamp":1610901590,"path_taken":["R","M","?","?","M","E","T","E","?","E","R","M","$","M","M","BOSS","R","M","?","$","M","R","T","R","?","?","R","M","R","M","M","BOSS"],"items_purchased_type":["Relic","Card","Relic"],"build_version":"2020-12-22","purchased_purges":0,"victory":false,"max_hp_per_floor":[77,77,77,77,77,77,77,77,77,77,77,77,77,77,77,77,77,77,77,77,77,77,77,77,77,77,77,87,87,87,87,87,87,87],"card_choices":[{"not_picked":["bronze:OilSpill","bronze:Invalidate"],"picked":"bronze:Iterate","floor":2},{"not_picked":["bronze:CutThrough","bronze:BugBarrage"],"picked":"bronze:Branch","floor":4},{"not_picked":["bronze:Overheat","bronze:DelayedSlice"],"picked":"bronze:BronzeArmor","floor":5},{"not_picked":["bronze:BugBarrage","bronze:Branch"],"picked":"bronze:Philosophize","floor":6},{"not_picked":["bronze:FineTuning","bronze:DelayedGuard"],"picked":"bronze:Flail","floor":8},{"not_picked":["bronze:Deprecate","bronze:Backtrace"],"picked":"bronze:Shell","floor":10},{"not_picked":["bronze:OilSpill","bronze:BronzeArmor"],"picked":"bronze:SpaghettiCode","floor":12},{"not_picked":["bronze:FineTuning","bronze:Invalidate"],"picked":"bronze:ForLoop","floor":12},{"not_picked":["bronze:Allocate","bronze:NullPointer"],"picked":"bronze:Repair","floor":13},{"not_picked":["bronze:Frontload","bronze:Overheat"],"picked":"bronze:ForLoop","floor":14},{"not_picked":["bronze:Frontload","bronze:DelayedGuard","bronze:BitShift"],"picked":"SKIP","floor":14},{"not_picked":["bronze:WildBeam","bronze:Deprecate"],"picked":"bronze:ItsAFeature","floor":15},{"not_picked":["bronze:Frontload","bronze:Flail","bronze:WhirlingStrike"],"picked":"SKIP","floor":15},{"not_picked":["bronze:SpaghettiCode","bronze:Verify"],"picked":"bronze:AlphaBuild","floor":16},{"not_picked":["bronze:Iterate","bronze:FineTuning+1"],"picked":"bronze:MaxOutput","floor":19},{"not_picked":["bronze:Iterate","bronze:Shield"],"picked":"bronze:DelayedSlice+1","floor":19},{"not_picked":["bronze:Fortify","bronze:DelayedSlice"],"picked":"bronze:Allocate","floor":21},{"not_picked":["bronze:Shield","bronze:DelayedSlice+1"],"picked":"bronze:ThunderWave","floor":22},{"not_picked":["bronze:BuggyMess","bronze:Overload","bronze:BugBarrage+1"],"picked":"SKIP","floor":22},{"not_picked":["bronze:Backtrace+1","bronze:Iterate"],"picked":"bronze:CloningBeam","floor":26},{"not_picked":["bronze:FineTuning","bronze:Repair"],"picked":"bronze:Optimize+1","floor":29},{"not_picked":["bronze:Frontload","bronze:FineTuning"],"picked":"bronze:Format","floor":29},{"not_picked":["bronze:Turbo","bronze:DelayedSlice"],"picked":"bronze:ItsAFeature+1","floor":31},{"not_picked":["bronze:FineTuning","bronze:WildBeam","bronze:Iterate"],"picked":"SKIP","floor":31},{"not_picked":["bronze:MaxOutput","bronze:Safeguard"],"picked":"bronze:ClassDefault","floor":32},{"not_picked":["bronze:BuggyMess+1","bronze:Flail","bronze:Deprecate"],"picked":"SKIP","floor":32}],"player_experience":823494,"relics_obtained":[{"floor":6,"key":"Ginger"},{"floor":7,"key":"Guardian:GemstoneGun"},{"floor":8,"key":"Eternal Feather"},{"floor":9,"key":"Thread and Needle"},{"floor":10,"key":"Prayer Wheel"},{"floor":27,"key":"Old Coin"}],"event_choices":[{"damage_healed":0,"gold_gain":0,"player_choice":"Ignored","damage_taken":0,"max_hp_gain":0,"max_hp_loss":0,"event_name":"NoteForYourself","floor":20,"gold_loss":0}],"is_beta":false,"boss_relics":[{"not_picked":["Tiny House","Pandora\u0027s Box"],"picked":"Black Star"}],"items_purged_floors":[],"is_endless":false,"potions_floor_spawned":[4,5,8,14,16,19,29],"killed_by":"IC_MUSHROOM_ARCHETYPE","ascension_level":0}}