{"host":"j6mgjir4ee1lqn1j","time":1610859888,"event":{"mods":["BaseMod","Colored Map","Colored Powertips","DeckTracker","Highlight Path","Keyboard Shortcuts","Minty Spire (QoL Compilation)","Permanent Neow","Quick Restart","Rare Cards Sparkle","Shop Mod","StSLib","SuperFastMode"],"gold_per_floor":[118,129,129,129,144,144,179,179,179,29,39,9,5,21,21,118,118,102,112,131,143,163,163,163,163],"floor_reached":24,"language":"ENG","playtime":1414,"items_purged":["Strike_G","Strike_G"],"score":210,"play_id":"f5a7c51d-6b99-4033-a15e-f8498ad8726c","local_time":"20210117000448","is_ascension_mode":true,"campfire_choices":[{"data":"Neutralize","floor":6,"key":"SMITH"},{"data":"Blade Dance","floor":8,"key":"SMITH"},{"data":"Apotheosis","floor":15,"key":"SMITH"},{"floor":23,"key":"REST"}],"circlet_count":0,"master_deck":["Strike_G+1","Strike_G+1","Defend_G","Defend_G","Defend_G","Defend_G","Defend_G","Survivor","Neutralize+1","Blade Dance+1","Cloak And Dagger","Quick Slash","Apotheosis+1","Outmaneuver","Deflect+1","Dagger Throw+1","Quick Slash+1"],"relics":["MerchantsRug","Membership Card","Cursed Key"],"acts_visited":["Exordium","TheCity"],"potions_floor_usage":[7,16,24],"damage_taken":[{"damage":0,"enemies":"2 Louse","floor":1,"turns":3},{"damage":0,"enemies":"Jaw Worm","floor":2,"turns":2},{"damage":0,"enemies":"Cultist","floor":5,"turns":3},{"damage":11,"enemies":"Gremlin Nob","floor":7,"turns":4},{"damage":0,"enemies":"Gremlin Gang","floor":11,"turns":5},{"damage":0,"enemies":"3 Louse","floor":14,"turns":3},{"damage":30,"enemies":"Hexaghost","floor":16,"turns":16},{"damage":11,"enemies":"2 Thieves","floor":18,"turns":4},{"damage":0,"enemies":"Spheric Guardian","floor":19,"turns":4},{"damage":21,"enemies":"Centurion and Healer","floor":20,"turns":11},{"damage":8,"enemies":"Sentry and Sphere","floor":21,"turns":10},{"damage":29,"enemies":"Cultist and Chosen","floor":22,"turns":8},{"damage":26,"enemies":"Gremlin Leader","floor":24,"turns":7}],"seed_played":"1279184564161736107","potions_obtained":[{"floor":2,"key":"Poison Potion"},{"floor":7,"key":"Energy Potion"},{"floor":14,"key":"SkillPotion"},{"floor":22,"key":"Explosive Potion"}],"is_trial":false,"path_per_floor":["M","M","?","?","M","R","E","R","T","$","M","$","$","M","R","B",null,"M","M","M","M","M","R","E"],"character_chosen":"THE_SILENT","items_purchased":["MerchantsRug","Membership Card","Apotheosis"],"campfire_rested":1,"item_purchase_floors":[10,12,13],"current_hp_per_floor":[70,70,56,56,56,56,45,45,45,45,45,45,45,45,45,15,70,59,59,38,30,1,22,0,0],"gold":163,"neow_bonus":"BOSS_RELIC","is_daily":false,"chose_seed":false,"campfire_upgraded":3,"win_rate":0.0,"timestamp":1610859888,"path_taken":["M","M","?","?","M","R","E","R","T","$","M","?","$","?","R","BOSS","M","M","M","?","?","R","E"],"items_purchased_type":["Relic","Relic","Card"],"build_version":"2020-12-13","purchased_purges":2,"victory":false,"max_hp_per_floor":[70,70,70,70,70,70,70,70,70,70,70,70,70,70,70,70,70,70,70,70,70,70,70,70,70],"card_choices":[{"not_picked":[],"picked":"Blade Dance","floor":1},{"not_picked":["Bane"],"picked":"SKIP","floor":2},{"not_picked":[],"picked":"Cloak And Dagger","floor":5},{"not_picked":[],"picked":"Quick Slash","floor":7},{"not_picked":["Flying Knee"],"picked":"SKIP","floor":11},{"not_picked":["Flying Knee","Dagger Throw","Eviscerate"],"picked":"SKIP","floor":14},{"not_picked":["Slice","Leg Sweep+1","Catalyst+1"],"picked":"SKIP","floor":18},{"not_picked":["Acrobatics","Eviscerate"],"picked":"Outmaneuver","floor":19},{"not_picked":["Sucker Punch","Caltrops"],"picked":"Deflect+1","floor":20},{"not_picked":["Poisoned Stab+1","PiercingWail"],"picked":"Dagger Throw+1","floor":21},{"not_picked":["Expertise+1","Acrobatics"],"picked":"Quick Slash+1","floor":22}],"player_experience":14725,"relics_obtained":[{"floor":7,"key":"Unceasing Top"},{"floor":9,"key":"Tingsha"}],"event_choices":[{"damage_healed":0,"gold_gain":0,"player_choice":"Entered Light","damage_taken":14,"max_hp_gain":0,"max_hp_loss":0,"event_name":"Shining Light","floor":3,"gold_loss":0,"cards_upgraded":["Strike_G","Strike_G"]},{"cards_removed":["Strike_G"],"damage_healed":0,"gold_gain":0,"player_choice":"Forget","damage_taken":0,"max_hp_gain":0,"max_hp_loss":0,"event_name":"Living Wall","floor":4,"gold_loss":0}],"is_beta":false,"boss_relics":[{"not_picked":["HoveringKite","Black Star"],"picked":"Cursed Key"}],"items_purged_floors":[12,13],"is_endless":false,"potions_floor_spawned":[2,7,14,22],"killed_by":"Gremlin Leader","ascension_level":1}}