{"host":"chv1qanoipyt46jc","time":1610909501,"event":{"mods":["2.2 Compatiblity","AchievementEnabler","BaseMod","BetterRewards","CapriCore","Card Filter","Evolution","Gold Saver","Grow up Mod","JesterMod","Minty Spire (QoL Compilation)","Rare Cards Sparkle","Relic Filter","Remove Card Discount Mod","Reorder Act Four","StSLib"],"gold_per_floor":[777,793,804,824,840,874,893,903,903,915,927,943,943,971,971,1071,1071,1090,1090,1090,1090,1103,1155,1155,1171,1197,1225,1256,1304,1304,1350,1350,1464,1464,1493,1527,1558,1558,1587,1643,1643,1698,1698,1698,1745,1803,1849,1829,1829,1859,1859,1617,1617,1676,1706],"floor_reached":56,"language":"ENG","playtime":2562,"items_purged":["jesterMod:Strike","jesterMod:Strike","jesterMod:Strike+1","jesterMod:Strike+1","jesterMod:Defend","jesterMod:Defend+1","jesterMod:Defend","jesterMod:Sickle","jesterMod:Dodge","jesterMod:Disposophobia+1","Madness","Madness"],"score":1847,"play_id":"eaa324b4-8604-47f4-847a-b0fd4de172f8","local_time":"20210117125141","is_ascension_mode":false,"campfire_choices":[{"data":"jesterMod:Haste","floor":13,"key":"SMITH"},{"data":"jesterMod:Haste","floor":15,"key":"SMITH"},{"data":"jesterMod:Haste","floor":24,"key":"SMITH"},{"data":"jesterMod:Inspiration","floor":30,"key":"SMITH"},{"floor":32,"key":"RECALL"},{"data":"jesterMod:Overthink","floor":41,"key":"SMITH"},{"data":"jesterMod:Precipitation","floor":49,"key":"SMITH"},{"data":"jesterMod:Precipitation","floor":53,"key":"SMITH"}],"circlet_count":0,"master_deck":["jesterMod:Precipitation+1","jesterMod:Precipitation+1","jesterMod:Precipitation+1","jesterMod:Haste+1","jesterMod:Precipitation+1","jesterMod:DancingMad+1","jesterMod:Haste+1","jesterMod:Haste+1","jesterMod:Precipitation+1","jesterMod:Precipitation+1","jesterMod:Overthink+1","jesterMod:DancingMad","jesterMod:Loot+1","jesterMod:Inspiration+1","jesterMod:Precipitation+1","jesterMod:Loot+1"],"relics":["jesterMod:JesterCap","EVO:Axolotl","Frozen Egg 2","jesterMod:RuskiBroom","TheAbacus","Turnip","Prayer Wheel","Whetstone","Black Star","Ancient Tea Set","Anchor","War Paint","Bottled Lightning","Potion Belt","Tiny Chest","jesterMod:MachoBrace","InkBottle","jesterMod:BagOfTricks","White Beast Statue","Ginger","Singing Bowl","Akabeko","PreservedInsect","Mummified Hand","Pear","Strawberry"],"acts_visited":["Exordium","TheCity","TheBeyond","TheEnding"],"potions_floor_usage":[55,55,55,55],"damage_taken":[{"damage":13,"enemies":"2 Louse","floor":1,"turns":3},{"damage":0,"enemies":"Small Slimes","floor":2,"turns":3},{"damage":0,"enemies":"Cultist","floor":3,"turns":3},{"damage":0,"enemies":"3 Louse","floor":4,"turns":2},{"damage":3,"enemies":"Red Slaver","floor":5,"turns":3},{"damage":0,"enemies":"Lagavulin","floor":6,"turns":5},{"damage":4,"enemies":"2 Fungi Beasts","floor":7,"turns":3},{"damage":0,"enemies":"Blue Slaver","floor":8,"turns":3},{"damage":20,"enemies":"Looter","floor":10,"turns":3},{"damage":13,"enemies":"Red Slaver","floor":11,"turns":3},{"damage":12,"enemies":"2 Fungi Beasts","floor":12,"turns":2},{"damage":9,"enemies":"3 Sentries","floor":14,"turns":3},{"damage":26,"enemies":"The Guardian","floor":16,"turns":4},{"damage":29,"enemies":"3 Byrds","floor":18,"turns":3},{"damage":0,"enemies":"Spheric Guardian","floor":22,"turns":3},{"damage":0,"enemies":"Snecko","floor":25,"turns":2},{"damage":5,"enemies":"Chosen and Byrds","floor":27,"turns":3},{"damage":15,"enemies":"Shelled Parasite and Fungi","floor":28,"turns":3},{"damage":9,"enemies":"Book of Stabbing","floor":29,"turns":4},{"damage":17,"enemies":"Gremlin Leader","floor":31,"turns":2},{"damage":0,"enemies":"Automaton","floor":33,"turns":2},{"damage":8,"enemies":"3 Shapes","floor":35,"turns":3},{"damage":0,"enemies":"3 Darklings","floor":36,"turns":3},{"damage":0,"enemies":"Jaw Worm Horde","floor":37,"turns":2},{"damage":24,"enemies":"Sphere and 2 Shapes","floor":39,"turns":3},{"damage":89,"enemies":"Reptomancer","floor":40,"turns":4},{"damage":8,"enemies":"Nemesis","floor":42,"turns":3},{"damage":9,"enemies":"3 Darklings","floor":45,"turns":2},{"damage":0,"enemies":"Reptomancer","floor":46,"turns":2},{"damage":11,"enemies":"Maw","floor":47,"turns":4},{"damage":0,"enemies":"Time Eater","floor":50,"turns":1},{"damage":0,"enemies":"Shield and Spear","floor":54,"turns":1},{"damage":1,"enemies":"The Heart","floor":55,"turns":3}],"seed_played":"7455044283420937154","potions_obtained":[{"floor":4,"key":"Dexterity Potion"},{"floor":11,"key":"SkillPotion"},{"floor":14,"key":"Ancient Potion"},{"floor":31,"key":"Block Potion"},{"floor":37,"key":"LiquidBronze"},{"floor":46,"key":"LiquidBronze"},{"floor":47,"key":"GamblersBrew"}],"is_trial":false,"path_per_floor":["M","M","M","M","M","E","M","M","T","M","M","M","R","E","R","B",null,"M","?","?","?","M","T","R","M","T","M","M","E","R","E","R","B",null,"M","M","M","?","M","E","R","E","T","?","M","E","M","$","R","B",null,"$","R","E","B",null],"character_chosen":"THE_JESTER","items_purchased":["jesterMod:Precipitation","jesterMod:Precipitation","jesterMod:Precipitation","Frozen Egg 2","jesterMod:RuskiBroom","TheAbacus","Turnip","Mummified Hand"],"campfire_rested":0,"item_purchase_floors":[0,0,0,0,0,0,0,52],"current_hp_per_floor":[35,45,55,65,72,82,88,98,108,98,95,93,103,104,114,98,250,231,241,251,196,206,216,226,236,246,251,246,247,257,250,260,270,425,427,437,447,400,386,307,317,319,329,339,344,356,359,369,379,389,605,615,625,654,663],"gold":1706,"neow_bonus":"","is_daily":false,"chose_seed":false,"campfire_upgraded":7,"win_rate":0.0,"timestamp":1610909501,"path_taken":["M","M","M","M","M","E","M","M","T","M","M","M","R","E","R","BOSS","M","?","?","?","M","?","R","?","T","M","M","E","R","E","R","BOSS","M","M","M","?","M","E","R","E","T","?","?","E","M","$","R","BOSS","$","R","E","BOSS"],"items_purchased_type":["Card","Card","Card","Relic","Relic","Relic","Relic","Relic"],"build_version":"2020-12-22","purchased_purges":12,"victory":true,"max_hp_per_floor":[90,100,110,120,130,140,150,160,170,180,190,200,210,220,230,240,250,260,270,280,295,305,315,325,335,345,355,365,375,385,395,405,415,425,435,445,455,465,475,485,495,505,515,525,539,551,565,575,585,595,605,615,625,654,664],"card_choices":[{"not_picked":["jesterMod:JackInTheBox","jesterMod:Schizophrenia+1"],"picked":"jesterMod:Haste","floor":1},{"not_picked":["jesterMod:JackInTheBox","jesterMod:TrickyDodge","jesterMod:PerfectDodge"],"picked":"SKIP","floor":2},{"not_picked":["jesterMod:Hide","jesterMod:SelfMockery","jesterMod:Twirl"],"picked":"SKIP","floor":3},{"not_picked":["jesterMod:Discretion","jesterMod:QuickStrike","jesterMod:JackInTheBox"],"picked":"SKIP","floor":4},{"not_picked":["jesterMod:QuickStrike","jesterMod:DaggerRain","jesterMod:Disposophobia"],"picked":"SKIP","floor":5},{"not_picked":["jesterMod:JackInTheBox","jesterMod:ButterKnife","jesterMod:JugglerBlade"],"picked":"SKIP","floor":6},{"not_picked":["jesterMod:JackInTheBox","jesterMod:ButterKnife","jesterMod:JugglerBlade"],"picked":"SKIP","floor":6},{"not_picked":["jesterMod:Taunt","jesterMod:Drunkenness+1","jesterMod:Anticipation"],"picked":"SKIP","floor":7},{"not_picked":["jesterMod:SmokeScreen","jesterMod:Prankster+1","jesterMod:Twirl"],"picked":"SKIP","floor":7},{"not_picked":["jesterMod:DesperateStrike","jesterMod:OblivionStrike"],"picked":"jesterMod:Precipitation+1","floor":8},{"not_picked":["jesterMod:Prankster+1","jesterMod:DanceOfChaos","jesterMod:DaggerRain"],"picked":"SKIP","floor":8},{"not_picked":["jesterMod:Encore","jesterMod:Mending+1","jesterMod:JackInTheBox"],"picked":"SKIP","floor":10},{"not_picked":["jesterMod:Schizophrenia+1","jesterMod:DanceOfChaos","jesterMod:Prankster+1"],"picked":"SKIP","floor":10},{"not_picked":["jesterMod:SmokeScreen","jesterMod:Procrastination"],"picked":"jesterMod:DancingMad","floor":11},{"not_picked":["jesterMod:Mending+1","jesterMod:Feint"],"picked":"jesterMod:Haste","floor":11},{"not_picked":["jesterMod:Loot","jesterMod:Twirl"],"picked":"jesterMod:Haste","floor":12},{"not_picked":["jesterMod:Loot","jesterMod:BouncingKnife"],"picked":"jesterMod:Precipitation+1","floor":12},{"not_picked":["jesterMod:ButterflyDance","jesterMod:RecklessStrike"],"picked":"jesterMod:Precipitation+1","floor":14},{"not_picked":["jesterMod:BoilDown","jesterMod:Pillage"],"picked":"jesterMod:Overthink","floor":16},{"not_picked":["jesterMod:Hide+1","jesterMod:Prankster+1"],"picked":"jesterMod:DancingMad","floor":18},{"not_picked":["jesterMod:OblivionStrike","jesterMod:ButterKnife","jesterMod:Patience"],"picked":"SKIP","floor":18},{"not_picked":["jesterMod:TrickyDodge","jesterMod:Procrastination+1","jesterMod:QuickStrike"],"picked":"SKIP","floor":22},{"not_picked":["jesterMod:JackInTheBox","jesterMod:Drunkenness+1","jesterMod:Hide"],"picked":"SKIP","floor":22},{"not_picked":["jesterMod:DancingMad+1","jesterMod:JackInTheBox"],"picked":"jesterMod:Loot+1","floor":25},{"not_picked":["jesterMod:Feint","jesterMod:ButterKnife+1","jesterMod:DancingMad+1"],"picked":"SKIP","floor":25},{"not_picked":["jesterMod:HitAndRun","jesterMod:Hide","jesterMod:SmokeScreen"],"picked":"SKIP","floor":27},{"not_picked":["jesterMod:RecklessStrike","jesterMod:Hide","jesterMod:Mending+1"],"picked":"SKIP","floor":27},{"not_picked":["jesterMod:Swiftness+1","jesterMod:MudBall","jesterMod:SelfMockery"],"picked":"SKIP","floor":28},{"not_picked":["jesterMod:DesperateStrike","jesterMod:Contradiction+1","jesterMod:Placebo"],"picked":"SKIP","floor":28},{"not_picked":["jesterMod:Squander","jesterMod:Haste"],"picked":"jesterMod:Inspiration","floor":29},{"not_picked":["jesterMod:Leeches+1","jesterMod:Feint","jesterMod:SelfMockery"],"picked":"SKIP","floor":31},{"not_picked":["jesterMod:Mending+1","jesterMod:DancingMad+1","jesterMod:MudBall+1"],"picked":"SKIP","floor":35},{"not_picked":["jesterMod:Rebuff+1","jesterMod:Hide","jesterMod:RecklessStrike"],"picked":"SKIP","floor":35},{"not_picked":["jesterMod:Disposophobia","jesterMod:Contradiction+1","jesterMod:Mending+1"],"picked":"SKIP","floor":36},{"not_picked":["jesterMod:Hide+1","jesterMod:SelfMockery","jesterMod:DanceOfChaos"],"picked":"SKIP","floor":36},{"not_picked":["jesterMod:DancingMad+1","jesterMod:Talion"],"picked":"jesterMod:Precipitation+1","floor":37},{"not_picked":["jesterMod:Anticipation+1","jesterMod:QuickStrike+1","jesterMod:JackInTheBox"],"picked":"SKIP","floor":37},{"not_picked":["jesterMod:ButterKnife","jesterMod:DancingMad+1"],"picked":"jesterMod:Loot+1","floor":39},{"not_picked":["jesterMod:Swiftness+1","jesterMod:Patience","jesterMod:Prankster+1"],"picked":"SKIP","floor":39},{"not_picked":["jesterMod:QuickStrike+1","jesterMod:Unleash"],"picked":"jesterMod:Disposophobia+1","floor":40},{"not_picked":["jesterMod:SmokeScreen+1","jesterMod:Frustration","jesterMod:Frenzy+1"],"picked":"SKIP","floor":42},{"not_picked":["jesterMod:RecklessStrike+1","jesterMod:TrickyDodge+1","jesterMod:Hide+1"],"picked":"Singing Bowl","floor":45},{"not_picked":["jesterMod:LightTheWick+1","jesterMod:TrickyDodge","jesterMod:Unleash+1"],"picked":"Singing Bowl","floor":45},{"not_picked":["jesterMod:Leeches+1","jesterMod:Rebuff+1","jesterMod:QuickStrike+1"],"picked":"Singing Bowl","floor":46},{"not_picked":["jesterMod:BouncingKnife+1","jesterMod:SmokeScreen+1","jesterMod:TrickyDodge"],"picked":"Singing Bowl","floor":47},{"not_picked":["jesterMod:Rebuff","jesterMod:JackInTheBox+1","jesterMod:Frenzy+1"],"picked":"Singing Bowl","floor":47},{"not_picked":["jesterMod:Procrastination","jesterMod:Flee","jesterMod:DanceOfChaos+1"],"picked":"Singing Bowl","floor":54}],"player_experience":330127,"relics_obtained":[{"floor":6,"key":"Prayer Wheel"},{"floor":14,"key":"Whetstone"},{"floor":23,"key":"Ancient Tea Set"},{"floor":26,"key":"Anchor"},{"floor":29,"key":"War Paint"},{"floor":29,"key":"Bottled Lightning"},{"floor":31,"key":"Potion Belt"},{"floor":31,"key":"Tiny Chest"},{"floor":40,"key":"InkBottle"},{"floor":40,"key":"jesterMod:BagOfTricks"},{"floor":42,"key":"White Beast Statue"},{"floor":42,"key":"Ginger"},{"floor":43,"key":"Singing Bowl"},{"floor":46,"key":"Akabeko"},{"floor":46,"key":"PreservedInsect"},{"floor":54,"key":"Pear"},{"floor":54,"key":"Strawberry"}],"event_choices":[{"cards_removed":["jesterMod:Defend"],"damage_healed":0,"gold_gain":0,"player_choice":"Elegance","damage_taken":0,"max_hp_gain":0,"max_hp_loss":0,"event_name":"Back to Basics","floor":19,"gold_loss":0},{"damage_healed":0,"gold_gain":0,"player_choice":"Ignored","damage_taken":0,"max_hp_gain":0,"max_hp_loss":0,"event_name":"Vampires","floor":20,"gold_loss":0},{"damage_healed":0,"gold_gain":0,"player_choice":"Shed Blood","damage_taken":70,"max_hp_gain":5,"max_hp_loss":0,"event_name":"Forgotten Altar","floor":21,"gold_loss":0},{"damage_healed":0,"gold_gain":0,"player_choice":"Embrace Madness","damage_taken":57,"max_hp_gain":0,"max_hp_loss":0,"event_name":"Winding Halls","floor":38,"gold_loss":0,"cards_obtained":["Madness","Madness"]},{"damage_healed":0,"gold_gain":0,"player_choice":"Forge","damage_taken":0,"max_hp_gain":0,"max_hp_loss":0,"event_name":"Accursed Blacksmith","floor":44,"gold_loss":0,"cards_upgraded":["jesterMod:Precipitation"]}],"is_beta":false,"boss_relics":[{"not_picked":["SacredBark","Pandora\u0027s Box"],"picked":"Black Star"},{"not_picked":["Runic Pyramid","Calling Bell"],"picked":"jesterMod:MachoBrace"}],"items_purged_floors":[0,0,48,48,48,48,48,48,48,48,48,48],"is_endless":false,"potions_floor_spawned":[4,7,11,14,16,25,28,31,37,45,46,47,54],"ascension_level":0}}