{"host":"9tdk3zzhmpo6o3dg","time":1610854798,"event":{"mods":["AchievementEnabler","BaseMod","Downfall","Marisa£®ÏF”Í°°ƒß¿Ì…≥£©","Minty Spire (QoL Compilation)","Shop Mod","StSLib","The Cursed","The Marked","The Servant 0.9.4"],"gold_per_floor":[99,115,132,15,33,64,64,64,80,91,109,119,136,163,175,272,272,72,83,95,109,70,96,177,194,194,194,194,206,206,219,236,341,391,391,403,415,415,218,233,257,236,236,271,271,297,310,310,329,329,329,329],"floor_reached":50,"language":"ZHS","playtime":5143,"items_purged":["Guardian:Strike_Guardian","Guardian:Strike_Guardian+1","Guardian:Defend_Guardian+1"],"score":617,"play_id":"883055bb-bc92-4654-9b21-a452957196ad","local_time":"20210117113958","is_ascension_mode":false,"campfire_choices":[{"floor":1,"key":"RECALL"},{"data":"Guardian:TwinSlam","floor":8,"key":"SMITH"},{"data":"Guardian:Clone","floor":18,"key":"SMITH"},{"data":"Guardian:StasisStrike","floor":26,"key":"SMITH"},{"data":"Guardian:Suspension","floor":30,"key":"SMITH"},{"data":"Guardian:Preprogram","floor":35,"key":"SMITH"},{"data":"Guardian:Suspension","floor":45,"key":"SMITH"}],"circlet_count":0,"master_deck":["Guardian:Strike_Guardian+1","Guardian:Strike_Guardian+1","Guardian:Defend_Guardian+1","Guardian:Defend_Guardian+1","Guardian:Defend_Guardian+1","Guardian:CurlUp","Guardian:TwinSlam+1","Guardian:ChargeCore","Guardian:Preprogram+1","Guardian:BronzeOrb","Guardian:TemporalStrike+1","Guardian:Incinerate","Guardian:CrystalBeam","Guardian:Reroute","Guardian:TimeCapacitor","Guardian:TemporalStrike","Guardian:Clone+1","Guardian:AncientConstruct","CurseOfTheBell","Guardian:TimeBomb","Guardian:PrismaticBarrier+1","Guardian:Preprogram","Guardian:Recover","Guardian:FastForward","Guardian:Suspension+1","Guardian:StasisField","Guardian:TemporalShield+1","Guardian:BaubleBeam","Guardian:Reroute+1","Guardian:Incinerate+1","Guardian:Suspension+1","Guardian:Suspension+1","Guardian:PrismaticBeam+1","Guardian:Gem_Lightblue","expansioncontent:Chronoboost","Guardian:TemporalStrike+1"],"relics":["Guardian:ModeShifter","PreservedInsect","Blood Vial","Meat on the Bone","Guardian:SackOfGems","downfall:HeartBlessingRed","downfall:HeartBlessingBlue","Ornamental Fan","Tiny House","Ancient Tea Set","DollysMirror","MerchantsRug","Bag of Preparation","Sundial"],"acts_visited":["Exordium","TheCity","TheBeyond"],"potions_floor_usage":[9,14,15,16,16,33,36,39,39,39,39,47,50],"damage_taken":[{"damage":5,"enemies":"Cultist","floor":2,"turns":4},{"damage":1,"enemies":"Jaw Worm","floor":3,"turns":4},{"damage":0,"enemies":"downfall:FleeingMerchant","floor":4,"turns":4},{"damage":0,"enemies":"2 Louse","floor":5,"turns":3},{"damage":14,"enemies":"Gremlin Nob","floor":6,"turns":4},{"damage":0,"enemies":"Exordium Thugs","floor":9,"turns":3},{"damage":4,"enemies":"Blue Slaver","floor":10,"turns":3},{"damage":0,"enemies":"Large Slime","floor":11,"turns":4},{"damage":0,"enemies":"3 Louse","floor":12,"turns":3},{"damage":13,"enemies":"2 Fungi Beasts","floor":13,"turns":3},{"damage":4,"enemies":"3 Sentries","floor":14,"turns":5},{"damage":1,"enemies":"Exordium Wildlife","floor":15,"turns":2},{"damage":47,"enemies":"DF_ARCHETYPE_STREAMLINE","floor":16,"turns":10},{"damage":0,"enemies":"Chosen","floor":19,"turns":3},{"damage":10,"enemies":"Chosen and Byrds","floor":20,"turns":4},{"damage":15,"enemies":"Snecko","floor":21,"turns":4},{"damage":15,"enemies":"downfall:FleeingMerchant","floor":22,"turns":4},{"damage":24,"enemies":"Gremlin Leader","floor":23,"turns":5},{"damage":7,"enemies":"Centurion and Healer","floor":25,"turns":6},{"damage":14,"enemies":"Sentry and Sphere","floor":29,"turns":4},{"damage":9,"enemies":"3 Cultists","floor":31,"turns":5},{"damage":5,"enemies":"Cultist and Chosen","floor":32,"turns":5},{"damage":65,"enemies":"IC_MUSHROOM_ARCHETYPE","floor":33,"turns":10},{"damage":5,"enemies":"3 Darklings","floor":36,"turns":4},{"damage":8,"enemies":"3 Shapes","floor":37,"turns":4},{"damage":11,"enemies":"downfall:FleeingMerchant","floor":39,"turns":4},{"damage":39,"enemies":"Maw","floor":40,"turns":8},{"damage":11,"enemies":"downfall:FleeingMerchant","floor":42,"turns":4},{"damage":23,"enemies":"Giant Head","floor":44,"turns":8},{"damage":19,"enemies":"Nemesis","floor":46,"turns":5},{"damage":32,"enemies":"Transient","floor":47,"turns":5},{"damage":29,"enemies":"Writhing Mass","floor":49,"turns":5},{"damage":28,"enemies":"SI_POISON_ARCHETYPE","floor":50,"turns":5}],"seed_played":"3202741283780126833","potions_obtained":[{"floor":2,"key":"Slimebound:ThreeZeroPotion"},{"floor":5,"key":"Fire Potion"},{"floor":6,"key":"Fire Potion"},{"floor":11,"key":"Explosive Potion"},{"floor":14,"key":"Energy Potion"},{"floor":15,"key":"Energy Potion"},{"floor":16,"key":"Weak Potion"},{"floor":21,"key":"FairyPotion"},{"floor":25,"key":"PowerPotion"},{"floor":32,"key":"LiquidMemories"},{"floor":33,"key":"DistilledChaos"},{"floor":34,"key":"EntropicBrew"},{"floor":36,"key":"AttackPotion"},{"floor":49,"key":"Strength Potion"}],"is_trial":false,"path_per_floor":["R","M","M","$","M","E","T","R","M","M","M","M","M","E","M","B",null,"R","M","M","M","$","E","T","M","R","?","?","M","R","M","M","B",null,"R","M","M","?","$","M","T","$","?","E","R","E","M","?","M","B"],"character_chosen":"GUARDIAN","items_purchased":["Guardian:TemporalStrike","Guardian:Gem_Cyan","Guardian:Gem_Yellow","DollysMirror","Guardian:Suspension","MerchantsRug"],"campfire_rested":0,"item_purchase_floors":[4,22,39,42,42,42],"current_hp_per_floor":[88,83,82,82,82,68,68,68,68,64,64,64,51,47,46,44,88,98,98,88,75,62,52,52,59,59,59,59,59,59,52,61,41,103,103,98,92,92,83,58,58,61,61,52,52,47,29,29,14,0,0,0],"gold":329,"neow_bonus":"TEN_PERCENT_HP_BONUS","is_daily":false,"chose_seed":false,"campfire_upgraded":6,"win_rate":0.0,"timestamp":1610854798,"path_taken":["R","M","M","$","M","E","T","R","M","M","M","?","M","E","M","BOSS","R","M","M","?","?","E","T","M","R","?","?","?","R","M","M","BOSS","R","M","M","?","$","M","T","$","?","E","R","E","?","?","M","BOSS"],"items_purchased_type":["Card","Card","Card","Relic","Card","Relic"],"build_version":"2020-12-22","purchased_purges":3,"victory":false,"max_hp_per_floor":[88,88,88,88,88,88,88,88,88,88,88,88,88,88,88,88,88,98,98,98,98,98,98,98,98,98,98,98,98,98,98,98,98,103,103,103,103,103,103,103,103,103,103,103,103,103,103,103,103,103,103,103],"card_choices":[{"not_picked":["Guardian:Gem_Purple","Guardian:Gem_Crimson"],"picked":"Guardian:ChargeCore","floor":2},{"not_picked":["Guardian:TemporalShield","Guardian:Planning"],"picked":"Guardian:Preprogram","floor":3},{"not_picked":["Guardian:Gem_Purple","Guardian:Repulse"],"picked":"Guardian:BronzeOrb","floor":4},{"not_picked":["Guardian:Gem_Cyan","Guardian:WalkerClaw"],"picked":"Guardian:Incinerate","floor":5},{"not_picked":["Guardian:WalkerClaw","Guardian:GuardianWhirl"],"picked":"Guardian:CrystalBeam","floor":6},{"not_picked":["Guardian:VentSteam","Guardian:Gem_Purple"],"picked":"Guardian:StasisStrike","floor":9},{"not_picked":["Guardian:PiercingHide","Guardian:Gem_Blue"],"picked":"Guardian:Reroute","floor":10},{"not_picked":["Guardian:CrystalBeam","Guardian:Gem_Lightblue"],"picked":"Guardian:Gem_Red","floor":11},{"not_picked":["Guardian:WalkerClaw","Guardian:ShieldSpikes"],"picked":"Guardian:TimeCapacitor","floor":12},{"not_picked":["Guardian:RollAttack","Guardian:PrismaticBeam"],"picked":"Guardian:TemporalStrike","floor":13},{"not_picked":["Guardian:Gem_Crimson","Guardian:DonusPower"],"picked":"Guardian:Gem_Orange","floor":14},{"not_picked":["Guardian:ChargeCore","Guardian:PolyBeam"],"picked":"Guardian:Clone","floor":15},{"not_picked":["Guardian:SphericShield","Guardian:ConstructionForm"],"picked":"Guardian:AncientConstruct","floor":16},{"not_picked":["Guardian:Gem_Blue","Guardian:ShieldSpikes"],"picked":"Guardian:TimeBomb","floor":19},{"not_picked":["Guardian:WalkerClaw+1","Guardian:Harden"],"picked":"Guardian:PrismaticBarrier+1","floor":20},{"not_picked":["Guardian:RollAttack","Guardian:Suspension"],"picked":"Guardian:Preprogram","floor":21},{"not_picked":["Guardian:Gem_Red","Guardian:Gem_Fragmented"],"picked":"Guardian:Gem_White","floor":22},{"not_picked":["Guardian:Gem_Crimson","Guardian:FloatingOrbs"],"picked":"Guardian:Gem_Yellow","floor":23},{"not_picked":["Guardian:Gem_Red","Guardian:TimeCapacitor"],"picked":"Guardian:Recover","floor":25},{"not_picked":["Guardian:Harden","Guardian:GuardianWhirl"],"picked":"Guardian:Suspension","floor":29},{"not_picked":["Guardian:PrismaticBarrier+1","Guardian:TimeBomb"],"picked":"Guardian:StasisField","floor":31},{"not_picked":["Guardian:PolyBeam","Guardian:MultiBeam"],"picked":"Guardian:TemporalShield+1","floor":32},{"not_picked":["Guardian:AncientConstruct","Guardian:SphericShield"],"picked":"Guardian:BaubleBeam","floor":33},{"not_picked":["Guardian:RollAttack","Guardian:WalkerClaw"],"picked":"Guardian:Reroute+1","floor":34},{"not_picked":["Guardian:MultiBeam+1","Guardian:BronzeArmor+1"],"picked":"Guardian:Incinerate+1","floor":36},{"not_picked":["Guardian:ChargeCore","Guardian:Gem_Red"],"picked":"Guardian:Suspension+1","floor":37},{"not_picked":["Guardian:Reroute","Guardian:AncientConstruct","Guardian:ConstructionForm"],"picked":"SKIP","floor":39},{"not_picked":["Guardian:CrystalBeam","Guardian:Gem_Cyan"],"picked":"Guardian:Gem_Red","floor":40},{"not_picked":["Guardian:SpikerProtocol","Guardian:PrismaticBarrier+1"],"picked":"Guardian:Gem_Synthetic","floor":42},{"not_picked":["Guardian:EvasiveProtocol","Guardian:RefractedBeam","Guardian:BronzeArmor"],"picked":"SKIP","floor":44},{"not_picked":["Guardian:ShieldSpikes","Guardian:StasisField"],"picked":"Guardian:PrismaticBeam+1","floor":46},{"not_picked":["Guardian:Reroute","Guardian:CrystalBeam+1"],"picked":"Guardian:Gem_Lightblue","floor":47},{"not_picked":["expansioncontent:PrepareCrush","expansioncontent:LastStand"],"picked":"expansioncontent:Chronoboost","floor":48},{"not_picked":["Guardian:GuardianWhirl+1","Guardian:WalkerClaw+1"],"picked":"Guardian:TemporalStrike+1","floor":49}],"player_experience":150304,"relics_obtained":[{"floor":6,"key":"Lizard Tail"},{"floor":14,"key":"PreservedInsect"},{"floor":17,"key":"Blood Vial"},{"floor":17,"key":"Meat on the Bone"},{"floor":17,"key":"Guardian:SackOfGems"},{"floor":23,"key":"MealTicket"},{"floor":24,"key":"Ornamental Fan"},{"floor":41,"key":"Ancient Tea Set"},{"floor":44,"key":"Bag of Preparation"},{"floor":46,"key":"Sundial"}],"event_choices":[{"cards_removed":["Guardian:StasisStrike"],"damage_healed":0,"gold_gain":0,"player_choice":"Removed Attack","damage_taken":0,"max_hp_gain":0,"max_hp_loss":0,"event_name":"Falling","floor":43,"gold_loss":0}],"is_beta":false,"boss_relics":[{"not_picked":["Velvet Choker","bronze:MakeshiftBattery"],"picked":"Calling Bell"},{"not_picked":["SacredBark","Runic Pyramid"],"picked":"Tiny House"}],"items_purged_floors":[4,39,42],"is_endless":false,"potions_floor_spawned":[2,5,6,11,14,15,16,21,25,29,31,32,33,36,37,49],"killed_by":"SI_POISON_ARCHETYPE","ascension_level":0}}