{"host":"ytad2j290sleetgq","time":1610890360,"event":{"mods":["AchievementEnabler","Act Like it!","Arknights The Spire","Aspiration","Bartender","BaseMod","Better Note","Card Forge","Custom Start","Decade(王小明)","Downfall","Friendly Minions","Gensokyo","GungeonMod","Hermit","Highlight Path","Koishi","Luminous","Minty Spire (QoL Compilation)","Prisma Mod","Rare Cards Sparkle","SIMod","SOS（斯巴达之子）","Shop Mod","StSLib","The Alterego","The Animator","TheWitcher","UnlockEverythingMod","WarShipGirlsR/战舰少女R mod","Yakumo Yukari mod","[GremlinLeader]The Maniac","【遗物卡牌】REMEMod"],"gold_per_floor":[21,21,21,21,54,58,58],"floor_reached":6,"language":"ZHS","playtime":360,"items_purged":[],"score":34,"play_id":"4730f162-9b45-4a10-b365-d84f1f998061","local_time":"20210117213240","is_ascension_mode":false,"campfire_choices":[],"circlet_count":0,"master_deck":["SnafuTest:DefaultCommonAttack","SnafuTest:DefaultCommonAttack","SnafuTest:DefaultCommonAttack","SnafuTest:BountyHunt","SnafuTest:DefaultCommonSkill","SnafuTest:DefaultCommonSkill","SnafuTest:DefaultCommonSkill","SnafuTest:SignAxii+1","SnafuTest:LastWish+1","SnafuTest:PowerProbingFeint+1","SnafuTest:DesperateRemediation"],"relics":["SnafuTest:UnstableMutagenRelic","Hammer of Thor","Seething Fire","Anvil of the Gods","REME_ComplimentaryCards","Bird Faced Urn","Golden Idol","Potion Belt"],"acts_visited":["Exordium"],"potions_floor_usage":[],"damage_taken":[{"damage":11,"enemies":"Jaw Worm","floor":1,"turns":5},{"damage":5,"enemies":"2 Louse","floor":5,"turns":4},{"damage":70,"enemies":"Gremlin Nob","floor":6,"turns":9}],"seed_played":"1363601720001991813","potions_obtained":[{"floor":1,"key":"Block Potion"}],"is_trial":false,"path_per_floor":["M","?","?","$","M","E"],"character_chosen":"THE_WITCHER","items_purchased":[],"campfire_rested":0,"item_purchase_floors":[],"current_hp_per_floor":[64,64,64,64,59,0,0],"gold":58,"neow_bonus":"ONE_RARE_RELIC","is_daily":false,"chose_seed":false,"campfire_upgraded":0,"win_rate":0.0,"timestamp":1610890360,"path_taken":["M","?","?","$","?","E"],"items_purchased_type":[],"build_version":"2020-12-22","purchased_purges":0,"victory":false,"max_hp_per_floor":[75,75,75,75,75,75,75],"card_choices":[{"not_picked":["SnafuTest:WitchHunt","SnafuTest:SpellIncendiaryShower"],"picked":"SnafuTest:PowerProbingFeint","floor":1},{"not_picked":["SnafuTest:BattleCry","SnafuTest:PayBank"],"picked":"SnafuTest:DesperateRemediation","floor":5}],"player_experience":341726,"relics_obtained":[],"event_choices":[{"damage_healed":0,"gold_gain":0,"player_choice":"Take Wound","damage_taken":0,"relics_obtained":["Golden Idol"],"max_hp_gain":0,"max_hp_loss":0,"event_name":"Golden Idol","floor":2,"gold_loss":0,"cards_obtained":["Injury"]},{"damage_healed":0,"gold_gain":0,"player_choice":"Gave Potion","damage_taken":0,"relics_obtained":["Potion Belt"],"max_hp_gain":0,"max_hp_loss":0,"event_name":"WeMeetAgain","floor":3,"gold_loss":0}],"is_beta":false,"boss_relics":[],"items_purged_floors":[],"is_endless":false,"potions_floor_spawned":[1],"killed_by":"Gremlin Nob","ascension_level":0}}