{"host":"qxfsqqkvz99y95yf","time":1610902723,"event":{"mods":["BaseMod","Infinite Spire","Minty Spire (QoL Compilation)","Replay The Spire","StSLib"],"gold_per_floor":[109,123,133,183,234,277,298,334,334,377,377,398,398,421,421,436,436,456,79,93,117,146,189,189,189,189,189,233,258,293,317,317,427,427,459,473,473,373,248,289,289,327,327,344,39,80,103,167,167,175,175,175,0,45,61],"floor_reached":56,"language":"ENG","playtime":6009,"items_purged":["Regret","Pain","ReplayTheSpireMod:Restless Dread","Pain","Doubt"],"score":1863,"play_id":"90a3af3f-66c5-40e3-9e43-357ef96ca2dd","local_time":"20210117115843","is_ascension_mode":true,"campfire_choices":[{"floor":11,"key":"REST"},{"floor":13,"key":"REST"},{"floor":15,"key":"DIG"},{"data":"Bane","floor":24,"key":"SMITH"},{"floor":32,"key":"RECALL"},{"floor":49,"key":"DIG"},{"data":"Voices","floor":52,"key":"PURGE"}],"circlet_count":0,"master_deck":["Strike_G","Strike_G","Strike_G+1","Strike_G","Strike_G","Defend_G","Defend_G","Defend_G","Defend_G","Defend_G","Survivor","Neutralize","A Thousand Cuts","Deflect","Poisoned Stab+1","Flying Knee","infinitespire:Neurotoxin+1","ReplayTheSpireMod:The Works","Backstab+1","Prepared","Dagger Throw","Bane+1","Corpse Explosion+1","PiercingWail+1","Poisoned Stab+1","Noxious Fumes","Burst+1","Adrenaline+1","Ghostly","Ghostly","Ghostly","Ghostly","Ghostly","Overencumbered","Flying Knee+1","Footwork","Sucker Punch+1","infinitespire:Neurotoxin+1","Envenom+1","Deadly Poison+1","Sneak Up+1","Noxious Fumes","Cloak And Dagger","ReplayTheSpireMod:Speed Training+1","ReplayTheSpireMod:Necrosis+1","Noxious Fumes","Dagger Throw+1","Backstab+1"],"relics":["Ring of the Snake","Ring of Greed","Ring of Peace","Golden Egg","Replay:Bandana","Oddly Smooth Stone","Pondfish Scales","Darkstone Periapt","Sundial","Bronze Scales","Paper Crane","Honey Jar","Sling","Replay:Baseball","infinitespire:Broken Mirror","Onion Ring","Replay:Blank Codex","Vajra","Replay:Multitool","Cursed Key","infinitespire:WardingShard","Lantern","infinitespire:Satchel","Regal Pillow","Durian","infinitespire:PuzzleCube","Whetstone"],"acts_visited":["Exordium","TheCity","TheBeyond","TheEnding"],"potions_floor_usage":[10,10,16,16,29,33,33,50,50,55,55],"damage_taken":[{"damage":13,"enemies":"infinitespire:Voidling","floor":1,"turns":7},{"damage":3,"enemies":"Cultist","floor":2,"turns":5},{"damage":1,"enemies":"Jaw Worm","floor":3,"turns":5},{"damage":25,"enemies":"Gremlin Nob","floor":6,"turns":6},{"damage":0,"enemies":"Red Slaver","floor":7,"turns":7},{"damage":13,"enemies":"Replay:BlueRogue","floor":8,"turns":8},{"damage":7,"enemies":"3 Sentries","floor":10,"turns":10},{"damage":0,"enemies":"Blue Slaver","floor":12,"turns":3},{"damage":0,"enemies":"Looter","floor":14,"turns":3},{"damage":6,"enemies":"Slime Boss","floor":16,"turns":7},{"damage":0,"enemies":"2 Thieves","floor":18,"turns":2},{"damage":0,"enemies":"3 Byrds","floor":20,"turns":2},{"damage":0,"enemies":"Snake Plant","floor":21,"turns":3},{"damage":0,"enemies":"Centurion and Healer","floor":22,"turns":5},{"damage":6,"enemies":"Slavers","floor":23,"turns":4},{"damage":0,"enemies":"Nightmare","floor":28,"turns":5},{"damage":0,"enemies":"Chosen and Byrds","floor":29,"turns":4},{"damage":0,"enemies":"Replay:Snechameleon","floor":30,"turns":3},{"damage":0,"enemies":"Cultist and Chosen","floor":31,"turns":4},{"damage":7,"enemies":"Pondfish","floor":33,"turns":9},{"damage":5,"enemies":"3 Shapes","floor":35,"turns":4},{"damage":4,"enemies":"Orb Walker","floor":36,"turns":2},{"damage":0,"enemies":"Giant Head","floor":40,"turns":7},{"damage":0,"enemies":"Nemesis","floor":42,"turns":7},{"damage":0,"enemies":"Sphere and 2 Shapes","floor":44,"turns":5},{"damage":0,"enemies":"R_Hoarder","floor":46,"turns":4},{"damage":0,"enemies":"Jaw Worm Horde","floor":47,"turns":5},{"damage":0,"enemies":"Mind Bloom Boss Battle","floor":48,"turns":4},{"damage":42,"enemies":"Time Eater","floor":50,"turns":10},{"damage":0,"enemies":"Shield and Spear","floor":54,"turns":3},{"damage":26,"enemies":"The Heart","floor":55,"turns":11}],"seed_played":"7601187874456949613","potions_obtained":[{"floor":3,"key":"SteroidPotion"},{"floor":7,"key":"ColorlessPotion"},{"floor":8,"key":"GamblersBrew"},{"floor":12,"key":"Adrenaline Potion"},{"floor":14,"key":"DistilledChaos"},{"floor":16,"key":"BlessingOfTheForge"},{"floor":21,"key":"Dexterity Potion"},{"floor":22,"key":"DistilledChaos"},{"floor":28,"key":"SkillPotion"},{"floor":30,"key":"Adrenaline Potion"},{"floor":35,"key":"Regen Potion"},{"floor":37,"key":"SneckoOil"},{"floor":37,"key":"LiquidBronze"},{"floor":37,"key":"Weak Potion"},{"floor":40,"key":"SkillPotion"},{"floor":44,"key":"GamblersBrew"},{"floor":48,"key":"Regen Potion"}],"is_trial":false,"path_per_floor":["M","M","M","?","T","E","M","E","T","E","R","M","R","M","R","B",null,"M","$","M","M","M","E","R","?","T","?","NM","M","E","M","R","B",null,"M","M","?","$","$","E","R","E","T","M","$","E","M","?","R","B",null,"R","$","E","B",null],"character_chosen":"THE_SILENT","items_purchased":["Sling","Replay:Baseball","infinitespire:Satchel"],"campfire_rested":2,"item_purchase_floors":[19,19,45],"current_hp_per_floor":[67,64,63,63,63,38,38,25,25,18,39,39,60,66,66,60,76,82,82,82,82,82,76,76,41,41,25,31,31,31,31,31,30,53,48,44,44,44,44,44,53,59,65,65,65,65,65,76,76,39,76,76,76,76,64],"gold":61,"neow_bonus":"ONE_RANDOM_RARE_CARD","is_daily":false,"chose_seed":false,"campfire_upgraded":1,"win_rate":0.0,"timestamp":1610902723,"path_taken":["M","?","M","?","?","E","M","E","T","E","R","M","R","M","R","BOSS","M","$","M","M","M","E","R","?","T","?","NM","M","E","M","R","BOSS","M","M","?","?","$","E","R","E","T","?","$","E","M","?","R","BOSS","R","$","E","BOSS"],"items_purchased_type":["Relic","Relic","Relic"],"build_version":"2020-12-22","purchased_purges":5,"victory":true,"max_hp_per_floor":[70,70,70,70,70,70,70,70,70,70,70,70,70,76,76,76,76,82,82,82,82,82,82,82,41,41,41,47,47,47,47,47,53,53,53,53,53,53,53,53,53,59,65,65,65,65,65,76,76,76,76,76,76,76,76],"card_choices":[{"not_picked":["Draining Mist","Predator"],"picked":"Deflect","floor":1},{"not_picked":["Outmaneuver","Flechettes"],"picked":"Poisoned Stab","floor":2},{"not_picked":["Dodge and Roll","Masterful Stab"],"picked":"Flying Knee","floor":3},{"not_picked":["Skewer","ReplayTheSpireMod:Tripwire"],"picked":"infinitespire:Neurotoxin","floor":6},{"not_picked":["Flying Knee","Dodge and Roll"],"picked":"ReplayTheSpireMod:The Works","floor":7},{"not_picked":["PiercingWail","Backflip"],"picked":"Backstab","floor":8},{"not_picked":["Outmaneuver","A Thousand Cuts"],"picked":"Prepared","floor":10},{"not_picked":["Sucker Punch","Dagger Spray"],"picked":"Dagger Throw","floor":12},{"not_picked":["Deadly Poison","Dagger Throw"],"picked":"Bane","floor":14},{"not_picked":["Atom Bomb","Phantasmal Killer"],"picked":"Corpse Explosion","floor":16},{"not_picked":["Catalyst","Skewer+1","Backflip+1"],"picked":"PiercingWail+1","floor":18},{"not_picked":["Backflip","Deadly Poison+1","Outmaneuver"],"picked":"Poisoned Stab+1","floor":20},{"not_picked":["Endless Agony","Outmaneuver","Underhanded Strike"],"picked":"Noxious Fumes","floor":21},{"not_picked":["Cloak And Dagger","Flying Knee","Quick Slash"],"picked":"Burst","floor":22},{"not_picked":["Doppelganger","Hidden Blade","Cloak And Dagger"],"picked":"Adrenaline","floor":23},{"not_picked":["Backflip+1","Sucker Punch+1","Flechettes"],"picked":"Flying Knee+1","floor":28},{"not_picked":["Accuracy","Quick Slash","ReplayTheSpireMod:Scrap Shanks"],"picked":"Footwork","floor":29},{"not_picked":["ReplayTheSpireMod:Exploit Weakness","Backflip+1","Cloak And Dagger"],"picked":"Sucker Punch+1","floor":30},{"not_picked":["Caltrops+1","ReplayTheSpireMod:Scrap Shanks","Endless Agony"],"picked":"infinitespire:Neurotoxin","floor":31},{"not_picked":["Burst","Phantasmal Killer","Tools of the Trade"],"picked":"Envenom","floor":33},{"not_picked":["Dagger Spray+1","Poisoned Stab","Skewer"],"picked":"Deadly Poison+1","floor":35},{"not_picked":["Prepared","Cloak And Dagger+1","Blade Dance+1"],"picked":"Sneak Up+1","floor":36},{"not_picked":["Sucker Punch","Storm of Steel","Flying Knee+1"],"picked":"Noxious Fumes","floor":40},{"not_picked":["Acrobatics+1","Expertise+1","All Out Attack"],"picked":"Cloak And Dagger","floor":42},{"not_picked":["Reflex","Skewer","Acrobatics"],"picked":"ReplayTheSpireMod:Speed Training+1","floor":44},{"not_picked":["ReplayTheSpireMod:The Works","Crippling Poison+1","Acrobatics"],"picked":"ReplayTheSpireMod:Necrosis","floor":46},{"not_picked":["ReplayTheSpireMod:Tripwire","PiercingWail+1","Cloak And Dagger"],"picked":"Noxious Fumes","floor":47},{"not_picked":["Bane+1","Dagger Spray+1","Backflip"],"picked":"Dagger Throw+1","floor":48},{"not_picked":["Poisoned Stab+1","Slice+1","Deflect+1"],"picked":"Backstab+1","floor":54}],"player_experience":204673,"relics_obtained":[{"floor":4,"key":"Ring of Greed"},{"floor":4,"key":"Ring of Peace"},{"floor":4,"key":"Golden Egg"},{"floor":4,"key":"Replay:Bandana"},{"floor":5,"key":"Oddly Smooth Stone"},{"floor":6,"key":"Pondfish Scales"},{"floor":8,"key":"Darkstone Periapt"},{"floor":9,"key":"Sundial"},{"floor":10,"key":"Bronze Scales"},{"floor":15,"key":"Paper Crane"},{"floor":23,"key":"infinitespire:Broken Mirror"},{"floor":26,"key":"Onion Ring"},{"floor":27,"key":"Replay:Blank Codex"},{"floor":28,"key":"Vajra"},{"floor":30,"key":"Replay:Multitool"},{"floor":40,"key":"infinitespire:WardingShard"},{"floor":42,"key":"Lantern"},{"floor":46,"key":"Regal Pillow"},{"floor":48,"key":"Durian"},{"floor":49,"key":"infinitespire:PuzzleCube"},{"floor":54,"key":"Whetstone"}],"event_choices":[{"damage_healed":0,"gold_gain":0,"player_choice":"Became a Ghost","damage_taken":0,"max_hp_gain":0,"max_hp_loss":41,"event_name":"Ghosts","floor":25,"gold_loss":0,"cards_obtained":["Ghostly","Ghostly","Ghostly","Ghostly","Ghostly"]},{"damage_healed":0,"gold_gain":0,"player_choice":"Obtained Book","damage_taken":16,"max_hp_gain":0,"max_hp_loss":0,"event_name":"Cursed Tome","floor":27,"gold_loss":0},{"damage_healed":0,"gold_gain":0,"player_choice":"Got Potions","damage_taken":0,"max_hp_gain":0,"max_hp_loss":0,"event_name":"Lab","floor":37,"gold_loss":0},{"damage_healed":0,"gold_gain":0,"player_choice":"Fight","damage_taken":0,"max_hp_gain":0,"max_hp_loss":0,"event_name":"MindBloom","floor":48,"gold_loss":0}],"is_beta":false,"boss_relics":[{"not_picked":["Runic Pyramid","ReplayTheSpireMod:DimensionalGlitch"],"picked":"Honey Jar"},{"not_picked":["Replay:Ancient Bell","Replay:Drink Me"],"picked":"Cursed Key"}],"items_purged_floors":[19,38,39,45,53],"is_endless":false,"potions_floor_spawned":[3,7,8,12,14,16,21,22,28,30,35,40,44,48],"ascension_level":1}}