{"host":"lf8w6lk2ipwfzeol","time":1610857788,"event":{"mods":["ATMod(°¢èªMod)","Act Like it!","BaseMod","Downfall","Hermit","Minty Spire (QoL Compilation)","Quick Restart","Robot Space Explorer","StSLib","The Bladedancer","The Cursed","The Hierophant","The Runesmith","The Servant 0.9.4","Youmu£¨»êÆÇÑýÃÎ£©"],"gold_per_floor":[159,219,394,394,434,434,494,494,494,545,545,648,699,744,744,874,874,967,967,67,67,67,127,152,152,197,239,252,252,314,353,353,529,529,669,764,764,854,957,957,209,209,209,319,361,361,584,999,999,1249],"floor_reached":51,"language":"ZHS","playtime":2285,"items_purged":["Doubt","hermit:DeadMansHand","hermit:Defend_Hermit","hermit:Strike_Hermit","hermit:Strike_Hermit"],"score":790,"play_id":"2ae1f2ef-987d-4d93-9da3-afd39acf2a71","local_time":"20210117122948","is_ascension_mode":false,"campfire_choices":[{"data":"hermit:DeadOrAlive","floor":6,"key":"SMITH"},{"data":"hermit:Malice","floor":8,"key":"SMITH"},{"data":"hermit:Determination","floor":15,"key":"SMITH"},{"floor":25,"key":"REST"},{"data":"hermit:CursedWeapon","floor":32,"key":"SMITH"},{"data":"hermit:HighCaliber","floor":40,"key":"SMITH"},{"data":"hermit:Glare","floor":42,"key":"SMITH"},{"data":"hermit:EyeOfTheStorm","floor":49,"key":"SMITH"}],"circlet_count":0,"master_deck":["hermit:Strike_Hermit","hermit:Strike_Hermit","hermit:Defend_Hermit","hermit:Snapshot","hermit:Covet","hermit:Desperado","hermit:DeadOrAlive+1","hermit:Determination+1","hermit:Malice+1","hermit:Misfire","hermit:Snipe","hermit:Combo+1","hermit:Headshot","hermit:EyeOfTheStorm+1","hermit:HighNoon+1","hermit:Quickdraw+1","hermit:Shortfuse","hermit:LowProfile","hermit:Ricochet","hermit:CalledShot+1","hermit:CursedWeapon+1","hermit:Midnight","hermit:EyeOfTheStorm","hermit:HighCaliber+1","hermit:RoundhouseKick","Madness","Madness","hermit:CursedWeapon+1","hermit:Glare+1","hermit:BigShot+1","hermit:HighCaliber","hermit:SprayPray","hermit:HighCaliber","hermit:CursedWeapon+1"],"relics":["hermit:Momento","AT_ATBox","AT_MibuBalloonWealth","Anchor","Blood Vial","ClockworkSouvenir","Omamori","Frozen Egg 2","InkBottle","AT_TrinityForce","Chemical X","Letter Opener","TungstenRod","Pen Nib","Medical Kit","Thread and Needle","hermit:RyeStalk","Darkstone Periapt","Cursed Key","Bird Faced Urn","AT_TheCollector","AT_LudenTempest","Boot","White Beast Statue","Orichalcum","AT_SpeedBoots","DollysMirror","Red Mask"],"acts_visited":["Exordium","TheCity","TheBeyond"],"potions_floor_usage":[16,16,16,24,33,33,44,44],"damage_taken":[{"damage":10,"enemies":"2 Louse","floor":1,"turns":3},{"damage":0,"enemies":"Small Slimes","floor":2,"turns":3},{"damage":30,"enemies":"Gremlin Nob","floor":7,"turns":4},{"damage":1,"enemies":"Jaw Worm","floor":10,"turns":2},{"damage":0,"enemies":"3 Louse","floor":12,"turns":2},{"damage":9,"enemies":"Blue Slaver","floor":13,"turns":4},{"damage":10,"enemies":"Looter","floor":14,"turns":4},{"damage":41,"enemies":"The Guardian","floor":16,"turns":7},{"damage":24,"enemies":"3 Byrds","floor":18,"turns":6},{"damage":3,"enemies":"Spheric Guardian","floor":23,"turns":3},{"damage":38,"enemies":"Slavers","floor":24,"turns":4},{"damage":18,"enemies":"Snecko","floor":27,"turns":4},{"damage":0,"enemies":"Sentry and Sphere","floor":30,"turns":2},{"damage":0,"enemies":"Snake Plant","floor":31,"turns":2},{"damage":18,"enemies":"Automaton","floor":33,"turns":5},{"damage":36,"enemies":"3 Darklings","floor":35,"turns":3},{"damage":31,"enemies":"2 Orb Walkers","floor":36,"turns":4},{"damage":7,"enemies":"Mind Bloom Boss Battle","floor":38,"turns":3},{"damage":2,"enemies":"3 Shapes","floor":39,"turns":3},{"damage":1,"enemies":"Jaw Worm Horde","floor":44,"turns":2},{"damage":3,"enemies":"Spire Growth","floor":45,"turns":3},{"damage":29,"enemies":"Donu and Deca","floor":50,"turns":4}],"seed_played":"2580586215535779108","potions_obtained":[{"floor":1,"key":"EssenceOfSteel"},{"floor":10,"key":"Ancient Potion"},{"floor":13,"key":"Guardian:BlockOnCardUsePotion"},{"floor":23,"key":"SmokeBomb"},{"floor":27,"key":"EssenceOfSteel"},{"floor":30,"key":"hermit:Tonic"},{"floor":35,"key":"bronze:BurnAndBuffPotion"},{"floor":38,"key":"DistilledChaos"},{"floor":39,"key":"Fire Potion"},{"floor":44,"key":"Fire Potion"},{"floor":45,"key":"Block Potion"}],"is_trial":false,"path_per_floor":["M","M","?","?","$","R","E","R","T","M","?","M","M","M","R","B",null,"M","?","$","?","?","M","E","R","T","M","$","T","M","M","R","B",null,"M","?","?","?","M","R","$","R","T","M","M","?","$","?","R","B",null],"character_chosen":"HERMIT","items_purchased":["Blood Vial","ClockworkSouvenir","hermit:Determination","hermit:Malice","Omamori","hermit:DeadMansHand","Chemical X","Letter Opener","TungstenRod","hermit:Shortfuse","Medical Kit","hermit:CursedWeapon","Thread and Needle","hermit:RyeStalk","hermit:Midnight","AT_LudenTempest","Boot","hermit:Glare","hermit:BigShot+1","hermit:HighCaliber","Orichalcum","AT_SpeedBoots","DollysMirror"],"campfire_rested":1,"item_purchase_floors":[5,5,5,5,5,5,20,20,20,20,28,28,28,28,28,41,41,41,41,41,47,47,47],"current_hp_per_floor":[65,65,65,53,53,53,999,999,999,74,67,69,62,54,54,15,75,51,51,51,51,51,50,14,36,36,999,999,999,75,75,75,57,75,39,74,66,63,65,65,65,65,65,70,71,71,71,71,71,52],"gold":1249,"neow_bonus":"RANDOM_COMMON_RELIC","is_daily":false,"chose_seed":false,"campfire_upgraded":7,"win_rate":0.0,"timestamp":1610857788,"path_taken":["M","M","?","?","?","R","E","R","T","M","?","?","M","M","R","BOSS","M","?","$","?","?","M","E","R","T","M","?","?","M","M","R","BOSS","M","?","?","?","M","R","?","R","T","M","?","?","$","?","R","BOSS"],"items_purchased_type":["Relic","Relic","Card","Card","Relic","Card","Relic","Relic","Relic","Card","Relic","Card","Relic","Relic","Card","Relic","Relic","Card","Card","Card","Relic","Relic","Relic"],"build_version":"2020-12-22","purchased_purges":5,"victory":true,"max_hp_per_floor":[75,75,75,75,75,75,75,75,75,75,75,75,75,75,75,75,75,75,75,75,75,75,75,75,75,75,75,75,75,75,75,75,75,75,75,75,75,75,75,75,75,75,75,75,75,75,75,75,75,75],"card_choices":[{"not_picked":["hermit:PistolWhip","hermit:SprayPray"],"picked":"hermit:Desperado","floor":1},{"not_picked":["hermit:WideOpen","hermit:ItchyTrigger"],"picked":"hermit:DeadOrAlive","floor":2},{"not_picked":["hermit:Feint","hermit:Ricochet"],"picked":"hermit:Misfire","floor":7},{"not_picked":["hermit:HoleUp","hermit:Spite"],"picked":"hermit:Snipe","floor":10},{"not_picked":["hermit:Scavenge","hermit:HoleUp"],"picked":"hermit:Combo+1","floor":12},{"not_picked":["hermit:Coalescence","hermit:HighCaliber"],"picked":"hermit:Headshot","floor":13},{"not_picked":["hermit:FullyLoaded","hermit:Headshot"],"picked":"hermit:EyeOfTheStorm","floor":14},{"not_picked":["hermit:Roughhouse","hermit:Gambit"],"picked":"hermit:HighNoon+1","floor":16},{"not_picked":["hermit:Horror","hermit:Combo+1"],"picked":"hermit:Quickdraw+1","floor":18},{"not_picked":["hermit:Misfire+1","hermit:BodyArmor"],"picked":"hermit:Ricochet","floor":23},{"not_picked":["hermit:Desperado","hermit:Dissolve"],"picked":"hermit:CalledShot+1","floor":27},{"not_picked":["hermit:PistolWhip+1","hermit:Manifest"],"picked":"hermit:EyeOfTheStorm","floor":30},{"not_picked":["hermit:Ricochet","hermit:CalledShot+1"],"picked":"hermit:HighCaliber","floor":31},{"not_picked":["hermit:BlackWind","hermit:Dissolve"],"picked":"hermit:RoundhouseKick","floor":33},{"not_picked":["hermit:HoleUp","hermit:WideOpen+1","hermit:Brawl+1"],"picked":"SKIP","floor":35},{"not_picked":["hermit:Roulette+1","hermit:Desperado+1"],"picked":"hermit:CursedWeapon+1","floor":38},{"not_picked":["hermit:NoHoldsBarred+1","hermit:DeadMansHand+1","hermit:LoneWolf+1"],"picked":"SKIP","floor":39},{"not_picked":["hermit:Quickdraw+1","hermit:TrackingShot"],"picked":"hermit:SprayPray","floor":44},{"not_picked":["hermit:Coalescence","hermit:Horror"],"picked":"hermit:HighCaliber","floor":45}],"player_experience":126282,"relics_obtained":[{"floor":7,"key":"Frozen Egg 2"},{"floor":9,"key":"InkBottle"},{"floor":26,"key":"Pen Nib"},{"floor":29,"key":"Darkstone Periapt"},{"floor":36,"key":"Bird Faced Urn"},{"floor":38,"key":"AT_TheCollector"},{"floor":43,"key":"White Beast Statue"}],"event_choices":[{"damage_healed":0,"gold_gain":175,"player_choice":"AGREE","damage_taken":0,"max_hp_gain":0,"max_hp_loss":0,"event_name":"Liars Game","floor":3,"gold_loss":0,"cards_obtained":["Doubt"]},{"damage_healed":0,"gold_gain":0,"player_choice":"Success","damage_taken":12,"relics_obtained":["Anchor"],"max_hp_gain":0,"max_hp_loss":0,"event_name":"Scrap Ooze","floor":4,"gold_loss":0},{"cards_removed":["hermit:Defend_Hermit"],"damage_healed":0,"gold_gain":0,"player_choice":"Card Removal","damage_taken":7,"max_hp_gain":0,"max_hp_loss":0,"event_name":"Golden Wing","floor":11,"gold_loss":0},{"damage_healed":0,"gold_gain":0,"player_choice":"Ignored","damage_taken":0,"max_hp_gain":0,"max_hp_loss":0,"event_name":"Vampires","floor":21,"gold_loss":0},{"damage_healed":0,"gold_gain":0,"player_choice":"Read","damage_taken":0,"max_hp_gain":0,"max_hp_loss":0,"event_name":"The Library","floor":22,"gold_loss":0,"cards_obtained":["hermit:LowProfile"]},{"damage_healed":0,"gold_gain":0,"player_choice":"Fight","damage_taken":0,"max_hp_gain":0,"max_hp_loss":0,"event_name":"Mysterious Sphere","floor":36,"gold_loss":0},{"damage_healed":0,"gold_gain":0,"player_choice":"Embrace Madness","damage_taken":9,"max_hp_gain":0,"max_hp_loss":0,"event_name":"Winding Halls","floor":37,"gold_loss":0,"cards_obtained":["Madness","Madness"]},{"damage_healed":0,"gold_gain":0,"player_choice":"Fight","damage_taken":0,"max_hp_gain":0,"max_hp_loss":0,"event_name":"MindBloom","floor":38,"gold_loss":0},{"cards_removed":["hermit:Defend_Hermit"],"damage_healed":0,"gold_gain":0,"player_choice":"Removed Skill","damage_taken":0,"max_hp_gain":0,"max_hp_loss":0,"event_name":"Falling","floor":46,"gold_loss":0},{"damage_healed":0,"gold_gain":0,"player_choice":"Paid","damage_taken":0,"relics_obtained":["Red Mask"],"max_hp_gain":0,"max_hp_loss":0,"event_name":"Tomb of Lord Red Mask","floor":48,"gold_loss":584}],"is_beta":false,"boss_relics":[{"not_picked":["Fusion Hammer","bronze:MakeshiftBattery"],"picked":"AT_TrinityForce"},{"not_picked":["SacredBark","hermit:BartenderGlass"],"picked":"Cursed Key"}],"items_purged_floors":[5,20,28,41,47],"is_endless":false,"potions_floor_spawned":[1,10,13,23,27,30,35,38,39,44,45],"ascension_level":0}}