{"host":"jg1kdgv8lq0s5kn4","time":1610920893,"event":{"mods":["ATMod(阿瑾Mod)","AchievementEnabler","Act Like it!","Alarm Clock","AlwaysNeverKeys","BaseMod","Colored Powertips","Easy Mod","Gensokyo","Gold Saver","Minty Spire (QoL Compilation)","MostiFishMod","Remove Card Discount Mod","Shop Mod","Spicy Shops","StSLib","Youmu（魂魄妖梦）","【功能Mod】Neow奖励","【遗物Mod】简单游戏","没有小屋子和绿帽子啦","篝火指南"],"gold_per_floor":[18,18,18,18,18,18,38,68,68,68,118,145,96,112,112,507,507,525,93,93,111,42,371,371,487,487,553,596,615,615,889,889,1459,1459,1434,1448,1626,1626,1774,2091,1741,1741,1741,1741,1753,1895,1895,1805,1805,1805,1805,1805,1403,1489,1871],"floor_reached":56,"language":"ZHS","playtime":2560,"items_purged":["Strike_YM","Clumsy","Strike_YM","Defend_YM","Defend_YM","Strike_YM","Defend_YM","SlashOfPresentWorld","HeavenlyHaloSlash","FlashingScatteredFlowers","Gensokyo:CrescentMoonSlash","Gensokyo:CustomPotion","WheelOfPainOfLivingAndDead","SlashOfAscensionToBuddhahood+1","HellFireSword+1"],"score":2276,"play_id":"3fc9f46c-7409-4723-9d9f-79bcfdeea751","local_time":"20210118060133","is_ascension_mode":true,"campfire_choices":[{"data":"AT_FamilyPortrait","floor":6.0,"key":"SMITH"},{"data":"EasyMod:card_1","floor":15.0,"key":"SMITH"},{"data":"BizarrenessOfSixRealms","floor":24.0,"key":"SMITH"},{"data":"ReincarnationSword","floor":30.0,"key":"SMITH"},{"data":"HellGodSword","floor":32.0,"key":"SMITH"},{"data":"VoidnessSword","floor":47.0,"key":"SMITH"},{"data":"BloodOfAsura","floor":49.0,"key":"SMITH"},{"data":"EasyMod:card_1","floor":52.0,"key":"SMITH"}],"circlet_count":0,"master_deck":["EasyMod:card_1","AT_FamilyPortrait+1","SanzenSekai+1","ObsessionSword+1","EchoesOfTheInclemencyOfAllBeings+1","ReincarnationSword+1","BizarrenessOfSixRealms+1","AsuraSword+1","SuddenPhantomFormationSlashOfKarmicWind+1","HellGodSword+1","VoidnessSword+1","TenKingsRetributionOnThePreta+1","FiveSignsOfTheDyingDeva+1","BloodOfAsura+1","IrresoluteSoul+1"],"relics":["HalfPhantom","EasyMod:Easy_1","EasyRelic","DaveBox","AT_ATBox","EGODaCapo","SynthV:TestCard","Mummified Hand","Gensokyo:CelestialsFlawlessClothing","Art of War","AT_LudenTempest","Gensokyo:PortableGap","EasyMod:Hard_1","EasyMod:Easy_4","PatriotShield","EasyMod:Easy_0","BirthdayGift-Icosahedron","ChiLing","Chi","Ling","Gensokyo:MosesMiracle","ClockworkSouvenir","AT_SpeedBoots","EasyMod:Easy_6","Smiling Mask","AT_Kusabimaru","EasyMod:Easy_3","Philosopher\u0027s Stone","Frozen Egg 2","Bag of Marbles","AT_ArchangelStaff","BirthdayGift-Tetrahedron","MostiFishMod:AdaptiveDefenses","FencingExperience","AT_BellowingDragoncrestRing","Meat on the Bone","AT_SilvercatRing","EasyMod:Hard_0","Wakizashi"],"acts_visited":["Exordium","Gensokyo:Gensokyo","Gensokyo:Gensokyoer","TheEnding"],"potions_floor_usage":[],"damage_taken":[{"damage":0.0,"enemies":"Gensokyo:Python","floor":1.0,"turns":2.0},{"damage":0.0,"enemies":"Gensokyo:2_Kodama","floor":7.0,"turns":2.0},{"damage":10.0,"enemies":"Gensokyo:Mamizou","floor":8.0,"turns":7.0},{"damage":0.0,"enemies":"Gensokyo:Aya","floor":12.0,"turns":2.0},{"damage":0.0,"enemies":"Gensokyo:3_Fairies","floor":14.0,"turns":4.0},{"damage":0.0,"enemies":"Gensokyo:Kokoro","floor":16.0,"turns":3.0},{"damage":1.0,"enemies":"Gensokyo:Chomper","floor":18.0,"turns":2.0},{"damage":0.0,"enemies":"Gensokyo:3_Dogs","floor":21.0,"turns":3.0},{"damage":0.0,"enemies":"Gensokyo:Koishi","floor":23.0,"turns":2.0},{"damage":0.0,"enemies":"Gensokyo:Tenshi","floor":25.0,"turns":1.0},{"damage":0.0,"enemies":"Gensokyo:Slime_Group","floor":27.0,"turns":1.0},{"damage":0.0,"enemies":"Gensokyo:Mirror_and_Dog","floor":28.0,"turns":1.0},{"damage":0.0,"enemies":"Gensokyo:Wraith","floor":29.0,"turns":3.0},{"damage":0.0,"enemies":"Gensokyo:Swordslinger","floor":31.0,"turns":1.0},{"damage":0.0,"enemies":"Gensokyo:Kaguya","floor":33.0,"turns":3.0},{"damage":0.0,"enemies":"Gensokyo:3_Boulders","floor":35.0,"turns":1.0},{"damage":0.0,"enemies":"Gensokyo:3_Bats","floor":36.0,"turns":1.0},{"damage":0.0,"enemies":"Gensokyo:SeedOfUnknown","floor":37.0,"turns":1.0},{"damage":0.0,"enemies":"Gensokyo:AtlasGolem","floor":39.0,"turns":1.0},{"damage":0.0,"enemies":"Gensokyo:Kasen","floor":40.0,"turns":2.0},{"damage":0.0,"enemies":"Gensokyo:Dusk_and_Dawn","floor":45.0,"turns":1.0},{"damage":9.0,"enemies":"Gensokyo:Marisa","floor":46.0,"turns":2.0},{"damage":0.0,"enemies":"Gensokyo:Yuyuko","floor":50.0,"turns":1.0},{"damage":0.0,"enemies":"Shield and Spear","floor":54.0,"turns":1.0},{"damage":5,"enemies":"The Heart","floor":55,"turns":3}],"seed_played":"5093462457359876066","potions_obtained":[{"floor":7.0,"key":"Regen Potion"},{"floor":14.0,"key":"Energy Potion"},{"floor":16.0,"key":"Ancient Potion"}],"is_trial":false,"path_per_floor":["M","?","?","?","?","R","M","E","T","?","T","E","COS","M","R","B",null,"M","COS","?","M","$","E","R","E","T","M","M","M","R","M","R","B",null,"M","M","M","?","M","E","COS","?","T","T","M","E","R","?","R","B",null,"R","$","E","B",null],"character_chosen":"YOUMU","items_purchased":["ClockworkSouvenir","AT_SilvercatRing","EasyMod:Hard_0"],"campfire_rested":0,"item_purchase_floors":[22,53,53],"current_hp_per_floor":[68,68,53,42,24,24,30,25,25,25,25,34,34,34,34,34,34,33,33,33,33,33,34,34,34,31,31,31,31,31,31,31,31,31,31,31,31,31,31,31,31,31,31,31,31,31,31,31,31,31,31,31,31,31,31],"gold":1871,"neow_bonus":"REMOVE_TWO","is_daily":false,"chose_seed":false,"campfire_upgraded":8,"win_rate":0.0,"timestamp":1610920893,"path_taken":["M","?","?","?","?","R","?","E","T","?","?","E","COS","M","R","BOSS","M","COS","?","M","$","E","R","E","T","?","M","M","R","?","R","BOSS","M","M","M","?","M","E","COS","?","T","?","M","E","R","?","R","BOSS","R","$","E","BOSS"],"items_purchased_type":["Relic","Relic","Relic"],"build_version":"2020-12-22","purchased_purges":15,"victory":true,"max_hp_per_floor":[75,75,75,75,75,75,75,75,75,68,68,34,34,34,34,34,34,34,34,34,34,34,34,34,34,31,31,31,31,31,31,31,31,31,31,31,31,31,31,31,31,31,31,31,31,31,31,31,31,31,31,31,31,31,31],"card_choices":[{"not_picked":["TransmigrationSlash","ConstancyOfTheConventionalTruth"],"picked":"SanzenSekai","floor":1.0},{"not_picked":["SwordOfBindingDesires","SwordExtraction","DoubleWheelOfPain","PhosphoricSlash"],"picked":"HeavenlyHaloSlash","floor":2.0},{"not_picked":["SpiritCuttingSword","DoubleWheelOfPain","ConstancyOfTheConventionalTruth","SlashOfDepartureFromHesitation"],"picked":"ObsessionSword","floor":2.0},{"not_picked":["SpiritCuttingSword","ObsessionWithThePresentWorld","ObsessionSword","PhosphoricSlash","DispleasureOfTheSevenHakus"],"picked":"SKIP","floor":7.0},{"not_picked":["PhosphoricSlash","MatsuyoiReflectingSatelliteSlash","PreachingAvici","HiganSword"],"picked":"FlashingScatteredFlowers","floor":8.0},{"not_picked":["ObsessionSword","CherryBlossomFlashing","SlashOfMeditation","SpiritCuttingSword"],"picked":"EchoesOfTheInclemencyOfAllBeings","floor":12.0},{"not_picked":["SpiderLilyBurial","CrescentMoonSlash","SwordOfBindingDesires","ConstancyOfTheConventionalTruth","SpiritCuttingSword"],"picked":"SKIP","floor":14.0},{"not_picked":["SlashOfTheEternalFuture","HeavenGodSword","SlashOfSaigyouSpringWind","GreatEnlightenmentAppearingAndDisappearing"],"picked":"ReincarnationSword","floor":16.0},{"not_picked":["CherryBlossomFlashing","FlashingScatteredFlowers+1","HumanKnowledgeSword","DispleasureOfTheSevenHakus"],"picked":"BizarrenessOfSixRealms","floor":18.0},{"not_picked":["ConstancyOfTheConventionalTruth","CrescentMoonSlash","FlashingScatteredFlowers","DispleasureOfTheSevenHakus"],"picked":"SlashOfAscensionToBuddhahood+1","floor":21.0},{"not_picked":["SlashOfMeditation+1","SlashOfAscensionToBuddhahood","LowerRealmReflectionSlash","GhostSword","FantasyOfEnteringEnlightenment"],"picked":"SKIP","floor":23.0},{"not_picked":["LowerRealmReflectionSlash","ObsessionSword+1","SpiritCuttingSword","DispleasureOfTheSevenHakus","CherryBlossomFlashing"],"picked":"SKIP","floor":25.0},{"not_picked":["SanzenSekai","ObsessionWithThePresentWorld+1","LowerRealmReflectionSlash","HumanKnowledgeSword"],"picked":"AsuraSword","floor":27.0},{"not_picked":["HiganSword","DispleasureOfTheSevenHakus","EchoesOfTheInclemencyOfAllBeings","LifeCuttingSword"],"picked":"HellFireSword","floor":28.0},{"not_picked":["ThoughtCuttingSword","SpiritCuttingSword","SlashClearingTheSixSenses+1","FlashingScatteredFlowers"],"picked":"SuddenPhantomFormationSlashOfKarmicWind","floor":29.0},{"not_picked":["ReincarnationSword","SwordExtraction","HumanKnowledgeSword","TwoHundredYojanaInOneSlash"],"picked":"HellGodSword","floor":31.0},{"not_picked":["HeavenGodSword","StrangeHalfBody","CherryBlossomSword","GreatEnlightenmentAppearingAndDisappearing"],"picked":"VoidnessSword","floor":33.0},{"not_picked":["ConstancyOfTheConventionalTruth+1","SanzenSekai","LifeCuttingSword","DispleasureOfTheSevenHakus+1"],"picked":"TenKingsRetributionOnThePreta+1","floor":35.0},{"not_picked":["TenKingsRetributionOnThePreta","SwordOfBindingDesires+1","HumanKnowledgeSword","CherryBlossomFlashing","ThreeKonsSevenHakus"],"picked":"SKIP","floor":36.0},{"not_picked":["ThoughtCuttingSword+1","ThreeKonsSevenHakus+1","SlashOfAscensionToBuddhahood","LowerRealmReflectionSlash"],"picked":"FiveSignsOfTheDyingDeva","floor":37.0},{"not_picked":["SuddenPhantomFormationSlashOfKarmicWind+1","CrescentMoonSlash","BizarrenessOfSixRealms+1","PhosphoricSlash+1"],"picked":"BloodOfAsura","floor":39.0},{"not_picked":["LotusPostureSlash","CrescentMoonSlash","SlashOfDelusionalInnerEye+1","HesitationCuttingSword","BizarrenessOfSixRealms"],"picked":"SKIP","floor":40.0},{"not_picked":["KarmicPunishmentOfTheIdleAndUnfocused+1","HellFireSword+1","ASingleThoughtAndInfiniteKalpas","DoubleWheelOfPain","ThreeKonsSevenHakus+1"],"picked":"SKIP","floor":45.0},{"not_picked":["DoubleWheelOfPain","PreachingAvici+1","SlashOfMeditation","LifeCuttingSword+1"],"picked":"IrresoluteSoul+1","floor":46.0},{"not_picked":["HellGodSword","SlashOfMeditation","SpiritMediumsBind","ThreeKonsSevenHakus","SanzenSekai+1"],"picked":"SKIP","floor":54.0}],"player_experience":66529,"relics_obtained":[{"floor":1.0,"key":"SynthV:TestCard"},{"floor":8.0,"key":"Art of War"},{"floor":9.0,"key":"AT_LudenTempest"},{"floor":11.0,"key":"EasyMod:Hard_1"},{"floor":12.0,"key":"EasyMod:Easy_4"},{"floor":18.0,"key":"EasyMod:Easy_0"},{"floor":23.0,"key":"EasyMod:Easy_6"},{"floor":25.0,"key":"Gensokyo:MosesMiracle"},{"floor":25.0,"key":"Smiling Mask"},{"floor":26.0,"key":"AT_Kusabimaru"},{"floor":33.0,"key":"EasyMod:Easy_3"},{"floor":39.0,"key":"Bag of Marbles"},{"floor":40.0,"key":"AT_ArchangelStaff"},{"floor":43.0,"key":"FencingExperience"},{"floor":44.0,"key":"AT_BellowingDragoncrestRing"},{"floor":46.0,"key":"Meat on the Bone"},{"floor":54.0,"key":"Wakizashi"}],"event_choices":[],"is_beta":false,"boss_relics":[{"not_picked":["JellyFishMachine","HereWithMe"],"picked":"PatriotShield"},{"not_picked":["MiniYoumu","EE1DDrone"],"picked":"Philosopher\u0027s Stone"}],"items_purged_floors":[22,22,22,22,22,22,53,53,53,53,53,53,53,53,53],"is_endless":false,"potions_floor_spawned":[7,14,16,18,25,27,28,37,39,45],"ascension_level":7}}