{"host":"d85gwtocd8go8gx0","time":1610914263,"event":{"mods":["BaseMod","Highlight Path","Minty Spire (QoL Compilation)","Permanent Neow","Quick Restart","UnlockEverythingMod"],"gold_per_floor":[118,92,92,92,105,134,148,148,173,173,200,29,41,71,71,71,71],"floor_reached":16,"language":"ENG","playtime":567,"items_purged":[],"score":236,"play_id":"1f00240f-74f0-4867-8ea6-4358b051ae03","local_time":"20210117121103","is_ascension_mode":true,"campfire_choices":[{"floor":8.0,"key":"REST"},{"floor":10.0,"key":"REST"},{"floor":15,"key":"REST"}],"circlet_count":0,"master_deck":["AscendersBane","Strike_P","Strike_P","Strike_P+1","Defend_P","Defend_P","Defend_P","Defend_P+1","Eruption+1","Vigilance","FlurryOfBlows","JustLucky","Conclude","ClearTheMind","JustLucky","CutThroughFate","EmptyBody","FlyingSleeves"],"relics":["PureWater","Orichalcum","Nunchaku","Ice Cream","Anchor","Juzu Bracelet"],"acts_visited":["Exordium"],"potions_floor_usage":[16],"damage_taken":[{"damage":2.0,"enemies":"Cultist","floor":1.0,"turns":3.0},{"damage":2.0,"enemies":"Jaw Worm","floor":5.0,"turns":2.0},{"damage":20.0,"enemies":"3 Sentries","floor":6.0,"turns":3.0},{"damage":0.0,"enemies":"Small Slimes","floor":7.0,"turns":1.0},{"damage":16,"enemies":"Gremlin Nob","floor":11,"turns":3},{"damage":0,"enemies":"3 Louse","floor":13,"turns":2},{"damage":12,"enemies":"3 Sentries","floor":14,"turns":6},{"damage":65,"enemies":"Hexaghost","floor":16,"turns":10}],"seed_played":"-2677926107296054874","potions_obtained":[{"floor":5.0,"key":"LiquidBronze"},{"floor":6.0,"key":"FairyPotion"}],"is_trial":false,"path_per_floor":["M","$","?","?","M","E","M","R","T","R","E","$","M","E","R","B"],"character_chosen":"WATCHER","items_purchased":["JustLucky","Anchor"],"campfire_rested":3,"item_purchase_floors":[2,12],"current_hp_per_floor":[59,59,39,32,30,10,10,30,30,50,34,34,34,22,42,0,0],"gold":71,"neow_bonus":"UPGRADE_CARD","is_daily":false,"chose_seed":false,"campfire_upgraded":0,"win_rate":0.0,"timestamp":1610914263,"path_taken":["M","?","?","?","M","E","M","R","T","R","E","$","M","E","R","BOSS"],"items_purchased_type":["Card","Relic"],"build_version":"2020-12-22","purchased_purges":0,"victory":false,"max_hp_per_floor":[68,68,68,68,68,68,68,68,68,68,68,68,68,68,68,68,68],"card_choices":[{"not_picked":["Meditate","Fasting2"],"picked":"FlurryOfBlows","floor":1.0},{"not_picked":["InnerPeace","Study"],"picked":"Conclude","floor":5.0},{"not_picked":["PathToVictory","WaveOfTheHand"],"picked":"ClearTheMind","floor":6.0},{"not_picked":["Fasting2","Meditate"],"picked":"JustLucky","floor":7.0},{"not_picked":["CrushJoints","JustLucky"],"picked":"CutThroughFate","floor":11},{"not_picked":["CarveReality","JustLucky"],"picked":"EmptyBody","floor":13},{"not_picked":["Evaluate","CutThroughFate"],"picked":"FlyingSleeves","floor":14}],"player_experience":26010,"relics_obtained":[{"floor":6.0,"key":"Orichalcum"},{"floor":9.0,"key":"Nunchaku"},{"floor":11,"key":"Ice Cream"},{"floor":14,"key":"Juzu Bracelet"}],"event_choices":[{"damage_healed":0.0,"max_hp_gain":0.0,"max_hp_loss":0.0,"gold_gain":0.0,"event_name":"Shining Light","player_choice":"Entered Light","floor":3.0,"gold_loss":0.0,"damage_taken":20.0,"cards_upgraded":["Defend_P","Strike_P"]},{"cards_removed":["Strike_P"],"damage_healed":0.0,"max_hp_gain":0.0,"max_hp_loss":0.0,"gold_gain":0.0,"event_name":"Golden Wing","player_choice":"Card Removal","floor":4.0,"gold_loss":0.0,"damage_taken":7.0}],"is_beta":false,"boss_relics":[],"items_purged_floors":[],"is_endless":false,"potions_floor_spawned":[5,6,7,14],"killed_by":"Hexaghost","ascension_level":20}}