{"host":"bq4pt811tk9yrmjl","time":1610927725,"event":{"mods":["AchievementEnabler","BaseMod","Colored Map","Colored Powertips","Defuse TimeMaze Blight","Hermit","Minty Spire (QoL Compilation)","StSLib","SuperFastMode"],"gold_per_floor":[114,44,59,83,101,133,133,167,249,99,99,119,132,143,143,242,242,254,273,284,384,205,234,149,174,174,174,174,25,25,25,25,121,121,136,136,154,134,134,134,154,188,213,213,213,213,213,223,223,223,223,223,101,131,131,131],"floor_reached":55,"language":"ENG","playtime":1171,"items_purged":["Strike_G","Strike_G+1"],"score":754,"play_id":"0af11e9c-786f-4500-b474-be49c5c0d1cf","local_time":"20210117215525","is_ascension_mode":true,"campfire_choices":[{"data":"Noxious Fumes","floor":7.0,"key":"SMITH"},{"floor":15.0,"key":"REST"},{"data":"Accuracy","floor":27.0,"key":"SMITH"},{"data":"1","floor":30.0,"key":"LIFT"},{"data":"2","floor":32.0,"key":"LIFT"},{"data":"3","floor":40.0,"key":"LIFT"},{"floor":45.0,"key":"RECALL"},{"data":"Cloak And Dagger","floor":49,"key":"SMITH"},{"data":"Survivor","floor":52,"key":"SMITH"}],"circlet_count":0,"master_deck":["Defend_G","Defend_G","Defend_G","Defend_G","Defend_G","Survivor+1","Neutralize+1","Accuracy+1","Noxious Fumes+1","Blade Dance","Cloak And Dagger+1","Blade Dance","Blade Dance","Deflect+1","PiercingWail+1","Bouncing Flask+1","Corpse Explosion+1"],"relics":["Ring of the Snake","NeowsBlessing","Whetstone","Bag of Marbles","Matryoshka","OrangePellets","WristBlade","Nunchaku","Girya","Boot","Pear","Dead Branch","Orichalcum","Astrolabe","Smiling Mask","Regal Pillow","Centennial Puzzle","InkBottle"],"acts_visited":["Exordium","TheCity","TheBeyond","TheEnding"],"potions_floor_usage":[50,54,55,55,55],"damage_taken":[{"damage":0.0,"enemies":"Cultist","floor":1.0,"turns":1.0},{"damage":0.0,"enemies":"2 Louse","floor":3.0,"turns":2.0},{"damage":0.0,"enemies":"Jaw Worm","floor":5.0,"turns":1.0},{"damage":10.0,"enemies":"3 Sentries","floor":6.0,"turns":7.0},{"damage":12.0,"enemies":"Gremlin Nob","floor":8.0,"turns":4.0},{"damage":4.0,"enemies":"Exordium Thugs","floor":12.0,"turns":5.0},{"damage":0.0,"enemies":"2 Fungi Beasts","floor":13.0,"turns":3.0},{"damage":4.0,"enemies":"Large Slime","floor":14.0,"turns":3.0},{"damage":35.0,"enemies":"Hexaghost","floor":16.0,"turns":8.0},{"damage":3.0,"enemies":"Shell Parasite","floor":18.0,"turns":4.0},{"damage":0.0,"enemies":"2 Thieves","floor":19.0,"turns":3.0},{"damage":10.0,"enemies":"Cultist and Chosen","floor":20.0,"turns":5.0},{"damage":2.0,"enemies":"Slavers","floor":23.0,"turns":4.0},{"damage":15.0,"enemies":"Book of Stabbing","floor":25.0,"turns":5.0},{"damage":0.0,"enemies":"Snake Plant","floor":28.0,"turns":1.0},{"damage":38.0,"enemies":"Champ","floor":33.0,"turns":8.0},{"damage":0.0,"enemies":"Orb Walker","floor":35.0,"turns":2.0},{"damage":0.0,"enemies":"3 Shapes","floor":37.0,"turns":5.0},{"damage":0.0,"enemies":"3 Darklings","floor":41.0,"turns":3.0},{"damage":0.0,"enemies":"Nemesis","floor":42.0,"turns":1.0},{"damage":0,"enemies":"Transient","floor":48,"turns":5},{"damage":49,"enemies":"Time Eater","floor":50,"turns":9},{"damage":8,"enemies":"Shield and Spear","floor":54,"turns":5},{"damage":85,"enemies":"The Heart","floor":55,"turns":8}],"seed_played":"-8622997493958490102","potions_obtained":[{"floor":5.0,"key":"EntropicBrew"},{"floor":6.0,"key":"Poison Potion"},{"floor":8.0,"key":"SmokeBomb"},{"floor":23.0,"key":"Strength Potion"},{"floor":35.0,"key":"Regen Potion"},{"floor":38.0,"key":"CunningPotion"},{"floor":54,"key":"Fire Potion"}],"is_trial":false,"path_per_floor":["M","$","M","T","M","E","R","E","T","$","?","M","M","M","R","B",null,"M","M","M","?","$","E","?","E","T","R","M","$","R","$","R","B",null,"M","$","M","?","$","R","M","E","T","?","R","?","?","M","R","B",null,"R","$","E","B"],"character_chosen":"THE_SILENT","items_purchased":["Noxious Fumes","OrangePellets","Energy Potion","Fire Potion","Orichalcum","DuplicationPotion"],"campfire_rested":1,"item_purchase_floors":[2,10,22,22,29,53],"current_hp_per_floor":[70,70,70,70,70,60,60,48,48,48,48,44,44,40,61,26,70,67,67,57,57,57,55,55,40,50,50,50,50,50,50,50,12,80,80,80,80,80,80,80,80,80,80,80,80,80,80,80,80,31,80,80,80,72,0,0],"gold":131,"neow_bonus":"THREE_ENEMY_KILL","is_daily":false,"chose_seed":false,"campfire_upgraded":4,"win_rate":0.0,"timestamp":1610927725,"path_taken":["M","$","M","?","?","E","R","E","T","?","?","M","?","M","R","BOSS","M","M","M","?","?","E","?","E","T","R","M","$","R","$","R","BOSS","M","$","M","?","$","R","?","E","T","?","R","?","?","?","R","BOSS","R","$","E","BOSS"],"items_purchased_type":["Card","Relic","Potion","Potion","Relic","Potion"],"build_version":"2020-12-22","purchased_purges":2,"victory":false,"max_hp_per_floor":[70,70,70,70,70,70,70,70,70,70,70,70,70,70,70,70,70,70,70,70,70,70,70,70,70,80,80,80,80,80,80,80,80,80,80,80,80,80,80,80,80,80,80,80,80,80,80,80,80,80,80,80,80,80,80,80],"card_choices":[{"not_picked":["Cloak And Dagger","Slice"],"picked":"Accuracy","floor":1.0},{"not_picked":["Masterful Stab","Sucker Punch"],"picked":"Blade Dance","floor":3.0},{"not_picked":["Dagger Throw","Tactician"],"picked":"Cloak And Dagger","floor":5.0},{"not_picked":["Accuracy","All Out Attack","Dagger Spray"],"picked":"SKIP","floor":6.0},{"not_picked":["Deadly Poison","Cloak And Dagger","Terror"],"picked":"SKIP","floor":8.0},{"not_picked":["Grand Finale","Underhanded Strike","Reflex"],"picked":"SKIP","floor":12.0},{"not_picked":["PiercingWail","Acrobatics"],"picked":"Blade Dance","floor":13.0},{"not_picked":["Dagger Throw","Setup","Sucker Punch"],"picked":"SKIP","floor":14.0},{"not_picked":["Choke","Expertise"],"picked":"Blade Dance","floor":18.0},{"not_picked":["Poisoned Stab","Slice"],"picked":"Deflect+1","floor":19.0},{"not_picked":["Tactician","Eviscerate"],"picked":"Slice","floor":20.0},{"not_picked":["Dodge and Roll","Dagger Spray","Die Die Die"],"picked":"SKIP","floor":23.0},{"not_picked":["Underhanded Strike","Prepared+1"],"picked":"PiercingWail+1","floor":25.0},{"not_picked":["Tactician","Poisoned Stab","Dagger Spray"],"picked":"SKIP","floor":35.0},{"not_picked":["Calculated Gamble+1","Dagger Throw","Prepared+1"],"picked":"SKIP","floor":37.0},{"not_picked":["Outmaneuver+1","Underhanded Strike+1","Blur"],"picked":"SKIP","floor":41.0},{"not_picked":["Venomology","Flying Knee+1","Footwork+1"],"picked":"SKIP","floor":42.0},{"not_picked":["Terror","Blade Dance+1","Masterful Stab"],"picked":"SKIP","floor":48},{"not_picked":["Bouncing Flask+1","Eviscerate","Dash"],"picked":"SKIP","floor":54}],"player_experience":173387,"relics_obtained":[{"floor":6.0,"key":"Whetstone"},{"floor":8.0,"key":"Bag of Marbles"},{"floor":9.0,"key":"Matryoshka"},{"floor":23.0,"key":"Nunchaku"},{"floor":25.0,"key":"Boot"},{"floor":26.0,"key":"Pear"},{"floor":26.0,"key":"Dead Branch"},{"floor":42.0,"key":"Smiling Mask"},{"floor":43.0,"key":"Regal Pillow"},{"floor":43.0,"key":"Centennial Puzzle"},{"floor":54,"key":"InkBottle"}],"event_choices":[{"cards_removed":["Beam Cell"],"damage_healed":0.0,"max_hp_gain":0.0,"max_hp_loss":0.0,"gold_gain":0.0,"event_name":"NoteForYourself","player_choice":"Took Card","floor":11.0,"gold_loss":0.0,"damage_taken":0.0,"cards_obtained":["Beam Cell"]},{"damage_healed":0.0,"max_hp_gain":0.0,"max_hp_loss":0.0,"gold_gain":100.0,"event_name":"Golden Shrine","player_choice":"Pray","floor":21.0,"gold_loss":0.0,"damage_taken":0.0},{"damage_healed":0.0,"max_hp_gain":0.0,"max_hp_loss":0.0,"gold_gain":0.0,"event_name":"Addict","player_choice":"Obtained Relic","floor":24.0,"gold_loss":85.0,"damage_taken":0.0,"relics_obtained":["Girya"]},{"damage_healed":0.0,"max_hp_gain":0.0,"max_hp_loss":0.0,"gold_gain":0.0,"event_name":"The Woman in Blue","player_choice":"Bought 1 Potion","floor":38.0,"gold_loss":0.0,"damage_taken":0.0},{"cards_removed":["Slice"],"damage_healed":0.0,"max_hp_gain":0.0,"max_hp_loss":0.0,"gold_gain":0.0,"event_name":"Falling","player_choice":"Removed Attack","floor":44.0,"gold_loss":0.0,"damage_taken":0.0},{"damage_healed":0,"gold_gain":0,"player_choice":"Memory 1","damage_taken":0,"max_hp_gain":0,"max_hp_loss":0,"event_name":"SensoryStone","floor":46,"gold_loss":0},{"cards_removed":["Grand Finale"],"damage_healed":0,"gold_gain":0,"player_choice":"Purged","damage_taken":0,"max_hp_gain":0,"max_hp_loss":0,"event_name":"Purifier","floor":47,"gold_loss":0}],"is_beta":false,"boss_relics":[{"not_picked":["Coffee Dripper","HoveringKite"],"picked":"WristBlade"},{"not_picked":["Black Star","Philosopher\u0027s Stone"],"picked":"Astrolabe"}],"items_purged_floors":[22,53],"is_endless":false,"potions_floor_spawned":[5,6,8,23,28,35,41,48,54],"killed_by":"The Heart","ascension_level":1}}