{"host":"flash","time":1610852096,"event":{"mods":["ATMod(°¢èªMod)","Act Like it!","BaseMod","Jorbs\u0027s Wanderer Trilogy","Luminous","Minty Spire (QoL Compilation)","Shop Mod","StSLib","Td1madao Mod"],"gold_per_floor":[117,44,9,9,22,54,70,24,24,24,37,37,57,81,81,183,183,195,195,206,305,305,305],"floor_reached":22,"language":"ZHS","playtime":896,"items_purged":[],"score":209,"play_id":"7c7cb2b6-d395-4376-afa5-12f10d3a2004","local_time":"20210117105456","is_ascension_mode":false,"campfire_choices":[{"data":"Luminous:Dusk_Guard_Luminous","floor":10,"key":"SMITH"},{"floor":15,"key":"REST"}],"circlet_count":0,"master_deck":["Luminous:Switch_Luminous","Luminous:Blinding_Pillar_Luminous","Luminous:Balance_Ender","Luminous:Dusk_Guard_Luminous+1","Luminous:Light_Reflection","Luminous:Accumulation_Luminous","Luminous:Concentrate_Luminous","Luminous:Ethereal_Form_Luminous","Luminous:Mirror_Force_Luminous","Luminous:Abyss_Heart_Luminous","Luminous:Dark_Raid","Luminous:Dark_Pressure_Void","Luminous:Erosion_Luminous","Luminous:Darks_Surge_Luminous","Luminous:Date_of_Light_Luminous","Luminous:Light_Wash_Luminous","Luminous:Fast_Spell_Luminous","Luminous:Mana_Overload_Luminous+1","Luminous:Magic_Boost_Luminous"],"relics":["Luminous:MirrorRelic","AT_ATBox","NeowsBlessing","AT_RedNoBalance","Smiling Mask","Bronze Scales","Happy Flower","Pandora\u0027s Box"],"acts_visited":["Exordium","TheCity"],"potions_floor_usage":[13,16],"damage_taken":[{"damage":0,"enemies":"2 Louse","floor":1,"turns":1},{"damage":0,"enemies":"Jaw Worm","floor":5,"turns":1},{"damage":0,"enemies":"Gremlin Nob","floor":6,"turns":1},{"damage":0,"enemies":"Small Slimes","floor":7,"turns":3},{"damage":7,"enemies":"Looter","floor":11,"turns":4},{"damage":17,"enemies":"Exordium Thugs","floor":13,"turns":7},{"damage":6,"enemies":"The Guardian","floor":16,"turns":11},{"damage":8,"enemies":"3 Byrds","floor":18,"turns":5},{"damage":9,"enemies":"Spheric Guardian","floor":20,"turns":4},{"damage":23,"enemies":"Centurion and Healer","floor":22,"turns":3}],"seed_played":"7967176225477039902","potions_obtained":[{"floor":1,"key":"SteroidPotion"},{"floor":6,"key":"AttackPotion"},{"floor":7,"key":"Block Potion"},{"floor":13,"key":"BlessingOfTheForge"},{"floor":16,"key":"BlessingOfTheForge"},{"floor":18,"key":"LiquidBronze"}],"is_trial":false,"path_per_floor":["M","$","?","?","M","E","M","$","T","R","M","?","M","T","R","B",null,"M","?","M","?","M"],"character_chosen":"LuminousClass","items_purchased":["Luminous:Balance_Ender","Luminous:Concentrate_Luminous"],"campfire_rested":1,"item_purchase_floors":[2,8],"current_hp_per_floor":[75,75,75,68,68,68,37,37,37,37,30,30,20,20,42,31,75,29,29,20,20,0,0],"gold":305,"neow_bonus":"THREE_ENEMY_KILL","is_daily":false,"chose_seed":false,"campfire_upgraded":1,"win_rate":0.0,"timestamp":1610852096,"path_taken":["M","$","?","?","M","E","M","$","T","R","M","?","M","?","R","BOSS","M","?","?","?","M"],"items_purchased_type":["Card","Card"],"build_version":"2020-12-18","purchased_purges":0,"victory":false,"max_hp_per_floor":[75,75,75,75,75,75,75,75,75,75,75,75,75,75,75,75,75,75,75,75,75,75,75],"card_choices":[{"not_picked":["Luminous:Shadow_Shell_Luminous","Luminous:Reverse_Spell_Luminous"],"picked":"Luminous:Blinding_Pillar_Luminous","floor":1},{"not_picked":["Luminous:Dark_Morning_Star","Luminous:Light_Glare"],"picked":"Luminous:Dusk_Guard_Luminous","floor":5},{"not_picked":["Luminous:Light_Glare","Luminous:Dark_Raid"],"picked":"Luminous:Light_Reflection","floor":6},{"not_picked":["Luminous:Light_Wash_Luminous","Luminous:Blinding_Pillar_Luminous"],"picked":"Luminous:Accumulation_Luminous","floor":7},{"not_picked":["Luminous:Light_Wash_Luminous","Luminous:Dark_Raid","Luminous:Dark_Pressure_Void"],"picked":"SKIP","floor":11},{"not_picked":["Luminous:Flash_Blink_Luminous","Luminous:Dusk_Guard_Luminous"],"picked":"Luminous:Ethereal_Form_Luminous","floor":13},{"not_picked":["Luminous:Balance_Baptism","Luminous:Date_of_Light_Luminous"],"picked":"Luminous:Mirror_Force_Luminous","floor":16},{"not_picked":["Luminous:Dark_Raid","Luminous:Concentrate_Luminous"],"picked":"Luminous:Mana_Overload_Luminous+1","floor":18},{"not_picked":["Luminous:Light_Gather","Luminous:Dark_Raid"],"picked":"Luminous:Magic_Boost_Luminous","floor":20}],"player_experience":646731,"relics_obtained":[{"floor":6,"key":"AT_SilverBalance"},{"floor":9,"key":"Smiling Mask"},{"floor":14,"key":"Happy Flower"}],"event_choices":[{"damage_healed":18,"gold_gain":0,"player_choice":"Healed","damage_taken":0,"max_hp_gain":0,"max_hp_loss":0,"event_name":"The Cleric","floor":3,"gold_loss":35},{"cards_removed":["Luminous:Defend_Luminous"],"damage_healed":0,"gold_gain":0,"player_choice":"Card Removal","damage_taken":7,"max_hp_gain":0,"max_hp_loss":0,"event_name":"Golden Wing","floor":4,"gold_loss":0},{"damage_healed":0,"gold_gain":0,"player_choice":"Searched \u00271\u0027 times","damage_taken":0,"relics_obtained":["Bronze Scales"],"max_hp_gain":0,"max_hp_loss":0,"event_name":"Dead Adventurer","floor":12,"gold_loss":0},{"cards_removed":["Luminous:Dark_Pressure_Void"],"damage_healed":0,"gold_gain":0,"player_choice":"Purged","damage_taken":0,"max_hp_gain":0,"max_hp_loss":0,"event_name":"Purifier","floor":19,"gold_loss":0},{"damage_healed":0,"gold_gain":99,"player_choice":"Stole From Cult","damage_taken":0,"max_hp_gain":0,"max_hp_loss":0,"event_name":"Nest","floor":21,"gold_loss":0}],"is_beta":true,"boss_relics":[{"not_picked":["Ectoplasm","Astrolabe"],"picked":"Pandora\u0027s Box"}],"items_purged_floors":[],"is_endless":false,"potions_floor_spawned":[1,6,7,13,16,18],"killed_by":"Centurion and Healer","ascension_level":0}}