{"host":"n0yecwpl2j4u196k","time":1610911245,"event":{"mods":["2.2 Compatiblity","AchievementEnabler","BaseMod","Colored Map","Colored Powertips","Highlight Path","Minty Spire (QoL Compilation)","Quick Restart","Rare Cards Sparkle","Relic Stats","SuperFastMode"],"gold_per_floor":[114,189,38,58,58,84,84,98,123,155,173,185,185,197,197,292,292,278,298,310,167,178,204,204,128,180,193,493,511,511,521,521,622,622,642,470,486,486,498,498,528,92,92,111,111,161,174,200,200,200],"floor_reached":51,"language":"ENG","playtime":2378,"items_purged":["Strike_B","Strike_B","Strike_B"],"score":766,"play_id":"f4b2bc1a-ff1f-4129-babb-2bd5631564f2","local_time":"20210117142045","is_ascension_mode":false,"campfire_choices":[{"floor":7.0,"key":"REST"},{"data":"Beam Cell","floor":15.0,"key":"SMITH"},{"floor":24.0,"key":"REST"},{"floor":28.0,"key":"DIG"},{"floor":32.0,"key":"REST"},{"floor":40.0,"key":"DIG"},{"floor":45.0,"key":"DIG"},{"floor":49,"key":"DIG"}],"circlet_count":0,"master_deck":["Defend_B","Defend_B","Defend_B","Defend_B","Zap","Dualcast","Streamline","Defragment","Cold Snap","Thunder Strike","Beam Cell+1","BootSequence","Melter","Ball Lightning","Glacier","Machine Learning","Echo Form","CurseOfTheBell","Beam Cell+1","Seek","Self Repair","Conserve Battery+1","Static Discharge","Skim","Biased Cognition","Double Energy+1","Loop","Barrage","Enlightenment","Blizzard"],"relics":["Cracked Core","Bag of Preparation","Vajra","FossilizedHelix","Calling Bell","Nunchaku","Blue Candle","Shovel","ClockworkSouvenir","Tiny Chest","Bronze Scales","Old Coin","Inserter","Pocketwatch","Darkstone Periapt","Incense Burner","Shuriken","Molten Egg 2","Girya","Oddly Smooth Stone","Bag of Marbles"],"acts_visited":["Exordium","TheCity","TheBeyond"],"potions_floor_usage":[50,50],"damage_taken":[{"damage":4.0,"enemies":"Small Slimes","floor":1.0,"turns":3.0},{"damage":6.0,"enemies":"Cultist","floor":4.0,"turns":3.0},{"damage":16.0,"enemies":"3 Sentries","floor":6.0,"turns":6.0},{"damage":4.0,"enemies":"Jaw Worm","floor":8.0,"turns":3.0},{"damage":22.0,"enemies":"Lagavulin","floor":10.0,"turns":5.0},{"damage":0.0,"enemies":"Looter","floor":11.0,"turns":2.0},{"damage":0.0,"enemies":"Blue Slaver","floor":12.0,"turns":3.0},{"damage":0.0,"enemies":"Red Slaver","floor":14.0,"turns":2.0},{"damage":22.0,"enemies":"Hexaghost","floor":16.0,"turns":9.0},{"damage":13.0,"enemies":"2 Thieves","floor":18.0,"turns":4.0},{"damage":0.0,"enemies":"Shell Parasite","floor":19.0,"turns":3.0},{"damage":9.0,"enemies":"Centurion and Healer","floor":20.0,"turns":9.0},{"damage":26.0,"enemies":"Snake Plant","floor":22.0,"turns":4.0},{"damage":11.0,"enemies":"Book of Stabbing","floor":23.0,"turns":7.0},{"damage":0.0,"enemies":"Snecko","floor":27.0,"turns":6.0},{"damage":0.0,"enemies":"Centurion and Healer","floor":29.0,"turns":7.0},{"damage":22.0,"enemies":"Cultist and Chosen","floor":31.0,"turns":5.0},{"damage":51.0,"enemies":"Collector","floor":33.0,"turns":8.0},{"damage":3.0,"enemies":"3 Shapes","floor":35.0,"turns":5.0},{"damage":0.0,"enemies":"Orb Walker","floor":37.0,"turns":3.0},{"damage":0.0,"enemies":"3 Darklings","floor":39.0,"turns":6.0},{"damage":18.0,"enemies":"Nemesis","floor":41.0,"turns":9.0},{"damage":0.0,"enemies":"Maw","floor":44.0,"turns":5.0},{"damage":0.0,"enemies":"Mind Bloom Boss Battle","floor":46.0,"turns":5.0},{"damage":0,"enemies":"Transient","floor":47,"turns":5},{"damage":28,"enemies":"Giant Head","floor":48,"turns":10},{"damage":41,"enemies":"Time Eater","floor":50,"turns":8}],"seed_played":"-1372155113937539367","potions_obtained":[{"floor":0.0,"key":"CultistPotion"},{"floor":0.0,"key":"EntropicBrew"},{"floor":0.0,"key":"PotionOfCapacity"},{"floor":4.0,"key":"Regen Potion"},{"floor":10.0,"key":"LiquidBronze"},{"floor":22.0,"key":"Fire Potion"},{"floor":33.0,"key":"ColorlessPotion"},{"floor":35.0,"key":"SneckoOil"},{"floor":48,"key":"Swift Potion"}],"is_trial":false,"path_per_floor":["M","?","$","M","?","E","R","M","T","E","M","M","?","M","R","B",null,"M","M","M","$","M","E","R","$","T","M","R","M","?","M","R","B",null,"M","$","M","?","M","R","E","$","T","M","R","?","M","E","R","B",null],"character_chosen":"DEFECT","items_purchased":["Defragment","ClockworkSouvenir","Self Repair","Loop","Incense Burner"],"campfire_rested":3,"item_purchase_floors":[3,21,25,36,42],"current_hp_per_floor":[71,60,60,54,54,38,60,56,56,43,43,43,43,43,43,21,75,62,62,53,53,27,16,38,38,38,52,52,59,59,51,73,22,75,72,72,72,72,75,75,64,64,64,71,71,71,75,54,54,27],"gold":200,"neow_bonus":"THREE_SMALL_POTIONS","is_daily":false,"chose_seed":false,"campfire_upgraded":1,"win_rate":0.0,"timestamp":1610911245,"path_taken":["M","?","$","M","?","E","R","?","T","E","M","M","?","M","R","BOSS","M","M","M","$","M","E","R","$","T","M","R","M","?","M","R","BOSS","M","$","M","?","M","R","E","$","T","M","R","?","M","E","R","BOSS"],"items_purchased_type":["Card","Relic","Card","Card","Relic"],"build_version":"2020-12-22","purchased_purges":3,"victory":true,"max_hp_per_floor":[75,75,75,75,75,75,75,75,75,75,75,75,75,75,75,75,75,75,75,75,75,75,75,75,75,75,75,75,75,75,75,75,75,75,75,75,75,75,75,75,75,75,75,75,75,75,75,75,75,75],"relic_stats":{"Darkstone Periapt":0,"Nunchaku":[17],"Shovel":4,"Inserter":[28],"counters":[27,145],"Shuriken":[14],"Blue Candle":[2],"Bronze Scales":[222],"Tiny Chest":0,"Bag of Preparation":[48],"obtain_stats":[{"Darkstone Periapt":41,"Girya":46,"Inserter":34,"Blue Candle":17,"Vajra":9,"Oddly Smooth Stone":48,"Bag of Preparation":6,"Incense Burner":42,"ClockworkSouvenir":21,"Old Coin":28,"Calling Bell":17,"Nunchaku":17,"Shovel":17,"Shuriken":43,"Bronze Scales":26,"Tiny Chest":23,"Molten Egg 2":45,"Bag of Marbles":49,"Cracked Core":0,"FossilizedHelix":10,"Pocketwatch":40},{"Darkstone Periapt":22,"Girya":24,"Inserter":18,"Blue Candle":9,"Vajra":4,"Oddly Smooth Stone":26,"Bag of Preparation":3,"Incense Burner":22,"ClockworkSouvenir":12,"Old Coin":15,"Calling Bell":9,"Nunchaku":9,"Shovel":9,"Shuriken":22,"Bronze Scales":14,"Tiny Chest":14,"Molten Egg 2":23,"Bag of Marbles":26,"Cracked Core":0,"FossilizedHelix":5,"Pocketwatch":21},{"Darkstone Periapt":112,"Girya":122,"Inserter":89,"Blue Candle":36,"Vajra":15,"Oddly Smooth Stone":137,"Bag of Preparation":12,"Incense Burner":112,"ClockworkSouvenir":52,"Old Coin":69,"Calling Bell":36,"Nunchaku":36,"Shovel":36,"Shuriken":112,"Bronze Scales":63,"Tiny Chest":63,"Molten Egg 2":117,"Bag of Marbles":137,"Cracked Core":0,"FossilizedHelix":20,"Pocketwatch":103}],"Pocketwatch":[24]},"card_choices":[{"not_picked":["Gash","Hologram"],"picked":"Streamline","floor":1.0},{"not_picked":["Conserve Battery","Stack"],"picked":"Cold Snap","floor":4.0},{"not_picked":["Hello World","Rebound"],"picked":"Beam Cell","floor":6.0},{"not_picked":["FTL","Compile Driver"],"picked":"BootSequence","floor":8.0},{"not_picked":["Steam","Hologram"],"picked":"Melter","floor":10.0},{"not_picked":["Creative AI","Reinforced Body"],"picked":"Ball Lightning","floor":11.0},{"not_picked":["Leap","Stack"],"picked":"Glacier","floor":12.0},{"not_picked":["Leap","Streamline"],"picked":"Machine Learning","floor":14.0},{"not_picked":["Seek","Electrodynamics"],"picked":"Echo Form","floor":16.0},{"not_picked":["Redo","Double Energy","Coolheaded"],"picked":"SKIP","floor":18.0},{"not_picked":["Compile Driver+1","Melter+1","Heatsinks"],"picked":"SKIP","floor":19.0},{"not_picked":["Compile Driver+1","Melter+1","Heatsinks"],"picked":"SKIP","floor":19.0},{"not_picked":["White Noise","Leap+1","Steam"],"picked":"SKIP","floor":20.0},{"not_picked":["Fusion","Genetic Algorithm"],"picked":"Beam Cell+1","floor":22.0},{"not_picked":["Compile Driver","Steam Power+1"],"picked":"Seek","floor":23.0},{"not_picked":["Streamline","Go for the Eyes"],"picked":"Conserve Battery+1","floor":27.0},{"not_picked":["Compile Driver+1","Sweeping Beam"],"picked":"Static Discharge","floor":29.0},{"not_picked":["Chaos","Fission","Redo"],"picked":"SKIP","floor":31.0},{"not_picked":["Reboot","Amplify"],"picked":"Biased Cognition","floor":33.0},{"not_picked":["Steam","Chill"],"picked":"Double Energy+1","floor":35.0},{"not_picked":["Streamline","Sweeping Beam"],"picked":"Barrage","floor":37.0},{"not_picked":["Master of Strategy","Chrysalis"],"picked":"Enlightenment","floor":38.0},{"not_picked":["Redo+1","Go for the Eyes"],"picked":"Blizzard","floor":39.0},{"not_picked":["Hello World+1","Coolheaded+1","Compile Driver+1"],"picked":"SKIP","floor":41.0},{"not_picked":["BootSequence","Fusion+1","Skim"],"picked":"SKIP","floor":44.0},{"not_picked":["Glacier+1","Stack+1","Buffer"],"picked":"SKIP","floor":47},{"not_picked":["White Noise+1","Gash+1","Undo"],"picked":"SKIP","floor":48}],"player_experience":267044,"relics_obtained":[{"floor":6.0,"key":"Bag of Preparation"},{"floor":9.0,"key":"Vajra"},{"floor":10.0,"key":"FossilizedHelix"},{"floor":17.0,"key":"Nunchaku"},{"floor":17.0,"key":"Blue Candle"},{"floor":17.0,"key":"Shovel"},{"floor":23.0,"key":"Tiny Chest"},{"floor":26.0,"key":"Bronze Scales"},{"floor":28.0,"key":"Old Coin"},{"floor":40.0,"key":"Pocketwatch"},{"floor":41.0,"key":"Darkstone Periapt"},{"floor":43.0,"key":"Shuriken"},{"floor":45.0,"key":"Molten Egg 2"},{"floor":46.0,"key":"Girya"},{"floor":48,"key":"Oddly Smooth Stone"},{"floor":49,"key":"Bag of Marbles"}],"event_choices":[{"damage_healed":0.0,"max_hp_gain":0.0,"max_hp_loss":0.0,"gold_gain":75.0,"event_name":"World of Goop","player_choice":"Gather Gold","floor":2.0,"gold_loss":0.0,"damage_taken":11.0},{"damage_healed":0.0,"max_hp_gain":0.0,"max_hp_loss":0.0,"gold_gain":0.0,"cards_transformed":["Strike_B"],"event_name":"Transmorgrifier","player_choice":"Transformed","floor":5.0,"gold_loss":0.0,"damage_taken":0.0,"cards_obtained":["Thunder Strike"]},{"damage_healed":0.0,"max_hp_gain":0.0,"max_hp_loss":0.0,"gold_gain":0.0,"event_name":"Golden Idol","player_choice":"Ignored","floor":13.0,"gold_loss":0.0,"damage_taken":0.0},{"damage_healed":0.0,"max_hp_gain":0.0,"max_hp_loss":0.0,"gold_gain":0.0,"event_name":"The Library","player_choice":"Read","floor":30.0,"gold_loss":0.0,"damage_taken":0.0,"cards_obtained":["Skim"]},{"damage_healed":0.0,"max_hp_gain":0.0,"max_hp_loss":0.0,"gold_gain":0.0,"event_name":"SensoryStone","player_choice":"Memory 1","floor":38.0,"gold_loss":0.0,"damage_taken":0.0},{"damage_healed":0.0,"max_hp_gain":0.0,"max_hp_loss":0.0,"gold_gain":0.0,"event_name":"MindBloom","player_choice":"Fight","floor":46.0,"gold_loss":0.0,"damage_taken":0.0}],"is_beta":false,"boss_relics":[{"not_picked":["Busted Crown","Coffee Dripper"],"picked":"Calling Bell"},{"not_picked":["SacredBark","Astrolabe"],"picked":"Inserter"}],"items_purged_floors":[3,36,42],"is_endless":false,"potions_floor_spawned":[4,8,10,11,22,23,29,33,35,41,48],"ascension_level":0}}