{"host":"vrsxkkch9ccrec7k","time":1610924129,"event":{"mods":["Act Like it!","BaseMod","Bestiary","Better Sensory Stone","Better Third Choice","Better Vampires","Downfall","Minty Spire (QoL Compilation)","Permanent Neow","Relic Stats","Spicy Shops","StSLib"],"gold_per_floor":[99,117,136,218,318,345,398,41,68,68,88,100,118,164,175,274,274,274,284,294,294,28,28,28,28,47,47,47,63,76,13,23,23,23,23],"floor_reached":33,"language":"ENG","playtime":2423,"items_purged":["Regret","Regret","downfall:Bewildered"],"score":374,"play_id":"9ef7c5df-1cb6-4b1b-95b6-e715964683b9","local_time":"20210117175529","is_ascension_mode":true,"campfire_choices":[{"data":"hexamod:Float","floor":1,"key":"SMITH"},{"floor":10,"key":"RECALL"},{"data":"hexamod:Haunt","floor":18,"key":"SMITH"},{"floor":23,"key":"REST"}],"circlet_count":0,"master_deck":["hexamod:Strike","hexamod:Strike","hexamod:Strike","hexamod:Strike","hexamod:Defend","hexamod:Defend","hexamod:Defend","hexamod:Defend","hexamod:Sear","hexamod:Float+1","The Bomb","hexamod:ThermalTransfer","hexamod:BacktrackSmack","Parasite","hexamod:ApocalypticArmor+1","Doubt","hexamod:Hexaguard","hexamod:NightmareStrike","hexamod:SwordOfDarkness","hexamod:SpectersWail","hexamod:Haunt+1","hexamod:HexaLevel+1","hexamod:ShieldOfDarkness+1","hexamod:Haunt","hexamod:SkipABeat","expansioncontent:InvincibleStrength+1","Necronomicurse"],"relics":["hexamod:SpiritBrand","Frozen Egg 2","Darkstone Periapt","Letter Opener","Anchor","PreservedInsect","hexamod:CandleOfCauterizing","Vajra","hexamod:IceCube","Blue Candle","Necronomicon"],"acts_visited":["Exordium","TheCity"],"potions_floor_usage":[9,16,16,29,33,33],"damage_taken":[{"damage":0,"enemies":"Cultist","floor":2,"turns":3},{"damage":0,"enemies":"2 Louse","floor":3,"turns":3},{"damage":24,"enemies":"3 Sentries","floor":6,"turns":4},{"damage":5,"enemies":"downfall:FleeingMerchant","floor":8,"turns":4},{"damage":8,"enemies":"Gremlin Nob","floor":9,"turns":2},{"damage":0,"enemies":"Jaw Worm","floor":11,"turns":3},{"damage":16,"enemies":"Blue Slaver","floor":12,"turns":4},{"damage":4,"enemies":"2 Fungi Beasts","floor":13,"turns":4},{"damage":0,"enemies":"Large Slime","floor":15,"turns":4},{"damage":26,"enemies":"DF_ARCHETYPE_STREAMLINE","floor":16,"turns":12},{"damage":36,"enemies":"Chosen","floor":19,"turns":6},{"damage":17,"enemies":"Spheric Guardian","floor":20,"turns":4},{"damage":5,"enemies":"downfall:FleeingMerchant","floor":22,"turns":4},{"damage":8,"enemies":"Shelled Parasite and Fungi","floor":26,"turns":5},{"damage":1,"enemies":"Cultist and Chosen","floor":29,"turns":5},{"damage":0,"enemies":"3 Cultists","floor":30,"turns":3},{"damage":0,"enemies":"downfall:FleeingMerchant","floor":31,"turns":4},{"damage":0,"enemies":"Snecko","floor":32,"turns":3},{"damage":89,"enemies":"SI_MIRROR_ARCHETYPE","floor":33,"turns":12}],"seed_played":"5429770271865932492","potions_obtained":[{"floor":9,"key":"Block Potion"},{"floor":12,"key":"DuplicationPotion"},{"floor":15,"key":"Weak Potion"},{"floor":16,"key":"PowerPotion"},{"floor":19,"key":"FearPotion"},{"floor":20,"key":"CultistPotion"},{"floor":26,"key":"Regen Potion"}],"is_trial":false,"path_per_floor":["R","M","M","T","?","E","T","$","E","R","M","M","M","T","M","B",null,"R","M","M","?","$","R","T","?","M","?","?","M","M","$","M","B"],"character_chosen":"THE_SPIRIT","items_purchased":["PreservedInsect","hexamod:NightmareStrike","champ:CounterPotion","expansioncontent:InvincibleStrength","Dexterity Potion"],"campfire_rested":1,"item_purchase_floors":[8,8,8,22,31],"current_hp_per_floor":[63,63,63,63,104,80,80,75,67,67,67,51,47,47,47,21,83,83,47,30,30,25,56,56,56,48,82,72,86,86,86,86,0,0,0],"gold":23,"neow_bonus":"RANDOM_COLORLESS_2","is_daily":false,"chose_seed":false,"campfire_upgraded":2,"win_rate":0.0,"timestamp":1610924129,"path_taken":["R","M","M","?","?","E","T","$","E","R","M","M","M","?","M","BOSS","R","M","M","?","$","R","T","?","M","?","?","M","M","?","M","BOSS"],"items_purchased_type":["Relic","Card","Potion","Card","Potion"],"build_version":"2020-12-22","purchased_purges":3,"victory":false,"max_hp_per_floor":[63,63,63,63,104,104,104,104,104,104,104,104,104,104,104,104,104,104,104,104,104,104,104,104,104,104,104,110,110,110,110,110,110,110,110],"relic_stats":{"Darkstone Periapt":42,"counters":[19,89],"Blue Candle":[3],"PreservedInsect":104,"Necronomicon":[14],"Letter Opener":[71],"obtain_stats":[{"Darkstone Periapt":5,"Anchor":7,"hexamod:CandleOfCauterizing":9,"Blue Candle":24,"Vajra":14,"PreservedInsect":8,"Necronomicon":28,"Letter Opener":6,"Frozen Egg 2":4,"hexamod:SpiritBrand":0,"hexamod:IceCube":17},{"Darkstone Periapt":2,"Anchor":3,"hexamod:CandleOfCauterizing":5,"Blue Candle":13,"Vajra":8,"PreservedInsect":4,"Necronomicon":14,"Letter Opener":3,"Frozen Egg 2":2,"hexamod:SpiritBrand":0,"hexamod:IceCube":10},{"Darkstone Periapt":6,"Anchor":10,"hexamod:CandleOfCauterizing":16,"Blue Candle":57,"Vajra":27,"PreservedInsect":14,"Necronomicon":62,"Letter Opener":10,"Frozen Egg 2":6,"hexamod:SpiritBrand":0,"hexamod:IceCube":43}]},"card_choices":[{"not_picked":["Thinking Ahead","Metamorphosis"],"picked":"The Bomb","floor":0},{"not_picked":["hexamod:Haunt","hexamod:EmpoweredFlame"],"picked":"hexamod:ThermalTransfer","floor":2},{"not_picked":["hexamod:ChargedBarrage","hexamod:PhantomFireball"],"picked":"hexamod:BacktrackSmack","floor":3},{"not_picked":["hexamod:BacktrackSmack","hexamod:ExtraCrispy+1"],"picked":"hexamod:Hexaguard","floor":6},{"not_picked":["hexamod:FourthSeal","hexamod:NecessarySacrifice","hexamod:GhostLash"],"picked":"SKIP","floor":8},{"not_picked":["hexamod:InspiringFlames","hexamod:NecessarySacrifice","hexamod:FlamesFromBeyond"],"picked":"SKIP","floor":9},{"not_picked":["hexamod:DynamicBlow","hexamod:Firestarter"],"picked":"hexamod:SwordOfDarkness","floor":11},{"not_picked":["hexamod:ThermalTransfer","hexamod:BurningTouch","hexamod:GhostShield"],"picked":"SKIP","floor":12},{"not_picked":["hexamod:ThermalTransfer","hexamod:GhostflameInferno"],"picked":"hexamod:SpectersWail","floor":13},{"not_picked":["hexamod:GhostShield","hexamod:FastForward"],"picked":"hexamod:Haunt","floor":15},{"not_picked":["hexamod:Toasty","hexamod:TimeWarp"],"picked":"hexamod:HexaLevel+1","floor":16},{"not_picked":["hexamod:StepThrough","hexamod:HeatMetal"],"picked":"hexamod:ShieldOfDarkness+1","floor":19},{"not_picked":["hexamod:NightmareStrike","hexamod:BurningTouch"],"picked":"hexamod:Haunt","floor":20},{"not_picked":["hexamod:SuperheatedStrike","hexamod:TurnItUp"],"picked":"hexamod:SkipABeat","floor":22},{"not_picked":["hexamod:ThermalTransfer+1","hexamod:GhostLash","hexamod:SecondSeal"],"picked":"SKIP","floor":26},{"not_picked":["hexamod:SpectersWail+1","hexamod:BacktrackSmack","hexamod:InspiringFlames"],"picked":"SKIP","floor":29},{"not_picked":["hexamod:GhostLash","hexamod:CatchUp","hexamod:ThermalTransfer+1"],"picked":"SKIP","floor":30},{"not_picked":["hexamod:Hexaguard","hexamod:BurningTouch+1","hexamod:HeatShield"],"picked":"SKIP","floor":31},{"not_picked":["hexamod:EtherealExpedition","hexamod:Firestarter","hexamod:SwordOfDarkness"],"picked":"SKIP","floor":32}],"player_experience":1582686,"relics_obtained":[{"floor":4,"key":"Frozen Egg 2"},{"floor":6,"key":"Letter Opener"},{"floor":7,"key":"Anchor"},{"floor":9,"key":"hexamod:CandleOfCauterizing"},{"floor":14,"key":"Vajra"},{"floor":24,"key":"Blue Candle"},{"floor":28,"key":"Necronomicon"}],"event_choices":[{"damage_healed":34,"gold_gain":0,"player_choice":"Heal","damage_taken":0,"max_hp_gain":0,"max_hp_loss":0,"event_name":"The Library","floor":27,"gold_loss":0}],"is_beta":false,"boss_relics":[{"not_picked":["Velvet Choker","Coffee Dripper"],"picked":"hexamod:IceCube"}],"items_purged_floors":[8,8,22],"is_endless":false,"potions_floor_spawned":[9,12,15,16,19,20,26,32],"killed_by":"SI_MIRROR_ARCHETYPE","ascension_level":5}}