{"host":"j6mgjir4ee1lqn1j","time":1610898207,"event":{"mods":["BaseMod","Colored Map","Colored Powertips","DeckTracker","Highlight Path","Keyboard Shortcuts","Minty Spire (QoL Compilation)","Permanent Neow","Quick Restart","Rare Cards Sparkle","Shop Mod","StSLib","SuperFastMode"],"gold_per_floor":[110,285,285,235,245,245,36,53,53,64,64,84,84,96,96,96,96],"floor_reached":16,"language":"ENG","playtime":2028,"items_purged":[],"score":92,"play_id":"9dfd4228-23f0-4658-811a-508a8ffb78bf","local_time":"20210117104327","is_ascension_mode":false,"campfire_choices":[{"data":"Steam Power","floor":6,"key":"SMITH"},{"data":"Fusion","floor":11,"key":"SMITH"},{"data":"Amplify","floor":13,"key":"SMITH"},{"data":"Glacier","floor":15,"key":"SMITH"}],"circlet_count":0,"master_deck":["Strike_B","Strike_B","Strike_B","Defend_B","Defend_B","Defend_B","Defend_B","Zap","Dualcast","Self Repair","Double Energy","Steam Power+1","Conserve Battery","Fusion+1","Leap","Amplify+1","Glacier+1"],"relics":["Sozu","MerchantsRug","Ornamental Fan"],"acts_visited":["Exordium"],"potions_floor_usage":[],"damage_taken":[{"damage":1,"enemies":"Jaw Worm","floor":1,"turns":4},{"damage":0,"enemies":"2 Louse","floor":5,"turns":2},{"damage":1,"enemies":"Small Slimes","floor":8,"turns":4},{"damage":0,"enemies":"Exordium Wildlife","floor":10,"turns":4},{"damage":7,"enemies":"3 Louse","floor":12,"turns":6},{"damage":19,"enemies":"Gremlin Gang","floor":14,"turns":9},{"damage":27,"enemies":"Hexaghost","floor":16,"turns":11}],"seed_played":"-2058290206769044047","potions_obtained":[],"is_trial":false,"path_per_floor":["M","?","?","?","M","R","$","M","T","M","R","M","R","M","R","B"],"character_chosen":"DEFECT","items_purchased":["MerchantsRug","Conserve Battery"],"campfire_rested":0,"item_purchase_floors":[7,7],"current_hp_per_floor":[74,74,74,74,75,75,75,75,75,75,75,75,75,70,70,43,43],"gold":96,"neow_bonus":"BOSS_RELIC","is_daily":false,"chose_seed":false,"campfire_upgraded":4,"win_rate":0.0,"timestamp":1610898207,"path_taken":["M","?","?","?","?","R","$","M","T","M","R","M","R","M","R","BOSS"],"items_purchased_type":["Relic","Card"],"build_version":"2020-12-13","purchased_purges":0,"victory":false,"max_hp_per_floor":[75,75,75,75,75,75,75,75,75,75,75,75,75,75,75,75,75],"card_choices":[{"not_picked":["Genetic Algorithm","Redo"],"picked":"Self Repair","floor":1},{"not_picked":["Steam","Barrage"],"picked":"Steam Power","floor":5},{"not_picked":["Gash","Cold Snap"],"picked":"Fusion","floor":8},{"not_picked":["Beam Cell","Coolheaded"],"picked":"Leap","floor":10},{"not_picked":["Blizzard","Beam Cell"],"picked":"Amplify","floor":12},{"not_picked":["Go for the Eyes","Sweeping Beam"],"picked":"Glacier","floor":14}],"player_experience":24761,"relics_obtained":[{"floor":9,"key":"Ornamental Fan"}],"event_choices":[{"damage_healed":0,"gold_gain":175,"player_choice":"AGREE","damage_taken":0,"max_hp_gain":0,"max_hp_loss":0,"event_name":"Liars Game","floor":2,"gold_loss":0,"cards_obtained":["Doubt"]},{"damage_healed":0,"gold_gain":0,"cards_transformed":["Strike_B"],"player_choice":"Change","damage_taken":0,"max_hp_gain":0,"max_hp_loss":0,"event_name":"Living Wall","floor":3,"gold_loss":0,"cards_obtained":["Double Energy"]},{"cards_removed":["Doubt"],"damage_healed":0,"gold_gain":0,"player_choice":"Card Removal","damage_taken":0,"max_hp_gain":0,"max_hp_loss":0,"event_name":"The Cleric","floor":4,"gold_loss":50}],"is_beta":false,"boss_relics":[],"items_purged_floors":[],"is_endless":false,"potions_floor_spawned":[1,10,14],"killed_by":"Hexaghost","ascension_level":0}}