{"host":"v54ek091sdz7ha6h","time":1610912453,"event":{"mods":["BaseMod","Better Vampires","Colored Map","Colored Powertips","Custom Start","DeckTracker","Highlight Path","KOR Keyword Fix","Minty Spire (QoL Compilation)","Rare Cards Sparkle","Relic Stats","StSLib","SuperFastMode","everything is the same but u backflip on backflip","slay the spire mod where everything is the same but ironclad has a cowboy hat"],"gold_per_floor":[115,22,22,22,34,34,62,62,62,92,111,122,122,135,135,135,135],"floor_reached":16,"language":"KOR","playtime":359,"items_purged":[],"score":270,"play_id":"7c7122ea-9631-44a2-98e4-d0d9cddaf2d5","local_time":"20210118044053","is_ascension_mode":true,"campfire_choices":[{"data":"Perfected Strike","floor":6.0,"key":"SMITH"},{"data":"Bloodletting","floor":8.0,"key":"SMITH"},{"data":"Battle Trance","floor":13.0,"key":"SMITH"},{"data":"Dark Embrace","floor":15.0,"key":"SMITH"}],"circlet_count":0,"master_deck":["AscendersBane","Strike_R","Strike_R","Strike_R","Strike_R","Defend_R","Defend_R","Defend_R","Defend_R","Bash","Perfected Strike+1","Battle Trance+1","Armaments+1","Bloodletting+1","Dark Embrace+1","Evolve","Twin Strike"],"relics":["Burning Blood","NeowsBlessing","Darkstone Periapt","Question Card","Dream Catcher"],"acts_visited":["Exordium"],"potions_floor_usage":[16,16],"damage_taken":[{"damage":0.0,"enemies":"Jaw Worm","floor":1.0,"turns":1.0},{"damage":0.0,"enemies":"Small Slimes","floor":5.0,"turns":1.0},{"damage":0.0,"enemies":"Lagavulin","floor":7.0,"turns":1.0},{"damage":24.0,"enemies":"3 Sentries","floor":10.0,"turns":10.0},{"damage":1.0,"enemies":"Cultist","floor":11.0,"turns":3.0},{"damage":16.0,"enemies":"Blue Slaver","floor":12.0,"turns":3.0},{"damage":15.0,"enemies":"Looter","floor":14.0,"turns":3.0},{"damage":61,"enemies":"Hexaghost","floor":16,"turns":10}],"seed_played":"-6898641788461096772","potions_obtained":[{"floor":10.0,"key":"PowerPotion"},{"floor":12.0,"key":"BloodPotion"}],"is_trial":false,"path_per_floor":["M","$","?","?","M","R","E","R","T","E","M","M","R","M","R","B"],"character_chosen":"IRONCLAD","items_purchased":["Battle Trance","Armaments"],"campfire_rested":0,"item_purchase_floors":[2,2],"current_hp_per_floor":[74,74,74,74,75,75,75,75,75,57,62,52,52,43,43,0,0],"gold":135,"neow_bonus":"THREE_ENEMY_KILL","is_daily":false,"chose_seed":false,"campfire_upgraded":4,"win_rate":0.0,"timestamp":1610912453,"path_taken":["M","$","?","?","M","R","E","R","T","E","?","M","R","M","R","BOSS"],"items_purchased_type":["Card","Card"],"build_version":"2020-12-22","purchased_purges":0,"victory":false,"max_hp_per_floor":[75,75,75,75,75,75,75,75,75,75,75,75,75,75,75,75,75],"relic_stats":{"Darkstone Periapt":0,"Dream Catcher":0,"counters":[8,32],"Question Card":4,"obtain_stats":[{"Darkstone Periapt":7,"Dream Catcher":10,"NeowsBlessing":0,"Question Card":9,"Burning Blood":0},{"Darkstone Periapt":3,"Dream Catcher":4,"NeowsBlessing":0,"Question Card":3,"Burning Blood":0},{"Darkstone Periapt":3,"Dream Catcher":13,"NeowsBlessing":0,"Question Card":3,"Burning Blood":0}],"Burning Blood":31},"card_choices":[{"not_picked":["Clothesline","Reckless Charge"],"picked":"Perfected Strike","floor":1.0},{"not_picked":["Infernal Blade","Blood for Blood"],"picked":"Bloodletting","floor":5.0},{"not_picked":["Shrug It Off","Combust","Body Slam"],"picked":"SKIP","floor":7.0},{"not_picked":["Metallicize","Clothesline","Intimidate"],"picked":"Dark Embrace","floor":10.0},{"not_picked":["Armaments","Heavy Blade","Headbutt","Havoc"],"picked":"SKIP","floor":11.0},{"not_picked":["Armaments","Sword Boomerang","Dropkick"],"picked":"Evolve","floor":12.0},{"not_picked":["Armaments","Metallicize","Immolate"],"picked":"Twin Strike","floor":14.0}],"player_experience":1453329,"relics_obtained":[{"floor":7.0,"key":"Darkstone Periapt"},{"floor":9.0,"key":"Question Card"},{"floor":10.0,"key":"Dream Catcher"}],"event_choices":[{"damage_healed":0.0,"max_hp_gain":0.0,"max_hp_loss":0.0,"gold_gain":0.0,"event_name":"Living Wall","player_choice":"Grow","floor":3.0,"gold_loss":0.0,"damage_taken":0.0,"cards_upgraded":["Armaments"]},{"cards_removed":["Strike_R"],"damage_healed":0.0,"max_hp_gain":0.0,"max_hp_loss":0.0,"gold_gain":0.0,"event_name":"Bonfire Elementals","player_choice":"Offered Basic","floor":4.0,"gold_loss":0.0,"damage_taken":0.0}],"is_beta":false,"boss_relics":[],"items_purged_floors":[],"is_endless":false,"potions_floor_spawned":[10,12],"killed_by":"Hexaghost","ascension_level":20}}