{"host":"0009l0kk6tb2u2kt","time":1610898921,"event":{"mods":["AchievementEnabler","BaseMod","BetterRewards","Downfall","Hubris","Infinite Spire","Minty Spire (QoL Compilation)","StSLib"],"gold_per_floor":[17,17,35,210,223,223,264,277,277,277,277,277,301,317,317,441,441,456,456,444,465,488,488,519,519,570,593,607,645,665,684,684,814,814,838,1171,20,30,30,30,63,63,63,78,95,115,165,165,165],"floor_reached":51,"language":"ENG","playtime":4540,"items_purged":["Strike_G"],"score":778,"play_id":"3be41c93-7e43-4232-a53b-5e6939004d69","local_time":"20210117165521","is_ascension_mode":false,"campfire_choices":[{"data":"Doubt","floor":6,"key":"PURGE"},{"data":"Envenom","floor":10,"key":"SMITH"},{"floor":12,"key":"REST"},{"data":"Dodge and Roll","floor":15,"key":"SMITH"},{"data":"Strike_G","floor":23,"key":"PURGE"},{"data":"Defend_G","floor":25,"key":"PURGE"},{"floor":32,"key":"REST"},{"data":"Strike_G","floor":40,"key":"PURGE"},{"data":"Strike_G","floor":42,"key":"PURGE"},{"floor":49,"key":"REST"}],"circlet_count":0,"master_deck":["Strike_G+1","Defend_G+1","Defend_G","Defend_G+1","Defend_G","Survivor","Neutralize+1","Accuracy","Dodge and Roll+1","Cloak And Dagger","Envenom+1","Riddle With Holes","Blade Dance","Venomology+1","Infinite Blades+1","Crippling Poison","Dagger Spray+1","Footwork","Escape Plan+1","Noxious Fumes","Dodge and Roll+1","Bullet Time","Poisoned Stab","Finesse","Infinite Blades","Escape Plan","infinitespire:Gouge","Expertise+1","Blur+1","Escape Plan+1","Escape Plan+1"],"relics":["Ring of the Snake","Peace Pipe","infinitespire:Bottled Soul","hubris:BottledRain","The Courier","Fusion Hammer","War Paint","Whetstone","Red Mask","SacredBark","infinitespire:ShieldingShard","Ornamental Fan","OrangePellets","Question Card","Anchor","PreservedInsect","Gremlin Horn","hubris:SlimyHat","hubris:Teleporter"],"acts_visited":["Exordium","TheCity","TheBeyond"],"potions_floor_usage":[7,18,18,20,21,22,24,24,27,29,29,29,29,31,31,31,33,38,41,41,45,47,47,50,50,50,50],"damage_taken":[{"damage":0,"enemies":"Small Slimes","floor":1,"turns":3},{"damage":0,"enemies":"2 Louse","floor":3,"turns":4},{"damage":13,"enemies":"Jaw Worm","floor":5,"turns":11},{"damage":22,"enemies":"3 Sentries","floor":7,"turns":12},{"damage":2,"enemies":"3 Louse","floor":8,"turns":5},{"damage":10,"enemies":"Large Slime","floor":13,"turns":6},{"damage":1,"enemies":"Exordium Wildlife","floor":14,"turns":3},{"damage":24,"enemies":"Slime Boss","floor":16,"turns":8},{"damage":4,"enemies":"Shell Parasite","floor":18,"turns":7},{"damage":6,"enemies":"2 Thieves","floor":20,"turns":4},{"damage":22,"enemies":"Centurion and Healer","floor":21,"turns":6},{"damage":5,"enemies":"Snecko","floor":22,"turns":4},{"damage":13,"enemies":"Gremlin Leader","floor":24,"turns":5},{"damage":9,"enemies":"Sentry and Sphere","floor":27,"turns":5},{"damage":2,"enemies":"Cultist and Chosen","floor":28,"turns":6},{"damage":5,"enemies":"Masked Bandits","floor":29,"turns":4},{"damage":1,"enemies":"Snecko","floor":30,"turns":5},{"damage":0,"enemies":"Shelled Parasite and Fungi","floor":31,"turns":5},{"damage":22,"enemies":"hubris:MusketHawk","floor":33,"turns":8},{"damage":3,"enemies":"3 Shapes","floor":35,"turns":6},{"damage":8,"enemies":"Orb Walker","floor":38,"turns":5},{"damage":0,"enemies":"Reptomancer","floor":41,"turns":2},{"damage":1,"enemies":"Writhing Mass","floor":44,"turns":6},{"damage":20,"enemies":"3 Darklings","floor":45,"turns":4},{"damage":0,"enemies":"4 Shapes","floor":46,"turns":5},{"damage":4,"enemies":"Mind Bloom Boss Battle","floor":47,"turns":4},{"damage":6,"enemies":"Donu and Deca","floor":50,"turns":8}],"seed_played":"-8027455240761873647","potions_obtained":[{"floor":5,"key":"Explosive Potion"},{"floor":14,"key":"Ancient Potion"},{"floor":18,"key":"Fruit Juice"},{"floor":20,"key":"Guardian:BlockOnCardUsePotion"},{"floor":21,"key":"BlessingOfTheForge"},{"floor":28,"key":"Regen Potion"},{"floor":30,"key":"EssenceOfSteel"},{"floor":45,"key":"hexamod:SoulburnPotion"},{"floor":47,"key":"AttackPotion"}],"is_trial":false,"path_per_floor":["M","?","M","?","M","R","E","M","T","R","T","R","M","M","R","B",null,"M","?","M","M","M","R","E","R","T","M","M","?","M","M","R","B",null,"M","?","$","M","?","R","E","R","T","M","M","M","?","R","B",null],"character_chosen":"THE_SILENT","items_purchased":["infinitespire:ShieldingShard","Ornamental Fan","Finesse","OrangePellets","Question Card","Anchor","Infinite Blades","PreservedInsect"],"campfire_rested":3,"item_purchase_floors":[37,37,37,37,37,37,37,37],"current_hp_per_floor":[70,53,53,53,40,40,18,16,16,16,16,37,27,26,26,2,70,71,71,65,43,38,38,25,25,25,16,14,23,22,22,44,22,75,72,72,72,64,47,47,47,47,47,46,26,26,22,44,38],"gold":165,"neow_bonus":"ONE_RARE_RELIC","is_daily":false,"chose_seed":false,"campfire_upgraded":2,"win_rate":0.0,"timestamp":1610898921,"path_taken":["M","?","M","?","M","R","E","M","T","R","?","R","M","M","R","BOSS","M","?","M","M","M","R","E","R","T","M","M","?","M","M","R","BOSS","M","?","$","M","?","R","E","R","T","M","M","?","?","R","BOSS"],"items_purchased_type":["Relic","Relic","Card","Relic","Relic","Relic","Card","Relic"],"build_version":"2020-12-22","purchased_purges":1,"victory":true,"max_hp_per_floor":[70,70,70,70,70,70,70,70,70,70,70,70,70,70,70,70,70,75,75,75,75,75,75,75,75,75,75,75,75,75,75,75,75,75,75,75,75,75,75,75,75,75,75,75,75,75,75,75,75],"card_choices":[{"not_picked":["Backflip","Sucker Punch"],"picked":"Accuracy","floor":1},{"not_picked":["hubris:SlightOfHand","Sucker Punch"],"picked":"Dodge and Roll","floor":3},{"not_picked":["Calculated Gamble","Eviscerate"],"picked":"Cloak And Dagger","floor":5},{"not_picked":["Outmaneuver","Endless Agony"],"picked":"Envenom","floor":7},{"not_picked":["Outmaneuver","Dagger Throw"],"picked":"Riddle With Holes","floor":8},{"not_picked":["hubris:SlightOfHand","Slice"],"picked":"Blade Dance","floor":13},{"not_picked":["Eviscerate","Phantasmal Killer","Reflex"],"picked":"SKIP","floor":14},{"not_picked":["Burst","Tools of the Trade"],"picked":"Venomology","floor":16},{"not_picked":["Flying Knee","Cloak And Dagger"],"picked":"Infinite Blades+1","floor":18},{"not_picked":["Reflex","Slice","Tactician"],"picked":"SKIP","floor":20},{"not_picked":["Backflip","Dagger Spray"],"picked":"Crippling Poison","floor":21},{"not_picked":["Choke","Blade Dance"],"picked":"Dagger Spray+1","floor":22},{"not_picked":["Deflect","Choke+1","Finisher"],"picked":"SKIP","floor":24},{"not_picked":["Flechettes","Wraith Form v2"],"picked":"Footwork","floor":27},{"not_picked":["Outmaneuver","Masterful Stab+1"],"picked":"Escape Plan+1","floor":28},{"not_picked":["Outmaneuver","Sucker Punch"],"picked":"Noxious Fumes","floor":29},{"not_picked":["Dagger Throw","Deflect","Deadly Poison"],"picked":"SKIP","floor":30},{"not_picked":["Deadly Poison","Slice"],"picked":"Dodge and Roll+1","floor":31},{"not_picked":["A Thousand Cuts","Grand Finale"],"picked":"Bullet Time","floor":33},{"not_picked":["hubris:SlightOfHand","PiercingWail+1"],"picked":"Poisoned Stab","floor":35},{"not_picked":["Poisoned Stab","Quick Slash+1","Sucker Punch"],"picked":"Escape Plan","floor":38},{"not_picked":["infinitespire:FutureSight","hubris:InfiniteBlow"],"picked":"infinitespire:Gouge","floor":39},{"not_picked":["All Out Attack","Deadly Poison+1","Malaise"],"picked":"Expertise+1","floor":41},{"not_picked":["Endless Agony+1","Dagger Throw","hubris:SlightOfHand+1","Backstab+1"],"picked":"SKIP","floor":44},{"not_picked":["PiercingWail","Deadly Poison","Riddle With Holes"],"picked":"Blur+1","floor":45},{"not_picked":["Catalyst+1","Dagger Spray+1","Eviscerate"],"picked":"Escape Plan+1","floor":46},{"not_picked":["Terror","Bouncing Flask","Distraction+1"],"picked":"Escape Plan+1","floor":47}],"player_experience":241756,"relics_obtained":[{"floor":7,"key":"infinitespire:Bottled Soul"},{"floor":9,"key":"hubris:BottledRain"},{"floor":11,"key":"The Courier"},{"floor":24,"key":"War Paint"},{"floor":26,"key":"Whetstone"},{"floor":29,"key":"Red Mask"},{"floor":41,"key":"Gremlin Horn"},{"floor":43,"key":"hubris:SlimyHat"},{"floor":47,"key":"hubris:Teleporter"}],"event_choices":[{"damage_healed":0,"gold_gain":0,"player_choice":"Take Damage","damage_taken":17,"relics_obtained":["Golden Idol"],"max_hp_gain":0,"max_hp_loss":0,"event_name":"Golden Idol","floor":2,"gold_loss":0},{"damage_healed":0,"gold_gain":175,"player_choice":"AGREE","damage_taken":0,"max_hp_gain":0,"max_hp_loss":0,"event_name":"Liars Game","floor":4,"gold_loss":0,"cards_obtained":["Doubt"]},{"damage_healed":0,"gold_gain":0,"player_choice":"Fought Bandits","damage_taken":0,"max_hp_gain":0,"max_hp_loss":0,"event_name":"Masked Bandits","floor":29,"gold_loss":0},{"damage_healed":0,"gold_gain":333,"player_choice":"Gave Idol","damage_taken":0,"max_hp_gain":0,"max_hp_loss":0,"event_name":"The Moai Head","floor":36,"relics_lost":["Golden Idol"],"gold_loss":0},{"damage_healed":0,"gold_gain":0,"player_choice":"Fight","damage_taken":0,"max_hp_gain":0,"max_hp_loss":0,"event_name":"MindBloom","floor":47,"gold_loss":0}],"is_beta":false,"boss_relics":[{"not_picked":["hubris:VirtuousBlindfold","Pandora\u0027s Box"],"picked":"Fusion Hammer"},{"not_picked":["Snecko Eye","Coffee Dripper"],"picked":"SacredBark"}],"items_purged_floors":[37],"is_endless":false,"potions_floor_spawned":[5,14,18,20,21,28,30,45,47],"ascension_level":0}}