{"host":"4jpe1m3cviuzvkch","time":1610860456,"event":{"mods":["BaseMod","Decade(王小明)","Marisa（F雨　魔理沙）","Minty Spire (QoL Compilation)","Remilia（蕾米莉亚）","StSLib","The Servant 0.9.4","Youmu（魂魄妖梦）"],"gold_per_floor":[112,112,123,143,160,260,260,291,291,291,291,291,302,302,302,405,405,405,405,405,147,147,147,176,176,199,199,209,209,538,552,552,652,652,663,663,683,683,693,723,723,39,39,39,39,59,70,48,48,48,48,48,1,30,30],"floor_reached":56,"language":"ZHS","playtime":3868,"items_purged":["Decade_Attack","PhotonAcceleration+1"],"score":1234,"play_id":"bb5ea73f-e458-4621-a015-b91d0ce2fbbb","local_time":"20210117131416","is_ascension_mode":false,"campfire_choices":[{"data":"KamenRide","floor":7.0,"key":"SMITH"},{"data":"NMDAZYYGL","floor":10.0,"key":"SMITH"},{"data":"FormRideTitan","floor":12.0,"key":"SMITH"},{"floor":15.0,"key":"RECALL"},{"data":"Kuuga_Rising","floor":23.0,"key":"SMITH"},{"data":"Decade_SpecialSkill","floor":25.0,"key":"SMITH"},{"data":"Blade_Metal","floor":27.0,"key":"SMITH"},{"data":"FormRide","floor":32.0,"key":"SMITH"},{"floor":41.0,"key":"REST"},{"data":"PrometheusPower","floor":49.0,"key":"SMITH"},{"data":"UnarmedAttack5","floor":52.0,"key":"SMITH"}],"circlet_count":0,"master_deck":["Decade_Attack","Decade_Attack","Decade_Attack","KamenRide+1","Decade_SpecialSkill+1","Decade_Defend+1","Decade_Defend","Decade_Defend","Decade_Defend","FormRideStorm+9","UnarmedAttack5+1","NMDAZYYGL+1","FormRideTitan+1","Kuuga_Rising+1","Blade_Metal+1","Kuuga_GouramAttack+1","Blade_Metal+1","UnarmedAttack3+1","FormRide+1","Decade_Illusion","UnarmedAttack9+1","CurseOfTheBell","RideBooker_Skill_3+1","DenO_Climax+1","Blade_Kick+1","Blade_Mach+1","Decade_Dash2+1","PrometheusPower+1","Kiva_Swallow+1","RideBooker_Skill_1","Blade_Beat","Blade_Beat+1"],"relics":["Decadriver","TOEIDeficitBill","Molten Egg 2","White Beast Statue","Black Star","Lantern","Nloth\u0027s Gift","Bottled Lightning","Darkstone Periapt","PreservedInsect","Eternal Feather","Old Coin","Calling Bell","Happy Flower","Frozen Egg 2","Shovel","War Paint","Dream Catcher","OrangePellets","Bronze Scales","Meat on the Bone","Gremlin Horn","Bag of Preparation","Turnip"],"acts_visited":["Exordium","TheCity","TheBeyond","TheEnding"],"potions_floor_usage":[55],"damage_taken":[{"damage":0.0,"enemies":"Cultist","floor":1.0,"turns":3.0},{"damage":5.0,"enemies":"Small Slimes","floor":3.0,"turns":4.0},{"damage":0.0,"enemies":"2 Louse","floor":4.0,"turns":3.0},{"damage":9.0,"enemies":"2 Fungi Beasts","floor":5.0,"turns":2.0},{"damage":0.0,"enemies":"Gremlin Nob","floor":8.0,"turns":1.0},{"damage":0.0,"enemies":"Large Slime","floor":11.0,"turns":1.0},{"damage":0.0,"enemies":"Exordium Wildlife","floor":13.0,"turns":3.0},{"damage":58.0,"enemies":"The Guardian","floor":16.0,"turns":11.0},{"damage":0.0,"enemies":"Spheric Guardian","floor":18.0,"turns":2.0},{"damage":17.0,"enemies":"Gremlin Leader","floor":24.0,"turns":5.0},{"damage":8.0,"enemies":"2 Thieves","floor":28.0,"turns":3.0},{"damage":23.0,"enemies":"Book of Stabbing","floor":30.0,"turns":4.0},{"damage":0.0,"enemies":"Sentry and Sphere","floor":31.0,"turns":1.0},{"damage":28.0,"enemies":"Champ","floor":33.0,"turns":17.0},{"damage":32.0,"enemies":"3 Darklings","floor":35.0,"turns":6.0},{"damage":18.0,"enemies":"3 Shapes","floor":37.0,"turns":4.0},{"damage":29.0,"enemies":"3 Darklings","floor":39.0,"turns":10.0},{"damage":0.0,"enemies":"Nemesis","floor":40.0,"turns":3.0},{"damage":21.0,"enemies":"Writhing Mass","floor":44.0,"turns":3.0},{"damage":11.0,"enemies":"4 Shapes","floor":46.0,"turns":3.0},{"damage":0.0,"enemies":"Spire Growth","floor":47.0,"turns":7.0},{"damage":47.0,"enemies":"Donu and Deca","floor":50.0,"turns":9.0},{"damage":20.0,"enemies":"Shield and Spear","floor":54.0,"turns":5.0},{"damage":37,"enemies":"The Heart","floor":55,"turns":10}],"seed_played":"-1157427360007820500","potions_obtained":[{"floor":1.0,"key":"BlessingOfTheForge"},{"floor":8.0,"key":"Ancient Potion"},{"floor":11.0,"key":"Swift Potion"},{"floor":13.0,"key":"SkillPotion"},{"floor":16.0,"key":"Fire Potion"},{"floor":24.0,"key":"Regen Potion"},{"floor":28.0,"key":"SmokeBomb"},{"floor":30.0,"key":"PowerPotion"},{"floor":33.0,"key":"Swift Potion"},{"floor":39.0,"key":"Explosive Potion"},{"floor":40.0,"key":"Block Potion"},{"floor":44.0,"key":"DistilledChaos"},{"floor":54.0,"key":"Regen Potion"}],"is_trial":false,"path_per_floor":["M","T","M","M","M","?","R","E","T","R","M","R","M","?","R","B",null,"M","?","?","$","?","R","E","R","T","R","M","?","E","M","R","B",null,"M","?","M","?","M","E","R","$","T","M","?","M","M","$","R","B",null,"R","$","E","B",null],"character_chosen":"Decade","items_purchased":["KamenRideFaiz","Lantern","OrangePellets","Bronze Scales","Meat on the Bone","DenO_Ax","RideBooker_Skill_1","Blade_Beat"],"campfire_rested":1,"item_purchase_floors":[21,21,42,42,42,42,48,53],"current_hp_per_floor":[70,70,65,65,56,56,56,56,56,56,56,56,56,56,56,13,70,70,70,57,57,57,57,55,55,55,55,55,55,44,44,56,28,81,59,59,41,41,21,21,60,60,60,48,48,49,49,49,67,32,81,81,81,73,66],"gold":30,"neow_bonus":"RANDOM_COMMON_RELIC","is_daily":false,"chose_seed":false,"campfire_upgraded":9,"win_rate":0.0,"timestamp":1610860456,"path_taken":["M","?","M","?","M","?","R","E","T","R","M","R","?","?","R","BOSS","M","?","?","?","?","R","E","R","T","R","?","?","E","M","R","BOSS","M","?","M","?","M","E","R","$","T","?","?","?","M","$","R","BOSS","R","$","E","BOSS"],"items_purchased_type":["Card","Relic","Relic","Relic","Relic","Card","Card","Card"],"build_version":"2020-12-22","purchased_purges":2,"victory":true,"max_hp_per_floor":[70,70,70,70,70,70,70,70,70,70,70,70,70,70,70,70,70,70,70,75,75,75,75,75,75,75,75,75,75,75,75,75,75,81,81,81,81,81,81,81,81,81,81,81,81,81,81,81,81,81,81,81,81,81,81],"card_choices":[{"not_picked":["Hibiki_Attack3","Decade_Defend2"],"picked":"FormRideStorm","floor":1.0},{"not_picked":["Hibiki_Attack3","FormRideStorm"],"picked":"UnarmedAttack5","floor":3.0},{"not_picked":["Kuuga_GouramAttack","DenO_Ax"],"picked":"NMDAZYYGL","floor":4.0},{"not_picked":["FormRideStorm","DragShield"],"picked":"FormRideTitan","floor":11.0},{"not_picked":["Kiva_Eat","NMDAZYYGL"],"picked":"Kuuga_Rising","floor":16.0},{"not_picked":["DenO_Gun+1","Decade_Dash1"],"picked":"Blade_Metal","floor":18.0},{"not_picked":["UnarmedAttack1+1","Blade_Mach"],"picked":"PhotonAcceleration+1","floor":24.0},{"not_picked":["RideBooker_Skill_3","Decade_Illusion"],"picked":"Kuuga_GouramAttack+1","floor":24.0},{"not_picked":["FormRideDogga+1","Kiva_Frozen+1"],"picked":"FormRideDragon","floor":28.0},{"not_picked":["UnarmedAttack5+1","FormRideAxel"],"picked":"UnarmedAttack3+1","floor":30.0},{"not_picked":["Dragreder","FormRideAxel"],"picked":"FormRide","floor":30.0},{"not_picked":["AutoVajin","FormRideJack"],"picked":"Decade_Illusion","floor":31.0},{"not_picked":["NMDAZYYGL","Kiva_Swallow+1"],"picked":"TimeVent","floor":33.0},{"not_picked":["TimeVent","Kiva_Eat"],"picked":"UnarmedAttack9+1","floor":33.0},{"not_picked":["UnarmedAttack7+1","DenO_Ax"],"picked":"RideBooker_Skill_3","floor":37.0},{"not_picked":["FormRideTitan","FormRide"],"picked":"DenO_Climax+1","floor":39.0},{"not_picked":["FormRidePegasus+1","Decade_Dash2+1"],"picked":"Blade_Kick+1","floor":39.0},{"not_picked":["KamenRideDecade+1","DragShield"],"picked":"Blade_Mach+1","floor":41.0},{"not_picked":["FormRidePegasus+1","Decade_Dash1"],"picked":"Decade_Dash2+1","floor":44.0},{"not_picked":["NMDAZYYGL","FormRideTitan+1"],"picked":"PrometheusPower","floor":46.0},{"not_picked":["Hibiki_Attack3+1","RideBooker_Skill_3+1"],"picked":"Kiva_Swallow+1","floor":47.0},{"not_picked":["Kiva_Eat","Decade_Invisible+1"],"picked":"Blade_Beat+1","floor":54.0}],"player_experience":286603,"relics_obtained":[{"floor":8.0,"key":"Molten Egg 2"},{"floor":9.0,"key":"White Beast Statue"},{"floor":24.0,"key":"Bottled Lightning"},{"floor":24.0,"key":"Darkstone Periapt"},{"floor":26.0,"key":"PreservedInsect"},{"floor":30.0,"key":"Eternal Feather"},{"floor":30.0,"key":"Old Coin"},{"floor":34.0,"key":"Happy Flower"},{"floor":34.0,"key":"Frozen Egg 2"},{"floor":34.0,"key":"Shovel"},{"floor":40.0,"key":"War Paint"},{"floor":40.0,"key":"Dream Catcher"},{"floor":43.0,"key":"Gremlin Horn"},{"floor":54.0,"key":"Bag of Preparation"},{"floor":54.0,"key":"Turnip"}],"event_choices":[{"damage_healed":0.0,"max_hp_gain":0.0,"max_hp_loss":0.0,"gold_gain":100.0,"event_name":"Golden Shrine","player_choice":"Pray","floor":6.0,"gold_loss":0.0,"damage_taken":0.0},{"damage_healed":0.0,"max_hp_gain":0.0,"max_hp_loss":0.0,"gold_gain":0.0,"event_name":"Liars Game","player_choice":"Ignored","floor":14.0,"gold_loss":0.0,"damage_taken":0.0},{"damage_healed":0.0,"max_hp_gain":0.0,"max_hp_loss":0.0,"gold_gain":0.0,"event_name":"Ghosts","player_choice":"Ignored","floor":19.0,"gold_loss":0.0,"damage_taken":0.0},{"damage_healed":0.0,"max_hp_gain":5.0,"max_hp_loss":0.0,"gold_gain":0.0,"event_name":"Forgotten Altar","player_choice":"Shed Blood","floor":20.0,"gold_loss":0.0,"damage_taken":18.0},{"damage_healed":0.0,"max_hp_gain":0.0,"max_hp_loss":0.0,"gold_gain":0.0,"event_name":"N\u0027loth","player_choice":"Traded Relic","floor":22.0,"relics_lost":["Omamori"],"gold_loss":0.0,"damage_taken":0.0,"relics_obtained":["Nloth\u0027s Gift"]},{"damage_healed":0.0,"max_hp_gain":0.0,"max_hp_loss":0.0,"gold_gain":0.0,"event_name":"Duplicator","player_choice":"Copied","floor":29.0,"gold_loss":0.0,"damage_taken":0.0,"cards_obtained":["Blade_Metal"]},{"damage_healed":0.0,"max_hp_gain":0.0,"max_hp_loss":0.0,"gold_gain":0.0,"event_name":"Mysterious Sphere","player_choice":"Ignored","floor":36.0,"gold_loss":0.0,"damage_taken":0.0},{"damage_healed":0.0,"max_hp_gain":0.0,"max_hp_loss":0.0,"gold_gain":0.0,"event_name":"Accursed Blacksmith","player_choice":"Forge","floor":38.0,"gold_loss":0.0,"damage_taken":0.0,"cards_upgraded":["RideBooker_Skill_3"]},{"cards_removed":["FormRideDragon"],"damage_healed":0.0,"max_hp_gain":0.0,"max_hp_loss":0.0,"gold_gain":0.0,"event_name":"Purifier","player_choice":"Purged","floor":45.0,"gold_loss":0.0,"damage_taken":0.0}],"is_beta":false,"boss_relics":[{"not_picked":["Runic Dome","Sozu"],"picked":"Black Star"},{"not_picked":["Cursed Key","Velvet Choker"],"picked":"Calling Bell"}],"items_purged_floors":[21,42],"is_endless":false,"potions_floor_spawned":[1,8,11,13,16,18,24,28,30,31,33,35,37,39,40,44,46,47,54],"ascension_level":0}}