{"host":"5icjlaq41ghjcr7h","time":1610867255,"event":{"mods":["AchievementEnabler","BaseMod","Colored Map","Minty Spire (QoL Compilation)","SuperFastMode","everything is the same but u backflip on backflip"],"gold_per_floor":[112,112,112,132,132,167,167,183,183,183,197,222,322,353,353,353,353],"floor_reached":16,"language":"KOR","playtime":441,"items_purged":[],"score":149,"play_id":"98a6da9b-b2e2-45fd-bff5-50dfdd438dc3","local_time":"20210117160735","is_ascension_mode":true,"campfire_choices":[{"data":"Barricade","floor":7,"key":"SMITH"},{"data":"Body Slam","floor":15,"key":"SMITH"}],"circlet_count":0,"master_deck":["Strike_R","Strike_R","Strike_R","Strike_R","Defend_R","Defend_R","Defend_R","Defend_R","Bash","Shrug It Off","Armaments","Barricade+1","Warcry+1","Body Slam+1"],"relics":["Burning Blood","NeowsBlessing","Golden Idol","Matryoshka","Lantern","Toxic Egg 2","Orichalcum"],"acts_visited":["Exordium"],"potions_floor_usage":[12,12,16],"damage_taken":[{"damage":0,"enemies":"Small Slimes","floor":1,"turns":2},{"damage":0,"enemies":"2 Louse","floor":4,"turns":1},{"damage":0,"enemies":"3 Sentries","floor":6,"turns":1},{"damage":17,"enemies":"Cultist","floor":8,"turns":6},{"damage":31,"enemies":"Exordium Wildlife","floor":11,"turns":6},{"damage":4,"enemies":"Red Slaver","floor":12,"turns":4},{"damage":14,"enemies":"Lagavulin","floor":14,"turns":13},{"damage":59,"enemies":"Slime Boss","floor":16,"turns":11}],"seed_played":"-2089073073238206392","potions_obtained":[{"floor":6,"key":"SteroidPotion"},{"floor":8,"key":"FearPotion"},{"floor":11,"key":"Weak Potion"},{"floor":12,"key":"BloodPotion"}],"is_trial":false,"path_per_floor":["M","?","?","M","$","E","R","M","T","?","M","M","?","E","R","B"],"character_chosen":"IRONCLAD","items_purchased":[],"campfire_rested":0,"item_purchase_floors":[],"current_hp_per_floor":[80,60,65,71,71,77,77,66,66,66,41,43,43,35,35,0,0],"gold":353,"neow_bonus":"THREE_ENEMY_KILL","is_daily":false,"chose_seed":false,"campfire_upgraded":2,"win_rate":0.0,"timestamp":1610867255,"path_taken":["M","?","?","M","$","E","R","M","T","?","M","?","?","E","R","BOSS"],"items_purchased_type":[],"build_version":"2020-12-22","purchased_purges":0,"victory":false,"max_hp_per_floor":[80,80,85,85,85,85,85,85,85,85,85,85,85,85,85,85,85],"card_choices":[{"not_picked":["Wild Strike","Burning Pact"],"picked":"Shrug It Off","floor":1},{"not_picked":["Anger","Flex"],"picked":"Armaments","floor":4},{"not_picked":["Wild Strike","Ghostly Armor"],"picked":"Barricade","floor":6},{"not_picked":["Disarm","Hemokinesis","Clash"],"picked":"SKIP","floor":8},{"not_picked":["Searing Blow","Cleave"],"picked":"Warcry+1","floor":11},{"not_picked":["Heavy Blade","Rupture","Twin Strike"],"picked":"SKIP","floor":12},{"not_picked":["Evolve","Warcry+1"],"picked":"Body Slam","floor":14}],"player_experience":142151,"relics_obtained":[{"floor":6,"key":"Matryoshka"},{"floor":9,"key":"Lantern"},{"floor":9,"key":"Toxic Egg 2"},{"floor":14,"key":"Orichalcum"}],"event_choices":[{"damage_healed":0,"gold_gain":0,"player_choice":"Take Damage","damage_taken":20,"relics_obtained":["Golden Idol"],"max_hp_gain":0,"max_hp_loss":0,"event_name":"Golden Idol","floor":2,"gold_loss":0},{"damage_healed":0,"gold_gain":0,"player_choice":"Donut","damage_taken":0,"max_hp_gain":5,"max_hp_loss":0,"event_name":"Big Fish","floor":3,"gold_loss":0},{"cards_removed":["Strike_R"],"damage_healed":0,"gold_gain":0,"player_choice":"Offered Basic","damage_taken":0,"max_hp_gain":0,"max_hp_loss":0,"event_name":"Bonfire Elementals","floor":10,"gold_loss":0},{"damage_healed":0,"gold_gain":100,"player_choice":"Pray","damage_taken":0,"max_hp_gain":0,"max_hp_loss":0,"event_name":"Golden Shrine","floor":13,"gold_loss":0}],"is_beta":false,"boss_relics":[],"items_purged_floors":[],"is_endless":false,"potions_floor_spawned":[6,8,11,12],"killed_by":"Slime Boss","ascension_level":2}}