{"host":"9ndbo4kgsfoemf7y","time":1610875741,"event":{"mods":["AchievementEnabler","BaseMod","Colored Map","DeckTracker","Keyboard Shortcuts","Minty Spire (QoL Compilation)","Permanent Neow","Quick Restart","Relic Stats","StSLib","SuperFastMode"],"gold_per_floor":[19,19,29,43,143,169,169,183,183,183,133,133,167,56,56,186,186,199,218,218,61,85,85,98,98,98],"floor_reached":25,"language":"KOR","playtime":1494,"items_purged":[],"score":285,"play_id":"39901062-0483-41be-a3f7-2547a16deb2b","local_time":"20210117182901","is_ascension_mode":true,"campfire_choices":[{"floor":7.0,"key":"REST"},{"data":"Chaos","floor":10.0,"key":"SMITH"},{"floor":15.0,"key":"REST"},{"data":"Aggregate","floor":23.0,"key":"SMITH"}],"circlet_count":0,"master_deck":["Defend_B","Defend_B","Defend_B","Defend_B","Zap","Dualcast","Leap","Stack","Chaos+1","Defragment","Conserve Battery","Redo","White Noise","Genetic Algorithm","Capacitor","Double Energy","Biased Cognition","Blizzard","Aggregate+1","Writhe","Compile Driver+1","Redo+1"],"relics":["FrozenCore","Toy Ornithopter","Juzu Bracelet","Golden Idol","Eternal Feather","Nunchaku","DataDisk"],"acts_visited":["Exordium","TheCity"],"potions_floor_usage":[24,24],"damage_taken":[{"damage":5.0,"enemies":"2 Louse","floor":1.0,"turns":3.0},{"damage":0.0,"enemies":"Cultist","floor":3.0,"turns":3.0},{"damage":0.0,"enemies":"Jaw Worm","floor":4.0,"turns":4.0},{"damage":59.0,"enemies":"Gremlin Nob","floor":6.0,"turns":6.0},{"damage":6.0,"enemies":"Blue Slaver","floor":8.0,"turns":4.0},{"damage":12.0,"enemies":"3 Sentries","floor":13.0,"turns":10.0},{"damage":34.0,"enemies":"Hexaghost","floor":16.0,"turns":11.0},{"damage":19.0,"enemies":"3 Byrds","floor":18.0,"turns":7.0},{"damage":35.0,"enemies":"Chosen","floor":19.0,"turns":13.0},{"damage":12.0,"enemies":"Snake Plant","floor":22.0,"turns":7.0},{"damage":18,"enemies":"Snecko","floor":24,"turns":6},{"damage":12,"enemies":"Cultist and Chosen","floor":25,"turns":4}],"seed_played":"587604853863974229","potions_obtained":[{"floor":3.0,"key":"SkillPotion"},{"floor":4.0,"key":"SmokeBomb"},{"floor":8.0,"key":"FairyPotion"},{"floor":19.0,"key":"PowerPotion"},{"floor":22.0,"key":"AttackPotion"}],"is_trial":false,"path_per_floor":["M","?","M","M","?","E","R","M","T","R","?","?","E","$","R","B",null,"M","M","?","$","M","R","M","M"],"character_chosen":"DEFECT","items_purchased":["Capacitor","Double Energy","DataDisk"],"campfire_rested":2,"item_purchase_floors":[14,14,21],"current_hp_per_floor":[63,63,63,63,63,4,26,20,20,20,20,20,13,13,42,8,54,35,20,20,20,8,20,12,0,0],"gold":98,"neow_bonus":"TRANSFORM_TWO_CARDS","is_daily":false,"chose_seed":false,"campfire_upgraded":2,"win_rate":0.0,"timestamp":1610875741,"path_taken":["M","?","M","M","?","E","R","?","T","R","?","?","E","?","R","BOSS","M","M","?","$","M","R","M","M"],"items_purchased_type":["Card","Card","Relic"],"build_version":"2020-12-22","purchased_purges":0,"victory":false,"max_hp_per_floor":[75,75,75,75,75,75,75,75,75,75,75,69,69,69,69,69,69,69,69,69,69,69,69,69,69,69],"relic_stats":{"Nunchaku":[0],"counters":[12,77],"Golden Idol":48,"Eternal Feather":21,"Juzu Bracelet":0,"obtain_stats":[{"Nunchaku":20,"DataDisk":21,"Golden Idol":12,"Eternal Feather":13,"Juzu Bracelet":9,"Cracked Core":0,"Toy Ornithopter":6,"FrozenCore":17},{"Nunchaku":9,"DataDisk":9,"Golden Idol":5,"Eternal Feather":6,"Juzu Bracelet":5,"Cracked Core":0,"Toy Ornithopter":4,"FrozenCore":7},{"Nunchaku":60,"DataDisk":60,"Golden Idol":20,"Eternal Feather":30,"Juzu Bracelet":20,"Cracked Core":0,"Toy Ornithopter":16,"FrozenCore":41}],"Toy Ornithopter":15,"FrozenCore":[15]},"card_choices":[{"not_picked":["Beam Cell","Ball Lightning"],"picked":"Chaos","floor":1.0},{"not_picked":["Beam Cell","Turbo"],"picked":"Conserve Battery","floor":3.0},{"not_picked":["Barrage","Hello World"],"picked":"Redo","floor":4.0},{"not_picked":["Redo","Heatsinks","Ball Lightning"],"picked":"SKIP","floor":6.0},{"not_picked":["Redo","Heatsinks","Ball Lightning"],"picked":"SKIP","floor":6.0},{"not_picked":["Ball Lightning","Storm"],"picked":"White Noise","floor":8.0},{"not_picked":["Biased Cognition","Steam"],"picked":"Genetic Algorithm","floor":13.0},{"not_picked":["Core Surge","Creative AI"],"picked":"Biased Cognition","floor":16.0},{"not_picked":["Heatsinks","Glacier"],"picked":"Blizzard","floor":18.0},{"not_picked":["Turbo","Glacier"],"picked":"Aggregate","floor":19.0},{"not_picked":["Skim","Conserve Battery"],"picked":"Compile Driver+1","floor":22.0},{"not_picked":["Blizzard","BootSequence"],"picked":"Redo+1","floor":24}],"player_experience":824256,"relics_obtained":[{"floor":6.0,"key":"Toy Ornithopter"},{"floor":9.0,"key":"Juzu Bracelet"},{"floor":13.0,"key":"Eternal Feather"}],"event_choices":[{"damage_healed":0.0,"max_hp_gain":0.0,"max_hp_loss":0.0,"gold_gain":0.0,"cards_transformed":["Strike_B"],"event_name":"Living Wall","player_choice":"Change","floor":2.0,"gold_loss":0.0,"damage_taken":0.0,"cards_obtained":["Defragment"]},{"damage_healed":0.0,"max_hp_gain":0.0,"max_hp_loss":0.0,"gold_gain":100.0,"event_name":"Golden Shrine","player_choice":"Pray","floor":5.0,"gold_loss":0.0,"damage_taken":0.0},{"cards_removed":["Strike_B"],"damage_healed":0.0,"max_hp_gain":0.0,"max_hp_loss":0.0,"gold_gain":0.0,"event_name":"The Cleric","player_choice":"Card Removal","floor":11.0,"gold_loss":50.0,"damage_taken":0.0},{"damage_healed":0.0,"max_hp_gain":0.0,"max_hp_loss":6.0,"gold_gain":0.0,"event_name":"Golden Idol","player_choice":"Lose Max HP","floor":12.0,"gold_loss":0.0,"damage_taken":0.0,"relics_obtained":["Golden Idol"]},{"damage_healed":0.0,"max_hp_gain":0.0,"max_hp_loss":0.0,"gold_gain":0.0,"event_name":"The Mausoleum","player_choice":"Opened","floor":20.0,"gold_loss":0.0,"damage_taken":0.0,"relics_obtained":["Nunchaku"],"cards_obtained":["Writhe"]}],"is_beta":false,"boss_relics":[{"not_picked":["Coffee Dripper","Ectoplasm"],"picked":"FrozenCore"}],"items_purged_floors":[],"is_endless":false,"potions_floor_spawned":[3,4,8,19,22],"killed_by":"Cultist and Chosen","ascension_level":7}}