{"host":"wbdly04l9mkn9nrc","time":1610866548,"event":{"mods":["AchievementEnabler","BaseMod","BetterRewards","Minty Spire (QoL Compilation)","Replay The Spire","StSLib","[IsaacMod]ÒÔÈö¼âËþ"],"gold_per_floor":[119,129,144,144,59,59,105,133,184,184,214,214,241,259,259,361,361,377,377,147,160,180,180,45,73,73,126,144,144,163,163,163,236,236,252,102,127,166,191,252,252,290,314,366,366,434,7,7,7,31],"floor_reached":51,"language":"ZHS","playtime":2811,"items_purged":["Strike_P","Pain","Replay:Hysterical Blindness"],"score":1859,"play_id":"171085aa-fe23-44b9-80cc-a9d189cd7946","local_time":"20210117145548","is_ascension_mode":true,"campfire_choices":[{"floor":6.0,"key":"REST"},{"data":"BettingIsNotGood","floor":10.0,"key":"SMITH"},{"data":"Eruption","floor":12.0,"key":"SMITH"},{"data":"TalkToTheHand","floor":15.0,"key":"SMITH"},{"data":"Wallop","floor":23.0,"key":"SMITH"},{"floor":32.0,"key":"REST"},{"data":"ForeignInfluence","floor":45.0,"key":"SMITH"},{"data":"Replay:Battleflow","floor":45.0,"key":"SMITH"},{"data":"Scrawl","floor":49,"key":"SMITH"},{"data":"ThirdEye","floor":49,"key":"SMITH"}],"circlet_count":0,"master_deck":["AscendersBane","Strike_P+1","Strike_P+1","Strike_P+1","Defend_P+1","Defend_P+1","Defend_P+1","Eruption+1","Vigilance","BettingIsNotGood+1","TalkToTheHand+1","Adaptation+1","Vengeance","Wallop+1","EmptyBody","Judgement","FearNoEvil+1","ReplayTheSpireMod:IOU","ThirdEye+1","ClearTheMind","DevaForm+1","FollowUp","MentalFortress+1","Scrawl+1","ForeignInfluence+1","BattleHymn+1","BattleHymn+1","Replay:Battleflow+1","InnerPeace","CurseOfTheBell","CutThroughFate","Pot Of Greed","Pot Of Greed","Pot Of Greed","EpicFetus+1"],"relics":["PureWater","HushsDoor","SatanicBible","Pen Nib","Replay:Wax Seal","Vajra","Frozen Egg 2","Habit","Happy Flower","HandDrill","WarpedTongs","Orichalcum","ReplayTheSpireMod:TigerMarble","Replay:Bottled Steam","Pet Ghost","Sundial","Blue Candle","Busted Crown","DeathBook","Kunai","BargainBundle","Question Card","Mirror","MoneyPower","Nilry\u0027s Codex","Calling Bell","Regal Pillow","SharpPlug","ForgetMeNow","Replay:Bandana","Replay:Kaleidoscope","BookOfRevelations","Grinning Jar","Replay:Arrowhead","Art of War","Pantograph"],"acts_visited":["Exordium","TheCity","TheBeyond"],"potions_floor_usage":[],"damage_taken":[{"damage":0.0,"enemies":"Cultist","floor":1.0,"turns":2.0},{"damage":7.0,"enemies":"Jaw Worm","floor":2.0,"turns":2.0},{"damage":0.0,"enemies":"Small Slimes","floor":3.0,"turns":2.0},{"damage":0.0,"enemies":"Gremlin Nob","floor":8.0,"turns":2.0},{"damage":0.0,"enemies":"Replay:BlueRogue","floor":11.0,"turns":2.0},{"damage":0.0,"enemies":"Lagavulin","floor":13.0,"turns":2.0},{"damage":0.0,"enemies":"Looter","floor":14.0,"turns":1.0},{"damage":0.0,"enemies":"Slime Boss","floor":16.0,"turns":3.0},{"damage":0.0,"enemies":"Shell Parasite","floor":18.0,"turns":2.0},{"damage":0.0,"enemies":"3 Byrds","floor":21.0,"turns":4.0},{"damage":0.0,"enemies":"Shelled Parasite and Fungi","floor":22.0,"turns":1.0},{"damage":0.0,"enemies":"Gremlin Leader","floor":25.0,"turns":3.0},{"damage":26.0,"enemies":"Slavers","floor":27.0,"turns":3.0},{"damage":0.0,"enemies":"Cultist and Chosen","floor":28.0,"turns":2.0},{"damage":0.0,"enemies":"Centurion and Healer","floor":30.0,"turns":2.0},{"damage":0.0,"enemies":"Automaton","floor":33.0,"turns":5.0},{"damage":0.0,"enemies":"3 Darklings","floor":35.0,"turns":1.0},{"damage":9.0,"enemies":"3 Shapes","floor":37.0,"turns":2.0},{"damage":0.0,"enemies":"Mind Bloom Boss Battle","floor":38.0,"turns":4.0},{"damage":0.0,"enemies":"Sphere and 2 Shapes","floor":39.0,"turns":1.0},{"damage":0.0,"enemies":"R_Hoarder","floor":40.0,"turns":4.0},{"damage":0.0,"enemies":"3 Darklings","floor":42.0,"turns":3.0},{"damage":16.0,"enemies":"Reptomancer","floor":44.0,"turns":3.0},{"damage":0.0,"enemies":"Giant Head","floor":46.0,"turns":3.0},{"damage":0,"enemies":"Replay:Hell Engine","floor":50,"turns":4}],"seed_played":"-7457714014440342170","potions_obtained":[{"floor":2.0,"key":"StancePotion"},{"floor":14.0,"key":"Swift Potion"},{"floor":18.0,"key":"Dexterity Potion"}],"is_trial":false,"path_per_floor":["M","M","M","?","$","R","T","E","T","R","E","R","E","M","R","B",null,"M","?","$","M","M","R","$","E","T","E","M","?","M","?","R","B",null,"M","$","M","?","M","E","?","M","T","E","R","E","$","?","R","B",null],"character_chosen":"WATCHER","items_purchased":["Pen Nib","Replay:Wax Seal","Vajra","TalkToTheHand","Frozen Egg 2","Adaptation+1","Habit","Happy Flower","Vengeance","HandDrill","Wallop","Elixir","FearNoEvil","Orichalcum","DeathBook","BargainBundle","MentalFortress+1","Scrawl","BlessingOfTheForge","ForeignInfluence","BattleHymn+1","Replay:Bandana","EpicFetus+1","Pantograph"],"campfire_rested":2,"item_purchase_floors":[0,0,0,0,0,0,0,0,0,0,0,0,5,5,17,20,20,20,20,24,24,36,47,47],"current_hp_per_floor":[19,12,12,12,12,32,32,32,32,32,32,32,32,32,32,32,48,53,53,53,53,53,53,53,53,53,27,27,6,6,6,21,21,45,45,45,36,46,46,46,46,46,46,30,30,30,30,30,30,53],"gold":31,"neow_bonus":"","is_daily":false,"chose_seed":false,"campfire_upgraded":8,"win_rate":0.0,"timestamp":1610866548,"path_taken":["M","M","M","?","$","R","?","E","T","R","E","R","E","M","R","BOSS","M","?","$","M","M","R","$","E","T","E","?","?","M","?","R","BOSS","M","$","M","?","M","E","?","M","T","E","R","E","$","?","R","BOSS"],"items_purchased_type":["Relic","Relic","Relic","Card","Relic","Card","Relic","Relic","Card","Relic","Card","Potion","Card","Relic","Relic","Relic","Card","Card","Potion","Card","Card","Relic","Card","Relic"],"build_version":"2020-12-22","purchased_purges":3,"victory":true,"max_hp_per_floor":[68,68,68,68,68,68,68,68,68,68,68,68,68,68,68,68,53,53,53,53,53,53,53,53,53,53,53,53,53,53,53,53,53,53,53,53,53,53,53,53,53,53,53,53,53,53,53,53,53,53],"card_choices":[{"not_picked":[],"picked":"BettingIsNotGood","floor":0.0},{"not_picked":["FlurryOfBlows","Replay:AtTheReady"],"picked":"EmptyBody","floor":1.0},{"not_picked":["Consecrate","FollowUp"],"picked":"Judgement","floor":2.0},{"not_picked":["Indignation","FlyingSleeves"],"picked":"Bomb","floor":3.0},{"not_picked":["SashWhip","BowlingBash"],"picked":"ThirdEye","floor":8.0},{"not_picked":["Judgement","BowlingBash","Replay:AtTheReady"],"picked":"SKIP","floor":11.0},{"not_picked":["Prostrate","Wallop","Worship"],"picked":"SKIP","floor":13.0},{"not_picked":["JustLucky","Weave"],"picked":"ClearTheMind","floor":14.0},{"not_picked":["Omniscience","Replay:LoomingThreat+1"],"picked":"DevaForm+1","floor":16.0},{"not_picked":[],"picked":"FollowUp","floor":18.0},{"not_picked":["Consecrate"],"picked":"SKIP","floor":21.0},{"not_picked":["Prostrate"],"picked":"SKIP","floor":22.0},{"not_picked":["CrushJoints"],"picked":"SKIP","floor":25.0},{"not_picked":["Sanctity"],"picked":"Replay:Battleflow","floor":27.0},{"not_picked":["WreathOfFlame"],"picked":"InnerPeace","floor":28.0},{"not_picked":["Crescendo","WaveOfTheHand"],"picked":"SKIP","floor":30.0},{"not_picked":["EmptyFist","BowlingBash"],"picked":"SKIP","floor":35.0},{"not_picked":["BattleHymn+1"],"picked":"CutThroughFate","floor":37.0},{"not_picked":["Wallop+1","Replay:DivineShield+1"],"picked":"SKIP","floor":39.0},{"not_picked":["Indignation","Prostrate+1"],"picked":"SKIP","floor":40.0},{"not_picked":["SashWhip","Sanctity"],"picked":"SKIP","floor":42.0},{"not_picked":["Evaluate","Study+1"],"picked":"SKIP","floor":44.0},{"not_picked":["Judgement","Wireheading+1"],"picked":"SKIP","floor":46.0}],"player_experience":253137,"relics_obtained":[{"floor":7.0,"key":"ReplayTheSpireMod:TigerMarble"},{"floor":8.0,"key":"Replay:Bottled Steam"},{"floor":9.0,"key":"Pet Ghost"},{"floor":11.0,"key":"Sundial"},{"floor":13.0,"key":"Blue Candle"},{"floor":25.0,"key":"Question Card"},{"floor":26.0,"key":"Mirror"},{"floor":27.0,"key":"MoneyPower"},{"floor":29.0,"key":"Nilry\u0027s Codex"},{"floor":34.0,"key":"Regal Pillow"},{"floor":34.0,"key":"SharpPlug"},{"floor":34.0,"key":"ForgetMeNow"},{"floor":38.0,"key":"Replay:Kaleidoscope"},{"floor":40.0,"key":"BookOfRevelations"},{"floor":43.0,"key":"Grinning Jar"},{"floor":44.0,"key":"Replay:Arrowhead"},{"floor":46.0,"key":"Art of War"}],"event_choices":[{"damage_healed":0.0,"max_hp_gain":0.0,"max_hp_loss":0.0,"gold_gain":0.0,"event_name":"Accursed Blacksmith","player_choice":"Rummage","floor":4.0,"gold_loss":0.0,"damage_taken":0.0,"relics_obtained":["WarpedTongs"],"cards_obtained":["Pain"]},{"damage_healed":0.0,"max_hp_gain":0.0,"max_hp_loss":0.0,"gold_gain":0.0,"event_name":"Cursed Tome","player_choice":"Obtained Book","floor":29.0,"gold_loss":0.0,"damage_taken":21.0},{"damage_healed":0.0,"max_hp_gain":0.0,"max_hp_loss":0.0,"gold_gain":0.0,"event_name":"Back to Basics","player_choice":"Simplicity","floor":31.0,"gold_loss":0.0,"damage_taken":0.0,"cards_upgraded":["Strike_P","Strike_P","Strike_P","Defend_P","Defend_P","Defend_P","Defend_P"]},{"damage_healed":0.0,"max_hp_gain":0.0,"max_hp_loss":0.0,"gold_gain":0.0,"event_name":"MindBloom","player_choice":"Fight","floor":38.0,"gold_loss":0.0,"damage_taken":0.0},{"cards_removed":["Defend_P"],"damage_healed":0.0,"max_hp_gain":0.0,"max_hp_loss":0.0,"gold_gain":0.0,"event_name":"Falling","player_choice":"Removed Skill","floor":41.0,"gold_loss":0.0,"damage_taken":0.0},{"damage_healed":0,"gold_gain":0,"player_choice":"Upgraded","damage_taken":0,"max_hp_gain":0,"max_hp_loss":0,"event_name":"Upgrade Shrine","floor":48,"gold_loss":0,"cards_upgraded":["FearNoEvil"]}],"is_beta":false,"boss_relics":[{"not_picked":["Painkiller Herb","Ring of Chaos"],"picked":"Busted Crown"},{"not_picked":[]},{"not_picked":["SlaversCollar","VioletLotus"],"picked":"Calling Bell"},{"not_picked":[]}],"items_purged_floors":[0,17,20],"is_endless":false,"potions_floor_spawned":[2,14,16,18,22,27,28,35,37,39,40,46],"ascension_level":15}}