{"host":"l60rmjjsfi0fipmi","time":1610898585,"event":{"mods":["BaseMod","Colored Map","DeckTracker","Highlight Path","Minty Spire (QoL Compilation)","StSLib","The Cursed","The Servant 0.9.4"],"gold_per_floor":[368,368,382,401,45,45,71,89,139,176,188,228,251,277,289,402,414,438,450,78,90,102,102,102,127,196,471,485,495,524,540,540,638,638,657,657,670,182,193,211,211,241,241,289,309,309,309,45,45,45],"floor_reached":51,"language":"ENG","playtime":4764,"items_purged":["TheCursedMod:Strike_TheCursed","TheCursedMod:Defend_TheCursed","TheCursedMod:Strike_TheCursed"],"score":967,"play_id":"7d9cafb1-d18e-4b1e-94db-4ccdb608d0f3","local_time":"20210117104945","is_ascension_mode":true,"campfire_choices":[{"data":"TheCursedMod:AbyssShockwave","floor":6,"key":"SMITH"},{"data":"TheCursedMod:Hemoplague","floor":11,"key":"SMITH"},{"floor":15,"key":"REST"},{"data":"TheCursedMod:CollectTribute","floor":23,"key":"SMITH"},{"floor":32,"key":"REST"},{"data":"TheCursedMod:NeowsMight","floor":41,"key":"SMITH"},{"floor":46,"key":"REST"},{"data":"TheCursedMod:HellsGateOpen","floor":49,"key":"SMITH"}],"circlet_count":0,"master_deck":["TheCursedMod:Strike_TheCursed","TheCursedMod:Strike_TheCursed","TheCursedMod:Defend_TheCursed","TheCursedMod:Defend_TheCursed","TheCursedMod:Defend_TheCursed","TheCursedMod:CursedWand+1","TheCursedMod:CleanUpWorkshop","TheCursedMod:Dregs","Decay","TheCursedMod:AbyssShockwave+1","TheCursedMod:SpitefulPray","TheCursedMod:CursedAmulet","TheCursedMod:TacticalStrike","TheCursedMod:Hemoplague+1","TheCursedMod:StingEye","TheCursedMod:FleshFromBone","TheCursedMod:ReleasedStrength","TheCursedMod:HellsGateOpen+1","TheCursedMod:CursedBlade","TheCursedMod:CollectTribute+1","TheCursedMod:Wield+1","TheCursedMod:LuckyCharm","Regret","TheCursedMod:Grudge+1","TheCursedMod:VoidForm","TheCursedMod:NeowsMight+1","TheCursedMod:CursedRelics+1","TheCursedMod:CircleOfCorruption","TheCursedMod:BloodBarrier+1"],"relics":["TheCursedMod:BlackMagic101","Pen Nib","TheCursedMod:Tack","MawBank","Bag of Preparation","Happy Flower","Sozu","Enchiridion","Singing Bowl","Darkstone Periapt","Pear","Regal Pillow","Membership Card","Letter Opener","Vajra","Blue Candle","Kunai","Lizard Tail","Ornamental Fan","Akabeko"],"acts_visited":["Exordium","TheCity","TheBeyond"],"potions_floor_usage":[],"damage_taken":[{"damage":0,"enemies":"2 Louse","floor":1,"turns":3},{"damage":2,"enemies":"Jaw Worm","floor":3,"turns":4},{"damage":3,"enemies":"Cultist","floor":4,"turns":3},{"damage":9,"enemies":"Blue Slaver","floor":8,"turns":2},{"damage":6,"enemies":"Gremlin Nob","floor":10,"turns":4},{"damage":16,"enemies":"Lagavulin","floor":12,"turns":5},{"damage":4,"enemies":"3 Louse","floor":13,"turns":2},{"damage":2,"enemies":"Large Slime","floor":14,"turns":5},{"damage":0,"enemies":"Slime Boss","floor":16,"turns":6},{"damage":4,"enemies":"Chosen","floor":18,"turns":4},{"damage":5,"enemies":"Spheric Guardian","floor":21,"turns":3},{"damage":2,"enemies":"Centurion and Healer","floor":22,"turns":5},{"damage":0,"enemies":"Gremlin Leader","floor":25,"turns":5},{"damage":0,"enemies":"Snecko","floor":28,"turns":4},{"damage":23,"enemies":"Cultist and Chosen","floor":29,"turns":5},{"damage":33,"enemies":"Slavers","floor":30,"turns":3},{"damage":1,"enemies":"Centurion and Healer","floor":31,"turns":3},{"damage":53,"enemies":"Collector","floor":33,"turns":8},{"damage":8,"enemies":"Orb Walker","floor":35,"turns":3},{"damage":1,"enemies":"3 Shapes","floor":37,"turns":3},{"damage":10,"enemies":"3 Darklings","floor":39,"turns":3},{"damage":0,"enemies":"Jaw Worm Horde","floor":40,"turns":2},{"damage":9,"enemies":"Reptomancer","floor":42,"turns":4},{"damage":33,"enemies":"2 Orb Walkers","floor":44,"turns":4},{"damage":1,"enemies":"Sphere and 2 Shapes","floor":45,"turns":3},{"damage":32,"enemies":"Donu and Deca","floor":50,"turns":7}],"seed_played":"6888891486909124027","potions_obtained":[{"floor":3,"key":"SneckoOil"},{"floor":10,"key":"CultistPotion"},{"floor":12,"key":"SpeedPotion"},{"floor":14,"key":"Weak Potion"}],"is_trial":false,"path_per_floor":["M","?","M","M","$","R","T","M","T","E","R","E","M","M","R","B",null,"M","?","$","M","M","R","?","E","T","?","M","M","E","M","R","B",null,"M","?","M","$","M","M","R","E","T","?","M","R","?","$","R","B",null],"character_chosen":"THE_CURSED","items_purchased":["TheCursedMod:TacticalStrike","TheCursedMod:Hemoplague","TheCursedMod:StingEye","Pen Nib","TheCursedMod:LuckyCharm","Singing Bowl","Membership Card","Letter Opener","Vajra","TheCursedMod:CursedRelics","Ornamental Fan","Akabeko"],"campfire_rested":3,"item_purchase_floors":[5,5,5,5,20,20,38,38,38,38,48,48],"current_hp_per_floor":[75,75,73,70,70,70,70,61,61,55,55,39,35,33,55,55,75,71,55,55,52,52,52,78,80,90,96,96,75,44,43,88,35,101,95,95,96,96,86,88,88,81,81,48,49,97,97,97,97,65],"gold":45,"neow_bonus":"TWO_FIFTY_GOLD","is_daily":false,"chose_seed":false,"campfire_upgraded":5,"win_rate":0.0,"timestamp":1610898585,"path_taken":["M","?","M","M","$","R","?","M","T","E","R","E","?","M","R","BOSS","M","?","$","M","M","R","?","E","T","?","M","M","E","M","R","BOSS","M","?","M","$","?","M","R","E","T","?","M","R","?","$","R","BOSS"],"items_purchased_type":["Card","Card","Card","Relic","Card","Relic","Relic","Relic","Relic","Card","Relic","Relic"],"build_version":"2020-12-22","purchased_purges":3,"victory":true,"max_hp_per_floor":[75,75,75,75,75,75,75,75,75,75,75,75,75,75,75,75,75,75,75,75,77,79,79,79,81,91,97,97,99,101,101,101,101,101,103,103,105,105,105,107,107,109,109,109,111,111,111,111,111,111],"card_choices":[{"not_picked":["TheCursedMod:TroublousMinions","TheCursedMod:CircleOfWindfury"],"picked":"TheCursedMod:AbyssShockwave","floor":1},{"not_picked":["TheCursedMod:SpitefulStrike","TheCursedMod:FleshFromBone"],"picked":"TheCursedMod:SpitefulPray","floor":3},{"not_picked":["TheCursedMod:CursedMace","TheCursedMod:CursedShiv"],"picked":"TheCursedMod:CursedAmulet","floor":4},{"not_picked":["TheCursedMod:Evocation","TheCursedMod:SoulCrush"],"picked":"TheCursedMod:FleshFromBone","floor":8},{"not_picked":["TheCursedMod:CircleOfAmplification","TheCursedMod:Wield"],"picked":"TheCursedMod:ReleasedStrength","floor":10},{"not_picked":["TheCursedMod:CircleOfFlame","TheCursedMod:RapidMovement"],"picked":"TheCursedMod:HellsGateOpen","floor":12},{"not_picked":["TheCursedMod:Wield","TheCursedMod:CircleOfFlame"],"picked":"TheCursedMod:CursedBlade","floor":13},{"not_picked":["TheCursedMod:SmokeScreen","TheCursedMod:Hemoplague","TheCursedMod:SpitefulPray"],"picked":"SKIP","floor":14},{"not_picked":["TheCursedMod:ManaCirculation","TheCursedMod:OutForBlood"],"picked":"TheCursedMod:CollectTribute","floor":16},{"not_picked":["TheCursedMod:SpitefulStrike","TheCursedMod:CursedAmulet"],"picked":"TheCursedMod:Wield+1","floor":18},{"not_picked":["TheCursedMod:FuryStrike+1","TheCursedMod:Stretching+1","TheCursedMod:CollectTribute"],"picked":"Singing Bowl","floor":21},{"not_picked":["TheCursedMod:FleshFromBone","TheCursedMod:Wield","TheCursedMod:CircleOfBlood"],"picked":"Singing Bowl","floor":22},{"not_picked":["TheCursedMod:CircleOfBlood+1","TheCursedMod:CursedStaff+1","TheCursedMod:RavingStaff"],"picked":"Singing Bowl","floor":25},{"not_picked":["TheCursedMod:CursedShiv","TheCursedMod:CursedSpellbook"],"picked":"TheCursedMod:Grudge+1","floor":28},{"not_picked":["TheCursedMod:Stretching","TheCursedMod:CursedSpellbook","TheCursedMod:VitalStrike+1"],"picked":"Singing Bowl","floor":29},{"not_picked":["TheCursedMod:CursedMace","TheCursedMod:AbyssShockwave","TheCursedMod:PrepareRite"],"picked":"Singing Bowl","floor":30},{"not_picked":["TheCursedMod:SurpriseAttack","TheCursedMod:RapidMovement"],"picked":"TheCursedMod:VoidForm","floor":31},{"not_picked":["TheCursedMod:DemonicPact","TheCursedMod:ManaCirculation"],"picked":"TheCursedMod:NeowsMight","floor":33},{"not_picked":["TheCursedMod:CursedAmulet","TheCursedMod:Wield+1","TheCursedMod:RavingStaff+1"],"picked":"Singing Bowl","floor":35},{"not_picked":["TheCursedMod:CursedBlade","TheCursedMod:PrepareRite","TheCursedMod:RavingStaff"],"picked":"Singing Bowl","floor":37},{"not_picked":["TheCursedMod:Obscuration","TheCursedMod:PrepareRite"],"picked":"TheCursedMod:CircleOfCorruption","floor":39},{"not_picked":["TheCursedMod:CircleOfFlame+1","TheCursedMod:Neurasthenia","TheCursedMod:RapidMovement+1"],"picked":"Singing Bowl","floor":40},{"not_picked":["TheCursedMod:Stretching+1","TheCursedMod:Evocation","TheCursedMod:Obscuration"],"picked":"Singing Bowl","floor":42},{"not_picked":["TheCursedMod:CircleOfFlame","TheCursedMod:TacticalStrike"],"picked":"TheCursedMod:BloodBarrier+1","floor":44},{"not_picked":["TheCursedMod:Grudge","TheCursedMod:CircleOfCorruption","TheCursedMod:Mangle"],"picked":"Singing Bowl","floor":45}],"player_experience":450966,"relics_obtained":[{"floor":7,"key":"TheCursedMod:Tack"},{"floor":9,"key":"MawBank"},{"floor":10,"key":"Bag of Preparation"},{"floor":12,"key":"Happy Flower"},{"floor":19,"key":"Enchiridion"},{"floor":25,"key":"Darkstone Periapt"},{"floor":26,"key":"Pear"},{"floor":30,"key":"Regal Pillow"},{"floor":42,"key":"Blue Candle"},{"floor":43,"key":"Kunai"},{"floor":44,"key":"Lizard Tail"}],"event_choices":[{"damage_healed":0,"gold_gain":0,"player_choice":"Grow","damage_taken":0,"max_hp_gain":0,"max_hp_loss":0,"event_name":"Living Wall","floor":2,"gold_loss":0,"cards_upgraded":["TheCursedMod:CursedWand"]},{"damage_healed":0,"gold_gain":0,"player_choice":"Obtained Book","damage_taken":16,"max_hp_gain":0,"max_hp_loss":0,"event_name":"Cursed Tome","floor":19,"gold_loss":0},{"damage_healed":26,"gold_gain":0,"player_choice":"Heal","damage_taken":0,"max_hp_gain":0,"max_hp_loss":0,"event_name":"The Library","floor":24,"gold_loss":0},{"damage_healed":0,"gold_gain":275,"player_choice":"Desecrate","damage_taken":0,"max_hp_gain":0,"max_hp_loss":0,"event_name":"Golden Shrine","floor":27,"gold_loss":0,"cards_obtained":["Regret"]},{"damage_healed":0,"gold_gain":0,"player_choice":"Got Potions","damage_taken":0,"max_hp_gain":0,"max_hp_loss":0,"event_name":"Lab","floor":36,"gold_loss":0},{"damage_healed":0,"gold_gain":0,"player_choice":"Fight","damage_taken":0,"max_hp_gain":0,"max_hp_loss":0,"event_name":"Mysterious Sphere","floor":44,"gold_loss":0},{"damage_healed":0,"gold_gain":0,"player_choice":"Forge","damage_taken":0,"max_hp_gain":0,"max_hp_loss":0,"event_name":"Accursed Blacksmith","floor":47,"gold_loss":0,"cards_upgraded":["TheCursedMod:CursedRelics"]}],"is_beta":false,"boss_relics":[{"not_picked":["Busted Crown","Runic Dome"],"picked":"Sozu"},{"not_picked":["Coffee Dripper","Velvet Choker","Fusion Hammer"]}],"items_purged_floors":[20,38,48],"is_endless":false,"potions_floor_spawned":[3,10,12,14,18,28,29,40,45],"ascension_level":1}}