{"host":"0ueeacaatm8t6jyh","time":1610868762,"event":{"mods":["AchievementEnabler","BaseMod","Colored Powertips","Minty Spire (QoL Compilation)","Quick Restart","Rare Cards Sparkle","Shop Mod","StSLib"],"gold_per_floor":[117,117,42,58,73,103,103,114,114,114,114,33,33,33,33,130,130,147,220,230,50,64,64,83,83,83,83,98,98,117,3,3,3,3],"floor_reached":33,"language":"ZHS","playtime":1228,"items_purged":["Strike_P","Strike_P"],"score":368,"play_id":"fa204dc2-161b-43a7-9d55-7af4e07ab7f6","local_time":"20210117153242","is_ascension_mode":true,"campfire_choices":[{"floor":7.0,"key":"REST"},{"data":"Eruption","floor":11.0,"key":"SMITH"},{"data":"Adaptation","floor":15.0,"key":"SMITH"},{"floor":23,"key":"RECALL"},{"data":"Wireheading","floor":32,"key":"SMITH"}],"circlet_count":0,"master_deck":["Strike_P","Defend_P","Defend_P","Eruption+1","Vigilance+1","BowlingBash+1","Indignation","Adaptation+1","Wireheading+1","Scrawl+1","ClearTheMind+1","Blasphemy+1","Evaluate+1","Prostrate+1"],"relics":["PureWater","Tiny Chest","MealTicket","Darkstone Periapt","Toxic Egg 2","SacredBark","The Courier","Mango","White Beast Statue","Potion Belt"],"acts_visited":["Exordium","TheCity"],"potions_floor_usage":[33],"damage_taken":[{"damage":0.0,"enemies":"Small Slimes","floor":1.0,"turns":4.0},{"damage":0.0,"enemies":"Jaw Worm","floor":4.0,"turns":2.0},{"damage":0.0,"enemies":"2 Louse","floor":5.0,"turns":3.0},{"damage":15.0,"enemies":"3 Sentries","floor":6.0,"turns":9.0},{"damage":0.0,"enemies":"Large Slime","floor":8.0,"turns":2.0},{"damage":40.0,"enemies":"Hexaghost","floor":16.0,"turns":7.0},{"damage":7.0,"enemies":"Chosen","floor":18.0,"turns":4.0},{"damage":0,"enemies":"3 Byrds","floor":20,"turns":3},{"damage":0,"enemies":"Snecko","floor":22,"turns":4},{"damage":0,"enemies":"Shelled Parasite and Fungi","floor":24,"turns":1},{"damage":0,"enemies":"Chosen and Byrds","floor":28,"turns":4},{"damage":0,"enemies":"Centurion and Healer","floor":30,"turns":3},{"damage":100059,"enemies":"Champ","floor":33,"turns":10}],"seed_played":"-7436977672561231311","potions_obtained":[{"floor":1.0,"key":"Energy Potion"},{"floor":4.0,"key":"BottledMiracle"},{"floor":20,"key":"Ambrosia"},{"floor":28,"key":"LiquidMemories"}],"is_trial":false,"path_per_floor":["M","?","$","M","M","E","R","M","T","?","R","$","?","?","R","B",null,"M","T","M","$","M","R","M","?","T","T","M","T","M","$","R","B"],"character_chosen":"WATCHER","items_purchased":["Adaptation","Evaluate+1","LiquidMemories","Potion Belt"],"campfire_rested":1,"item_purchase_floors":[12,21,21,31],"current_hp_per_floor":[47,33,33,33,33,18,39,39,39,27,27,42,42,42,42,2,55,48,48,48,63,63,63,63,50,50,64,64,64,64,79,79,0,0],"gold":3,"neow_bonus":"REMOVE_TWO","is_daily":false,"chose_seed":false,"campfire_upgraded":3,"win_rate":0.0,"timestamp":1610868762,"path_taken":["M","?","$","M","M","E","R","M","T","?","R","$","?","?","R","BOSS","M","?","M","$","M","R","?","?","T","?","M","?","M","$","R","BOSS"],"items_purchased_type":["Card","Card","Potion","Relic"],"build_version":"2020-12-22","purchased_purges":2,"victory":false,"max_hp_per_floor":[72,72,72,72,72,72,72,72,72,72,72,72,72,72,72,72,72,72,72,72,72,72,72,72,77,77,91,91,91,91,91,91,91,91],"card_choices":[{"not_picked":["Study","BattleHymn"],"picked":"BowlingBash","floor":1.0},{"not_picked":["EmptyBody","PathToVictory","JustLucky"],"picked":"SKIP","floor":4.0},{"not_picked":["Nirvana","CrushJoints","WindmillStrike"],"picked":"SKIP","floor":5.0},{"not_picked":["Halt","ThirdEye"],"picked":"Indignation","floor":6.0},{"not_picked":["Halt","FlurryOfBlows","SashWhip"],"picked":"SKIP","floor":8.0},{"not_picked":["SpiritShield+1","Judgement+1"],"picked":"Scrawl+1","floor":16.0},{"not_picked":["EmptyBody+1","PathToVictory+1"],"picked":"ClearTheMind+1","floor":18.0},{"not_picked":["Prostrate+1","ThirdEye+1"],"picked":"Blasphemy+1","floor":20},{"not_picked":["Consecrate","FlurryOfBlows","DeceiveReality+1"],"picked":"SKIP","floor":22},{"not_picked":["Evaluate+1","Consecrate","EmptyFist"],"picked":"SKIP","floor":24},{"not_picked":["FollowUp","PathToVictory+1","Prostrate+1"],"picked":"SKIP","floor":28},{"not_picked":["Wireheading+1","ThirdEye+1"],"picked":"Prostrate+1","floor":30}],"player_experience":383480,"relics_obtained":[{"floor":6.0,"key":"Tiny Chest"},{"floor":9.0,"key":"MealTicket"},{"floor":19.0,"key":"The Courier"},{"floor":27,"key":"Mango"},{"floor":29,"key":"White Beast Statue"}],"event_choices":[{"damage_healed":0.0,"max_hp_gain":0.0,"max_hp_loss":0.0,"gold_gain":0.0,"event_name":"Shining Light","player_choice":"Entered Light","floor":2.0,"gold_loss":0.0,"damage_taken":14.0,"cards_upgraded":["Vigilance","BowlingBash"]},{"damage_healed":0.0,"max_hp_gain":0.0,"max_hp_loss":0.0,"gold_gain":0.0,"event_name":"Scrap Ooze","player_choice":"Success","floor":10.0,"gold_loss":0.0,"damage_taken":12.0,"relics_obtained":["Darkstone Periapt"]},{"damage_healed":0.0,"max_hp_gain":0.0,"max_hp_loss":0.0,"gold_gain":0.0,"event_name":"Dead Adventurer","player_choice":"Searched \u00271\u0027 times","floor":13.0,"gold_loss":0.0,"damage_taken":0.0,"relics_obtained":["Toxic Egg 2"]},{"damage_healed":0.0,"max_hp_gain":0.0,"max_hp_loss":0.0,"gold_gain":0.0,"cards_transformed":["Defend_P"],"event_name":"Living Wall","player_choice":"Change","floor":14.0,"gold_loss":0.0,"damage_taken":0.0,"cards_obtained":["Wireheading"]},{"damage_healed":0,"gold_gain":0,"player_choice":"Shed Blood","damage_taken":18,"max_hp_gain":5,"max_hp_loss":0,"event_name":"Forgotten Altar","floor":25,"gold_loss":0}],"is_beta":false,"boss_relics":[{"not_picked":["Busted Crown","Astrolabe"],"picked":"SacredBark"}],"items_purged_floors":[3,21],"is_endless":false,"potions_floor_spawned":[1,4,20,28,30],"killed_by":"Champ","ascension_level":8}}