{"host":"xj2wyr3bqqv4irjd","time":1610899130,"event":{"mods":["Act Like it!","Aspiration","BaseMod","DeckTracker","Highlight Path","Jorbs\u0027s Wanderer Trilogy","Koishi","Lobotomy","LobotomyExtend","Marisa£®ÏF”Í°°ƒß¿Ì…≥£©","Minty Spire (QoL Compilation)","Quick Restart","Rare Cards Sparkle","Reimu£®≤©¿ˆ¡È√Œ£©","Remilia£®¿Ÿ√◊¿Ú—«£©","Replay The Spire","SIMod","StSLib","Td1madao Mod","The Animator","WarShipGirlsR/’ΩΩ¢…Ÿ≈ÆR mod","Yakumo Yukari mod"],"gold_per_floor":[116,116,128,153,153,153,167,167,167,167,167,193,211,237,237,342,342,361,99,99,115,30,30,30,30],"floor_reached":24,"language":"ZHS","playtime":1922,"items_purged":["SpecialBullet"],"score":227,"play_id":"98e15247-7024-4032-921c-0cb06f1959b4","local_time":"20210117235850","is_ascension_mode":false,"campfire_choices":[],"circlet_count":0,"master_deck":["SpecialBullet","SpecialBullet","SpecialBullet","SpecialBullet","SpecialBullet","SpecialBullet","SecurityCode","InformationCode","WelfareCode","WristCuter","SingingMachine","CherryBlossom","MeatLantern","Hypocrisy","ShyLook","Lamp+9","RedShoes","Soda","Murderer","OldLady","Amita","Wellcheers","Twilight","BearPaw","Apotheosis","Mercenary","Noise+1"],"relics":["CogitoBucket","LetterFromLob","Replay:Bottled Snecko","Girya","ScarletDevilRocket","Replay:Bronze Core","FleshIdol","ReplayFunnel"],"acts_visited":["Exordium","TheCity"],"potions_floor_usage":[],"damage_taken":[{"damage":11.0,"enemies":"Jaw Worm","floor":1.0,"turns":2.0},{"damage":9.0,"enemies":"Small Slimes","floor":3.0,"turns":2.0},{"damage":4.0,"enemies":"2 Louse","floor":7.0,"turns":2.0},{"damage":15.0,"enemies":"3 Sentries","floor":12.0,"turns":6.0},{"damage":20.0,"enemies":"2 Fungi Beasts","floor":13.0,"turns":3.0},{"damage":26.0,"enemies":"Gremlin Nob","floor":14.0,"turns":3.0},{"damage":44.0,"enemies":"The Guardian","floor":16.0,"turns":9.0},{"damage":28,"enemies":"Shell Parasite","floor":18,"turns":6},{"damage":5,"enemies":"Chosen","floor":21,"turns":3},{"damage":129,"enemies":"Gremlin Leader","floor":24,"turns":5}],"seed_played":"-177339745040831670","potions_obtained":[{"floor":1.0,"key":"ColorlessPotion"},{"floor":3.0,"key":"SkillPotion"},{"floor":12.0,"key":"Explosive Potion"},{"floor":14.0,"key":"EssenceOfSteel"},{"floor":21,"key":"Energy Potion"}],"is_trial":false,"path_per_floor":["M","?","M","?","?","R","M","R","T","?","R","E","M","E","R","B",null,"M","$","?","M","?","R","E"],"character_chosen":"Angela","items_purchased":["Apotheosis"],"campfire_rested":0,"item_purchase_floors":[19],"current_hp_per_floor":[67,70,69,69,74,74,75,75,75,75,75,72,69,61,61,43,91,81,81,81,95,95,95,0,0],"gold":30,"neow_bonus":"THREE_CARDS","is_daily":false,"chose_seed":false,"campfire_upgraded":0,"win_rate":0.0,"timestamp":1610899130,"path_taken":["M","?","M","?","?","R","M","R","T","?","R","E","M","E","R","BOSS","M","$","?","M","?","R","E"],"items_purchased_type":["Card"],"build_version":"2020-12-22","purchased_purges":1,"victory":false,"max_hp_per_floor":[70,70,70,70,75,75,75,75,75,75,75,79,83,87,87,91,91,91,91,91,95,95,95,95,95],"card_choices":[{"not_picked":["Penitence","Noise"],"picked":"WristCuter","floor":0.0},{"not_picked":["CherryBlossoms","Wellcheers"],"picked":"SingingMachine","floor":1.0},{"not_picked":["Loneliness"],"picked":"CherryBlossom","floor":1.0},{"not_picked":["LongBird","HeroicMonk"],"picked":"MeatLantern","floor":3.0},{"not_picked":["BloodyDesire"],"picked":"Hypocrisy","floor":3.0},{"not_picked":["PunishingBird","Scorched"],"picked":"ShyLook","floor":7.0},{"not_picked":["BearPaw"],"picked":"Lamp","floor":7.0},{"not_picked":["QueenBee","FairyFestival"],"picked":"RedShoes","floor":12.0},{"not_picked":["RapturousDream"],"picked":"Soda","floor":12.0},{"not_picked":["FairyFestival","LongBird"],"picked":"Murderer","floor":13.0},{"not_picked":["WristCuter","GrinderMk4"],"picked":"SKIP","floor":13.0},{"not_picked":["MHz","HeroicMonk"],"picked":"OldLady","floor":14.0},{"not_picked":["Lamp"],"picked":"Amita","floor":14.0},{"not_picked":["FairyFestival","Porccubus"],"picked":"Wellcheers","floor":16.0},{"not_picked":["TheSmile"],"picked":"Twilight","floor":16.0},{"not_picked":["CUTE+1"],"picked":"BearPaw","floor":18},{"not_picked":["CherryBlossoms","MHz"],"picked":"Mercenary","floor":21},{"not_picked":["Harvest"],"picked":"Noise+1","floor":21}],"player_experience":537621,"relics_obtained":[{"floor":1.0,"key":"LetterFromLob"},{"floor":9.0,"key":"Replay:Bottled Snecko"},{"floor":12.0,"key":"Girya"},{"floor":14.0,"key":"ScarletDevilRocket"}],"event_choices":[{"damage_healed":0.0,"max_hp_gain":5.0,"max_hp_loss":0.0,"gold_gain":0.0,"event_name":"Big Fish","player_choice":"Donut","floor":5.0,"gold_loss":0.0,"damage_taken":0.0},{"cards_removed":["SpecialBullet"],"damage_healed":0,"gold_gain":0,"player_choice":"Elegance","damage_taken":0,"max_hp_gain":0,"max_hp_loss":0,"event_name":"Back to Basics","floor":20,"gold_loss":0},{"damage_healed":0,"gold_gain":0,"player_choice":"Obtained Relic","damage_taken":0,"relics_obtained":["ReplayFunnel"],"max_hp_gain":0,"max_hp_loss":0,"event_name":"Addict","floor":22,"gold_loss":85}],"is_beta":false,"boss_relics":[{"not_picked":["Replay:Ancient Bell","Kintsugi"],"picked":"Replay:Bronze Core"}],"items_purged_floors":[19],"is_endless":false,"potions_floor_spawned":[1,3,12,14,21],"killed_by":"Gremlin Leader","ascension_level":0}}