{"host":"ied4ms9juizrl48v","time":1610842730,"event":{"mods":["BaseMod","Block Reminder","Colored Map","Colored Powertips","DeckTracker","Highlight Path","Minty Spire (QoL Compilation)","Quick Restart","Random Character Button","StSLib","SuperFastMode"],"gold_per_floor":[118,118,79,51,72,105,105,143,168,12,25,25,25,25,25,123,123,142,142,142,176,190,190,214,214,238,238,65,96,96,114,114,210,210,233,233,566,580,530,530,549,577,577,577,605,633,671,702,714,726,726],"floor_reached":50,"language":"JPN","playtime":2303,"items_purged":["Strike_P","Shame","Writhe"],"score":1308,"play_id":"9c7609fa-2643-470b-a366-80c43f9118b6","local_time":"20210117091850","is_ascension_mode":true,"campfire_choices":[{"data":"BowlingBash","floor":7,"key":"SMITH"},{"data":"Tantrum","floor":12,"key":"SMITH"},{"data":"FlyingSleeves","floor":15,"key":"SMITH"},{"data":"Vault","floor":23,"key":"SMITH"},{"data":"Wallop","floor":30,"key":"SMITH"},{"data":"Wireheading","floor":32,"key":"SMITH"},{"data":"SashWhip","floor":40,"key":"SMITH"},{"data":"Meditate","floor":44,"key":"SMITH"},{"floor":49,"key":"RECALL"}],"circlet_count":0,"master_deck":["AscendersBane","Eruption+1","Vigilance+1","Vengeance","EmptyFist","BowlingBash+1","FollowUp","FlyingSleeves+1","Tantrum+1","DevaForm+1","Scrawl+1","DeceiveReality+1","Swivel+1","Vault+1","SignatureMove","CutThroughFate+1","SashWhip+1","LessonLearned+1","JustLucky","FlurryOfBlows+1","Wallop+1","WheelKick","Wireheading+1","DeusExMachina","ClearTheMind","CutThroughFate+1","Meditate+1","TalkToTheHand","Sanctity"],"relics":["Coffee Dripper","Smiling Mask","Kunai","Pen Nib","Pandora\u0027s Box","War Paint","Red Mask","StoneCalendar","PreservedInsect","Gremlin Horn","VioletLotus","Girya","MawBank","Ancient Tea Set"],"acts_visited":["Exordium","TheCity","TheBeyond"],"potions_floor_usage":[8,11,21,31,35,42,46,47,50,50],"damage_taken":[{"damage":7,"enemies":"2 Louse","floor":1,"turns":3},{"damage":0,"enemies":"Small Slimes","floor":5,"turns":2},{"damage":12,"enemies":"Lagavulin","floor":6,"turns":7},{"damage":9,"enemies":"Gremlin Nob","floor":8,"turns":3},{"damage":7,"enemies":"Jaw Worm","floor":11,"turns":2},{"damage":0,"enemies":"Slime Boss","floor":16,"turns":4},{"damage":0,"enemies":"3 Byrds","floor":18,"turns":2},{"damage":0,"enemies":"Masked Bandits","floor":21,"turns":3},{"damage":2,"enemies":"Spheric Guardian","floor":22,"turns":3},{"damage":18,"enemies":"Snake Plant","floor":24,"turns":3},{"damage":1,"enemies":"Book of Stabbing","floor":29,"turns":4},{"damage":0,"enemies":"Chosen and Byrds","floor":31,"turns":5},{"damage":4,"enemies":"Automaton","floor":33,"turns":7},{"damage":0,"enemies":"3 Darklings","floor":35,"turns":2},{"damage":12,"enemies":"3 Shapes","floor":38,"turns":7},{"damage":29,"enemies":"3 Darklings","floor":41,"turns":5},{"damage":16,"enemies":"Reptomancer","floor":42,"turns":6},{"damage":1,"enemies":"Giant Head","floor":45,"turns":5},{"damage":2,"enemies":"Transient","floor":46,"turns":6},{"damage":0,"enemies":"Reptomancer","floor":47,"turns":4},{"damage":0,"enemies":"Sphere and 2 Shapes","floor":48,"turns":5},{"damage":8,"enemies":"Donu and Deca","floor":50,"turns":1}],"seed_played":"-5545702707223992410","potions_obtained":[{"floor":6,"key":"FearPotion"},{"floor":8,"key":"BottledMiracle"},{"floor":21,"key":"Strength Potion"},{"floor":22,"key":"Weak Potion"},{"floor":29,"key":"EssenceOfSteel"},{"floor":33,"key":"Explosive Potion"},{"floor":42,"key":"LiquidMemories"},{"floor":45,"key":"EssenceOfSteel"},{"floor":46,"key":"EssenceOfSteel"},{"floor":47,"key":"BottledMiracle"}],"is_trial":false,"path_per_floor":["M","?","?","$","M","E","R","E","T","$","M","R","?","$","R","B",null,"M","?","?","?","M","R","M","?","T","?","$","E","R","M","R","B",null,"M","?","?","M","$","R","M","E","T","R","E","M","E","M","R","B"],"character_chosen":"WATCHER","items_purchased":["EmptyFist","Fruit Juice","Wallop","Regen Potion"],"campfire_rested":0,"item_purchase_floors":[4,10,28,28],"current_hp_per_floor":[54,31,31,31,31,19,19,10,10,10,8,8,8,8,8,8,57,57,57,57,57,55,55,37,37,37,37,37,36,36,50,50,46,66,66,66,66,54,54,54,25,9,9,9,8,6,6,6,6,0,0],"gold":726,"neow_bonus":"BOSS_RELIC","is_daily":false,"chose_seed":false,"campfire_upgraded":8,"win_rate":0.0,"timestamp":1610842730,"path_taken":["M","?","?","?","M","E","R","E","T","$","M","R","?","$","R","BOSS","M","?","?","?","?","R","?","?","T","?","?","E","R","M","R","BOSS","M","?","?","?","$","R","?","E","T","R","E","M","E","M","R","BOSS"],"items_purchased_type":["Card","Potion","Card","Potion"],"build_version":"2020-12-22","purchased_purges":3,"victory":false,"max_hp_per_floor":[68,68,68,68,68,68,68,68,68,68,73,73,73,73,73,73,73,73,73,73,73,73,73,73,73,73,73,73,73,73,73,73,73,73,73,73,73,73,73,73,73,73,73,73,73,73,73,73,73,73,73],"card_choices":[{"not_picked":["SashWhip","Collect"],"picked":"Vengeance","floor":1},{"not_picked":["FlurryOfBlows","Perseverance"],"picked":"BowlingBash","floor":5},{"not_picked":["Evaluate","FlyingSleeves"],"picked":"FollowUp","floor":6},{"not_picked":["FollowUp","Alpha"],"picked":"FlyingSleeves","floor":8},{"not_picked":["BowlingBash","JustLucky"],"picked":"Tantrum","floor":11},{"not_picked":["Devotion","Alpha"],"picked":"Scrawl","floor":16},{"not_picked":["Prostrate","FollowUp"],"picked":"SashWhip","floor":18},{"not_picked":["FearNoEvil","Prostrate+1"],"picked":"LessonLearned","floor":21},{"not_picked":["PathToVictory","ReachHeaven"],"picked":"JustLucky","floor":22},{"not_picked":["Crescendo","EmptyFist"],"picked":"FlurryOfBlows","floor":24},{"not_picked":["Evaluate","Protect"],"picked":"WheelKick","floor":29},{"not_picked":["Devotion","Weave"],"picked":"Wireheading","floor":31},{"not_picked":["Omniscience","Blasphemy"],"picked":"DeusExMachina","floor":33},{"not_picked":["Consecrate","Worship","FollowUp"],"picked":"SKIP","floor":35},{"not_picked":["Halt","EmptyBody"],"picked":"ClearTheMind","floor":38},{"not_picked":["BattleHymn","FollowUp"],"picked":"CutThroughFate+1","floor":41},{"not_picked":["SandsOfTime","Nirvana"],"picked":"Meditate","floor":42},{"not_picked":["Fasting2","CarveReality"],"picked":"TalkToTheHand","floor":45},{"not_picked":["SashWhip","PathToVictory"],"picked":"Sanctity","floor":46},{"not_picked":["SandsOfTime","BowlingBash","WindmillStrike"],"picked":"SKIP","floor":47},{"not_picked":["JustLucky","FlyingSleeves+1","WreathOfFlame+1"],"picked":"SKIP","floor":48}],"player_experience":30871,"relics_obtained":[{"floor":6,"key":"Smiling Mask"},{"floor":8,"key":"Kunai"},{"floor":9,"key":"Pen Nib"},{"floor":21,"key":"Red Mask"},{"floor":26,"key":"PreservedInsect"},{"floor":29,"key":"Gremlin Horn"},{"floor":42,"key":"Girya"},{"floor":45,"key":"MawBank"},{"floor":47,"key":"Ancient Tea Set"}],"event_choices":[{"damage_healed":0,"gold_gain":0,"player_choice":"Take Damage","damage_taken":23,"relics_obtained":["Golden Idol"],"max_hp_gain":0,"max_hp_loss":0,"event_name":"Golden Idol","floor":2,"gold_loss":0},{"damage_healed":0,"gold_gain":0,"player_choice":"Left Gold","damage_taken":0,"max_hp_gain":0,"max_hp_loss":0,"event_name":"World of Goop","floor":3,"gold_loss":39},{"damage_healed":0,"gold_gain":0,"cards_transformed":["Strike_P"],"player_choice":"Change","damage_taken":0,"max_hp_gain":0,"max_hp_loss":0,"event_name":"Living Wall","floor":13,"gold_loss":0,"cards_obtained":["DevaForm"]},{"cards_removed":["Crescendo"],"damage_healed":0,"gold_gain":0,"player_choice":"Elegance","damage_taken":0,"max_hp_gain":0,"max_hp_loss":0,"event_name":"Back to Basics","floor":19,"gold_loss":0},{"damage_healed":0,"gold_gain":0,"player_choice":"Stole Relic","damage_taken":0,"relics_obtained":["War Paint"],"max_hp_gain":0,"max_hp_loss":0,"event_name":"Addict","floor":20,"gold_loss":0,"cards_obtained":["Shame"]},{"damage_healed":0,"gold_gain":0,"player_choice":"Fought Bandits","damage_taken":0,"max_hp_gain":0,"max_hp_loss":0,"event_name":"Masked Bandits","floor":21,"gold_loss":0},{"damage_healed":0,"gold_gain":0,"player_choice":"Opened","damage_taken":0,"relics_obtained":["StoneCalendar"],"max_hp_gain":0,"max_hp_loss":0,"event_name":"The Mausoleum","floor":25,"gold_loss":0,"cards_obtained":["Writhe"]},{"damage_healed":0,"gold_gain":0,"player_choice":"Ignored","damage_taken":0,"max_hp_gain":0,"max_hp_loss":0,"event_name":"Cursed Tome","floor":27,"gold_loss":0},{"damage_healed":0,"gold_gain":0,"player_choice":"Ignored","damage_taken":0,"max_hp_gain":0,"max_hp_loss":0,"event_name":"Mysterious Sphere","floor":36,"gold_loss":0},{"damage_healed":0,"gold_gain":333,"player_choice":"Gave Idol","damage_taken":0,"max_hp_gain":0,"max_hp_loss":0,"event_name":"The Moai Head","floor":37,"relics_lost":["Golden Idol"],"gold_loss":0}],"is_beta":false,"boss_relics":[{"not_picked":["Ectoplasm","Empty Cage"],"picked":"Pandora\u0027s Box"},{"not_picked":["Busted Crown","Velvet Choker"],"picked":"VioletLotus"}],"items_purged_floors":[10,28,39],"is_endless":false,"potions_floor_spawned":[6,8,21,22,24,29,33,42,45,46,47],"killed_by":"Donu and Deca","ascension_level":20}}