{"host":"kos1s9q8ffr8fqos","time":1610842374,"event":{"mods":["BaseMod","Bestiary","Better Altar","Better Match","Better Note","Better Sensory Stone","Better Skull","Better Third Choice","Better Vampires","Colored Map","Colored Powertips","Curses Come First","Downfall","Hermit","Infinite Spire","Minty Spire (QoL Compilation)","Quick Restart","Random Character Button","Relic Stats","StSLib","The Blue Laboratory","The Disciple"],"gold_per_floor":[99,117,129,129,129,129,153,163,192,192,192,244,144,172,182,284,284,284,298,317,302,320,336,363,398,418,451,451,99,131,44,73,182,182,82,111,111,139,166,200,224,267,279,323,185,213,213,249,273,273],"floor_reached":51,"language":"ENG","playtime":4519,"items_purged":["bronze:Strike","Parasite"],"score":1290,"play_id":"4c4f39d6-b1cf-48db-a725-bc7d9a10276f","local_time":"20210116181254","is_ascension_mode":false,"campfire_choices":[{"data":"bronze:Replicate","floor":1,"key":"SMITH"},{"data":"infinitespire:Starlight","floor":6,"key":"SMITH"},{"data":"bronze:HardenedForm","floor":13,"key":"SMITH"},{"data":"bronze:Format","floor":18,"key":"SMITH"},{"data":"bronze:FineTuning","floor":35,"key":"SMITH"},{"data":"bronze:AlphaBuild","floor":47,"key":"SMITH"}],"circlet_count":0,"master_deck":["bronze:Strike","bronze:Strike","bronze:Strike","bronze:Defend","bronze:Defend","bronze:Defend","bronze:Defend","bronze:Replicate+1","bronze:Goto","bronze:WhirlingStrike","bronze:HardenedForm+1","infinitespire:Starlight+1","bronze:Spike","bronze:DazingPulse","bronze:Safeguard","bronze:ChildClass","bronze:Format+1","bronze:ForLoop","bronze:Boost","bronze:Repulsor","bronze:Assembly","bronze:DarkDash+1","bronze:Flail+1","bronze:Shield+1","bronze:Philosophize","bronze:DarkDash+1","bronze:GetLatest","bronze:Iterate+1","bronze:HardenedForm","bronze:Invalidate+1","bronze:Shell+1","bronze:Shell","bronze:Format","bronze:FineTuning","expansioncontent:DashGenerateEvil","bronze:WildBeam","bronze:FineTuning+1","bronze:FollowUp","bronze:BronzeOrb","bronze:Flail","bronze:FindAndReplace","bronze:ItsAFeature","bronze:FindAndReplace","bronze:AlphaBuild+1","bronze:Iterate+1","bronze:DelayedGuard+1","bronze:Branch+1","bronze:Boost+1","bronze:Optimize","Thinking Ahead","Jack Of All Trades","bronze:Iterate+1","Normality","Shame","downfall:Aged","downfall:Bewildered","bronze:Fortify+1"],"relics":["bronze:BronzeCore","White Beast Statue","Prayer Wheel","Darkstone Periapt","Lantern","downfall:HeartBlessingBlue","Pear","SlaversCollar","Tiny Chest","CeramicFish","Philosopher\u0027s Stone","downfall:HeartBlessingGreen","Bottled Tornado","Strawberry","MawBank","ClockworkSouvenir","Cursed Key"],"acts_visited":["Exordium","TheCity","TheBeyond"],"potions_floor_usage":[10,19,19,20,22,22,25,26,27,29,29,31,33,38,39,40,42,44,44,44,45,46,46,50,50],"damage_taken":[{"damage":2,"enemies":"Small Slimes","floor":2,"turns":4},{"damage":0,"enemies":"2 Louse","floor":3,"turns":2},{"damage":23,"enemies":"2 Louse","floor":5,"turns":6},{"damage":6,"enemies":"Jaw Worm","floor":8,"turns":3},{"damage":1,"enemies":"3 Sentries","floor":9,"turns":5},{"damage":0,"enemies":"Blue Slaver","floor":10,"turns":1},{"damage":0,"enemies":"Lagavulin","floor":14,"turns":6},{"damage":3,"enemies":"Red Slaver","floor":15,"turns":4},{"damage":18,"enemies":"DF_ARCHETYPE_STREAMLINE","floor":16,"turns":9},{"damage":0,"enemies":"3 Byrds","floor":19,"turns":3},{"damage":2,"enemies":"Shell Parasite","floor":20,"turns":5},{"damage":0,"enemies":"downfall:FleeingMerchant","floor":21,"turns":4},{"damage":0,"enemies":"3 Cultists","floor":22,"turns":3},{"damage":2,"enemies":"Chosen and Byrds","floor":23,"turns":6},{"damage":0,"enemies":"Slavers","floor":25,"turns":4},{"damage":12,"enemies":"Snake Plant","floor":26,"turns":4},{"damage":16,"enemies":"Cultist and Chosen","floor":27,"turns":7},{"damage":1,"enemies":"downfall:FleeingMerchant","floor":29,"turns":4},{"damage":0,"enemies":"Snecko","floor":30,"turns":5},{"damage":2,"enemies":"downfall:FleeingMerchant","floor":31,"turns":4},{"damage":0,"enemies":"3 Cultists","floor":32,"turns":2},{"damage":53,"enemies":"SI_MIRROR_ARCHETYPE","floor":33,"turns":12},{"damage":23,"enemies":"3 Shapes","floor":36,"turns":8},{"damage":2,"enemies":"3 Darklings","floor":38,"turns":5},{"damage":48,"enemies":"Writhing Mass","floor":39,"turns":6},{"damage":64,"enemies":"Reptomancer","floor":40,"turns":7},{"damage":46,"enemies":"Transient","floor":42,"turns":5},{"damage":21,"enemies":"Sphere and 2 Shapes","floor":44,"turns":4},{"damage":0,"enemies":"downfall:FleeingMerchant","floor":45,"turns":3},{"damage":7,"enemies":"Jaw Worm Horde","floor":46,"turns":7},{"damage":13,"enemies":"3 Darklings","floor":49,"turns":3},{"damage":6,"enemies":"WA_ARCHETYPE_DIVINITY","floor":50,"turns":9}],"seed_played":"8288920352882392242","potions_obtained":[{"floor":2,"key":"SmokeBomb"},{"floor":14,"key":"DistilledChaos"},{"floor":15,"key":"blueLaboratory:EnragingPotion"},{"floor":16,"key":"Energy Potion"},{"floor":19,"key":"blueLaboratory:AbyssPotion"},{"floor":20,"key":"SteroidPotion"},{"floor":21,"key":"SteroidPotion"},{"floor":22,"key":"Dexterity Potion"},{"floor":23,"key":"LiquidBronze"},{"floor":25,"key":"blueLaboratory:CorrosionFlask"},{"floor":26,"key":"blueLaboratory:AbyssPotion"},{"floor":27,"key":"champ:CounterPotion"},{"floor":29,"key":"blueLaboratory:FruitPunch"},{"floor":30,"key":"Dexterity Potion"},{"floor":31,"key":"blueLaboratory:PhilterOfMotion"},{"floor":32,"key":"blueLaboratory:EnragingPotion"},{"floor":33,"key":"Dexterity Potion"},{"floor":36,"key":"blueLaboratory:Moonshine"},{"floor":38,"key":"blueLaboratory:SavagePotion"},{"floor":39,"key":"Regen Potion"},{"floor":40,"key":"EssenceOfSteel"},{"floor":42,"key":"EntropicBrew"},{"floor":44,"key":"Energy Potion"},{"floor":45,"key":"SpeedPotion"},{"floor":46,"key":"blueLaboratory:LouseDecoction"},{"floor":49,"key":"Explosive Potion"}],"is_trial":false,"path_per_floor":["R","M","M","?","?","R","T","M","E","M","?","T","R","E","M","B",null,"R","M","M","$","M","M","T","E","M","M","?","$","M","$","M","B",null,"R","M","T","M","M","E","T","M","?","M","$","M","R","?","M","B",null],"character_chosen":"THE_AUTOMATON","items_purchased":["bronze:FineTuning","expansioncontent:DashGenerateEvil","bronze:WildBeam","bronze:BronzeOrb","Thinking Ahead","ClockworkSouvenir","Jack Of All Trades"],"campfire_rested":0,"item_purchase_floors":[29,29,29,31,45,45,45],"current_hp_per_floor":[77,75,75,56,43,43,43,52,66,66,35,35,45,70,82,79,97,97,97,95,95,95,97,97,97,85,84,84,97,97,97,97,56,99,99,91,91,99,72,45,45,20,20,33,99,99,99,123,110,119],"gold":273,"neow_bonus":"TEN_PERCENT_HP_BONUS","is_daily":false,"chose_seed":false,"campfire_upgraded":6,"win_rate":0.0,"timestamp":1610842374,"path_taken":["R","M","M","?","?","R","T","M","E","M","?","?","R","E","M","BOSS","R","M","M","$","M","M","T","E","M","M","?","$","?","?","M","BOSS","R","M","?","M","M","E","T","M","?","M","$","M","R","?","M","BOSS"],"items_purchased_type":["Card","Card","Card","Card","Card","Relic","Card"],"build_version":"2020-12-22","purchased_purges":2,"victory":true,"max_hp_per_floor":[77,77,77,77,77,77,77,77,77,77,77,77,87,97,97,97,97,97,97,97,97,97,97,97,97,97,97,97,97,97,99,99,99,99,99,99,99,99,105,112,112,112,112,112,99,99,99,123,123,123],"relic_stats":{"Darkstone Periapt":30,"counters":[32,160],"CeramicFish":270,"Prayer Wheel":16,"Tiny Chest":1,"MawBank":48,"Cursed Key":0,"obtain_stats":[{"Darkstone Periapt":11,"Lantern":12,"bronze:BronzeCore":0,"Pear":14,"CeramicFish":25,"downfall:HeartBlessingGreen":35,"Bottled Tornado":37,"MawBank":41,"Cursed Key":48,"White Beast Statue":9,"ClockworkSouvenir":45,"SlaversCollar":17,"downfall:HeartBlessingBlue":13,"Strawberry":40,"Prayer Wheel":11,"Tiny Chest":24,"Philosopher\u0027s Stone":34},{"Darkstone Periapt":6,"Lantern":6,"bronze:BronzeCore":0,"Pear":7,"CeramicFish":15,"downfall:HeartBlessingGreen":22,"Bottled Tornado":23,"MawBank":26,"Cursed Key":30,"White Beast Statue":5,"ClockworkSouvenir":29,"SlaversCollar":9,"downfall:HeartBlessingBlue":6,"Strawberry":26,"Prayer Wheel":6,"Tiny Chest":14,"Philosopher\u0027s Stone":22},{"Darkstone Periapt":21,"Lantern":21,"bronze:BronzeCore":0,"Pear":27,"CeramicFish":65,"downfall:HeartBlessingGreen":103,"Bottled Tornado":111,"MawBank":129,"Cursed Key":148,"White Beast Statue":20,"ClockworkSouvenir":141,"SlaversCollar":40,"downfall:HeartBlessingBlue":21,"Strawberry":129,"Prayer Wheel":21,"Tiny Chest":61,"Philosopher\u0027s Stone":103}]},"card_choices":[{"not_picked":["bronze:Frontload","bronze:CutThrough"],"picked":"bronze:WhirlingStrike","floor":2},{"not_picked":["bronze:Repulsor","bronze:CutThrough"],"picked":"bronze:HardenedForm","floor":3},{"not_picked":["infinitespire:UltimateForm","infinitespire:FinalStrike"],"picked":"infinitespire:Starlight","floor":4},{"not_picked":[],"picked":"bronze:Spike","floor":5},{"not_picked":[],"picked":"bronze:DazingPulse","floor":5},{"not_picked":["bronze:WildBeam","bronze:Shield"],"picked":"bronze:Safeguard","floor":5},{"not_picked":["bronze:WhirlingStrike","bronze:CutThrough"],"picked":"bronze:ChildClass","floor":8},{"not_picked":["bronze:Frontload","bronze:Philosophize"],"picked":"bronze:Format","floor":9},{"not_picked":["bronze:ClassDefault","bronze:Allocate"],"picked":"bronze:ForLoop","floor":14},{"not_picked":["bronze:DelayedSlice","bronze:NullPointer"],"picked":"bronze:Boost","floor":15},{"not_picked":["bronze:Philosophize","bronze:ChildClass"],"picked":"bronze:Repulsor","floor":15},{"not_picked":["bronze:RecursiveStrike","bronze:AlphaBuild"],"picked":"bronze:Assembly","floor":16},{"not_picked":["bronze:CloningBeam","bronze:BitShift"],"picked":"bronze:DarkDash+1","floor":19},{"not_picked":["bronze:Iterate","bronze:OilSpill"],"picked":"bronze:Flail+1","floor":19},{"not_picked":["bronze:Overheat","bronze:BitShift"],"picked":"bronze:Shield+1","floor":20},{"not_picked":["bronze:Turbo","bronze:DelayedGuard","bronze:Boost"],"picked":"SKIP","floor":20},{"not_picked":["bronze:Overheat","bronze:ForLoop"],"picked":"bronze:Philosophize","floor":21},{"not_picked":["bronze:ForceShield","bronze:ChildClass"],"picked":"bronze:DarkDash+1","floor":22},{"not_picked":["bronze:BugBarrage","bronze:Repulsor+1","bronze:WhirlingStrike"],"picked":"SKIP","floor":22},{"not_picked":["bronze:Overheat","bronze:FollowUp"],"picked":"bronze:GetLatest","floor":23},{"not_picked":["bronze:DelayedSlice","bronze:CloningBeam"],"picked":"bronze:Iterate+1","floor":23},{"not_picked":["bronze:Virus","bronze:DelayedGuard"],"picked":"bronze:HardenedForm","floor":25},{"not_picked":["bronze:ForceShield+1","bronze:Branch"],"picked":"bronze:Invalidate+1","floor":26},{"not_picked":["bronze:ChildClass","bronze:WhirlingStrike+1","bronze:Repulsor"],"picked":"SKIP","floor":26},{"not_picked":["bronze:Turbo","bronze:OilSpill"],"picked":"bronze:Shell+1","floor":27},{"not_picked":["bronze:ChildClass","bronze:Repair+1"],"picked":"bronze:Shell","floor":27},{"not_picked":["bronze:DelayedSlice","bronze:Frontload"],"picked":"bronze:Format","floor":29},{"not_picked":["bronze:BitShift","bronze:ForLoop"],"picked":"bronze:FineTuning","floor":30},{"not_picked":["bronze:Safeguard","bronze:DelayedSlice+1"],"picked":"bronze:FollowUp","floor":30},{"not_picked":["bronze:OilSpill+1","bronze:MaxOutput","bronze:BuggyMess"],"picked":"SKIP","floor":31},{"not_picked":["bronze:Repair+1","bronze:Return"],"picked":"bronze:Flail","floor":32},{"not_picked":["bronze:Shield","bronze:BuggyMess","bronze:Virus"],"picked":"SKIP","floor":32},{"not_picked":["bronze:Format","bronze:SpaghettiCode"],"picked":"bronze:FindAndReplace","floor":33},{"not_picked":["bronze:BronzeArmor","bronze:ChosenStrike+1"],"picked":"bronze:ItsAFeature","floor":36},{"not_picked":["bronze:DelayedGuard+1","bronze:BugBarrage+1","bronze:Iterate"],"picked":"SKIP","floor":36},{"not_picked":["bronze:DelayedGuard+1","bronze:Iterate+1"],"picked":"bronze:FindAndReplace","floor":38},{"not_picked":["bronze:WhirlingStrike","bronze:Overheat","bronze:BuggyMess+1"],"picked":"SKIP","floor":38},{"not_picked":["bronze:FollowUp","bronze:BuggyMess","bronze:Turbo+1"],"picked":"SKIP","floor":39},{"not_picked":["bronze:BugBarrage+1","bronze:Frontload","bronze:Allocate"],"picked":"SKIP","floor":39},{"not_picked":["bronze:BitShift+1","bronze:DelayedSlice"],"picked":"bronze:AlphaBuild","floor":40},{"not_picked":["bronze:WildBeam+1","bronze:Overheat"],"picked":"bronze:Iterate+1","floor":42},{"not_picked":["bronze:Invalidate","bronze:ForLoop"],"picked":"bronze:DelayedGuard+1","floor":42},{"not_picked":["bronze:BronzeOrb","bronze:Frontload"],"picked":"bronze:Branch+1","floor":44},{"not_picked":["bronze:DelayedSlice","bronze:ItsAFeature"],"picked":"bronze:Boost+1","floor":44},{"not_picked":["bronze:BurnOut","bronze:Philosophize+1"],"picked":"bronze:Optimize","floor":45},{"not_picked":["bronze:WildBeam+1","bronze:BugBarrage"],"picked":"bronze:Iterate+1","floor":46},{"not_picked":["bronze:CutThrough+1","bronze:ChildClass","bronze:Invalidate+1"],"picked":"SKIP","floor":46},{"not_picked":["bronze:BugBarrage+1","bronze:Allocate"],"picked":"bronze:Fortify+1","floor":49},{"not_picked":["bronze:Repulsor","bronze:BuggyMess","bronze:Frontload+1"],"picked":"SKIP","floor":49}],"player_experience":1299914,"relics_obtained":[{"floor":9,"key":"White Beast Statue"},{"floor":12,"key":"Lantern"},{"floor":14,"key":"Pear"},{"floor":24,"key":"Tiny Chest"},{"floor":25,"key":"CeramicFish"},{"floor":37,"key":"Bottled Tornado"},{"floor":40,"key":"Strawberry"},{"floor":41,"key":"MawBank"}],"event_choices":[{"damage_healed":0,"gold_gain":1,"player_choice":"Relic Relic ","damage_taken":31,"max_hp_gain":0,"max_hp_loss":0,"event_name":"betterThird:BetterScrap","floor":11,"gold_loss":0,"cards_obtained":["Rampage"]},{"cards_removed":["bronze:Strike"],"damage_healed":0,"gold_gain":0,"player_choice":"Give","damage_taken":0,"max_hp_gain":0,"max_hp_loss":0,"event_name":"betterNote:BetterNote","floor":28,"gold_loss":0,"cards_obtained":["sneckomod:Strike"]},{"damage_healed":0,"gold_gain":0,"player_choice":"Ignored","damage_taken":0,"max_hp_gain":0,"max_hp_loss":0,"event_name":"Mysterious Sphere","floor":43,"gold_loss":0}],"is_beta":false,"boss_relics":[{"not_picked":["Tiny House","Runic Pyramid"],"picked":"SlaversCollar"},{"not_picked":["Coffee Dripper","Sozu"],"picked":"Philosopher\u0027s Stone"}],"items_purged_floors":[29,45],"is_endless":false,"potions_floor_spawned":[2,10,14,15,16,19,20,21,22,23,25,26,27,29,30,31,32,33,36,38,39,40,42,44,45,46,49],"ascension_level":0}}