{"host":"r53pw7z744tg3fxg","time":1610912559,"event":{"mods":["AchievementEnabler","BaseMod","Colored Map","Colored Powertips","Highlight Path","Minty Spire (QoL Compilation)","Quick Restart","Transform Curses"],"gold_per_floor":[111,130,130,148,161,161,195,195,195,195,195],"floor_reached":10,"language":"ENG","playtime":322,"items_purged":[],"score":122,"play_id":"464bd172-2400-40d8-bf5b-57c3c9b33f06","local_time":"20210117124239","is_ascension_mode":true,"campfire_choices":[{"data":"BowlingBash","floor":6,"key":"SMITH"},{"data":"Pray","floor":8,"key":"SMITH"}],"circlet_count":0,"master_deck":["AscendersBane","Strike_P","Strike_P","Strike_P","Strike_P","Defend_P","Defend_P","Defend_P","Defend_P","Eruption+1","Vigilance","BowlingBash+1","WheelKick","Evaluate","PathToVictory","Sanctity","Pray+1"],"relics":["PureWater","Gremlin Horn","Bottled Lightning"],"acts_visited":["Exordium"],"potions_floor_usage":[7,7],"damage_taken":[{"damage":5,"enemies":"Small Slimes","floor":1,"turns":3},{"damage":0,"enemies":"Cultist","floor":2,"turns":2},{"damage":2,"enemies":"Jaw Worm","floor":4,"turns":3},{"damage":1,"enemies":"3 Louse","floor":5,"turns":2},{"damage":17,"enemies":"3 Sentries","floor":7,"turns":5},{"damage":57,"enemies":"Gremlin Nob","floor":10,"turns":3}],"seed_played":"4530553709502352215","potions_obtained":[{"floor":2,"key":"Block Potion"},{"floor":4,"key":"Regen Potion"}],"is_trial":false,"path_per_floor":["M","M","?","M","M","R","E","R","T","E"],"character_chosen":"WATCHER","items_purchased":[],"campfire_rested":0,"item_purchase_floors":[],"current_hp_per_floor":[56,56,56,54,53,53,50,50,50,0,0],"gold":195,"neow_bonus":"THREE_CARDS","is_daily":false,"chose_seed":false,"campfire_upgraded":2,"win_rate":0.0,"timestamp":1610912559,"path_taken":["M","M","?","M","M","R","E","R","T","E"],"items_purchased_type":[],"build_version":"2020-12-22","purchased_purges":0,"victory":false,"max_hp_per_floor":[68,68,68,68,68,68,68,68,68,68,68],"card_choices":[{"not_picked":["Protect","FlurryOfBlows"],"picked":"BowlingBash","floor":0},{"not_picked":["SashWhip","DeceiveReality"],"picked":"WheelKick","floor":1},{"not_picked":["BowlingBash","Crescendo"],"picked":"Evaluate","floor":2},{"not_picked":["SashWhip","CrushJoints"],"picked":"PathToVictory","floor":4},{"not_picked":["ClearTheMind","EmptyMind"],"picked":"Sanctity","floor":5},{"not_picked":["Vengeance","Halt"],"picked":"Pray","floor":7}],"player_experience":1290418,"relics_obtained":[{"floor":7,"key":"Gremlin Horn"},{"floor":9,"key":"Bottled Lightning"}],"event_choices":[{"damage_healed":0,"gold_gain":0,"player_choice":"Forge","damage_taken":0,"max_hp_gain":0,"max_hp_loss":0,"event_name":"Accursed Blacksmith","floor":3,"gold_loss":0,"cards_upgraded":["Eruption"]}],"is_beta":false,"boss_relics":[],"items_purged_floors":[],"is_endless":false,"potions_floor_spawned":[2,4],"killed_by":"Gremlin Nob","ascension_level":16}}