{"host":"6ayekdpky30mcb5q","time":1610914799,"event":{"mods":["Act Like it!","Bard","BaseMod","Colored Map","GifTheSpireLib","Gremlin Mod","Hallownest","Highlight Path","Jorbs\u0027s Wanderer Trilogy","Minty Spire (QoL Compilation)","StSLib","The Bug Knight","WoW Paladin Mod"],"gold_per_floor":[119,119,119,133,150,218,218,268,268,84,134,134,204,214,214,312,312,323,403,453,74,99,59,92,153,153,163,213,213,263,6,6,104,104,115,165,140,59,159,159,170,442,466,492,524,546,123,198,198,198],"floor_reached":51,"language":"ENG","playtime":7880,"items_purged":["bard:Strike"],"score":780,"play_id":"942e546b-9dbf-4647-a692-cc02db6707c1","local_time":"20210117141959","is_ascension_mode":false,"campfire_choices":[{"data":"bard:Heroism","floor":7.0,"key":"SMITH"},{"data":"bard:HarmoniousVoice","floor":12.0,"key":"SMITH"},{"data":"bard:Doot","floor":15.0,"key":"SMITH"},{"data":"bard:Sonata","floor":29,"key":"SMITH"},{"data":"bard:DiscordantVoice","floor":32,"key":"SMITH"},{"data":"bard:SongBolt","floor":40,"key":"SMITH"},{"data":"bard:HarmoniousVoice","floor":49,"key":"SMITH"}],"circlet_count":0,"master_deck":["bard:Strike","bard:Strike","bard:Strike","bard:Defend+1","bard:Defend","bard:Defend","bard:Riposte+1","bard:Inspire","bard:Fermata","bard:CuttingWords+1","bard:Heroism+1","bard:GreaterMagicWeapon","bard:HarmoniousVoice+1","bard:Doot+1","bard:Sonata+1","bard:QuickSong","bard:HideousLaughter","bard:DiscordantVoice+1","bard:Focused","bard:GlyphOfWarding","bard:Thunderwave","bard:DiscordantVoice","bard:GuardPoint+1","bard:GlyphOfWarding+1","bard:Sift","bard:Invisibility+1","CurseOfTheBell","bard:SongBolt+1","bard:Aphasia+1","bard:Gamble+1","bard:FeastOnFear+1","bard:DiscordantVoice+1","bard:HarmoniousVoice+1"],"relics":["bard:PitchPipe","bard:BagPipes","White Beast Statue","SsserpentHead","HornCleat","Philosopher\u0027s Stone","Red Mask","bard:ConductorsBaton","Anchor","Pear","Toxic Egg 2","Calling Bell","Tiny Chest","Pantograph","WingedGreaves","Calipers","MawBank","StrikeDummy","Frozen Eye","Juzu Bracelet"],"acts_visited":["Exordium","TheCity","TheBeyond"],"potions_floor_usage":[35,46],"damage_taken":[{"damage":1.0,"enemies":"Jaw Worm","floor":1.0,"turns":5.0},{"damage":0.0,"enemies":"Small Slimes","floor":4.0,"turns":6.0},{"damage":1.0,"enemies":"Cultist","floor":5.0,"turns":3.0},{"damage":6.0,"enemies":"Large Slime","floor":6.0,"turns":16.0},{"damage":0.0,"enemies":"3 Louse","floor":13.0,"turns":6.0},{"damage":0.0,"enemies":"Gremlin Gang","floor":14.0,"turns":9.0},{"damage":0.0,"enemies":"Slime Boss","floor":16.0,"turns":22.0},{"damage":1.0,"enemies":"Chosen","floor":18.0,"turns":8.0},{"damage":22.0,"enemies":"Masked Bandits","floor":19.0,"turns":9.0},{"damage":0.0,"enemies":"2 Thieves","floor":22.0,"turns":5.0},{"damage":25.0,"enemies":"Gremlin Leader","floor":24.0,"turns":9.0},{"damage":0.0,"enemies":"Shelled Parasite and Fungi","floor":25.0,"turns":7.0},{"damage":0.0,"enemies":"Centurion and Healer","floor":27.0,"turns":10.0},{"damage":0,"enemies":"Colosseum Slavers","floor":28,"turns":6},{"damage":0,"enemies":"Champ","floor":33,"turns":17},{"damage":20,"enemies":"3 Darklings","floor":35,"turns":6},{"damage":0,"enemies":"Mind Bloom Boss Battle","floor":39,"turns":7},{"damage":1,"enemies":"Orb Walker","floor":41,"turns":6},{"damage":0,"enemies":"Maw","floor":44,"turns":12},{"damage":0,"enemies":"Spire Growth","floor":45,"turns":6},{"damage":0,"enemies":"4 Shapes","floor":46,"turns":8},{"damage":53,"enemies":"Awakened One","floor":50,"turns":18}],"seed_played":"-9109957034468103282","potions_obtained":[{"floor":4.0,"key":"SneckoOil"},{"floor":5.0,"key":"EssenceOfSteel"},{"floor":6.0,"key":"AttackPotion"},{"floor":22.0,"key":"PowerPotion"},{"floor":24.0,"key":"Energy Potion"},{"floor":35,"key":"SmokeBomb"},{"floor":46,"key":"SteroidPotion"}],"is_trial":false,"path_per_floor":["M","?","?","M","M","M","R","?","T","$","?","R","M","M","R","B",null,"M","?","?","$","M","?","E","M","T","M","?","R","?","$","R","B",null,"M","?","$","$","?","R","M","?","T","M","M","M","$","T","R","B",null],"character_chosen":"BARD","items_purchased":["bard:HarmoniousVoice","bard:Doot","bard:ConductorsBaton","bard:DiscordantVoice","Anchor","Toxic Egg 2","bard:SongBolt","bard:Aphasia+1","bard:HarmoniousVoice","StrikeDummy","Frozen Eye"],"campfire_rested":0,"item_purchase_floors":[10,10,21,21,21,31,37,38,47,47,47],"current_hp_per_floor":[76,64,64,64,63,57,57,42,42,42,42,42,42,42,42,42,77,76,54,54,54,54,54,39,39,39,39,39,39,39,39,39,39,87,67,67,67,67,87,87,86,86,86,86,86,86,86,86,86,34],"gold":198,"neow_bonus":"TEN_PERCENT_HP_BONUS","is_daily":false,"chose_seed":false,"campfire_upgraded":7,"win_rate":0.0,"timestamp":1610914799,"path_taken":["M","?","?","M","M","?","R","?","T","$","?","R","?","M","R","BOSS","M","?","?","$","?","?","E","?","T","M","?","R","?","$","R","BOSS","M","?","$","$","?","R","M","?","T","M","M","M","$","?","R","BOSS"],"items_purchased_type":["Card","Card","Relic","Card","Relic","Relic","Card","Card","Card","Relic","Relic"],"build_version":"2020-12-22","purchased_purges":1,"victory":true,"max_hp_per_floor":[77,77,77,77,77,77,77,77,77,77,77,77,77,77,77,77,77,77,77,77,77,77,77,87,87,87,87,87,87,87,87,87,87,87,87,87,87,87,87,87,87,87,87,87,87,87,87,87,87,87],"card_choices":[{"not_picked":["bard:FeastOnFear","bard:Thunderwave"],"picked":"bard:Fermata","floor":1.0},{"not_picked":["bard:Fermata","bard:SongBolt"],"picked":"bard:CuttingWords","floor":4.0},{"not_picked":["bard:ViciousMockery","bard:HideousLaughter"],"picked":"bard:Heroism","floor":5.0},{"not_picked":["bard:LingeringPerformance","bard:Thunderwave"],"picked":"bard:GreaterMagicWeapon","floor":6.0},{"not_picked":["bard:MantleOfInspiration","bard:Doot"],"picked":"bard:HideousLaughter","floor":13.0},{"not_picked":["bard:HideousLaughter","bard:BucklerBash"],"picked":"bard:DiscordantVoice","floor":14.0},{"not_picked":["bard:MagnumOpus","bard:SplendidForm"],"picked":"bard:Focused","floor":16.0},{"not_picked":["bard:BucklerBash","bard:SongBolt"],"picked":"bard:GlyphOfWarding","floor":18.0},{"not_picked":["bard:Gamble","bard:QuickSong"],"picked":"bard:Thunderwave","floor":19.0},{"not_picked":["bard:FalseLife","bard:EchoEcho"],"picked":"bard:GuardPoint+1","floor":22.0},{"not_picked":["bard:DervishDance","bard:BottledSong","bard:LingeringPerformance"],"picked":"SKIP","floor":24.0},{"not_picked":["bard:InspiringSong","bard:Demoralize+1"],"picked":"bard:GlyphOfWarding+1","floor":25.0},{"not_picked":["bard:Gamble","bard:TinyHut"],"picked":"bard:Sift","floor":27},{"not_picked":["bard:SplendidForm","bard:Encore+1"],"picked":"bard:Invisibility+1","floor":33},{"not_picked":["bard:ThickOfTheFight","bard:Solo+1"],"picked":"bard:TinyHut+1","floor":35},{"not_picked":["bard:StudiedStrike+1","bard:HideousLaughter+1"],"picked":"bard:Gamble+1","floor":39},{"not_picked":["bard:FirstStrike+1","bard:Fermata+1"],"picked":"bard:FeastOnFear+1","floor":41},{"not_picked":["bard:Aphasia+1","bard:HideousLaughter+1","bard:EchoEcho+1"],"picked":"SKIP","floor":44},{"not_picked":["bard:LingeringEcho+1","bard:Flourish","bard:InspiringSong+1"],"picked":"SKIP","floor":45},{"not_picked":["bard:OffKey","bard:StudiedStrike"],"picked":"bard:DiscordantVoice+1","floor":46}],"player_experience":559590,"relics_obtained":[{"floor":9.0,"key":"HornCleat"},{"floor":19.0,"key":"Red Mask"},{"floor":24.0,"key":"Pear"},{"floor":34,"key":"Tiny Chest"},{"floor":34,"key":"Pantograph"},{"floor":34,"key":"WingedGreaves"},{"floor":39,"key":"Calipers"},{"floor":43,"key":"MawBank"},{"floor":48,"key":"Juzu Bracelet"}],"event_choices":[{"damage_healed":0.0,"max_hp_gain":0.0,"max_hp_loss":0.0,"gold_gain":0.0,"event_name":"Scrap Ooze","player_choice":"Success","floor":2.0,"gold_loss":0.0,"damage_taken":12.0,"relics_obtained":["White Beast Statue"]},{"damage_healed":0.0,"max_hp_gain":0.0,"max_hp_loss":0.0,"gold_gain":0.0,"event_name":"FaceTrader","player_choice":"Trade","floor":3.0,"gold_loss":0.0,"damage_taken":0.0,"relics_obtained":["SsserpentHead"]},{"damage_healed":0.0,"max_hp_gain":0.0,"max_hp_loss":0.0,"gold_gain":0.0,"event_name":"Shining Light","player_choice":"Entered Light","floor":8.0,"gold_loss":0.0,"damage_taken":15.0,"cards_upgraded":["bard:Riposte","bard:CuttingWords"]},{"damage_healed":0.0,"max_hp_gain":0.0,"max_hp_loss":0.0,"gold_gain":0.0,"event_name":"Match and Keep!","player_choice":"2 cards matched","floor":11.0,"gold_loss":0.0,"damage_taken":0.0,"cards_obtained":["bard:Sonata","bard:QuickSong"]},{"damage_healed":0.0,"max_hp_gain":0.0,"max_hp_loss":0.0,"gold_gain":0.0,"event_name":"Masked Bandits","player_choice":"Fought Bandits","floor":19.0,"gold_loss":0.0,"damage_taken":0.0},{"damage_healed":0.0,"max_hp_gain":0.0,"max_hp_loss":0.0,"gold_gain":0.0,"event_name":"Transmorgrifier","player_choice":"Ignored","floor":20.0,"gold_loss":0.0,"damage_taken":0.0},{"cards_removed":["bard:Defend"],"damage_healed":0.0,"max_hp_gain":0.0,"max_hp_loss":0.0,"gold_gain":0.0,"event_name":"Designer","player_choice":"Upgrade and Remove","floor":23.0,"gold_loss":90.0,"damage_taken":0.0,"cards_upgraded":["bard:Defend"]},{"damage_healed":0,"gold_gain":0,"player_choice":"Fight","damage_taken":0,"max_hp_gain":0,"max_hp_loss":0,"event_name":"Colosseum","floor":28,"gold_loss":0},{"damage_healed":0,"gold_gain":0,"player_choice":"Fled From Nobs","damage_taken":0,"max_hp_gain":0,"max_hp_loss":0,"event_name":"Colosseum","floor":28,"gold_loss":0},{"damage_healed":0,"gold_gain":0,"player_choice":"Ignored","damage_taken":0,"max_hp_gain":0,"max_hp_loss":0,"event_name":"Vampires","floor":30,"gold_loss":0},{"cards_removed":["bard:TinyHut"],"damage_healed":0,"gold_gain":0,"player_choice":"Removed Skill","damage_taken":0,"max_hp_gain":0,"max_hp_loss":0,"event_name":"Falling","floor":36,"gold_loss":0},{"damage_healed":0,"gold_gain":0,"player_choice":"Fight","damage_taken":0,"max_hp_gain":0,"max_hp_loss":0,"event_name":"MindBloom","floor":39,"gold_loss":0},{"damage_healed":0,"gold_gain":222,"player_choice":"Wore Mask","damage_taken":0,"max_hp_gain":0,"max_hp_loss":0,"event_name":"Tomb of Lord Red Mask","floor":42,"gold_loss":0}],"is_beta":false,"boss_relics":[{"not_picked":["SacredBark","Black Star"],"picked":"Philosopher\u0027s Stone"},{"not_picked":["Snecko Eye","Runic Dome"],"picked":"Calling Bell"}],"items_purged_floors":[10],"is_endless":false,"potions_floor_spawned":[4,5,6,13,14,16,18,19,22,24,25,27,28,33,35,39,41,44,45,46],"ascension_level":0}}