{"host":"mydft8i2zzydgggw","time":1610843240,"event":{"mods":["AchievementEnabler","BaseMod","BetterRewards","Colored Map","Colored Powertips","DeckTracker","Keyboard Shortcuts","Minty Spire (QoL Compilation)","Rare Cards Sparkle","StSLib","SuperFastMode","everything is the same but u backflip on backflip"],"gold_per_floor":[119,44,59,77,93,93,268,268,293,50,50,63,73,87,87,189,189,200,200,75,75,75,75,85,103,103,118,118,118],"floor_reached":28,"language":"KOR","playtime":665,"items_purged":["Strike_B","Doubt","Strike_B"],"score":318,"play_id":"4d54c912-bab5-4670-8a91-c3003d943158","local_time":"20210117092720","is_ascension_mode":true,"campfire_choices":[{"data":"Zap","floor":6,"key":"SMITH"},{"data":"Dualcast","floor":8,"key":"SMITH"},{"data":"Glacier","floor":15,"key":"SMITH"},{"data":"Biased Cognition","floor":23,"key":"SMITH"}],"circlet_count":0,"master_deck":["AscendersBane","Defend_B","Defend_B","Defend_B","Defend_B","Zap+1","Dualcast+1","Force Field","Glacier+1","Cold Snap","Decay","Echo Form","Gash","Biased Cognition+1","Heatsinks","Core Surge","Consume+1"],"relics":["Cracked Core","Regal Pillow","Oddly Smooth Stone","Medical Kit","Inserter","MealTicket"],"acts_visited":["Exordium","TheCity"],"potions_floor_usage":[5,5,27],"damage_taken":[{"damage":1,"enemies":"Cultist","floor":1,"turns":3},{"damage":12,"enemies":"Small Slimes","floor":3,"turns":3},{"damage":5,"enemies":"2 Louse","floor":4,"turns":3},{"damage":5,"enemies":"Gremlin Gang","floor":5,"turns":5},{"damage":4,"enemies":"Large Slime","floor":12,"turns":7},{"damage":0,"enemies":"2 Fungi Beasts","floor":13,"turns":4},{"damage":3,"enemies":"Blue Slaver","floor":14,"turns":4},{"damage":21,"enemies":"Slime Boss","floor":16,"turns":18},{"damage":12,"enemies":"Shell Parasite","floor":18,"turns":12},{"damage":21,"enemies":"Spheric Guardian","floor":24,"turns":7},{"damage":5,"enemies":"Centurion and Healer","floor":25,"turns":11},{"damage":6,"enemies":"Snecko","floor":27,"turns":6},{"damage":27,"enemies":"Sentry and Sphere","floor":28,"turns":4}],"seed_played":"2432387305519227444","potions_obtained":[{"floor":1,"key":"Explosive Potion"},{"floor":4,"key":"Energy Potion"},{"floor":14,"key":"SpeedPotion"},{"floor":16,"key":"SteroidPotion"},{"floor":25,"key":"Energy Potion"}],"is_trial":false,"path_per_floor":["M","$","M","M","M","R","?","R","T","$","?","M","M","M","R","B",null,"M","?","$","?","?","R","M","M","T","M","M"],"character_chosen":"DEFECT","items_purchased":["Medical Kit"],"campfire_rested":0,"item_purchase_floors":[10],"current_hp_per_floor":[67,67,55,50,45,45,45,45,45,45,45,41,41,38,38,17,61,49,49,49,49,49,49,28,23,23,17,0,0],"gold":118,"neow_bonus":"RANDOM_COMMON_RELIC","is_daily":false,"chose_seed":false,"campfire_upgraded":4,"win_rate":0.0,"timestamp":1610843240,"path_taken":["M","?","M","M","M","R","?","R","T","$","?","?","M","M","R","BOSS","M","?","$","?","?","R","?","M","T","M","M"],"items_purchased_type":["Relic"],"build_version":"2020-12-22","purchased_purges":3,"victory":false,"max_hp_per_floor":[75,75,75,75,75,75,75,75,75,75,75,75,75,75,75,75,75,75,75,75,75,75,75,75,75,75,75,75,75],"card_choices":[{"not_picked":["Aggregate","Go for the Eyes"],"picked":"Force Field","floor":1},{"not_picked":["Compile Driver","Beam Cell","Hologram"],"picked":"SKIP","floor":3},{"not_picked":["White Noise","Turbo"],"picked":"Glacier","floor":4},{"not_picked":["Doom and Gloom","Streamline"],"picked":"Cold Snap","floor":5},{"not_picked":["Storm","Beam Cell","Rebound"],"picked":"SKIP","floor":12},{"not_picked":["Compile Driver","Stack"],"picked":"Echo Form","floor":13},{"not_picked":["Redo","Compile Driver"],"picked":"Gash","floor":14},{"not_picked":["Hyperbeam","Creative AI"],"picked":"Biased Cognition","floor":16},{"not_picked":["Gash","Streamline","Turbo"],"picked":"SKIP","floor":18},{"not_picked":["Self Repair","Fusion","Doom and Gloom"],"picked":"SKIP","floor":24},{"not_picked":["Go for the Eyes","Fusion","Hologram"],"picked":"SKIP","floor":25},{"not_picked":["Barrage","Beam Cell"],"picked":"Consume+1","floor":27}],"player_experience":178762,"relics_obtained":[{"floor":9,"key":"Oddly Smooth Stone"},{"floor":26,"key":"MealTicket"}],"event_choices":[{"damage_healed":0,"gold_gain":175,"player_choice":"AGREE","damage_taken":0,"max_hp_gain":0,"max_hp_loss":0,"event_name":"Liars Game","floor":7,"gold_loss":0,"cards_obtained":["Doubt"]},{"damage_healed":0,"gold_gain":0,"player_choice":"Cursed","damage_taken":0,"max_hp_gain":0,"max_hp_loss":0,"event_name":"Wheel of Change","floor":11,"gold_loss":0,"cards_obtained":["Decay"]},{"damage_healed":0,"gold_gain":0,"cards_transformed":["Strike_B","Strike_B"],"player_choice":"Became Test Subject","damage_taken":0,"max_hp_gain":0,"max_hp_loss":0,"event_name":"Drug Dealer","floor":21,"gold_loss":0,"cards_obtained":["Heatsinks","Core Surge"]},{"damage_healed":0,"gold_gain":0,"player_choice":"Ignored","damage_taken":0,"max_hp_gain":0,"max_hp_loss":0,"event_name":"N\u0027loth","floor":22,"gold_loss":0}],"is_beta":false,"boss_relics":[{"not_picked":["Runic Dome","FrozenCore"],"picked":"Inserter"}],"items_purged_floors":[2,10,20],"is_endless":false,"potions_floor_spawned":[1,4,14,16,25],"killed_by":"Sentry and Sphere","ascension_level":10}}