{"host":"81vb4cbob60wa1na","time":1610915001,"event":{"mods":["BaseMod","Downfall","GifTheSpireLib","Hermit","Highlight Path","Minty Spire (QoL Compilation)","StSLib","The Cursed","The Disciple"],"gold_per_floor":[117,117,167,13,88,88,113,113,113,31,44,63,63,77,77,82,82],"floor_reached":16,"language":"ENG","playtime":316,"items_purged":[],"score":88,"play_id":"b6934920-0bcd-40f7-9624-a57ef492422c","local_time":"20210117152321","is_ascension_mode":false,"campfire_choices":[{"data":"hermit:Snapshot","floor":6,"key":"SMITH"},{"floor":8,"key":"REST"},{"data":"hermit:Glare","floor":15,"key":"SMITH"}],"circlet_count":0,"master_deck":["hermit:Strike_Hermit","hermit:Strike_Hermit","hermit:Strike_Hermit","hermit:Strike_Hermit","hermit:Defend_Hermit","hermit:Defend_Hermit+1","hermit:Defend_Hermit","hermit:Defend_Hermit","hermit:Snapshot+1","hermit:Covet","hermit:Scavenge","hermit:GhostlyPresence+1","Good Instincts","hermit:Ricochet","hermit:Ricochet","hermit:Glare+1"],"relics":["hermit:Momento","Blood Vial","hexamod:BolsterEngine","Pantograph","hermit:Spyglass"],"acts_visited":["Exordium"],"potions_floor_usage":[],"damage_taken":[{"damage":8,"enemies":"2 Louse","floor":1,"turns":2},{"damage":7,"enemies":"Jaw Worm","floor":11,"turns":4},{"damage":0,"enemies":"Cultist","floor":12,"turns":3},{"damage":0,"enemies":"2 Fungi Beasts","floor":14,"turns":2},{"damage":81,"enemies":"Slime Boss","floor":16,"turns":8}],"seed_played":"1335682352384938968","potions_obtained":[],"is_trial":false,"path_per_floor":["M","?","?","$","?","R","T","R","T","$","M","M","?","M","R","B"],"character_chosen":"HERMIT","items_purchased":["Blood Vial","Good Instincts"],"campfire_rested":1,"item_purchase_floors":[4,10],"current_hp_per_floor":[67,52,52,52,41,41,41,63,63,63,58,60,57,59,59,0,0],"gold":82,"neow_bonus":"THREE_CARDS","is_daily":false,"chose_seed":false,"campfire_upgraded":2,"win_rate":0.0,"timestamp":1610915001,"path_taken":["M","?","?","$","?","R","?","R","T","$","M","?","?","M","R","BOSS"],"items_purchased_type":["Relic","Card"],"build_version":"2020-12-22","purchased_purges":0,"victory":false,"max_hp_per_floor":[75,75,75,75,75,75,75,75,75,75,75,75,75,75,75,75,75],"card_choices":[{"not_picked":["hermit:Coalescence","hermit:Showdown"],"picked":"hermit:Scavenge","floor":0},{"not_picked":["hermit:Feint","hermit:CalledShot"],"picked":"hermit:GhostlyPresence","floor":1},{"not_picked":["hermit:Brawl","hermit:Coalescence"],"picked":"hermit:Ricochet","floor":11},{"not_picked":["hermit:HoleUp","hermit:Malice"],"picked":"hermit:Ricochet","floor":12},{"not_picked":["hermit:SprayPray","hermit:Showdown"],"picked":"hermit:Glare","floor":14}],"player_experience":258711,"relics_obtained":[{"floor":7,"key":"hexamod:BolsterEngine"},{"floor":9,"key":"Pantograph"}],"event_choices":[{"damage_healed":0,"gold_gain":0,"player_choice":"Entered Light","damage_taken":15,"max_hp_gain":0,"max_hp_loss":0,"event_name":"Shining Light","floor":2,"gold_loss":0,"cards_upgraded":["hermit:Defend_Hermit","hermit:GhostlyPresence"]},{"damage_healed":0,"gold_gain":50,"player_choice":"Gained Gold","damage_taken":0,"max_hp_gain":0,"max_hp_loss":0,"event_name":"Golden Wing","floor":3,"gold_loss":0},{"damage_healed":0,"gold_gain":75,"player_choice":"Gather Gold","damage_taken":11,"max_hp_gain":0,"max_hp_loss":0,"event_name":"World of Goop","floor":5,"gold_loss":0},{"damage_healed":0,"gold_gain":0,"player_choice":"Success","damage_taken":3,"relics_obtained":["hermit:Spyglass"],"max_hp_gain":0,"max_hp_loss":0,"event_name":"Scrap Ooze","floor":13,"gold_loss":0}],"is_beta":false,"boss_relics":[],"items_purged_floors":[],"is_endless":false,"potions_floor_spawned":[],"killed_by":"Slime Boss","ascension_level":0}}