{"host":"g5ztulhog0otympt","time":1610903319,"event":{"mods":["AchievementEnabler","BaseMod","Downfall","Hermit","Minty Spire (QoL Compilation)","StSLib","The Cursed"],"gold_per_floor":[116,116,116,128,128,141,173,173,173,200,200,214,214,227,227,331,331,344,344,363,65,65,97,97,108,162,162,5,34,46,46,46,148,148,162,175,76,126,126,155,155,155,203,203,60,60,78,29,29,29,29],"floor_reached":50,"language":"ENG","playtime":1914,"items_purged":[],"score":589,"play_id":"72df6d7f-01db-4370-8852-f6ad03372704","local_time":"20210117190839","is_ascension_mode":false,"campfire_choices":[{"floor":8,"key":"REST"},{"data":"Terror","floor":11,"key":"SMITH"},{"data":"Backstab","floor":15,"key":"SMITH"},{"data":"All Out Attack","floor":24,"key":"SMITH"},{"data":"Distraction","floor":27,"key":"SMITH"},{"data":"Dagger Spray","floor":32,"key":"SMITH"},{"floor":44,"key":"REST"},{"data":"1","floor":49,"key":"LIFT"}],"circlet_count":0,"master_deck":["Strike_G","Strike_G","Strike_G","Strike_G","Defend_G","Defend_G","Defend_G","Defend_G+1","Defend_G","Survivor+1","Neutralize","Dramatic Entrance+1","Terror+1","All Out Attack+1","Dagger Spray+1","Escape Plan","Backstab+1","Die Die Die+1","Cloak And Dagger+1","PiercingWail","Distraction+1","Venomology","CurseOfTheBell","Endless Agony","PiercingWail+1"],"relics":["Ring of the Snake","HornCleat","Nunchaku","MealTicket","Philosopher\u0027s Stone","Sling","War Paint","Pen Nib","Bag of Preparation","Lantern","Bottled Flame","Smiling Mask","Calling Bell","Juzu Bracelet","Ninja Scroll","Girya","Prayer Wheel","Ornamental Fan","Boot","Snake Skull"],"acts_visited":["Exordium","TheCity","TheBeyond"],"potions_floor_usage":[10,16,16,23,25,33,33,38,38,40,47,50,50],"damage_taken":[{"damage":0,"enemies":"Small Slimes","floor":1,"turns":2},{"damage":1,"enemies":"Jaw Worm","floor":4,"turns":3},{"damage":0,"enemies":"2 Louse","floor":6,"turns":1},{"damage":17,"enemies":"3 Sentries","floor":7,"turns":4},{"damage":0,"enemies":"Gremlin Nob","floor":10,"turns":3},{"damage":3,"enemies":"Red Slaver","floor":12,"turns":2},{"damage":5,"enemies":"Exordium Wildlife","floor":14,"turns":4},{"damage":31,"enemies":"The Guardian","floor":16,"turns":7},{"damage":0,"enemies":"3 Byrds","floor":18,"turns":2},{"damage":2,"enemies":"Chosen","floor":20,"turns":3},{"damage":0,"enemies":"Slavers","floor":23,"turns":2},{"damage":0,"enemies":"Snake Plant","floor":25,"turns":4},{"damage":0,"enemies":"Gremlin Leader","floor":29,"turns":3},{"damage":0,"enemies":"Sentry and Sphere","floor":30,"turns":1},{"damage":63,"enemies":"Automaton","floor":33,"turns":7},{"damage":1,"enemies":"Orb Walker","floor":35,"turns":2},{"damage":0,"enemies":"3 Shapes","floor":36,"turns":1},{"damage":7,"enemies":"Mind Bloom Boss Battle","floor":38,"turns":6},{"damage":8,"enemies":"Reptomancer","floor":40,"turns":4},{"damage":23,"enemies":"Writhing Mass","floor":47,"turns":8},{"damage":131,"enemies":"Awakened One","floor":50,"turns":18}],"seed_played":"-7510385539107428582","potions_obtained":[{"floor":7,"key":"Energy Potion"},{"floor":10,"key":"Strength Potion"},{"floor":12,"key":"FairyPotion"},{"floor":14,"key":"PowerPotion"},{"floor":16,"key":"ColorlessPotion"},{"floor":20,"key":"Strength Potion"},{"floor":23,"key":"Guardian:BlockOnCardUsePotion"},{"floor":30,"key":"PowerPotion"},{"floor":36,"key":"bronze:BurnAndBuffPotion"}],"is_trial":false,"path_per_floor":["M","?","?","M","?","M","E","R","T","E","R","M","?","M","R","B",null,"M","?","M","$","?","E","R","M","T","R","$","E","M","T","R","B",null,"M","M","$","?","?","E","?","?","T","R","$","?","M","$","R","B"],"character_chosen":"THE_SILENT","items_purchased":["Sling","War Paint","Lantern","FairyPotion","Snake Skull","Explosive Potion"],"campfire_rested":2,"item_purchase_floors":[21,21,28,37,45,48],"current_hp_per_floor":[70,70,70,69,69,69,52,70,70,70,70,67,67,62,62,31,70,70,70,68,70,70,70,70,70,70,70,70,70,70,70,70,7,70,69,69,70,63,56,48,48,48,48,69,70,70,47,62,62,0,0],"gold":29,"neow_bonus":"RANDOM_COLORLESS","is_daily":false,"chose_seed":false,"campfire_upgraded":5,"win_rate":0.0,"timestamp":1610903319,"path_taken":["M","?","?","M","?","M","E","R","T","E","R","M","?","M","R","BOSS","M","?","M","$","?","E","R","M","T","R","$","E","?","?","R","BOSS","M","M","$","?","?","E","?","?","T","R","?","?","M","$","R","BOSS"],"items_purchased_type":["Relic","Relic","Relic","Potion","Relic","Potion"],"build_version":"2020-12-22","purchased_purges":0,"victory":false,"max_hp_per_floor":[70,70,70,70,70,70,70,70,70,70,70,70,70,70,70,70,70,70,70,70,70,70,70,70,70,70,70,70,70,70,70,70,70,70,70,70,70,70,70,70,70,70,70,70,70,70,70,70,70,70,70],"card_choices":[{"not_picked":["Trip","Mind Blast"],"picked":"Dramatic Entrance","floor":0},{"not_picked":["Infinite Blades","Deflect"],"picked":"Terror","floor":1},{"not_picked":["Underhanded Strike","Skewer"],"picked":"All Out Attack","floor":4},{"not_picked":["Leg Sweep","Deadly Poison"],"picked":"Dagger Spray","floor":6},{"not_picked":["Flying Knee","Eviscerate","Dodge and Roll"],"picked":"SKIP","floor":7},{"not_picked":["Distraction","Leg Sweep","Prepared"],"picked":"SKIP","floor":10},{"not_picked":["Dash","Calculated Gamble"],"picked":"Escape Plan","floor":12},{"not_picked":["Eviscerate","Quick Slash"],"picked":"Backstab","floor":14},{"not_picked":["After Image","Corpse Explosion"],"picked":"Die Die Die","floor":16},{"not_picked":["Bouncing Flask","Poisoned Stab"],"picked":"Cloak And Dagger+1","floor":18},{"not_picked":["Leg Sweep","After Image"],"picked":"PiercingWail","floor":20},{"not_picked":["Dagger Throw","Prepared"],"picked":"Distraction","floor":23},{"not_picked":["Eviscerate+1","Underhanded Strike","Distraction"],"picked":"SKIP","floor":25},{"not_picked":["All Out Attack","Noxious Fumes+1","Acrobatics"],"picked":"SKIP","floor":29},{"not_picked":["Quick Slash","Blur","Underhanded Strike"],"picked":"SKIP","floor":30},{"not_picked":["Adrenaline","Burst"],"picked":"Venomology","floor":33},{"not_picked":["Infinite Blades","Tactician"],"picked":"Endless Agony","floor":35},{"not_picked":["Riddle With Holes","Dodge and Roll"],"picked":"PiercingWail+1","floor":36},{"not_picked":["Escape Plan","Poisoned Stab","Backflip+1"],"picked":"SKIP","floor":40},{"not_picked":["Heel Hook","Cloak And Dagger+1","PiercingWail"],"picked":"SKIP","floor":47},{"not_picked":["Cloak And Dagger+1","Eviscerate","Dagger Throw"],"picked":"SKIP","floor":47}],"player_experience":84389,"relics_obtained":[{"floor":7,"key":"HornCleat"},{"floor":9,"key":"Nunchaku"},{"floor":10,"key":"MealTicket"},{"floor":23,"key":"Pen Nib"},{"floor":26,"key":"Bag of Preparation"},{"floor":29,"key":"Bottled Flame"},{"floor":31,"key":"Smiling Mask"},{"floor":34,"key":"Juzu Bracelet"},{"floor":34,"key":"Ninja Scroll"},{"floor":34,"key":"Girya"},{"floor":38,"key":"Prayer Wheel"},{"floor":40,"key":"Ornamental Fan"},{"floor":43,"key":"Boot"}],"event_choices":[{"damage_healed":0,"gold_gain":0,"player_choice":"Leave","damage_taken":0,"max_hp_gain":0,"max_hp_loss":0,"event_name":"The Cleric","floor":2,"gold_loss":0},{"damage_healed":0,"gold_gain":0,"player_choice":"Ignored","damage_taken":0,"max_hp_gain":0,"max_hp_loss":0,"event_name":"Golden Idol","floor":3,"gold_loss":0},{"damage_healed":0,"gold_gain":0,"player_choice":"Grow","damage_taken":0,"max_hp_gain":0,"max_hp_loss":0,"event_name":"Living Wall","floor":5,"gold_loss":0,"cards_upgraded":["Dramatic Entrance"]},{"damage_healed":0,"gold_gain":0,"player_choice":"Ignored","damage_taken":0,"max_hp_gain":0,"max_hp_loss":0,"event_name":"Ghosts","floor":19,"gold_loss":0},{"damage_healed":0,"gold_gain":0,"player_choice":"Forge","damage_taken":0,"max_hp_gain":0,"max_hp_loss":0,"event_name":"Accursed Blacksmith","floor":22,"gold_loss":0,"cards_upgraded":["Die Die Die"]},{"damage_healed":0,"gold_gain":0,"player_choice":"Fight","damage_taken":0,"max_hp_gain":0,"max_hp_loss":0,"event_name":"MindBloom","floor":38,"gold_loss":0},{"damage_healed":0,"gold_gain":0,"player_choice":"Damaged","damage_taken":7,"max_hp_gain":0,"max_hp_loss":0,"event_name":"Wheel of Change","floor":39,"gold_loss":0},{"damage_healed":0,"gold_gain":0,"player_choice":"Memory 1","damage_taken":0,"max_hp_gain":0,"max_hp_loss":0,"event_name":"SensoryStone","floor":41,"gold_loss":0},{"cards_removed":["Strike_G"],"damage_healed":0,"gold_gain":0,"player_choice":"Removed Attack","damage_taken":0,"max_hp_gain":0,"max_hp_loss":0,"event_name":"Falling","floor":42,"gold_loss":0},{"damage_healed":0,"gold_gain":0,"player_choice":"Ignored","damage_taken":0,"max_hp_gain":0,"max_hp_loss":0,"event_name":"NoteForYourself","floor":46,"gold_loss":0}],"is_beta":false,"boss_relics":[{"not_picked":["Cursed Key","Velvet Choker"],"picked":"Philosopher\u0027s Stone"},{"not_picked":["SacredBark","Astrolabe"],"picked":"Calling Bell"}],"items_purged_floors":[],"is_endless":false,"potions_floor_spawned":[7,10,12,14,16,20,23,30,36,38],"killed_by":"Awakened One","ascension_level":0}}