{"host":"id1lehtnb7dzklac","time":1610875683,"event":{"mods":["AchievementEnabler","BaseMod","Block Reminder","Colored Map","Highlight Path","Minty Spire (QoL Compilation)","Permanent Neow","Random Character Button","StSLib","slay the spire mod where everything is the same but ironclad has a cowboy hat"],"gold_per_floor":[110,127,146,17,29,60,60,86,86,117,129,147,166,199,199,302,302,312,322,340,340,265,293,307,340,340,340,85,120,120,120,120,225,225,237,89,139,159,159,185,185,213,213,247,257,290,290,305,305,305,305,305,178,211,211],"floor_reached":56,"language":"ENG","playtime":3228,"items_purged":["Strike_P","Strike_P","CutThroughFate+1"],"score":1564,"play_id":"e54972ca-1a2f-4694-9302-29f8a34deadc","local_time":"20210117172803","is_ascension_mode":true,"campfire_choices":[{"data":"EmptyFist","floor":7.0,"key":"SMITH"},{"data":"Eruption","floor":15.0,"key":"SMITH"},{"data":"TalkToTheHand","floor":30,"key":"SMITH"},{"data":"EmptyMind","floor":32,"key":"SMITH"},{"data":"FlurryOfBlows","floor":41,"key":"SMITH"},{"data":"Tantrum","floor":47,"key":"SMITH"},{"floor":49,"key":"RECALL"},{"data":"CutThroughFate","floor":52,"key":"SMITH"}],"circlet_count":0,"master_deck":["Eruption+1","Vigilance","ThirdEye+1","EmptyFist+1","FlurryOfBlows+1","EmptyFist+1","EmptyBody","DeceiveReality","FlurryOfBlows","FearNoEvil","Halt","Scrawl","EmptyMind+1","TalkToTheHand+1","FlurryOfBlows+1","Halt+1","Tantrum+1","Adaptation+1","FlurryOfBlows","TalkToTheHand+1","Indignation","Vault"],"relics":["Astrolabe","Mango","Orichalcum","Yang","Meat on the Bone","Matryoshka","Sozu","WingedGreaves","Centennial Puzzle","Bronze Scales","Vajra","Gambling Chip","VioletLotus","Frozen Eye","Ginger","The Courier","Question Card","Shuriken","Kunai","Strawberry","White Beast Statue","Sundial"],"acts_visited":["Exordium","TheCity","TheBeyond","TheEnding"],"potions_floor_usage":[55],"damage_taken":[{"damage":1.0,"enemies":"Small Slimes","floor":1.0,"turns":2.0},{"damage":6.0,"enemies":"2 Louse","floor":2.0,"turns":2.0},{"damage":2.0,"enemies":"Jaw Worm","floor":3.0,"turns":2.0},{"damage":0.0,"enemies":"Blue Slaver","floor":5.0,"turns":4.0},{"damage":1.0,"enemies":"Gremlin Nob","floor":6.0,"turns":3.0},{"damage":2.0,"enemies":"Lagavulin","floor":8.0,"turns":4.0},{"damage":6.0,"enemies":"Gremlin Nob","floor":10.0,"turns":3.0},{"damage":0.0,"enemies":"Looter","floor":11.0,"turns":2.0},{"damage":0.0,"enemies":"Lots of Slimes","floor":12.0,"turns":2.0},{"damage":0.0,"enemies":"2 Fungi Beasts","floor":13.0,"turns":2.0},{"damage":8.0,"enemies":"Lagavulin","floor":14.0,"turns":6.0},{"damage":2.0,"enemies":"The Guardian","floor":16.0,"turns":8.0},{"damage":3,"enemies":"Shell Parasite","floor":18,"turns":3},{"damage":0,"enemies":"3 Byrds","floor":19,"turns":3},{"damage":0,"enemies":"Centurion and Healer","floor":20,"turns":4},{"damage":1,"enemies":"Slavers","floor":23,"turns":4},{"damage":0,"enemies":"Sentry and Sphere","floor":24,"turns":3},{"damage":0,"enemies":"Book of Stabbing","floor":25,"turns":3},{"damage":10,"enemies":"Slavers","floor":29,"turns":3},{"damage":1,"enemies":"Champ","floor":33,"turns":7},{"damage":3,"enemies":"3 Shapes","floor":35,"turns":1},{"damage":0,"enemies":"Mind Bloom Boss Battle","floor":37,"turns":3},{"damage":0,"enemies":"Orb Walker","floor":38,"turns":1},{"damage":8,"enemies":"Nemesis","floor":40,"turns":3},{"damage":0,"enemies":"Giant Head","floor":42,"turns":4},{"damage":0,"enemies":"Nemesis","floor":44,"turns":3},{"damage":0,"enemies":"Jaw Worm Horde","floor":45,"turns":2},{"damage":0,"enemies":"Reptomancer","floor":46,"turns":2},{"damage":0,"enemies":"4 Shapes","floor":48,"turns":1},{"damage":7,"enemies":"Time Eater","floor":50,"turns":4},{"damage":0,"enemies":"Shield and Spear","floor":54,"turns":2},{"damage":2,"enemies":"The Heart","floor":55,"turns":5}],"seed_played":"7885012685905551679","potions_obtained":[{"floor":3.0,"key":"AttackPotion"},{"floor":12.0,"key":"EssenceOfSteel"},{"floor":14.0,"key":"Strength Potion"},{"floor":16.0,"key":"SteroidPotion"}],"is_trial":false,"path_per_floor":["M","M","M","$","M","E","R","E","T","E","M","M","M","E","R","B",null,"M","M","M","?","?","E","M","E","T","?","$","E","R","?","R","B",null,"M","$","?","M","?","E","R","E","T","E","M","E","R","M","R","B",null,"R","$","E","B",null],"character_chosen":"WATCHER","items_purchased":["EmptyFist","Vajra","Frozen Eye","Indignation"],"campfire_rested":0,"item_purchase_floors":[4,28,36,53],"current_hp_per_floor":[71,65,63,63,63,76,76,74,74,68,68,68,68,60,60,58,86,83,83,83,83,83,82,82,82,82,82,82,72,72,72,72,71,86,83,83,83,83,82,74,74,74,74,81,81,81,81,81,81,74,89,89,89,89,87],"gold":211,"neow_bonus":"BOSS_RELIC","is_daily":false,"chose_seed":false,"campfire_upgraded":7,"win_rate":0.0,"timestamp":1610875683,"path_taken":["M","M","M","$","M","E","R","E","T","E","M","M","M","E","R","BOSS","M","M","M","?","?","E","?","E","T","?","$","E","R","?","R","BOSS","M","?","?","M","?","E","R","E","T","E","M","E","R","M","R","BOSS","R","$","E","BOSS"],"items_purchased_type":["Card","Relic","Relic","Card"],"build_version":"2020-12-22","purchased_purges":3,"victory":true,"max_hp_per_floor":[72,72,72,72,72,86,86,86,86,86,86,86,86,86,86,86,86,86,86,86,86,86,86,86,86,86,86,86,86,86,86,86,86,86,86,86,86,86,82,82,82,82,82,89,89,89,89,89,89,89,89,89,89,89,89],"card_choices":[{"not_picked":["CrushJoints","PathToVictory"],"picked":"CutThroughFate","floor":1.0},{"not_picked":["BowlingBash","Pray","FollowUp"],"picked":"SKIP","floor":2.0},{"not_picked":["PathToVictory","FollowUp","Prostrate"],"picked":"SKIP","floor":3.0},{"not_picked":["BowlingBash","EmptyBody","ClearTheMind"],"picked":"SKIP","floor":5.0},{"not_picked":["BowlingBash","ClearTheMind"],"picked":"EmptyBody","floor":5.0},{"not_picked":["Weave","ForeignInfluence"],"picked":"DeceiveReality","floor":6.0},{"not_picked":["Brilliance","FollowUp"],"picked":"FlurryOfBlows","floor":8.0},{"not_picked":["WreathOfFlame","PathToVictory"],"picked":"FearNoEvil","floor":10.0},{"not_picked":["CarveReality","Weave","Consecrate"],"picked":"SKIP","floor":11.0},{"not_picked":["InnerPeace","BattleHymn","CarveReality"],"picked":"SKIP","floor":12.0},{"not_picked":["Evaluate","JustLucky","CarveReality"],"picked":"SKIP","floor":13.0},{"not_picked":["Consecrate","Ragnarok"],"picked":"Halt","floor":14.0},{"not_picked":["Brilliance","Devotion"],"picked":"Scrawl","floor":16.0},{"not_picked":["Consecrate","JustLucky","Evaluate"],"picked":"SKIP","floor":18},{"not_picked":["Consecrate","ClearTheMind+1","Crescendo"],"picked":"SKIP","floor":19},{"not_picked":["Prostrate","FlurryOfBlows","Crescendo"],"picked":"SKIP","floor":20},{"not_picked":["Consecrate+1","Conclude"],"picked":"EmptyMind","floor":23},{"not_picked":["Vengeance+1","Scrawl","PathToVictory"],"picked":"SKIP","floor":24},{"not_picked":["CutThroughFate+1","EmptyFist"],"picked":"TalkToTheHand","floor":25},{"not_picked":["Prostrate","Indignation","FlyingSleeves"],"picked":"SKIP","floor":29},{"not_picked":["Prostrate","Indignation","FlyingSleeves"],"picked":"SKIP","floor":29},{"not_picked":["FlyingSleeves","EmptyMind+1","SandsOfTime"],"picked":"SKIP","floor":35},{"not_picked":["Protect","BowlingBash+1"],"picked":"FlurryOfBlows","floor":37},{"not_picked":["Evaluate+1","Ragnarok"],"picked":"Halt+1","floor":38},{"not_picked":["ClearTheMind+1","ReachHeaven+1"],"picked":"Tantrum","floor":40},{"not_picked":["MentalFortress+1","BowlingBash+1"],"picked":"Adaptation+1","floor":42},{"not_picked":["Blasphemy","Conclude+1","Prostrate+1"],"picked":"FlurryOfBlows","floor":44},{"not_picked":["Halt+1","Crescendo","Pray+1"],"picked":"TalkToTheHand+1","floor":45},{"not_picked":["WheelKick","Ragnarok","ThirdEye+1","SashWhip"],"picked":"SKIP","floor":46},{"not_picked":["PathToVictory","EmptyFist","MentalFortress+1","CrushJoints"],"picked":"SKIP","floor":48},{"not_picked":["PathToVictory","EmptyFist","MentalFortress+1","CrushJoints"],"picked":"SKIP","floor":48},{"not_picked":["ReachHeaven+1","EmptyMind+1","Consecrate+1"],"picked":"Vault","floor":54}],"player_experience":222081,"relics_obtained":[{"floor":6.0,"key":"Mango"},{"floor":8.0,"key":"Orichalcum"},{"floor":9.0,"key":"Yang"},{"floor":10.0,"key":"Meat on the Bone"},{"floor":14.0,"key":"Matryoshka"},{"floor":23,"key":"WingedGreaves"},{"floor":25,"key":"Centennial Puzzle"},{"floor":26,"key":"Bronze Scales"},{"floor":29,"key":"Gambling Chip"},{"floor":37,"key":"Ginger"},{"floor":40,"key":"The Courier"},{"floor":42,"key":"Question Card"},{"floor":43,"key":"Shuriken"},{"floor":43,"key":"Kunai"},{"floor":44,"key":"Strawberry"},{"floor":46,"key":"White Beast Statue"},{"floor":54,"key":"Sundial"}],"event_choices":[{"damage_healed":0,"gold_gain":0,"player_choice":"Ignored","damage_taken":0,"max_hp_gain":0,"max_hp_loss":0,"event_name":"The Mausoleum","floor":21,"gold_loss":0},{"cards_removed":["Strike_P"],"damage_healed":0,"gold_gain":0,"player_choice":"Gave Gold","damage_taken":0,"max_hp_gain":0,"max_hp_loss":0,"event_name":"Beggar","floor":22,"gold_loss":75},{"cards_removed":["Defend_P"],"damage_healed":0,"gold_gain":0,"player_choice":"Elegance","damage_taken":0,"max_hp_gain":0,"max_hp_loss":0,"event_name":"Back to Basics","floor":27,"gold_loss":0},{"cards_removed":["Defend_P"],"damage_healed":0,"gold_gain":0,"player_choice":"Purged","damage_taken":0,"max_hp_gain":0,"max_hp_loss":0,"event_name":"Purifier","floor":31,"gold_loss":0},{"damage_healed":0,"gold_gain":0,"player_choice":"Fight","damage_taken":0,"max_hp_gain":0,"max_hp_loss":0,"event_name":"MindBloom","floor":37,"gold_loss":0},{"damage_healed":0,"gold_gain":0,"player_choice":"Max HP","damage_taken":0,"max_hp_gain":0,"max_hp_loss":4,"event_name":"Winding Halls","floor":39,"gold_loss":0}],"is_beta":false,"boss_relics":[{"not_picked":["Velvet Choker","Empty Cage"],"picked":"Sozu"},{"not_picked":["Black Star","Runic Pyramid"],"picked":"VioletLotus"}],"items_purged_floors":[4,28,53],"is_endless":false,"potions_floor_spawned":[3,12,14,16,20,25,35,40,45,46,48,54],"ascension_level":1}}