{"host":"nwjumqsw655htf7s","time":1610887330,"event":{"mods":["BaseMod","Best Route Mod","Bestiary","Better Altar","Better Match","Better Note","Better Sensory Stone","Better Skull","Better Third Choice","Block Reminder","Colored Map","Colored Powertips","Curses Come First","Dark Map","DeckTracker","Minty Spire (QoL Compilation)","StSLib"],"gold_per_floor":[115,115,129,129,141,175,175,200,223,255,274,274,274,19,19,122,122,140,140,152,152,163,163,193,193,193,193,219,219,250,283,283,382,382,395,34,45,45,61,61,61,161,161,161,161,161],"floor_reached":45,"language":"ENG","playtime":6924,"items_purged":["Strike_R"],"score":903,"play_id":"e4e5faa4-1385-4a4a-911d-0f7c3105e38f","local_time":"20210117044210","is_ascension_mode":true,"campfire_choices":[{"data":"Fiend Fire","floor":7,"key":"SMITH"},{"data":"Shockwave","floor":12,"key":"SMITH"},{"data":"Havoc","floor":15,"key":"SMITH"},{"data":"Whirlwind","floor":23,"key":"SMITH"},{"data":"Havoc","floor":29,"key":"SMITH"},{"data":"Demon Form","floor":32,"key":"SMITH"},{"data":"Madness","floor":41,"key":"SMITH"}],"circlet_count":0,"master_deck":["AscendersBane","Strike_R","Strike_R+1","Defend_R+1","Defend_R","Defend_R","Defend_R","Bash","Shockwave+1","Fiend Fire+1","Spot Weakness","Headbutt","Rampage","Burning Pact+1","Inflame+1","Havoc+1","Offering","Combust+1","Clothesline+1","Whirlwind+1","Power Through","Havoc+1","Spot Weakness+1","Demon Form+1","Reaper","Sentinel+1","Immolate","Burning Pact","Disarm+1","Anger","Madness","Madness+1"],"relics":["Burning Blood","Ancient Tea Set","Centennial Puzzle","Akabeko","Dream Catcher","Blood Vial","Gremlin Horn","Lantern","Mark of Pain","Juzu Bracelet","Pen Nib","Whetstone","Red Skull","Red Mask","InkBottle","Sozu","War Paint","Unceasing Top"],"acts_visited":["Exordium","TheCity","TheBeyond"],"potions_floor_usage":[6,10,24,30,30],"damage_taken":[{"damage":5,"enemies":"2 Louse","floor":1,"turns":3},{"damage":1,"enemies":"Cultist","floor":3,"turns":3},{"damage":7,"enemies":"Jaw Worm","floor":5,"turns":3},{"damage":15,"enemies":"3 Sentries","floor":6,"turns":4},{"damage":0,"enemies":"Lagavulin","floor":8,"turns":3},{"damage":29,"enemies":"3 Sentries","floor":10,"turns":7},{"damage":0,"enemies":"Blue Slaver","floor":11,"turns":1},{"damage":26,"enemies":"The Guardian","floor":16,"turns":6},{"damage":6,"enemies":"Spheric Guardian","floor":18,"turns":3},{"damage":20,"enemies":"Shell Parasite","floor":20,"turns":3},{"damage":9,"enemies":"Cultist and Chosen","floor":22,"turns":3},{"damage":6,"enemies":"Book of Stabbing","floor":24,"turns":1},{"damage":0,"enemies":"Slavers","floor":28,"turns":1},{"damage":0,"enemies":"Masked Bandits","floor":30,"turns":3},{"damage":6,"enemies":"Gremlin Leader","floor":31,"turns":1},{"damage":43,"enemies":"Automaton","floor":33,"turns":5},{"damage":10,"enemies":"3 Darklings","floor":35,"turns":2},{"damage":0,"enemies":"Orb Walker","floor":37,"turns":3},{"damage":0,"enemies":"3 Darklings","floor":39,"turns":1},{"damage":103,"enemies":"Donu and Deca","floor":45,"turns":5}],"seed_played":"8963634562953976204","potions_obtained":[{"floor":5,"key":"AttackPotion"},{"floor":6,"key":"Weak Potion"},{"floor":8,"key":"FairyPotion"},{"floor":16,"key":"ElixirPotion"},{"floor":22,"key":"Swift Potion"},{"floor":24,"key":"Block Potion"},{"floor":28,"key":"SkillPotion"}],"is_trial":false,"path_per_floor":["M","?","M","?","M","E","R","E","T","E","M","R","?","$","R","B",null,"M","?","M","?","M","R","E","?","T","?","E","R","?","E","R","B",null,"M","$","M","?","M","?","R","?","T","?","B"],"character_chosen":"IRONCLAD","items_purchased":["Havoc","Lantern","Immolate","Burning Pact","War Paint"],"campfire_rested":0,"item_purchase_floors":[14,14,36,36,36],"current_hp_per_floor":[73,73,78,61,60,51,51,57,57,36,44,44,44,44,44,26,67,69,80,66,66,65,65,67,49,49,49,57,57,65,67,67,32,68,66,66,74,74,80,70,70,70,70,70,0,0],"gold":161,"neow_bonus":"RANDOM_COMMON_RELIC","is_daily":false,"chose_seed":false,"campfire_upgraded":7,"win_rate":0.0,"timestamp":1610887330,"path_taken":["M","?","?","?","?","E","R","E","T","E","M","R","?","?","R","BOSS","M","?","?","?","M","R","E","?","T","?","E","R","?","E","R","BOSS","M","$","M","?","M","?","R","?","T","?","BOSS"],"items_purchased_type":["Card","Relic","Card","Card","Relic"],"build_version":"2020-12-22","purchased_purges":1,"victory":false,"max_hp_per_floor":[80,80,80,80,80,80,80,80,80,80,80,80,80,80,80,80,80,80,80,80,80,80,80,80,80,80,80,80,80,80,80,80,80,80,80,80,80,80,80,80,80,80,80,80,80,80],"card_choices":[{"not_picked":["Twin Strike","Entrench"],"picked":"Shockwave","floor":1},{"not_picked":["Sever Soul","Headbutt"],"picked":"Spot Weakness","floor":3},{"not_picked":["Iron Wave","Wild Strike","True Grit"],"picked":"SKIP","floor":5},{"not_picked":["Rage","Flex"],"picked":"Headbutt","floor":6},{"not_picked":["Juggernaut","Warcry"],"picked":"Rampage","floor":8},{"not_picked":["Sever Soul","Warcry"],"picked":"Burning Pact","floor":10},{"not_picked":["Pommel Strike","Clothesline"],"picked":"Inflame","floor":11},{"not_picked":["Berserk","Double Tap"],"picked":"Offering","floor":16},{"not_picked":["Clash+1","Body Slam"],"picked":"Combust+1","floor":18},{"not_picked":["Armaments","True Grit"],"picked":"Clothesline","floor":20},{"not_picked":["Sentinel","Flex"],"picked":"Power Through","floor":22},{"not_picked":["Clash+1","Berserk","Thunderclap+1"],"picked":"SKIP","floor":24},{"not_picked":["Cleave","Iron Wave"],"picked":"Havoc","floor":28},{"not_picked":["Burning Pact","Clash"],"picked":"Spot Weakness+1","floor":30},{"not_picked":["Twin Strike+1","Disarm"],"picked":"Demon Form","floor":31},{"not_picked":["Exhume","Demon Form"],"picked":"Reaper","floor":33},{"not_picked":["Reckless Charge","Pummel"],"picked":"Sentinel+1","floor":35},{"not_picked":["Shrug It Off","Intimidate"],"picked":"Disarm+1","floor":37},{"not_picked":["Body Slam+1","Thunderclap+1"],"picked":"Anger","floor":39}],"player_experience":1021461,"relics_obtained":[{"floor":6,"key":"Akabeko"},{"floor":8,"key":"Dream Catcher"},{"floor":9,"key":"Blood Vial"},{"floor":10,"key":"Gremlin Horn"},{"floor":24,"key":"Juzu Bracelet"},{"floor":26,"key":"Whetstone"},{"floor":28,"key":"Red Skull"},{"floor":30,"key":"Red Mask"},{"floor":31,"key":"InkBottle"},{"floor":43,"key":"Unceasing Top"}],"event_choices":[{"damage_healed":0,"gold_gain":0,"cards_transformed":["Strike_R"],"player_choice":"Transformed","damage_taken":0,"max_hp_gain":0,"max_hp_loss":0,"event_name":"Transmorgrifier","floor":2,"gold_loss":0,"cards_obtained":["Fiend Fire"]},{"damage_healed":0,"gold_gain":0,"player_choice":"RE ","damage_taken":19,"relics_obtained":["Centennial Puzzle"],"max_hp_gain":0,"max_hp_loss":0,"event_name":"betterSkull:BetterSkull","floor":4,"gold_loss":0,"cards_upgraded":[]},{"damage_healed":0,"gold_gain":0,"player_choice":"Grow","damage_taken":0,"max_hp_gain":0,"max_hp_loss":0,"event_name":"Living Wall","floor":13,"gold_loss":0,"cards_upgraded":["Inflame"]},{"damage_healed":11,"gold_gain":0,"player_choice":"Full Heal","damage_taken":0,"max_hp_gain":0,"max_hp_loss":0,"event_name":"Wheel of Change","floor":19,"gold_loss":0},{"damage_healed":0,"gold_gain":0,"player_choice":"Read","damage_taken":0,"max_hp_gain":0,"max_hp_loss":0,"event_name":"The Library","floor":21,"gold_loss":0,"cards_obtained":["Whirlwind"]},{"damage_healed":0,"gold_gain":0,"player_choice":"RE ","damage_taken":20,"relics_obtained":["Pen Nib"],"max_hp_gain":0,"max_hp_loss":0,"event_name":"betterSkull:BetterSkull","floor":25,"gold_loss":0,"cards_upgraded":[]},{"damage_healed":0,"gold_gain":0,"player_choice":"Ignored","damage_taken":0,"max_hp_gain":0,"max_hp_loss":0,"event_name":"Ghosts","floor":27,"gold_loss":0},{"damage_healed":0,"gold_gain":0,"player_choice":"Fought Bandits","damage_taken":0,"max_hp_gain":0,"max_hp_loss":0,"event_name":"Masked Bandits","floor":30,"gold_loss":0},{"cards_removed":["Strike_R"],"damage_healed":0,"gold_gain":0,"player_choice":"Offered Basic","damage_taken":0,"max_hp_gain":0,"max_hp_loss":0,"event_name":"Bonfire Elementals","floor":38,"gold_loss":0},{"damage_healed":0,"gold_gain":0,"player_choice":"Embrace Madness","damage_taken":10,"max_hp_gain":0,"max_hp_loss":0,"event_name":"Winding Halls","floor":40,"gold_loss":0,"cards_obtained":["Madness","Madness"]},{"damage_healed":0,"gold_gain":100,"player_choice":"Pray","damage_taken":0,"max_hp_gain":0,"max_hp_loss":0,"event_name":"Golden Shrine","floor":42,"gold_loss":0},{"damage_healed":0,"gold_gain":0,"player_choice":"Portal","damage_taken":0,"max_hp_gain":0,"max_hp_loss":0,"event_name":"betterThird:BetterPortal","floor":44,"gold_loss":0}],"is_beta":false,"boss_relics":[{"not_picked":["Astrolabe","Busted Crown"],"picked":"Mark of Pain"},{"not_picked":["Snecko Eye","Tiny House"],"picked":"Sozu"}],"items_purged_floors":[14],"is_endless":false,"potions_floor_spawned":[5,6,8,16,22,24,28,35,37],"killed_by":"Donu and Deca","ascension_level":10}}