{"host":"67w4bo1ws77yotej","time":1610878094,"event":{"mods":["AchievementEnabler","Arknights The Spire","Aspiration","BaseMod","Beaked The Cultist","BetterRewards","Colored Map","Conspire","Downfall","Ekko","Energized Spire","Friendly Minions","Gremlin Mod","Halation","Hero for Fun","Hubris","Infinite Spire","Kiyohime????","Minty Spire (QoL Compilation)","READ ME - Guardian Mod","READ ME - Snecko Mod","Spicy Shops","StSLib","The Forsaken","The Jungle","The Wild Card","TheHero","vexMod"],"gold_per_floor":[121,139,149,167,167,202,217,228,228,258,278,278,278,290,290,385,385,399,413,431,530,542,576,576,603,628,628,628,289,289,314,314,417,417,434,434,434,448,448,482,496,521,521,554,397,428,428,446,446,446],"floor_reached":51,"language":"ENG","playtime":756,"items_purged":[],"score":1349,"play_id":"b853a198-db7f-41d4-8347-330251ff352a","local_time":"20210117110814","is_ascension_mode":true,"campfire_choices":[{"floor":15,"key":"RECALL"},{"data":"hubris:InfiniteBlow+1","floor":24,"key":"SMITH"},{"data":"hubris:InfiniteBlow+3","floor":32,"key":"SMITH"},{"data":"hubris:InfiniteBlow+4","floor":47,"key":"SMITH"},{"data":"hubris:InfiniteBlow+5","floor":49,"key":"SMITH"}],"circlet_count":0,"master_deck":["Strike_Y","Strike_Y","Strike_Y","Strike_Y","Strike_Y","Defend_Y+1","Defend_Y","Defend_Y","Defend_Y+1","Toss_Stone+1","Normal_Punch","Slap","Toss_Stone","Serious_Punch","Do_Nothing","Terrifying_Presence","Consecutive_Normal_Punch","Slap","Hip_Strike","Consecutive_Normal_Punch","hubris:InfiniteBlow+6","infinitespire:SevenWalls","Oh","Hop+1","Hop+1","Ignore","Toss_Stone+1"],"relics":["Cape","Kunai","Omamori","aspiration:Lifesprig","energizedSpire:DeadBattery","halation:PromiseList","halation:PrussianBluePaint","halation:NonexistentMirror","Gremlin Horn","Bottled Tornado","Runic Dome","Letter Opener","vexMod:InvisibilityCloak","aspiration:ChemicalBlood","hubris:Reverence","War Paint","hubris:MysteriousPyramids"],"acts_visited":["Exordium","TheCity","TheBeyond"],"potions_floor_usage":[],"damage_taken":[{"damage":0,"enemies":"Jaw Worm","floor":1,"turns":1},{"damage":0,"enemies":"Cultist","floor":2,"turns":1},{"damage":0,"enemies":"Small Slimes","floor":3,"turns":1},{"damage":0,"enemies":"Blue Slaver","floor":4,"turns":1},{"damage":0,"enemies":"3 Sentries","floor":6,"turns":1},{"damage":0,"enemies":"Exordium Wildlife","floor":7,"turns":1},{"damage":0,"enemies":"3 Louse","floor":8,"turns":1},{"damage":0,"enemies":"Gremlin Nob","floor":10,"turns":1},{"damage":0,"enemies":"Looter","floor":11,"turns":1},{"damage":0,"enemies":"Blue Slaver","floor":14,"turns":1},{"damage":0,"enemies":"Slime Boss","floor":16,"turns":1},{"damage":0,"enemies":"Spheric Guardian","floor":18,"turns":1},{"damage":0,"enemies":"2 Thieves","floor":19,"turns":1},{"damage":0,"enemies":"Chosen and Byrds","floor":20,"turns":1},{"damage":0,"enemies":"Snake Plant","floor":22,"turns":1},{"damage":0,"enemies":"Nightmare","floor":23,"turns":1},{"damage":0,"enemies":"Gremlin Leader","floor":25,"turns":1},{"damage":0,"enemies":"Slavers","floor":31,"turns":1},{"damage":0,"enemies":"conspire:MysteriousRune","floor":33,"turns":1},{"damage":0,"enemies":"Orb Walker","floor":35,"turns":1},{"damage":0,"enemies":"3 Shapes","floor":38,"turns":1},{"damage":0,"enemies":"Giant Head","floor":40,"turns":1},{"damage":0,"enemies":"Maw","floor":41,"turns":1},{"damage":0,"enemies":"Nightmare","floor":42,"turns":1},{"damage":0,"enemies":"Reptomancer","floor":44,"turns":1},{"damage":0,"enemies":"Giant Head","floor":46,"turns":1},{"damage":0,"enemies":"Jaw Worm Horde","floor":48,"turns":1},{"damage":0,"enemies":"hubris:GrandSnecko","floor":50,"turns":1}],"seed_played":"-2419940559415750994","potions_obtained":[{"floor":2,"key":"Strength Potion"},{"floor":4,"key":"DistilledChaos"},{"floor":7,"key":"SkillPotion"}],"is_trial":false,"path_per_floor":["M","M","M","M","?","E","M","M","T","E","M","?","?","M","R","B",null,"M","M","M","?","M","NM","R","E","T","?","?","$","?","E","R","B",null,"M","?","?","M","AVR","E","M","NM","T","E","$","E","R","M","R","B",null],"character_chosen":"OPM","items_purchased":["halation:NonexistentMirror","Gremlin Horn","War Paint"],"campfire_rested":0,"item_purchase_floors":[29,29,45],"current_hp_per_floor":[999,999,999,999,999,999,999,999,999,999,999,999,999,999,999,999,999,999,999,999,999,999,999,999,999,999,999,999,999,999,999,999,999,999,999,999,999,999,999,999,999,999,999,999,999,999,999,999,999,999],"gold":446,"neow_bonus":"HUNDRED_GOLD","is_daily":false,"chose_seed":false,"campfire_upgraded":4,"win_rate":0.0,"timestamp":1610878094,"path_taken":["M","M","M","M","?","E","M","?","T","E","M","?","?","M","R","BOSS","M","M","M","?","M","NM","R","E","T","?","?","?","?","E","R","BOSS","M","?","?","?","AVR","E","M","NM","T","E","?","E","R","M","R","BOSS"],"items_purchased_type":["Relic","Relic","Relic"],"build_version":"2020-12-22","purchased_purges":0,"victory":true,"max_hp_per_floor":[999,999,999,999,999,999,999,999,999,999,999,999,999,999,999,999,999,999,999,999,999,999,999,999,999,999,999,999,999,999,999,999,999,999,999,999,999,999,999,999,999,999,999,999,999,999,999,999,999,999],"card_choices":[{"not_picked":["Hop","Ignore"],"picked":"Toss_Stone","floor":1},{"not_picked":["Hop","Wear_Disguise"],"picked":"Normal_Punch","floor":2},{"not_picked":["Yawn","Ignore"],"picked":"Slap","floor":3},{"not_picked":["Do_Nothing","Normal_Punch"],"picked":"Toss_Stone","floor":4},{"not_picked":["Normal_Punch","Slap"],"picked":"Serious_Punch","floor":6},{"not_picked":["Hop","Side_Hop"],"picked":"Do_Nothing","floor":7},{"not_picked":["Wear_Disguise","Side_Hop","Do_Nothing"],"picked":"SKIP","floor":8},{"not_picked":["Wear_Disguise","Side_Hop","Do_Nothing"],"picked":"SKIP","floor":8},{"not_picked":["Do_Nothing","Hop"],"picked":"Terrifying_Presence","floor":10},{"not_picked":["Normal_Punch","Side_Hop"],"picked":"Consecutive_Normal_Punch","floor":11},{"not_picked":["Wear_Disguise","Yawn"],"picked":"Slap","floor":14},{"not_picked":["Terrifying_Presence","Get_Hopes_Up"],"picked":"Hip_Strike","floor":16},{"not_picked":["Yawn","Side_Hop","Hop"],"picked":"SKIP","floor":18},{"not_picked":["Slap+1","Hop+1"],"picked":"Consecutive_Normal_Punch","floor":19},{"not_picked":["Do_Nothing","Slap","Hop+1"],"picked":"SKIP","floor":20},{"not_picked":["Yawn","Hop","Side_Hop+1"],"picked":"SKIP","floor":22},{"not_picked":["hubris:Fate","infinitespire:Collect"],"picked":"hubris:InfiniteBlow+1","floor":23},{"not_picked":["Toss_Stone+1","Consecutive_Normal_Punch","Serious_Punch"],"picked":"SKIP","floor":23},{"not_picked":["Side_Hop","Ignore","Do_Nothing"],"picked":"SKIP","floor":25},{"not_picked":["infinitespire:Oblivion","infinitespire:Execution"],"picked":"infinitespire:SevenWalls","floor":28},{"not_picked":["Normal_Punch+1","Consecutive_Normal_Punch","Do_Nothing+1"],"picked":"SKIP","floor":31},{"not_picked":["Normal_Punch+1","Consecutive_Normal_Punch","Do_Nothing+1"],"picked":"SKIP","floor":31},{"not_picked":["Terrifying_Presence","Serious_Side_Hops"],"picked":"Oh","floor":33},{"not_picked":["Normal_Punch+1","Wear_Disguise","Side_Hop+1"],"picked":"SKIP","floor":35},{"not_picked":["Yawn","Side_Hop+1"],"picked":"Hop+1","floor":38},{"not_picked":["Consecutive_Normal_Punch","Do_Nothing"],"picked":"Ignore","floor":40},{"not_picked":["Ignore+1","Side_Hop","Yawn"],"picked":"SKIP","floor":41},{"not_picked":["Do_Nothing+1","Consecutive_Normal_Punch","Toss_Stone"],"picked":"SKIP","floor":42},{"not_picked":["Do_Nothing","Normal_Punch+1"],"picked":"Toss_Stone+1","floor":44},{"not_picked":["Slap+1","Normal_Punch","Hip_Strike"],"picked":"SKIP","floor":46},{"not_picked":["Side_Hop","Yawn+1","Wear_Disguise+1"],"picked":"SKIP","floor":48}],"player_experience":189221,"relics_obtained":[{"floor":6,"key":"Kunai"},{"floor":9,"key":"Omamori"},{"floor":10,"key":"aspiration:Lifesprig"},{"floor":23,"key":"halation:PromiseList"},{"floor":25,"key":"halation:PrussianBluePaint"},{"floor":31,"key":"Bottled Tornado"},{"floor":40,"key":"Letter Opener"},{"floor":42,"key":"vexMod:InvisibilityCloak"},{"floor":43,"key":"aspiration:ChemicalBlood"},{"floor":44,"key":"hubris:Reverence"},{"floor":46,"key":"hubris:MysteriousPyramids"}],"event_choices":[{"damage_healed":0,"gold_gain":0,"player_choice":"Upgraded","damage_taken":0,"max_hp_gain":0,"max_hp_loss":0,"event_name":"Upgrade Shrine","floor":5,"gold_loss":0,"cards_upgraded":["Toss_Stone"]},{"damage_healed":0,"gold_gain":99,"player_choice":"Stole From Cult","damage_taken":0,"max_hp_gain":0,"max_hp_loss":0,"event_name":"Nest","floor":21,"gold_loss":0},{"damage_healed":0,"gold_gain":0,"player_choice":"Ignored","damage_taken":0,"max_hp_gain":0,"max_hp_loss":0,"event_name":"Vampires","floor":30,"gold_loss":0},{"damage_healed":0,"gold_gain":0,"player_choice":"Ignored","damage_taken":0,"max_hp_gain":0,"max_hp_loss":0,"event_name":"Tomb of Lord Red Mask","floor":36,"gold_loss":0},{"cards_removed":["Defend_Y"],"damage_healed":0,"gold_gain":0,"player_choice":"Purged","damage_taken":0,"max_hp_gain":0,"max_hp_loss":0,"event_name":"Purifier","floor":37,"gold_loss":0}],"is_beta":false,"boss_relics":[{"not_picked":["Tiny House","conspire:RoyalGoblet"],"picked":"energizedSpire:DeadBattery"},{"not_picked":["Snecko Eye","aspiration:RunicSpoon"],"picked":"Runic Dome"}],"items_purged_floors":[],"is_endless":false,"potions_floor_spawned":[2,4,7,16,22,31,33,35,40,44,46],"ascension_level":1}}