{"host":"r9uivonio18rfam2","time":1610859344,"event":{"mods":["2.2 Compatiblity","AchievementEnabler","Act Like it!","Aspiration","BaseMod","Beaked The Cultist","Challenge The Spire","Colored Map","Colored Powertips","Conspire","Downfall","Elementarium","Energized Spire","Hermit","Infinite Spire","Jedi Mod","Minty Spire (QoL Compilation)","Permanent Neow","Potionbrewer","Quick Restart","Shop Mod","Spikes Relics","StSLib","The Blue Laboratory","The Jungle","Wandering Minibosses","vexMod"],"gold_per_floor":[116,66,80,80,91,119,119,119,168,198,198,198,226,151,151,251,251,267,267,282,294,11,11,41,16,62,62,62,97,97,117,117,215,215,232,232,249,268,286,286,318,318,318,318,42,80,80,94,94,94],"floor_reached":51,"language":"ENG","playtime":2900,"items_purged":["Defend_R","Strike_R","Shame"],"score":1103,"play_id":"53d8e2d9-00f1-45b5-a2e9-cc45fcf0eb4f","local_time":"20210116235544","is_ascension_mode":true,"campfire_choices":[{"data":"Armaments","floor":7.0,"key":"SMITH"},{"data":"Battle Trance","floor":11.0,"key":"SMITH"},{"data":"Evolve","floor":15.0,"key":"SMITH"},{"data":"jedi:hate","floor":23.0,"key":"SMITH"},{"data":"Brutality","floor":32.0,"key":"SMITH"},{"data":"Uppercut","floor":40.0,"key":"SMITH"},{"data":"Berserk","floor":42.0,"key":"SMITH"},{"data":"jedi:cleanse","floor":44.0,"key":"SMITH"},{"data":"Dual Wield","floor":49.0,"key":"SMITH"}],"circlet_count":0,"master_deck":["Strike_R","Strike_R","Bash","Disarm","Anger","jedi:hate+1","Armaments+1","Power Through","Battle Trance+1","Evolve+1","Brutality+1","theJungle:Gourd","theJungle:Gourd","theJungle:Gourd","theJungle:Gourd","theJungle:Gourd","Headbutt+1","jedi:cleanse+1","Whirlwind+1","True Grit+1","Flex+1","Berserk+1","Uppercut+1","Seeing Red+1","Shockwave+1","Dual Wield+1","Shrug It Off+1"],"relics":["Burning Blood","aspiration:Nostalgia","beaked:MendingPlumage","Boot","Toy Ornithopter","Bronze Scales","Strawberry","Red Skull","Sandwich","wanderingMiniBosses:Inkheart","aspiration:StickyExplosives_weak","theJungle:PaperFaux","SpikesRelics:DaevaFist","energizedSpire:DeadBattery","Pen Nib","potionbrewer:AlchemistFlask","potionbrewer:MortarAndPestle","aspiration:Lifesprig","Bottled Flame"],"acts_visited":["Exordium","Exordium","TheBeyond"],"potions_floor_usage":[50,50,50],"damage_taken":[{"damage":7.0,"enemies":"Jaw Worm","floor":1.0,"turns":3.0},{"damage":13.0,"enemies":"conspire:RoseBush","floor":3.0,"turns":7.0},{"damage":3.0,"enemies":"Cultist","floor":5.0,"turns":4.0},{"damage":20.0,"enemies":"Gremlin Nob","floor":6.0,"turns":4.0},{"damage":16.0,"enemies":"Lagavulin","floor":10.0,"turns":8.0},{"damage":34.0,"enemies":"Gremlin Nob","floor":13.0,"turns":6.0},{"damage":52.0,"enemies":"Slime Boss","floor":16.0,"turns":9.0},{"damage":27.0,"enemies":"Shell Parasite","floor":18.0,"turns":4.0},{"damage":14.0,"enemies":"theJungle:5_Spyders","floor":20.0,"turns":8.0},{"damage":0.0,"enemies":"theJungle:JungleHuntersEncounter","floor":21.0,"turns":8.0},{"damage":22.0,"enemies":"theJungle:Cassacara","floor":24.0,"turns":4.0},{"damage":18.0,"enemies":"theJungle:MamaSnecko","floor":29.0,"turns":4.0},{"damage":15.0,"enemies":"theJungle:SlimyTreeVines","floor":31.0,"turns":5.0},{"damage":20.0,"enemies":"theJungle:FunGuy","floor":33.0,"turns":8.0},{"damage":27.0,"enemies":"3 Shapes","floor":35.0,"turns":2.0},{"damage":13.0,"enemies":"3 Darklings","floor":37.0,"turns":3.0},{"damage":29.0,"enemies":"Transient","floor":38.0,"turns":5.0},{"damage":27.0,"enemies":"Sphere and 2 Shapes","floor":39.0,"turns":4.0},{"damage":23.0,"enemies":"Giant Head","floor":41.0,"turns":7.0},{"damage":14.0,"enemies":"Reptomancer","floor":46.0,"turns":4.0},{"damage":15.0,"enemies":"3 Darklings","floor":48.0,"turns":3.0},{"damage":16,"enemies":"Awakened One","floor":50,"turns":6}],"seed_played":"-6419342970222777482","potions_obtained":[{"floor":3.0,"key":"potionbrewer:SplittingPotion"},{"floor":6.0,"key":"blueLaboratory:HorrorPotion"},{"floor":13.0,"key":"PowerPotion"},{"floor":20.0,"key":"jedi:tentaclejuice"},{"floor":29.0,"key":"FairyPotion"},{"floor":37.0,"key":"BlessingOfTheForge"},{"floor":47.0,"key":"Fruit Juice"},{"floor":47.0,"key":"blueLaboratory:BubblePotion"},{"floor":47.0,"key":"blueLaboratory:EnragingPotion"}],"is_trial":false,"path_per_floor":["M","?","M","?","M","E","R","?","T","E","R","?","E","$","R","B",null,"M","?","M","M","$","R","E","?","T","$","?","E","$","M","R","B",null,"M","?","M","M","M","R","E","R","T","R","$","E","?","M","R","B",null],"character_chosen":"IRONCLAD","items_purchased":["jedi:cleanse","aspiration:Lifesprig"],"campfire_rested":0,"item_purchase_floors":[22,45],"current_hp_per_floor":[79,79,80,80,80,71,71,71,71,80,80,87,68,68,68,57,80,79,79,87,87,87,87,82,82,82,82,82,76,76,87,87,87,87,72,72,78,85,82,82,87,87,87,87,87,87,92,91,91,92],"gold":94,"neow_bonus":"NOSTALGIA","is_daily":false,"chose_seed":false,"campfire_upgraded":9,"win_rate":0.0,"timestamp":1610859344,"path_taken":["M","?","M","?","?","E","R","?","T","E","R","?","E","$","R","BOSS","M","?","M","M","$","R","E","?","T","?","?","E","?","?","R","BOSS","M","?","?","M","M","R","E","R","T","R","?","E","?","M","R","BOSS"],"items_purchased_type":["Card","Relic"],"build_version":"2020-12-22","purchased_purges":3,"victory":true,"max_hp_per_floor":[80,80,80,80,80,80,80,80,80,80,80,87,87,87,87,87,87,87,87,87,87,87,87,87,87,87,87,87,87,87,87,87,87,87,87,87,87,87,87,87,87,87,87,87,87,87,92,92,92,92],"card_choices":[{"not_picked":["Cleave","Warcry"],"picked":"Disarm","floor":1.0},{"not_picked":["Havoc","Headbutt"],"picked":"Anger","floor":3.0},{"not_picked":["Clothesline","Heavy Blade"],"picked":"jedi:hate","floor":5.0},{"not_picked":["Clash","Perfected Strike"],"picked":"Armaments","floor":6.0},{"not_picked":["Pommel Strike","Clothesline"],"picked":"Battle Trance","floor":10.0},{"not_picked":["Dropkick","Flame Barrier"],"picked":"Evolve","floor":13.0},{"not_picked":["Juggernaut","Exhume"],"picked":"Brutality","floor":16.0},{"not_picked":["Anger","Perfected Strike","Pummel"],"picked":"SKIP","floor":18.0},{"not_picked":["Warcry+1","Cleave"],"picked":"Headbutt+1","floor":20.0},{"not_picked":["Dropkick","Rampage","Thunderclap"],"picked":"SKIP","floor":21.0},{"not_picked":["Ghostly Armor","conspire:Charge"],"picked":"Whirlwind+1","floor":24.0},{"not_picked":["Twin Strike","Infernal Blade+1"],"picked":"True Grit+1","floor":29.0},{"not_picked":["Body Slam","Pommel Strike"],"picked":"Flex","floor":31.0},{"not_picked":["jedi:strikingstrike","conspire:Purge"],"picked":"Berserk","floor":33.0},{"not_picked":["Cleave","Armaments"],"picked":"Uppercut","floor":35.0},{"not_picked":["Headbutt+1","Carnage+1","Dual Wield"],"picked":"SKIP","floor":37.0},{"not_picked":["Iron Wave+1","Anger"],"picked":"Seeing Red+1","floor":38.0},{"not_picked":["Twin Strike","BarbarianYell+1"],"picked":"Shockwave+1","floor":39.0},{"not_picked":["Headbutt","Blood for Blood+1","Havoc"],"picked":"SKIP","floor":41.0},{"not_picked":["jedi:suffering","Rampage"],"picked":"Dual Wield","floor":46.0},{"not_picked":["Wild Strike","Warcry+1"],"picked":"Shrug It Off+1","floor":48.0}],"player_experience":465467,"relics_obtained":[{"floor":6.0,"key":"Boot"},{"floor":9.0,"key":"Toy Ornithopter"},{"floor":10.0,"key":"Bronze Scales"},{"floor":12.0,"key":"Strawberry"},{"floor":13.0,"key":"Red Skull"},{"floor":21.0,"key":"wanderingMiniBosses:Inkheart"},{"floor":24.0,"key":"aspiration:StickyExplosives_weak"},{"floor":29.0,"key":"SpikesRelics:DaevaFist"},{"floor":36.0,"key":"Pen Nib"},{"floor":41.0,"key":"potionbrewer:AlchemistFlask"},{"floor":43.0,"key":"potionbrewer:MortarAndPestle"},{"floor":46.0,"key":"Bottled Flame"}],"event_choices":[{"cards_removed":["Strike_R"],"damage_healed":0.0,"max_hp_gain":0.0,"max_hp_loss":0.0,"gold_gain":0.0,"event_name":"The Cleric","player_choice":"Card Removal","floor":2.0,"gold_loss":50.0,"damage_taken":0.0},{"damage_healed":0.0,"max_hp_gain":0.0,"max_hp_loss":0.0,"gold_gain":0.0,"event_name":"FaceTrader","player_choice":"Trade","floor":4.0,"gold_loss":0.0,"damage_taken":0.0,"relics_obtained":["NlothsMask"]},{"damage_healed":0.0,"max_hp_gain":0.0,"max_hp_loss":0.0,"gold_gain":0.0,"cards_transformed":["Strike_R"],"event_name":"Living Wall","player_choice":"Change","floor":8.0,"gold_loss":0.0,"damage_taken":0.0,"cards_obtained":["Power Through"]},{"damage_healed":0.0,"max_hp_gain":0.0,"max_hp_loss":0.0,"gold_gain":0.0,"event_name":"Wheel of Change","player_choice":"Relic","floor":36.0,"gold_loss":0.0,"damage_taken":0.0},{"damage_healed":0.0,"max_hp_gain":0.0,"max_hp_loss":0.0,"gold_gain":0.0,"event_name":"Lab","player_choice":"Got Potions","floor":47.0,"gold_loss":0.0,"damage_taken":0.0}],"is_beta":false,"boss_relics":[{"not_picked":["energizedSpire:SpiderWeb","vexMod:CursedCompass"],"picked":"Sandwich"},{"not_picked":["Pandora\u0027s Box","beaked:MawFillet"],"picked":"energizedSpire:DeadBattery"}],"items_purged_floors":[14,22,45],"is_endless":false,"potions_floor_spawned":[3,6,13,20,29,37,46,48],"ascension_level":9}}