{"host":"qqgw5gp46oujbhdl","time":1610913131,"event":{"mods":["Aspiration","BaseMod","BetterRewards","Downfall","Hermit","Infinite Spire","Minty Spire (QoL Compilation)","StSLib","The Disciple","The Forsaken","The Hierophant","The Servant 0.9.4","The Spell Scribe","The Valiant","TheBandit","Wandering Minibosses"],"gold_per_floor":[99,113,113,131,148,148,174,1,12,12,23,23,35,61,78,78,78,78],"floor_reached":16,"language":"POL","playtime":1476,"items_purged":["Normality"],"score":129,"play_id":"d6bf0139-6bd6-4b5e-938e-a8f72cb3880f","local_time":"20210117205211","is_ascension_mode":false,"campfire_choices":[{"data":"champ:Taunt","floor":1,"key":"SMITH"},{"floor":6,"key":"RECALL"},{"data":"champ:Execute","floor":10,"key":"SMITH"}],"circlet_count":0,"master_deck":["champ:Strike","champ:Strike","champ:Strike","champ:Strike","champ:Defend","champ:Defend","champ:Defend","champ:Defend","champ:Execute","champ:Taunt+1","champ:FlashCut","champ:Execute+1","champ:Haymaker","champ:FaceSlap","champ:GutPunch","Bandage Up","champ:TornadoPunch","champ:Shatter","champ:Parry+1"],"relics":["champ:ChampionCrown","Ancient Tea Set","Toxic Egg 2"],"acts_visited":["Exordium"],"potions_floor_usage":[14,16],"damage_taken":[{"damage":12,"enemies":"Cultist","floor":2,"turns":4},{"damage":16,"enemies":"Jaw Worm","floor":4,"turns":3},{"damage":10,"enemies":"Small Slimes","floor":5,"turns":3},{"damage":20,"enemies":"downfall:FleeingMerchant","floor":8,"turns":4},{"damage":15,"enemies":"2 Fungi Beasts","floor":9,"turns":3},{"damage":8,"enemies":"Exordium Wildlife","floor":11,"turns":3},{"damage":11,"enemies":"Red Slaver","floor":13,"turns":3},{"damage":31,"enemies":"Lagavulin","floor":14,"turns":6},{"damage":42,"enemies":"Large Slime","floor":15,"turns":4},{"damage":109,"enemies":"DF_ARCHETYPE_STREAMLINE","floor":16,"turns":12}],"seed_played":"8419908444336550765","potions_obtained":[{"floor":2,"key":"Regen Potion"},{"floor":5,"key":"champ:CounterPotion"},{"floor":9,"key":"Regen Potion"},{"floor":14,"key":"Explosive Potion"}],"is_trial":false,"path_per_floor":["R","M","?","M","M","R","T","$","M","R","M","?","M","E","M","B"],"character_chosen":"THE_CHAMP","items_purchased":["Bandage Up"],"campfire_rested":0,"item_purchase_floors":[8],"current_hp_per_floor":[108,106,106,100,100,100,100,100,99,99,95,108,97,100,87,0,0,0],"gold":78,"neow_bonus":"TWENTY_PERCENT_HP_BONUS","is_daily":false,"chose_seed":false,"campfire_upgraded":2,"win_rate":0.0,"timestamp":1610913131,"path_taken":["R","M","?","M","M","R","T","$","M","R","?","?","M","E","M","BOSS"],"items_purchased_type":["Card"],"build_version":"2020-12-22","purchased_purges":1,"victory":false,"max_hp_per_floor":[108,108,108,108,108,108,108,108,108,108,108,108,108,108,108,108,108,108],"card_choices":[{"not_picked":["champ:StanceDance","champ:TornadoPunch"],"picked":"champ:FlashCut","floor":2},{"not_picked":["champ:FocusedBerserking","champ:EnGarde"],"picked":"champ:Haymaker","floor":4},{"not_picked":["champ:DeathBlow","champ:FocusedDefense"],"picked":"champ:FaceSlap","floor":5},{"not_picked":["champ:Backstep","champ:FanOfKnives"],"picked":"champ:GutPunch","floor":8},{"not_picked":["champ:Haymaker","champ:FocusedDefense"],"picked":"champ:CrookedStrike","floor":9},{"not_picked":["champ:BladeFlurry","champ:SteelEdge"],"picked":"champ:TornadoPunch","floor":11},{"not_picked":["champ:BringItOn","champ:FancyFootwork"],"picked":"champ:Shatter","floor":13},{"not_picked":["champ:DefensiveShout+1","champ:EnGarde+1"],"picked":"champ:Parry+1","floor":14},{"not_picked":["champ:BringItOn+1","champ:BladeFlurry","champ:TornadoPunch"],"picked":"SKIP","floor":15}],"player_experience":372685,"relics_obtained":[{"floor":7,"key":"Ancient Tea Set"},{"floor":14,"key":"Toxic Egg 2"}],"event_choices":[{"cards_removed":["champ:CrookedStrike"],"damage_healed":13,"gold_gain":0,"player_choice":"Offered Uncommon","damage_taken":0,"max_hp_gain":0,"max_hp_loss":0,"event_name":"Bonfire Elementals","floor":12,"gold_loss":0}],"is_beta":false,"boss_relics":[],"items_purged_floors":[8],"is_endless":false,"potions_floor_spawned":[2,5,9,11,14],"killed_by":"DF_ARCHETYPE_STREAMLINE","ascension_level":0}}