{"host":"tmgdm9kau0qip004","time":1610874890,"event":{"mods":["BaseMod","Downfall","Marisa£®ÏF”Í°°ƒß¿Ì…≥£©","Minty Spire (QoL Compilation)","READ ME - Guardian Mod","Remilia£®¿Ÿ√◊¿Ú—«£©","StSLib","The Necromancer","The Senshi","vexMod"],"gold_per_floor":[99,118,136,150,169,169,169,169,187,206,206,106,120,148,160,263,263,163,174,274,344,354,354,354,374,374,137,149,34,34,46,65,167,217,217,217,267,417,483,174,174,274,274,293,306,317,317,342,362,362,362],"floor_reached":50,"language":"ZHS","playtime":2559,"items_purged":["Strike_RM","Defend_RM","Strike_RM"],"score":504,"play_id":"ec61924d-1102-4029-934c-08195b2065eb","local_time":"20210117171450","is_ascension_mode":false,"campfire_choices":[{"data":"ScarletShoot","floor":1,"key":"SMITH"},{"data":"EternalNight","floor":6,"key":"SMITH"},{"floor":8,"key":"RECALL"},{"data":"BloodAndWine","floor":12,"key":"SMITH"},{"data":"1","floor":18,"key":"LIFT"},{"data":"QueenOfMidnight","floor":26,"key":"SMITH"},{"data":"2","floor":35,"key":"LIFT"},{"data":"MastersStateliness","floor":43,"key":"SMITH"},{"data":"3","floor":47,"key":"LIFT"}],"circlet_count":0,"master_deck":["Strike_RM","Strike_RM","Defend_RM","Defend_RM","Defend_RM","RedMoon+1","ScarletShoot+1","EternalNight+1","NightDance","MiserableFate","BloodAndWine+1","VampireKiss+1","Stigmanizer","HeartBreak","UnstableMagic","CurseOfTheBell","QueenOfMidnight+1","MastersStateliness","Ultimatum+1","MastersStateliness+1","MillenniumVampire","StarOfDavid","ScarletImprint+1","BombardNight","BombardNight+1","NightDance+1","StarOfDavid+1","Stigmanizer+1","ScarletNetherworld","BombardNight+1"],"relics":["ScarletHat","RedBat","downfall:HeartBlessingRed","theSenshi:FeatherClipsRelic","Calling Bell","Oddly Smooth Stone","Kunai","Girya","downfall:HeartBlessingGreen","downfall:CloakOfManyFaces","CultistMask","FaceOfCleric","NlothsMask","GremlinMask","SsserpentHead","Omamori","Tiny House","vexMod:TimeEaterHat","Bottled Flame","StoneCalendar","White Beast Statue"],"acts_visited":["Exordium","TheCity","TheBeyond"],"potions_floor_usage":[33,33,50],"damage_taken":[{"damage":0,"enemies":"Small Slimes","floor":2,"turns":2},{"damage":0,"enemies":"Cultist","floor":3,"turns":4},{"damage":1,"enemies":"2 Louse","floor":4,"turns":3},{"damage":0,"enemies":"Gremlin Gang","floor":5,"turns":2},{"damage":7,"enemies":"Exordium Wildlife","floor":9,"turns":4},{"damage":0,"enemies":"3 Louse","floor":10,"turns":1},{"damage":3,"enemies":"Red Slaver","floor":13,"turns":3},{"damage":10,"enemies":"Lagavulin","floor":14,"turns":6},{"damage":0,"enemies":"Lots of Slimes","floor":15,"turns":4},{"damage":39,"enemies":"WA_ARCHETYPE_RETAIN","floor":16,"turns":8},{"damage":2,"enemies":"Chosen","floor":19,"turns":6},{"damage":24,"enemies":"downfall:FaceTrader","floor":20,"turns":12},{"damage":24,"enemies":"Snake Plant","floor":21,"turns":4},{"damage":23,"enemies":"Sentry and Sphere","floor":22,"turns":7},{"damage":0,"enemies":"Centurion and Healer","floor":25,"turns":6},{"damage":0,"enemies":"downfall:FleeingMerchant","floor":27,"turns":4},{"damage":3,"enemies":"Cultist and Chosen","floor":28,"turns":6},{"damage":8,"enemies":"downfall:FleeingMerchant","floor":29,"turns":4},{"damage":30,"enemies":"Snake Plant","floor":30,"turns":3},{"damage":21,"enemies":"Chosen and Byrds","floor":31,"turns":6},{"damage":3,"enemies":"Sentry and Sphere","floor":32,"turns":4},{"damage":63,"enemies":"SI_MIRROR_ARCHETYPE","floor":33,"turns":10},{"damage":0,"enemies":"Orb Walker","floor":36,"turns":3},{"damage":23,"enemies":"3 Shapes","floor":39,"turns":2},{"damage":1,"enemies":"downfall:FleeingMerchant","floor":40,"turns":4},{"damage":24,"enemies":"downfall:FleeingMerchant","floor":42,"turns":5},{"damage":16,"enemies":"Maw","floor":44,"turns":8},{"damage":2,"enemies":"3 Darklings","floor":45,"turns":2},{"damage":0,"enemies":"Jaw Worm Horde","floor":46,"turns":2},{"damage":3,"enemies":"Sphere and 2 Shapes","floor":49,"turns":3},{"damage":240,"enemies":"IC_BLOCK_ARCHETYPE","floor":50,"turns":14}],"seed_played":"3710972885504137455","potions_obtained":[{"floor":2,"key":"Block Potion"},{"floor":4,"key":"EssenceOfSteel"},{"floor":9,"key":"Fire Potion"},{"floor":14,"key":"DestinyDice"},{"floor":33,"key":"SmokeBomb"},{"floor":34,"key":"FairyPotion"},{"floor":39,"key":"champ:CounterPotion"}],"is_trial":false,"path_per_floor":["R","M","M","M","M","R","T","R","M","M","?","R","M","E","M","B",null,"R","M","?","M","M","?","T","M","R","$","M","$","M","M","M","B",null,"R","M","?","?","M","$","T","?","R","M","M","M","R","?","M","B"],"character_chosen":"REMILIA","items_purchased":["Omamori","vexMod:TimeEaterHat","ScarletNetherworld"],"campfire_rested":0,"item_purchase_floors":[27,40,40],"current_hp_per_floor":[75,75,75,74,74,74,74,74,67,71,75,75,75,75,75,59,75,75,75,75,66,59,77,77,78,78,79,80,81,73,83,84,53,90,90,91,91,91,85,93,93,94,94,95,96,97,97,97,98,0,0],"gold":362,"neow_bonus":"UPGRADE_CARD","is_daily":false,"chose_seed":false,"campfire_upgraded":5,"win_rate":0.0,"timestamp":1610874890,"path_taken":["R","M","M","M","M","R","T","R","M","M","?","R","M","E","M","BOSS","R","?","?","?","M","?","T","M","R","$","M","$","M","M","M","BOSS","R","M","?","?","?","?","T","?","R","M","M","M","R","?","M","BOSS"],"items_purchased_type":["Relic","Relic","Card"],"build_version":"2020-12-22","purchased_purges":3,"victory":false,"max_hp_per_floor":[75,75,75,75,75,75,75,75,75,75,75,75,75,75,75,75,75,75,75,75,76,77,77,77,78,78,79,80,81,82,83,84,85,90,90,91,91,91,92,93,93,94,94,95,96,97,97,97,98,98,98],"card_choices":[{"not_picked":["BloodyMagicSquare","ScarletImprint"],"picked":"BloodyTrap","floor":2},{"not_picked":["ScarletDevil","CharismaGuard"],"picked":"EternalNight","floor":3},{"not_picked":["UnderTheZenith","BloodyHallows"],"picked":"NightDance","floor":4},{"not_picked":["ReincarnationDial","RedNightlessCastle"],"picked":"MiserableFate","floor":5},{"not_picked":["EternalNight","LeisurelyOfLord"],"picked":"BloodAndWine","floor":9},{"not_picked":["ForbiddenFruit","BlasphemousPunishment"],"picked":"VampireKiss","floor":10},{"not_picked":["ScarletGensokyo","UnderTheZenith"],"picked":"Stigmanizer","floor":13},{"not_picked":["ScarletGensokyo","EndlessAdversity"],"picked":"HeartBreak","floor":14},{"not_picked":["VampireKiss","ScarletGensokyo"],"picked":"UnstableMagic","floor":15},{"not_picked":["DiffusionOfMisfortune+1","BlasphemousPunishment"],"picked":"QueenOfMidnight","floor":19},{"not_picked":["EndlessAdversity","LeisurelyOfLord+1"],"picked":"MastersStateliness","floor":20},{"not_picked":["EternalNight+1","UnderTheZenith","NightDance"],"picked":"SKIP","floor":21},{"not_picked":["FitfulNightmare","UnderTheZenith"],"picked":"Ultimatum+1","floor":22},{"not_picked":["Stigmanizer","SuperhumanBloodyKnife","BloodHunter"],"picked":"SKIP","floor":25},{"not_picked":["ForecastOfChange","BadLadyScramble+1"],"picked":"MastersStateliness","floor":27},{"not_picked":["UnstableMagic","MastersStateliness"],"picked":"MillenniumVampire","floor":28},{"not_picked":["UnderTheZenith","NightDance"],"picked":"StarOfDavid","floor":29},{"not_picked":["TwelveNightmare+1","EndlessAdversity"],"picked":"ScarletImprint+1","floor":30},{"not_picked":["MastersStateliness+1","VampireKiss"],"picked":"BombardNight","floor":30},{"not_picked":["BloodHunter","ScarletDevil"],"picked":"BombardNight+1","floor":31},{"not_picked":["ReincarnationDial","UnstableMagic"],"picked":"NightDance+1","floor":32},{"not_picked":["ScarletImprint+1","VampireFantasy","BloodHunter"],"picked":"SKIP","floor":32},{"not_picked":["NightDance+1","Stigmanizer+1"],"picked":"StarOfDavid+1","floor":36},{"not_picked":["ScarletDevilSign+1","NightDance","VampirishNight+1"],"picked":"SKIP","floor":36},{"not_picked":["ChainGang","Maim+1","BadLadyScramble+1"],"picked":"SKIP","floor":39},{"not_picked":["StarOfDavid","ForbiddenFruit+1"],"picked":"Stigmanizer+1","floor":40},{"not_picked":["CharismaGuard","ForbiddenFruit","BloodHunter+1"],"picked":"SKIP","floor":44},{"not_picked":["BloodHunter+1","VampireKiss+1","HeartBreak"],"picked":"SKIP","floor":45},{"not_picked":["FavorOfDestiny+1","DevilSight","VampireKiss+1"],"picked":"SKIP","floor":46},{"not_picked":["BlasphemousPunishment","ScarletImprint+1"],"picked":"BombardNight+1","floor":49}],"player_experience":118502,"relics_obtained":[{"floor":7,"key":"RedBat"},{"floor":14,"key":"theSenshi:FeatherClipsRelic"},{"floor":17,"key":"Oddly Smooth Stone"},{"floor":17,"key":"Kunai"},{"floor":17,"key":"Girya"},{"floor":20,"key":"downfall:CloakOfManyFaces"},{"floor":41,"key":"Bottled Flame"},{"floor":42,"key":"StoneCalendar"}],"event_choices":[{"damage_healed":4,"gold_gain":0,"player_choice":"Full Heal","damage_taken":0,"max_hp_gain":0,"max_hp_loss":0,"event_name":"Wheel of Change","floor":11,"gold_loss":0},{"cards_removed":["BloodyTrap"],"damage_healed":0,"gold_gain":0,"player_choice":"Removed Skill","damage_taken":0,"max_hp_gain":0,"max_hp_loss":0,"event_name":"Falling","floor":37,"gold_loss":0}],"is_beta":false,"boss_relics":[{"not_picked":["Fusion Hammer","Busted Crown"],"picked":"Calling Bell"},{"not_picked":["vexMod:DeviousBotling","Snecko Eye"],"picked":"Tiny House"}],"items_purged_floors":[27,29,40],"is_endless":false,"potions_floor_spawned":[2,4,9,14,16,19,20,25,31,33,39,42,45,46,49],"killed_by":"IC_BLOCK_ARCHETYPE","ascension_level":0}}