{"host":"640uue19m79c7wbt","time":1610910191,"event":{"mods":["BaseMod","Colored Map","Googly Eyes","Highlight Path","Minty Spire (QoL Compilation)","Quick Restart","StSLib"],"gold_per_floor":[113,113,113,288,238,266,266,300,300,69,130,94,94,94,94,189,189,203,203,203,215,215,215,245,245,294,294,42,59,79,106,106,208,208,222,222,239,251,22,22,51,51,75,102,113,139,139,159,159,159],"floor_reached":51,"language":"ENG","playtime":2297,"items_purged":["Strike_G","Doubt"],"score":1329,"play_id":"453acfbe-dcd8-4edd-9a05-77663f970963","local_time":"20210117140311","is_ascension_mode":true,"campfire_choices":[{"data":"Eviscerate","floor":7.0,"key":"SMITH"},{"data":"A Thousand Cuts","floor":13.0,"key":"SMITH"},{"data":"Venomology","floor":15.0,"key":"SMITH"},{"data":"Calculated Gamble","floor":23.0,"key":"SMITH"},{"data":"Choke","floor":25.0,"key":"SMITH"},{"data":"Wraith Form v2","floor":27.0,"key":"SMITH"},{"floor":32.0,"key":"REST"},{"data":"Bullet Time","floor":40.0,"key":"SMITH"},{"data":"Envenom","floor":42.0,"key":"SMITH"},{"data":"After Image","floor":47.0,"key":"SMITH"},{"data":"Discovery","floor":49.0,"key":"SMITH"}],"circlet_count":0,"master_deck":["AscendersBane","Strike_G","Strike_G+1","Defend_G","Defend_G","Defend_G","Defend_G","Defend_G","Survivor","Neutralize+1","Underhanded Strike","Eviscerate+1","A Thousand Cuts+1","Calculated Gamble+1","Infinite Blades","Venomology+1","Bullet Time+1","Writhe","Choke+1","Wraith Form v2+1","Caltrops+1","Dash","Burst","Unload","Discovery+1","Acrobatics+1","Underhanded Strike+1","After Image+1","Envenom+1","Accuracy","Predator+1","Blur+1","Cloak And Dagger"],"relics":["Ring of the Snake","NeowsBlessing","Potion Belt","Du-Vu Doll","Pear","Ninja Scroll","Question Card","Blood Vial","Orichalcum","SacredBark","Tiny Chest","Omamori","Smiling Mask","Bottled Tornado","Toy Ornithopter","Black Star","Kunai","Bronze Scales","Anchor","Dream Catcher","Shuriken","Calipers","Whetstone"],"acts_visited":["Exordium","TheCity","TheBeyond"],"potions_floor_usage":[50,50,50,50,50],"damage_taken":[{"damage":0.0,"enemies":"Jaw Worm","floor":1.0,"turns":1.0},{"damage":0.0,"enemies":"Lagavulin","floor":6.0,"turns":1.0},{"damage":0.0,"enemies":"3 Sentries","floor":8.0,"turns":1.0},{"damage":25.0,"enemies":"3 Sentries","floor":11.0,"turns":6.0},{"damage":31.0,"enemies":"Hexaghost","floor":16.0,"turns":9.0},{"damage":0.0,"enemies":"Spheric Guardian","floor":18.0,"turns":2.0},{"damage":0.0,"enemies":"Shell Parasite","floor":21.0,"turns":1.0},{"damage":3.0,"enemies":"Gremlin Leader","floor":24.0,"turns":2.0},{"damage":0.0,"enemies":"3 Cultists","floor":29.0,"turns":3.0},{"damage":27.0,"enemies":"Shelled Parasite and Fungi","floor":30.0,"turns":5.0},{"damage":28.0,"enemies":"Book of Stabbing","floor":31.0,"turns":6.0},{"damage":24.0,"enemies":"Automaton","floor":33.0,"turns":10.0},{"damage":0.0,"enemies":"3 Darklings","floor":35.0,"turns":3.0},{"damage":8.0,"enemies":"Orb Walker","floor":37.0,"turns":3.0},{"damage":9.0,"enemies":"3 Darklings","floor":38.0,"turns":3.0},{"damage":29.0,"enemies":"Reptomancer","floor":41.0,"turns":4.0},{"damage":13.0,"enemies":"Nemesis","floor":44.0,"turns":7.0},{"damage":34.0,"enemies":"Writhing Mass","floor":45.0,"turns":5.0},{"damage":19.0,"enemies":"Giant Head","floor":46.0,"turns":8.0},{"damage":0.0,"enemies":"Transient","floor":48.0,"turns":5.0},{"damage":0,"enemies":"Awakened One","floor":50,"turns":8}],"seed_played":"4400228978091172845","potions_obtained":[{"floor":11.0,"key":"ColorlessPotion"},{"floor":16.0,"key":"SpeedPotion"},{"floor":18.0,"key":"Strength Potion"},{"floor":30.0,"key":"Strength Potion"},{"floor":31.0,"key":"Explosive Potion"},{"floor":35.0,"key":"GamblersBrew"},{"floor":41.0,"key":"SkillPotion"},{"floor":45.0,"key":"AttackPotion"},{"floor":46.0,"key":"DistilledChaos"},{"floor":48.0,"key":"PowerPotion"}],"is_trial":false,"path_per_floor":["M","?","?","?","?","E","R","E","T","$","?","$","R","?","R","B",null,"M","?","?","M","?","R","E","R","T","R","$","M","M","E","R","B",null,"M","?","M","M","$","R","E","R","T","E","M","E","R","M","R","B",null],"character_chosen":"THE_SILENT","items_purchased":["Blood Vial","Infinite Blades","Bottled Tornado","After Image","PowerPotion","ColorlessPotion"],"campfire_rested":1,"item_purchase_floors":[10,12,28,39,39,39],"current_hp_per_floor":[63,60,60,60,60,70,70,70,70,70,47,47,47,47,47,33,68,70,70,70,72,72,72,71,71,71,71,71,73,48,22,46,34,69,80,80,72,72,72,72,51,51,51,72,55,48,48,50,50,77],"gold":159,"neow_bonus":"THREE_ENEMY_KILL","is_daily":false,"chose_seed":false,"campfire_upgraded":10,"win_rate":0.0,"timestamp":1610910191,"path_taken":["M","?","?","?","?","E","R","E","T","$","?","?","R","?","R","BOSS","M","?","?","M","?","R","E","R","T","R","$","M","M","E","R","BOSS","M","?","M","M","$","R","E","R","T","E","M","E","R","M","R","BOSS"],"items_purchased_type":["Relic","Card","Relic","Card","Potion","Potion"],"build_version":"2020-12-22","purchased_purges":2,"victory":true,"max_hp_per_floor":[70,70,70,70,70,80,80,80,80,80,80,80,80,80,80,80,80,80,80,80,80,80,80,80,80,80,80,80,80,80,80,80,80,80,80,80,80,80,80,80,80,80,80,80,80,80,80,80,80,80],"card_choices":[{"not_picked":["Acrobatics","Backflip"],"picked":"Underhanded Strike","floor":1.0},{"not_picked":["Endless Agony","Deadly Poison"],"picked":"Eviscerate","floor":6.0},{"not_picked":["Dash","Dagger Spray"],"picked":"A Thousand Cuts","floor":8.0},{"not_picked":["Quick Slash","Outmaneuver","Setup"],"picked":"Calculated Gamble","floor":11.0},{"not_picked":["Tools of the Trade","Wraith Form v2","Storm of Steel"],"picked":"Bullet Time","floor":16.0},{"not_picked":["Quick Slash","Deflect+1","Backflip","Acrobatics"],"picked":"SKIP","floor":18.0},{"not_picked":["Deflect","Prepared","Flying Knee"],"picked":"Choke","floor":21.0},{"not_picked":["Poisoned Stab","PiercingWail+1","Reflex"],"picked":"Wraith Form v2","floor":24.0},{"not_picked":["Flechettes","Leg Sweep+1","Endless Agony"],"picked":"Caltrops+1","floor":29.0},{"not_picked":["Deadly Poison","Underhanded Strike","Bane"],"picked":"Dash","floor":30.0},{"not_picked":["Dodge and Roll","Sucker Punch+1","Calculated Gamble"],"picked":"Burst","floor":31.0},{"not_picked":["Grand Finale","Malaise","Glass Knife"],"picked":"Unload","floor":33.0},{"not_picked":["Prepared","Calculated Gamble+1","Quick Slash","Backflip"],"picked":"SKIP","floor":35.0},{"not_picked":["Panacea","Good Instincts","Finesse"],"picked":"Discovery","floor":36.0},{"not_picked":["Dodge and Roll+1","Deflect","Bane"],"picked":"Acrobatics+1","floor":37.0},{"not_picked":["Endless Agony+1","Deadly Poison","Flying Knee"],"picked":"Underhanded Strike+1","floor":38.0},{"not_picked":["Endless Agony","Predator","Escape Plan"],"picked":"Envenom","floor":41.0},{"not_picked":["Envenom","A Thousand Cuts","Concentrate"],"picked":"Accuracy","floor":44.0},{"not_picked":["Prepared+1","Cloak And Dagger","Choke+1"],"picked":"Predator+1","floor":45.0},{"not_picked":["Deflect+1","Die Die Die","Riddle With Holes+1"],"picked":"Blur+1","floor":46.0},{"not_picked":["Backflip+1","Dash","Flying Knee"],"picked":"Cloak And Dagger","floor":48.0}],"player_experience":595153,"relics_obtained":[{"floor":6.0,"key":"Pear"},{"floor":8.0,"key":"Ninja Scroll"},{"floor":9.0,"key":"Question Card"},{"floor":11.0,"key":"Orichalcum"},{"floor":24.0,"key":"Omamori"},{"floor":26.0,"key":"Smiling Mask"},{"floor":31.0,"key":"Toy Ornithopter"},{"floor":41.0,"key":"Kunai"},{"floor":41.0,"key":"Bronze Scales"},{"floor":43.0,"key":"Anchor"},{"floor":44.0,"key":"Dream Catcher"},{"floor":44.0,"key":"Shuriken"},{"floor":46.0,"key":"Calipers"},{"floor":46.0,"key":"Whetstone"}],"event_choices":[{"damage_healed":0.0,"max_hp_gain":0.0,"max_hp_loss":0.0,"gold_gain":0.0,"event_name":"Scrap Ooze","player_choice":"Success","floor":2.0,"gold_loss":0.0,"damage_taken":3.0,"relics_obtained":["Potion Belt"]},{"damage_healed":0.0,"max_hp_gain":0.0,"max_hp_loss":0.0,"gold_gain":0.0,"event_name":"Big Fish","player_choice":"Box","floor":3.0,"gold_loss":0.0,"damage_taken":0.0,"relics_obtained":["Du-Vu Doll"],"cards_obtained":["Regret"]},{"damage_healed":0.0,"max_hp_gain":0.0,"max_hp_loss":0.0,"gold_gain":175.0,"event_name":"Liars Game","player_choice":"AGREE","floor":4.0,"gold_loss":0.0,"damage_taken":0.0,"cards_obtained":["Doubt"]},{"cards_removed":["Regret"],"damage_healed":0.0,"max_hp_gain":0.0,"max_hp_loss":0.0,"gold_gain":0.0,"event_name":"The Cleric","player_choice":"Card Removal","floor":5.0,"gold_loss":50.0,"damage_taken":0.0},{"damage_healed":0.0,"max_hp_gain":0.0,"max_hp_loss":0.0,"gold_gain":30.0,"event_name":"Dead Adventurer","player_choice":"Searched \u00273\u0027 times","floor":11.0,"gold_loss":0.0,"damage_taken":0.0},{"damage_healed":0.0,"max_hp_gain":0.0,"max_hp_loss":0.0,"gold_gain":0.0,"cards_transformed":["Strike_G"],"event_name":"Living Wall","player_choice":"Change","floor":14.0,"gold_loss":0.0,"damage_taken":0.0,"cards_obtained":["Venomology"]},{"cards_removed":["Strike_G"],"damage_healed":0.0,"max_hp_gain":0.0,"max_hp_loss":0.0,"gold_gain":0.0,"event_name":"Back to Basics","player_choice":"Elegance","floor":19.0,"gold_loss":0.0,"damage_taken":0.0},{"damage_healed":0.0,"max_hp_gain":0.0,"max_hp_loss":0.0,"gold_gain":0.0,"event_name":"The Mausoleum","player_choice":"Opened","floor":20.0,"gold_loss":0.0,"damage_taken":0.0,"relics_obtained":["Tiny Chest"],"cards_obtained":["Writhe"]},{"damage_healed":0.0,"max_hp_gain":0.0,"max_hp_loss":0.0,"gold_gain":0.0,"event_name":"Ghosts","player_choice":"Ignored","floor":22.0,"gold_loss":0.0,"damage_taken":0.0},{"damage_healed":0.0,"max_hp_gain":0.0,"max_hp_loss":0.0,"gold_gain":0.0,"event_name":"SensoryStone","player_choice":"Memory 1","floor":36.0,"gold_loss":0.0,"damage_taken":0.0}],"is_beta":false,"boss_relics":[{"not_picked":["Velvet Choker","Tiny House"],"picked":"SacredBark"},{"not_picked":["Sozu","Fusion Hammer"],"picked":"Black Star"}],"items_purged_floors":[10,39],"is_endless":false,"potions_floor_spawned":[11,16,18,30,31,35,41,45,46,48],"ascension_level":11}}