{"host":"vrsxkkch9ccrec7k","time":1610919246,"event":{"mods":["Act Like it!","BaseMod","Bestiary","Better Sensory Stone","Better Third Choice","Better Vampires","Downfall","Minty Spire (QoL Compilation)","Permanent Neow","Relic Stats","Spicy Shops","StSLib"],"gold_per_floor":[99,117,117,129,141,141,141,173,191,13,23,23,23,53,72,177,177,177,177],"floor_reached":17,"language":"ENG","playtime":1727,"items_purged":[],"score":225,"play_id":"90e14d18-cd30-489b-9ceb-8382e0606f6d","local_time":"20210117163406","is_ascension_mode":true,"campfire_choices":[{"data":"champ:CheapShot","floor":1.0,"key":"SMITH"},{"data":"champ:Taunt","floor":6.0,"key":"SMITH"},{"data":"champ:SwordSigil","floor":12.0,"key":"SMITH"}],"circlet_count":0,"master_deck":["champ:Strike","champ:Strike","champ:Strike","champ:Strike","champ:Defend","champ:Defend","champ:Defend","champ:Defend","champ:Execute","champ:Taunt+1","champ:CheapShot+1","champ:Shatter","champ:SwordSigil+1","champ:CrownThrow","champ:Duel+1","champ:ShieldSigil","champ:TornadoPunch+1","champ:BerserkersShout","champ:EndlessRage","champ:Backstep","champ:UltimateStance"],"relics":["champ:ChampionCrown","downfall:ShatteredFragment","FossilizedHelix","Molten Egg 2","Membership Card","Happy Flower"],"acts_visited":["Exordium","TheCity"],"potions_floor_usage":[],"damage_taken":[{"damage":20.0,"enemies":"Small Slimes","floor":2.0,"turns":4.0},{"damage":17.0,"enemies":"Jaw Worm","floor":4.0,"turns":3.0},{"damage":10.0,"enemies":"Cultist","floor":5.0,"turns":3.0},{"damage":45.0,"enemies":"3 Sentries","floor":8.0,"turns":6.0},{"damage":10.0,"enemies":"Gremlin Gang","floor":9.0,"turns":4.0},{"damage":36.0,"enemies":"downfall:FleeingMerchant","floor":10.0,"turns":5.0},{"damage":27.0,"enemies":"3 Louse","floor":11.0,"turns":2.0},{"damage":4.0,"enemies":"Gremlin Nob","floor":14.0,"turns":3.0},{"damage":0.0,"enemies":"Exordium Wildlife","floor":15.0,"turns":2.0},{"damage":27.0,"enemies":"WA_ARCHETYPE_RETAIN","floor":16.0,"turns":6.0}],"seed_played":"4961018491021072403","potions_obtained":[{"floor":2.0,"key":"BlessingOfTheForge"},{"floor":8.0,"key":"Swift Potion"},{"floor":9.0,"key":"Dexterity Potion"},{"floor":13.0,"key":"SteroidPotion"},{"floor":14.0,"key":"bronze:BurnAndBuffPotion"}],"is_trial":false,"path_per_floor":["R","M","?","M","M","R","T","E","M","$","M","R","?","E","M","B",null],"character_chosen":"THE_CHAMP","items_purchased":["Membership Card","champ:BerserkersShout"],"campfire_rested":0,"item_purchase_floors":[10,10],"current_hp_per_floor":[81,81,54,47,47,47,47,37,37,42,35,35,35,41,41,14,71,71,71],"gold":177,"neow_bonus":"ONE_RANDOM_RARE_CARD","is_daily":false,"chose_seed":false,"campfire_upgraded":3,"win_rate":0.0,"timestamp":1610919246,"path_taken":["R","M","?","M","M","R","T","E","M","$","M","R","?","E","M","BOSS"],"items_purchased_type":["Relic","Card"],"build_version":"2020-12-22","purchased_purges":0,"victory":false,"max_hp_per_floor":[90,90,90,90,90,90,90,90,90,90,90,90,90,90,90,90,90,90,90],"relic_stats":{"Happy Flower":[2],"counters":[10,38],"obtain_stats":[{"downfall:ShatteredFragment":3,"Happy Flower":14,"champ:ChampionCrown":0,"Molten Egg 2":8,"Membership Card":10,"FossilizedHelix":7},{"downfall:ShatteredFragment":1,"Happy Flower":8,"champ:ChampionCrown":0,"Molten Egg 2":4,"Membership Card":6,"FossilizedHelix":3},{"downfall:ShatteredFragment":4,"Happy Flower":30,"champ:ChampionCrown":0,"Molten Egg 2":16,"Membership Card":25,"FossilizedHelix":10}]},"card_choices":[{"not_picked":["champ:DefensiveShout","champ:SetATrap"],"picked":"champ:Shatter","floor":2.0},{"not_picked":["champ:Parry","champ:EndlessRage"],"picked":"champ:SwordSigil","floor":4.0},{"not_picked":["champ:Shatter","champ:BladeFlurry"],"picked":"champ:CrownThrow","floor":5.0},{"not_picked":["champ:GutPunch+1","champ:FlashCut+1"],"picked":"champ:Duel+1","floor":8.0},{"not_picked":["champ:DefensiveShout","champ:GladiatorStyle"],"picked":"champ:ShieldSigil","floor":9.0},{"not_picked":["champ:Circumvent","champ:BladeFlurry+1"],"picked":"champ:TornadoPunch+1","floor":10.0},{"not_picked":["champ:ShieldThrow+1","champ:Circumvent","champ:BladeFlurry+1"],"picked":"SKIP","floor":11.0},{"not_picked":["champ:BladeFlurry+1","champ:FlashCut+1"],"picked":"champ:EndlessRage","floor":14.0},{"not_picked":["champ:DeathBlow+1","champ:BerserkersShout"],"picked":"champ:Backstep","floor":15.0},{"not_picked":["champ:HeavySlash+1","champ:LastStand"],"picked":"champ:UltimateStance","floor":16.0}],"player_experience":1578608,"relics_obtained":[{"floor":7.0,"key":"FossilizedHelix"},{"floor":8.0,"key":"Molten Egg 2"},{"floor":14.0,"key":"Happy Flower"}],"event_choices":[{"damage_healed":0.0,"max_hp_gain":0.0,"max_hp_loss":0.0,"gold_gain":0.0,"event_name":"Lab","player_choice":"Got Potions","floor":13.0,"gold_loss":0.0,"damage_taken":0.0}],"is_beta":false,"boss_relics":[{"not_picked":[]}],"items_purged_floors":[],"is_endless":false,"potions_floor_spawned":[2,8,9,14],"ascension_level":7}}