{"host":"z0tqw7lu1gwakzxm","time":1610919507,"event":{"mods":["BaseMod","DeckTracker","Lobotomy","Minty Spire (QoL Compilation)","StSLib","slay the spire mod where everything is the same but ironclad has a cowboy hat"],"gold_per_floor":[112,112,131,206,219,219,237,268,320,320,330,330,330,344,344,447,447,458,192,107,119,119],"floor_reached":21,"language":"ENG","playtime":678,"items_purged":[],"score":204,"play_id":"cf22b9bd-2099-4778-9b95-3a4b02c743f0","local_time":"20210117163827","is_ascension_mode":false,"campfire_choices":[{"data":"Footwork","floor":6,"key":"SMITH"},{"data":"Dagger Spray","floor":10,"key":"SMITH"},{"floor":12,"key":"REST"},{"data":"Riddle With Holes","floor":15,"key":"SMITH"}],"circlet_count":0,"master_deck":["Strike_G","Strike_G","Strike_G","Strike_G","Strike_G","Defend_G","Defend_G","Defend_G","Defend_G","Defend_G","Survivor","Neutralize+1","UniverseFragment","Dagger Spray+1","MeatLantern","Poisoned Stab","Scorched","Footwork+1","OldLady","Quick Slash","Rudolta","Riddle With Holes+1","Riddle With Holes","Prepared","RedShoes","Malaise","LittlePrince","Deadly Poison+1","Well Laid Plans","Noxious Fumes","Dagger Throw","Calculated Gamble","Bane+1","PiercingWail"],"relics":["Ring of the Snake","CogitoBucket","Gremlin Horn","Bag of Marbles","HellTrain","FaceOfCleric","Velvet Choker","Orrery","MawBank"],"acts_visited":["Exordium","TheCity"],"potions_floor_usage":[16,16,16],"damage_taken":[{"damage":0,"enemies":"Cultist","floor":1,"turns":5},{"damage":1,"enemies":"2 Louse","floor":3,"turns":2},{"damage":0,"enemies":"Jaw Worm","floor":5,"turns":3},{"damage":1,"enemies":"Large Slime","floor":7,"turns":6},{"damage":0,"enemies":"3 Sentries","floor":8,"turns":4},{"damage":0,"enemies":"3 Louse","floor":11,"turns":1},{"damage":0,"enemies":"Blue Slaver","floor":14,"turns":3},{"damage":60,"enemies":"Hexaghost","floor":16,"turns":7},{"damage":52,"enemies":"Spheric Guardian","floor":18,"turns":5},{"damage":28,"enemies":"Shell Parasite","floor":21,"turns":3}],"seed_played":"-6263770612078688119","potions_obtained":[{"floor":3,"key":"Strength Potion"},{"floor":5,"key":"FearPotion"},{"floor":11,"key":"Dexterity Potion"}],"is_trial":false,"path_per_floor":["M","?","M","?","M","R","M","E","T","R","M","R","?","M","R","B",null,"M","$","?","M"],"character_chosen":"THE_SILENT","items_purchased":["Well Laid Plans","Orrery","PiercingWail"],"campfire_rested":1,"item_purchase_floors":[19,19,19],"current_hp_per_floor":[70,70,69,58,58,58,57,57,57,57,57,70,70,71,71,12,72,21,21,21,0,0],"gold":119,"neow_bonus":"","is_daily":false,"chose_seed":false,"campfire_upgraded":3,"win_rate":0.0,"timestamp":1610919507,"path_taken":["M","?","M","?","M","R","M","E","T","R","M","R","?","?","R","BOSS","M","$","?","M"],"items_purchased_type":["Card","Relic","Card"],"build_version":"2020-12-22","purchased_purges":0,"victory":false,"max_hp_per_floor":[70,70,70,70,70,70,70,70,70,70,70,70,70,71,71,72,72,73,73,73,73,73],"card_choices":[{"not_picked":["Laetitia","CherryBlossoms"],"picked":"UniverseFragment","floor":1},{"not_picked":["Dodge and Roll","Cloak And Dagger"],"picked":"Dagger Spray","floor":1},{"not_picked":["HeroicMonk","Funeral"],"picked":"MeatLantern","floor":3},{"not_picked":["Doppelganger","Skewer"],"picked":"Poisoned Stab","floor":3},{"not_picked":["LongBird","PunishingBird"],"picked":"Scorched","floor":5},{"not_picked":["Cloak And Dagger","Prepared"],"picked":"Footwork","floor":5},{"not_picked":["MHz","Bloodbath"],"picked":"OldLady","floor":7},{"not_picked":["Blade Dance","Dodge and Roll"],"picked":"Quick Slash","floor":7},{"not_picked":["ShyLook","LongBird"],"picked":"Rudolta","floor":8},{"not_picked":["Choke","Eviscerate"],"picked":"Riddle With Holes","floor":8},{"not_picked":["Distraction","Flying Knee"],"picked":"Riddle With Holes","floor":11},{"not_picked":["Outmaneuver","Deflect"],"picked":"Prepared","floor":14},{"not_picked":["Murderer","GalaxyChild"],"picked":"RedShoes","floor":16},{"not_picked":["Tools of the Trade","Glass Knife"],"picked":"Malaise","floor":16},{"not_picked":["Wellcheers","PunishingBird"],"picked":"LittlePrince","floor":18},{"not_picked":["Deflect+1","Poisoned Stab"],"picked":"Deadly Poison+1","floor":18},{"not_picked":["Expertise","Choke"],"picked":"Noxious Fumes","floor":19},{"not_picked":["Sucker Punch+1","Die Die Die"],"picked":"Dagger Throw","floor":19},{"not_picked":["Endless Agony","Flying Knee+1"],"picked":"Calculated Gamble","floor":19},{"not_picked":["Backflip","Flechettes"],"picked":"Bane+1","floor":19}],"player_experience":337715,"relics_obtained":[{"floor":8,"key":"Gremlin Horn"},{"floor":9,"key":"Bag of Marbles"}],"event_choices":[{"damage_healed":0,"gold_gain":0,"player_choice":"Grow","damage_taken":0,"max_hp_gain":0,"max_hp_loss":0,"event_name":"Living Wall","floor":2,"gold_loss":0,"cards_upgraded":["Neutralize"]},{"damage_healed":0,"gold_gain":75,"player_choice":"Gather Gold","damage_taken":11,"max_hp_gain":0,"max_hp_loss":0,"event_name":"World of Goop","floor":4,"gold_loss":0},{"damage_healed":0,"gold_gain":0,"player_choice":"Trade","damage_taken":0,"relics_obtained":["FaceOfCleric"],"max_hp_gain":0,"max_hp_loss":0,"event_name":"FaceTrader","floor":13,"gold_loss":0},{"damage_healed":0,"gold_gain":0,"player_choice":"Obtained Relic","damage_taken":0,"relics_obtained":["MawBank"],"max_hp_gain":0,"max_hp_loss":0,"event_name":"Addict","floor":20,"gold_loss":85}],"is_beta":false,"boss_relics":[{"not_picked":["HoveringKite","Empty Cage"],"picked":"Velvet Choker"}],"items_purged_floors":[],"is_endless":false,"potions_floor_spawned":[3,5,11,14],"killed_by":"Shell Parasite","ascension_level":0}}