{"host":"0tyekvnd8380d52o","time":1610843743,"event":{"mods":["Act Like it!","Arknights The Spire","BaseMod","Gensokyo","Marisa£®ÏF”Í°°ƒß¿Ì…≥£©","Minty Spire (QoL Compilation)","Reimu£®≤©¿ˆ¡È√Œ£©","Shop Mod","StSLib","The Servant 0.9.4","simple"],"gold_per_floor":[111,123,141,141,156,189,264,233,233,3,18,18,18,33,33,132,132,151,61,75,85,85,112,112,126,126,143,43,43,43,43,43,43,43],"floor_reached":33,"language":"ZHS","playtime":1703,"items_purged":["Defend_Lin:ReiMu","Regret"],"score":269,"play_id":"d213ec79-0e8e-4877-be9f-f6c046d6cfe1","local_time":"20210117083543","is_ascension_mode":false,"campfire_choices":[{"floor":12,"key":"REST"},{"data":"NineCharacters:ReiMu","floor":15,"key":"SMITH"},{"floor":24,"key":"REST"},{"data":"RunawayExorcism:ReiMu","floor":30,"key":"SMITH"},{"floor":32,"key":"REST"}],"circlet_count":0,"master_deck":["Strike_Lin:ReiMu+1","Strike_Lin:ReiMu+1","Strike_Lin:ReiMu+1","Strike_Lin:ReiMu+1","Defend_Lin:ReiMu+1","Defend_Lin:ReiMu+1","NB:ReiMu","Stagnation:ReiMu","AlertArray:ReiMu+1","Enchanting:ReiMu","OrbThrow:ReiMu","NineCharacters:ReiMu+1","Meditation:ReiMu","KamiSacrifice:ReiMu","SubcavityInstant:ReiMu","KamiRite:ReiMu+1","Intuition:ReiMu+1","LearningPray:ReiMu","Injury","FineLineFantasy:ReiMu+1","LovePray:ReiMu","RunawayExorcism:ReiMu+1","RainPray2:ReiMu"],"relics":["FlyPower:ReiMu","NeowsBlessing","Ancient Tea Set","Tiny Chest","Cursed Key","Bow_fan:ReiMu","Bag of Preparation","Bottled Lightning"],"acts_visited":["Exordium","TheCity"],"potions_floor_usage":[33,33,33],"damage_taken":[{"damage":0,"enemies":"Jaw Worm","floor":1,"turns":1},{"damage":0,"enemies":"2 Louse","floor":2,"turns":1},{"damage":0,"enemies":"Cultist","floor":3,"turns":2},{"damage":0,"enemies":"Large Slime","floor":5,"turns":4},{"damage":16,"enemies":"Lagavulin","floor":6,"turns":8},{"damage":5,"enemies":"Exordium Thugs","floor":8,"turns":5},{"damage":5,"enemies":"Looter","floor":11,"turns":4},{"damage":9,"enemies":"3 Louse","floor":14,"turns":5},{"damage":22,"enemies":"Slime Boss","floor":16,"turns":8},{"damage":5,"enemies":"Shell Parasite","floor":18,"turns":7},{"damage":2,"enemies":"Spheric Guardian","floor":20,"turns":5},{"damage":15,"enemies":"Snake Plant","floor":21,"turns":6},{"damage":26,"enemies":"Gremlin Leader","floor":23,"turns":9},{"damage":3,"enemies":"Cultist and Chosen","floor":25,"turns":5},{"damage":17,"enemies":"Centurion and Healer","floor":27,"turns":7},{"damage":49,"enemies":"Automaton","floor":33,"turns":6}],"seed_played":"-6406727475893685240","potions_obtained":[{"floor":5,"key":"Swift Potion"},{"floor":8,"key":"BottledKami:ReiMu"},{"floor":21,"key":"Dexterity Potion"},{"floor":23,"key":"HakureiPotion:ReiMu"}],"is_trial":false,"path_per_floor":["M","M","M","?","M","E","?","M","T","$","M","R","?","M","R","B",null,"M","?","M","M","T","E","R","M","T","M","$","?","R","?","R","B"],"character_chosen":"REIMU","items_purchased":["Tiny Chest"],"campfire_rested":3,"item_purchase_floors":[10],"current_hp_per_floor":[65,65,65,52,52,36,25,20,20,20,15,34,39,30,30,8,70,65,65,63,48,48,22,43,40,40,23,23,23,23,23,44,0,0],"gold":43,"neow_bonus":"THREE_ENEMY_KILL","is_daily":false,"chose_seed":false,"campfire_upgraded":2,"win_rate":0.0,"timestamp":1610843743,"path_taken":["M","M","M","?","M","E","?","M","T","$","M","R","?","M","R","BOSS","M","?","M","?","?","E","R","M","T","M","?","?","R","?","R","BOSS"],"items_purchased_type":["Relic"],"build_version":"2020-12-22","purchased_purges":2,"victory":false,"max_hp_per_floor":[65,65,65,65,65,65,65,65,65,65,65,65,70,70,70,70,70,70,70,70,70,70,70,70,70,70,70,70,70,70,70,70,70,70],"card_choices":[{"not_picked":["SpreadBorder2:ReiMu","OrbThrow:ReiMu"],"picked":"AlertArray:ReiMu","floor":1},{"not_picked":["TakeOff:ReiMu","FineLineFantasy:ReiMu"],"picked":"Enchanting:ReiMu","floor":2},{"not_picked":["SpringWay:ReiMu","RainPray2:ReiMu"],"picked":"OrbThrow:ReiMu","floor":3},{"not_picked":["SafetyPray:ReiMu","AirStrike:ReiMu"],"picked":"NineCharacters:ReiMu","floor":5},{"not_picked":["Crusade:ReiMu","TightArray:ReiMu"],"picked":"Meditation:ReiMu","floor":6},{"not_picked":["SpringWay:ReiMu","RainPray2:ReiMu","OctopathBindingBorder2:ReiMu"],"picked":"SKIP","floor":8},{"not_picked":["FoulBorder2:ReiMu","Gathering:ReiMu"],"picked":"KamiSacrifice:ReiMu","floor":11},{"not_picked":["MountainWay:ReiMu","AirStrike:ReiMu"],"picked":"SubcavityInstant:ReiMu","floor":14},{"not_picked":["SubcavityFantasy:ReiMu","CeremonyResonance:ReiMu"],"picked":"KamiRite:ReiMu","floor":16},{"not_picked":["FoulBorder2:ReiMu","Meditation:ReiMu"],"picked":"Intuition:ReiMu+1","floor":18},{"not_picked":["SubAcupoint:ReiMu","EmergencyTakeOff:ReiMu"],"picked":"LearningPray:ReiMu","floor":20},{"not_picked":["OctopathBindingBorder2:ReiMu","ShadowOfCrow2:ReiMu","AlertArray:ReiMu"],"picked":"SKIP","floor":21},{"not_picked":["SubAcupoint:ReiMu","LearningPray:ReiMu"],"picked":"FineLineFantasy:ReiMu+1","floor":23},{"not_picked":["SubAcupoint:ReiMu","Meditation:ReiMu+1"],"picked":"LovePray:ReiMu","floor":25},{"not_picked":["LearningPray:ReiMu+1","TightArray:ReiMu"],"picked":"RunawayExorcism:ReiMu","floor":27}],"player_experience":189993,"relics_obtained":[{"floor":6,"key":"Ancient Tea Set"},{"floor":22,"key":"Bow_fan:ReiMu"},{"floor":23,"key":"Bag of Preparation"},{"floor":26,"key":"Bottled Lightning"}],"event_choices":[{"damage_healed":0,"gold_gain":0,"player_choice":"Entered Light","damage_taken":13,"max_hp_gain":0,"max_hp_loss":0,"event_name":"Shining Light","floor":4,"gold_loss":0,"cards_upgraded":["AlertArray:ReiMu","Defend_Lin:ReiMu"]},{"damage_healed":0,"gold_gain":75,"player_choice":"Gather Gold","damage_taken":11,"max_hp_gain":0,"max_hp_loss":0,"event_name":"World of Goop","floor":7,"gold_loss":0},{"damage_healed":0,"gold_gain":0,"player_choice":"Donut","damage_taken":0,"max_hp_gain":5,"max_hp_loss":0,"event_name":"Big Fish","floor":13,"gold_loss":0},{"cards_removed":["Defend_Lin:ReiMu"],"damage_healed":0,"gold_gain":0,"player_choice":"Upgrade and Remove","damage_taken":0,"max_hp_gain":0,"max_hp_loss":0,"event_name":"Designer","floor":19,"gold_loss":90,"cards_upgraded":["KamiRite:ReiMu"]},{"damage_healed":0,"gold_gain":0,"player_choice":"Simplicity","damage_taken":0,"max_hp_gain":0,"max_hp_loss":0,"event_name":"Back to Basics","floor":29,"gold_loss":0,"cards_upgraded":["Strike_Lin:ReiMu","Strike_Lin:ReiMu","Strike_Lin:ReiMu","Strike_Lin:ReiMu","Defend_Lin:ReiMu"]},{"damage_healed":0,"gold_gain":0,"player_choice":"1 cards matched","damage_taken":0,"max_hp_gain":0,"max_hp_loss":0,"event_name":"Match and Keep!","floor":31,"gold_loss":0,"cards_obtained":["RainPray2:ReiMu"]}],"is_beta":false,"boss_relics":[{"not_picked":["Sozu","SacredBark"],"picked":"Cursed Key"}],"items_purged_floors":[10,28],"is_endless":false,"potions_floor_spawned":[5,8,21,23,25],"killed_by":"Automaton","ascension_level":0}}