{"host":"jft3vy2l4n4npizy","time":1610842114,"event":{"mods":["BaseMod","Bestiary","Energized Spire","Highlight Path","Marisa£¨ìFÓê¡¡Ä§ÀíÉ³£©","Minty Spire (QoL Compilation)","Quick Restart","StSLib","TestMod","The Bladedancer","The Servant 0.9.4","Youmu£¨»êÆÇÑýÃÎ£©","Yuri Mod","vexMod"],"gold_per_floor":[109,109,509,509,520,520,538,538,538,560,31,306,82,97,97,218,218,233,233,269,368,36,103,103,153,179,199,49,49,120,169,169,305,305,329,9,45,71,148,148,193,212,212,276,476,499,571,571,571,593,593,593,89,166,187],"floor_reached":56,"language":"ZHS","playtime":2360,"items_purged":["Strike_MRS","Regret","Strike_MRS","Defend_MRS","Strike_MRS"],"score":1575,"play_id":"8faf129d-195d-4a3d-ace8-d0d5a798e939","local_time":"20210117080834","is_ascension_mode":true,"campfire_choices":[{"data":"MasterSpark","floor":6.0,"key":"SMITH"},{"data":"SporeBomb","floor":8.0,"key":"SMITH"},{"data":"JA","floor":15.0,"key":"SMITH"},{"data":"EscapeVelocity","floor":24.0,"key":"SMITH"},{"floor":29.0,"key":"RECALL"},{"data":"PulseMagic","floor":32.0,"key":"SMITH"},{"data":"EarthLightRay","floor":40.0,"key":"SMITH"},{"data":"Singularity","floor":45.0,"key":"SMITH"},{"data":"Acceleration","floor":49.0,"key":"SMITH"},{"data":"Acceleration","floor":52.0,"key":"SMITH"}],"circlet_count":0,"master_deck":["Defend_MRS","Defend_MRS","Defend_MRS","MasterSpark+1","UpSweep+1","EarthLightRay+1","SporeBomb+1","EscapeVelocity+1","JA+1","WitchOfGreed","PulseMagic+1","JA+1","WitchOfGreed","PulseMagic+1","WitchLeyline","Acceleration+1","Acceleration+1","Singularity+1","SprinkleStarSeal+1","ShootTheMoon","Flash of Steel","Finesse","Parasite","Parasite","Acceleration+1"],"relics":["MiniHakkero","testmod-Fanaticism","NeowsBlessing","testmod-Acrobat","Potion Belt","RampagingMagicTools","PreservedInsect","InkBottle","Whetstone","Happy Flower","ExperimentalFamiliar","CatCart","MealTicket","vexMod:RedPlottingStone","testmod-LifeArmor","ShroomBag","Strawberry","testmod-HeartOfStrike","Eternal Feather"],"acts_visited":["Exordium","TheCity","TheBeyond","TheEnding"],"potions_floor_usage":[55,55,55,55,55],"damage_taken":[{"damage":0.0,"enemies":"Small Slimes","floor":1.0,"turns":1.0},{"damage":0.0,"enemies":"Jaw Worm","floor":5.0,"turns":1.0},{"damage":0.0,"enemies":"2 Louse","floor":7.0,"turns":1.0},{"damage":30.0,"enemies":"Gremlin Gang","floor":10.0,"turns":3.0},{"damage":22.0,"enemies":"Looter","floor":14.0,"turns":2.0},{"damage":33.0,"enemies":"The Guardian","floor":16.0,"turns":5.0},{"damage":0.0,"enemies":"Spheric Guardian","floor":18.0,"turns":2.0},{"damage":36.0,"enemies":"Chosen","floor":20.0,"turns":3.0},{"damage":64.0,"enemies":"Gremlin Leader","floor":23.0,"turns":3.0},{"damage":44.0,"enemies":"Book of Stabbing","floor":25.0,"turns":2.0},{"damage":0.0,"enemies":"Snake Plant","floor":27.0,"turns":2.0},{"damage":38.0,"enemies":"Slavers","floor":30.0,"turns":2.0},{"damage":34.0,"enemies":"Shelled Parasite and Fungi","floor":31.0,"turns":3.0},{"damage":0.0,"enemies":"Collector","floor":33.0,"turns":2.0},{"damage":17.0,"enemies":"3 Darklings","floor":35.0,"turns":2.0},{"damage":28.0,"enemies":"Orb Walker","floor":37.0,"turns":2.0},{"damage":37.0,"enemies":"Writhing Mass","floor":38.0,"turns":2.0},{"damage":63.0,"enemies":"Orin","floor":39.0,"turns":4.0},{"damage":27.0,"enemies":"Nemesis","floor":41.0,"turns":3.0},{"damage":33.0,"enemies":"Spire Growth","floor":42.0,"turns":2.0},{"damage":10.0,"enemies":"Maw","floor":44.0,"turns":4.0},{"damage":14.0,"enemies":"Transient","floor":47.0,"turns":5.0},{"damage":117.0,"enemies":"Awakened One","floor":50.0,"turns":4.0},{"damage":125.0,"enemies":"Shield and Spear","floor":54.0,"turns":5.0},{"damage":111,"enemies":"The Heart","floor":55,"turns":5}],"seed_played":"378588818384419977","potions_obtained":[{"floor":10.0,"key":"GamblersBrew"},{"floor":14.0,"key":"AttackPotion"},{"floor":18.0,"key":"AttackPotion"},{"floor":20.0,"key":"LiquidMemories"},{"floor":23.0,"key":"AttackPotion"},{"floor":23.0,"key":"Weak Potion"},{"floor":25.0,"key":"AttackPotion"},{"floor":27.0,"key":"SteroidPotion"},{"floor":30.0,"key":"AttackPotion"},{"floor":31.0,"key":"Energy Potion"},{"floor":31.0,"key":"Fruit Juice"},{"floor":33.0,"key":"Energy Potion"},{"floor":33.0,"key":"LiquidBronze"},{"floor":33.0,"key":"SpeedPotion"},{"floor":37.0,"key":"PowerPotion"},{"floor":39.0,"key":"Block Potion"},{"floor":41.0,"key":"Fire Potion"},{"floor":44.0,"key":"SkillPotion"},{"floor":44.0,"key":"StarNLove"},{"floor":47.0,"key":"ShroomBrew"},{"floor":47.0,"key":"Explosive Potion"},{"floor":54.0,"key":"EntropicBrew"}],"is_trial":false,"path_per_floor":["M","?","?","?","M","R","M","R","T","M","$","?","$","M","R","B",null,"M","?","M","?","$","E","R","E","T","M","$","R","E","M","R","B",null,"M","$","M","M","?","R","E","M","T","M","R","T","M","?","R","B",null,"R","$","E","B",null],"character_chosen":"MARISA","items_purchased":["EscapeVelocity","JA","Potion Belt","WitchOfGreed","PulseMagic","PreservedInsect","WitchOfGreed","Acceleration","StarNLove","Strawberry","PowerPotion","testmod-HeartOfStrike"],"campfire_rested":0,"item_purchase_floors":[11,11,11,13,13,22,22,36,36,53,53,53],"current_hp_per_floor":[75,75,75,80,80,80,80,80,80,80,80,80,80,62,62,80,80,80,80,80,80,80,80,80,80,80,80,80,80,80,80,80,85,85,85,85,78,85,85,85,83,85,85,85,95,95,93,93,93,95,95,95,102,102,102],"gold":187,"neow_bonus":"THREE_ENEMY_KILL","is_daily":false,"chose_seed":false,"campfire_upgraded":9,"win_rate":0.0,"timestamp":1610842114,"path_taken":["M","?","?","?","M","R","M","R","T","M","?","?","$","?","R","BOSS","M","?","M","?","?","E","R","E","T","M","$","R","E","M","R","BOSS","M","$","M","M","?","R","E","M","T","M","R","?","?","?","R","BOSS","R","$","E","BOSS"],"items_purchased_type":["Card","Card","Relic","Card","Card","Relic","Card","Card","Potion","Relic","Potion","Relic"],"build_version":"2020-12-22","purchased_purges":5,"victory":true,"max_hp_per_floor":[75,75,75,80,80,80,80,80,80,80,80,80,80,80,80,80,80,80,80,80,80,80,80,80,80,80,80,80,80,80,80,80,85,85,85,85,85,85,85,85,85,85,85,85,95,95,95,95,95,95,95,95,102,102,102],"card_choices":[{"not_picked":["SporeBomb","GalacticHalo","MilkyWay"],"picked":"SKIP","floor":1.0},{"not_picked":["ShootTheMoon","BlazeAway"],"picked":"EarthLightRay","floor":5.0},{"not_picked":["GravityBeat","AsteroidBelt"],"picked":"SporeBomb","floor":7.0},{"not_picked":["GalacticHalo","FairyDestructionRay","IllusionStar"],"picked":"SKIP","floor":10.0},{"not_picked":["DarkSpark","Orbital","GalacticHalo"],"picked":"SKIP","floor":14.0},{"not_picked":["BinaryStars","MaximisePower"],"picked":"JA","floor":16.0},{"not_picked":["DragonMeteor","NonDirectionalLaser+1","AsteroidBelt"],"picked":"SKIP","floor":18.0},{"not_picked":["IllusionStar","DC","MysteriousBeam"],"picked":"SKIP","floor":20.0},{"not_picked":["UnstableBomb","DC+1"],"picked":"PulseMagic+1","floor":23.0},{"not_picked":["OpenUniverse","OneTimeOff","UnstableBomb"],"picked":"SKIP","floor":25.0},{"not_picked":["AlicesGift+1","6A"],"picked":"WitchLeyline","floor":27.0},{"not_picked":["DoubleSpark+1","ShootingEcho","BlazeAway"],"picked":"SKIP","floor":30.0},{"not_picked":["DeepEcoloBomb+1","MilkyWay","OortCloud"],"picked":"SKIP","floor":31.0},{"not_picked":["GalacticHalo+1","DragonMeteor+1"],"picked":"Acceleration","floor":35.0},{"not_picked":["OpenUniverse","SuperPerseids+1","MilkyWay"],"picked":"SKIP","floor":37.0},{"not_picked":["AsteroidBelt+1","ShootingEcho","IllusionStar+1"],"picked":"SKIP","floor":38.0},{"not_picked":["6A","ChargingUp"],"picked":"Singularity","floor":39.0},{"not_picked":["IllusionStar","GravityBeat"],"picked":"SprinkleStarSeal+1","floor":41.0},{"not_picked":["OneTimeOff+1","6A+1"],"picked":"ShootTheMoon","floor":42.0},{"not_picked":["DC+1","OneTimeOff","Acceleration"],"picked":"SKIP","floor":44.0},{"not_picked":["MilkyWay","UnstableBomb"],"picked":"Acceleration+1","floor":47.0},{"not_picked":["DoubleSpark","EnergyRecoil+1","BlazeAway"],"picked":"SKIP","floor":54.0}],"player_experience":45185,"relics_obtained":[{"floor":9.0,"key":"testmod-Acrobat"},{"floor":23.0,"key":"InkBottle"},{"floor":25.0,"key":"Whetstone"},{"floor":30.0,"key":"Happy Flower"},{"floor":39.0,"key":"CatCart"},{"floor":41.0,"key":"MealTicket"},{"floor":43.0,"key":"vexMod:RedPlottingStone"},{"floor":46.0,"key":"ShroomBag"},{"floor":54.0,"key":"Eternal Feather"}],"event_choices":[{"damage_healed":0.0,"max_hp_gain":0.0,"max_hp_loss":0.0,"gold_gain":0.0,"event_name":"Liars Game","player_choice":"Ignored","floor":2.0,"gold_loss":0.0,"damage_taken":0.0},{"damage_healed":0.0,"max_hp_gain":0.0,"max_hp_loss":0.0,"gold_gain":400.0,"event_name":"¶÷ÂåË¹µÄÅÌ×Ó","player_choice":"Sell","floor":3.0,"relics_lost":["testmod-TestBox"],"gold_loss":0.0,"damage_taken":0.0},{"damage_healed":0.0,"max_hp_gain":5.0,"max_hp_loss":0.0,"gold_gain":0.0,"event_name":"Big Fish","player_choice":"Donut","floor":4.0,"gold_loss":0.0,"damage_taken":0.0},{"damage_healed":0.0,"max_hp_gain":0.0,"max_hp_loss":0.0,"gold_gain":275.0,"event_name":"Golden Shrine","player_choice":"Desecrate","floor":12.0,"gold_loss":0.0,"damage_taken":0.0,"cards_obtained":["Regret"]},{"damage_healed":0.0,"max_hp_gain":0.0,"max_hp_loss":0.0,"gold_gain":0.0,"event_name":"Ghosts","player_choice":"Ignored","floor":19.0,"gold_loss":0.0,"damage_taken":0.0},{"damage_healed":0.0,"max_hp_gain":0.0,"max_hp_loss":0.0,"gold_gain":99.0,"event_name":"Nest","player_choice":"Stole From Cult","floor":21.0,"gold_loss":0.0,"damage_taken":0.0},{"damage_healed":0.0,"max_hp_gain":0.0,"max_hp_loss":0.0,"gold_gain":0.0,"event_name":"OrinTheCat","player_choice":"Fight","floor":39.0,"gold_loss":0.0,"damage_taken":0.0},{"cards_removed":["Strike_MRS"],"damage_healed":0.0,"max_hp_gain":0.0,"max_hp_loss":0.0,"gold_gain":0.0,"event_name":"Falling","player_choice":"Removed Attack","floor":48.0,"gold_loss":0.0,"damage_taken":0.0}],"is_beta":false,"boss_relics":[{"not_picked":["Empty Cage","energizedSpire:EnergizedDie"],"picked":"RampagingMagicTools"},{"not_picked":["SlaversCollar","vexMod:DeviousBotling"],"picked":"ExperimentalFamiliar"}],"items_purged_floors":[11,13,22,28,36],"is_endless":false,"potions_floor_spawned":[10,14,18,27,30,31,33,38,41,44,47],"ascension_level":4}}