{"host":"982whgfapomb3lkp","time":1610858937,"event":{"mods":["AchievementEnabler","BaseMod","Colored Map","Minty Spire (QoL Compilation)","Relic Stats"],"gold_per_floor":[116,116,128,145,145,177,177,195,195,221,221,239,253,281,281,377,377,387,111,123,123,123,123,123,123,203,214,241,259,270,299,299,402,402,420,437,27,43,60,86,86,86,162,162,162],"floor_reached":44,"language":"ENG","playtime":2981,"items_purged":["Strike_R"],"score":713,"play_id":"ebfa9bf6-481e-49a1-8148-cfcbd67b6e7c","local_time":"20210116234857","is_ascension_mode":true,"campfire_choices":[{"floor":7,"key":"REST"},{"floor":15,"key":"REST"},{"floor":23,"key":"REST"},{"floor":25,"key":"REST"},{"floor":32,"key":"REST"},{"floor":41,"key":"RECALL"}],"circlet_count":0,"master_deck":["Defend_R","Defend_R","Defend_R","Bash","Thunderclap","Iron Wave","Twin Strike","Pommel Strike","Sword Boomerang","Headbutt","Inflame","Seeing Red","Metallicize","Bludgeon","Thunderclap","Armaments","Perfected Strike","Bite","Bite","Bite","Bite","Bite","Intimidate+1","Headbutt","Spot Weakness","Feel No Pain","Reaper","Inflame","Apotheosis","Infernal Blade","Feed"],"relics":["Philosopher\u0027s Stone","Orichalcum","Gremlin Horn","Bronze Scales","Boot","Toy Ornithopter","SlaversCollar","Centennial Puzzle","Enchiridion","Mercury Hourglass","Ornamental Fan","Ancient Tea Set","Busted Crown","HandDrill","Mango"],"acts_visited":["Exordium","TheCity","TheBeyond"],"potions_floor_usage":[10,16,31,31,33,33,40,40],"damage_taken":[{"damage":8,"enemies":"Jaw Worm","floor":1,"turns":3},{"damage":0,"enemies":"Small Slimes","floor":3,"turns":2},{"damage":2,"enemies":"Cultist","floor":4,"turns":3},{"damage":31,"enemies":"Lagavulin","floor":6,"turns":5},{"damage":4,"enemies":"Red Slaver","floor":8,"turns":3},{"damage":0,"enemies":"Gremlin Nob","floor":10,"turns":3},{"damage":0,"enemies":"2 Fungi Beasts","floor":12,"turns":2},{"damage":1,"enemies":"3 Louse","floor":13,"turns":2},{"damage":6,"enemies":"3 Sentries","floor":14,"turns":4},{"damage":38,"enemies":"The Guardian","floor":16,"turns":9},{"damage":33,"enemies":"2 Thieves","floor":18,"turns":3},{"damage":19,"enemies":"Shell Parasite","floor":20,"turns":4},{"damage":2,"enemies":"3 Cultists","floor":27,"turns":3},{"damage":0,"enemies":"Gremlin Leader","floor":28,"turns":5},{"damage":3,"enemies":"Centurion and Healer","floor":29,"turns":4},{"damage":34,"enemies":"Shelled Parasite and Fungi","floor":30,"turns":4},{"damage":25,"enemies":"Book of Stabbing","floor":31,"turns":4},{"damage":59,"enemies":"Collector","floor":33,"turns":7},{"damage":10,"enemies":"Orb Walker","floor":35,"turns":3},{"damage":10,"enemies":"3 Shapes","floor":36,"turns":3},{"damage":30,"enemies":"Jaw Worm Horde","floor":38,"turns":4},{"damage":38,"enemies":"Sphere and 2 Shapes","floor":39,"turns":4},{"damage":35,"enemies":"Reptomancer","floor":40,"turns":4},{"damage":89,"enemies":"Giant Head","floor":44,"turns":7}],"seed_played":"-6975755999906664576","potions_obtained":[{"floor":1,"key":"BlessingOfTheForge"},{"floor":6,"key":"LiquidMemories"},{"floor":8,"key":"HeartOfIron"},{"floor":14,"key":"Regen Potion"},{"floor":28,"key":"AttackPotion"},{"floor":30,"key":"PowerPotion"},{"floor":31,"key":"PowerPotion"},{"floor":39,"key":"Regen Potion"},{"floor":40,"key":"ElixirPotion"}],"is_trial":false,"path_per_floor":["M","?","M","M","?","E","R","M","T","E","?","M","M","E","R","B",null,"M","$","M","?","?","R","?","R","T","M","E","M","M","E","R","B",null,"M","M","$","M","M","E","R","?","T","E"],"character_chosen":"IRONCLAD","items_purchased":["Centennial Puzzle","Armaments","HandDrill","Apotheosis","Regen Potion"],"campfire_rested":5,"item_purchase_floors":[19,19,37,37,37],"current_hp_per_floor":[72,77,77,75,57,26,51,47,47,47,47,47,46,40,65,47,76,43,43,24,8,8,33,33,50,50,54,59,59,33,31,48,17,49,43,41,41,40,15,51,51,51,51,0,0],"gold":162,"neow_bonus":"BOSS_RELIC","is_daily":false,"chose_seed":false,"campfire_upgraded":0,"win_rate":0.0,"timestamp":1610858937,"path_taken":["M","?","M","M","?","E","R","M","T","E","?","?","M","E","R","BOSS","M","$","M","?","?","R","?","R","T","M","E","M","M","E","R","BOSS","M","M","$","M","M","E","R","?","T","E"],"items_purchased_type":["Relic","Card","Relic","Card","Potion"],"build_version":"2020-12-22","purchased_purges":1,"victory":false,"max_hp_per_floor":[80,85,85,85,85,85,85,85,85,85,85,85,85,85,85,85,85,85,85,85,85,85,85,59,59,59,59,59,59,59,59,59,59,59,59,59,59,59,59,73,73,73,73,73,73],"relic_stats":{"Centennial Puzzle":[36],"Busted Crown":10,"Gremlin Horn":[26,26],"counters":[24,95],"Ornamental Fan":[116],"Bronze Scales":[168],"HandDrill":[12],"Orichalcum":[132],"Boot":[76],"obtain_stats":[{"Gremlin Horn":6,"Enchiridion":21,"Mango":40,"Orichalcum":5,"Boot":10,"Ancient Tea Set":31,"Burning Blood":0,"Mercury Hourglass":26,"SlaversCollar":17,"Centennial Puzzle":19,"Busted Crown":34,"Ornamental Fan":28,"Bronze Scales":9,"Philosopher\u0027s Stone":0,"HandDrill":37,"Toy Ornithopter":14},{"Gremlin Horn":4,"Enchiridion":12,"Mango":23,"Orichalcum":3,"Boot":6,"Ancient Tea Set":17,"Burning Blood":0,"Mercury Hourglass":12,"SlaversCollar":10,"Centennial Puzzle":11,"Busted Crown":18,"Ornamental Fan":14,"Bronze Scales":5,"Philosopher\u0027s Stone":0,"HandDrill":20,"Toy Ornithopter":9},{"Gremlin Horn":13,"Enchiridion":43,"Mango":88,"Orichalcum":8,"Boot":19,"Ancient Tea Set":63,"Burning Blood":0,"Mercury Hourglass":43,"SlaversCollar":36,"Centennial Puzzle":39,"Busted Crown":70,"Ornamental Fan":51,"Bronze Scales":16,"Philosopher\u0027s Stone":0,"HandDrill":76,"Toy Ornithopter":27}],"Toy Ornithopter":35,"Mercury Hourglass":[201]},"card_choices":[{"not_picked":["Seeing Red","Havoc"],"picked":"Thunderclap","floor":1},{"not_picked":["Flex","Body Slam"],"picked":"Iron Wave","floor":3},{"not_picked":["True Grit","Reckless Charge"],"picked":"Twin Strike","floor":4},{"not_picked":["Entrench","Dark Embrace"],"picked":"Pommel Strike","floor":6},{"not_picked":["Feel No Pain","Combust"],"picked":"Sword Boomerang","floor":8},{"not_picked":["Thunderclap","Sever Soul"],"picked":"Headbutt","floor":10},{"not_picked":["Brutality","Body Slam"],"picked":"Inflame","floor":12},{"not_picked":["Flame Barrier","Blood for Blood"],"picked":"Seeing Red","floor":13},{"not_picked":["Uppercut","Bludgeon"],"picked":"Metallicize","floor":14},{"not_picked":["Corruption","Offering"],"picked":"Bludgeon","floor":16},{"not_picked":["Clash","Reckless Charge"],"picked":"Thunderclap","floor":18},{"not_picked":["Wild Strike+1","Iron Wave"],"picked":"Perfected Strike","floor":20},{"not_picked":["Body Slam","Power Through"],"picked":"Intimidate+1","floor":27},{"not_picked":["Wild Strike+1","Body Slam"],"picked":"Headbutt","floor":28},{"not_picked":["Flex","Feel No Pain+1"],"picked":"Spot Weakness","floor":29},{"not_picked":["Burning Pact+1","Havoc","Clash"],"picked":"SKIP","floor":30},{"not_picked":["Reckless Charge","Hemokinesis"],"picked":"Feel No Pain","floor":31},{"not_picked":["Bludgeon","Barricade"],"picked":"Reaper","floor":33},{"not_picked":[],"picked":"Inflame","floor":35},{"not_picked":["Clash+1"],"picked":"SKIP","floor":36},{"not_picked":["Iron Wave"],"picked":"SKIP","floor":38},{"not_picked":[],"picked":"Infernal Blade","floor":39},{"not_picked":[],"picked":"Feed","floor":40}],"player_experience":428336,"relics_obtained":[{"floor":6,"key":"Gremlin Horn"},{"floor":9,"key":"Bronze Scales"},{"floor":10,"key":"Boot"},{"floor":14,"key":"Toy Ornithopter"},{"floor":21,"key":"Enchiridion"},{"floor":26,"key":"Mercury Hourglass"},{"floor":28,"key":"Ornamental Fan"},{"floor":31,"key":"Ancient Tea Set"},{"floor":40,"key":"Mango"}],"event_choices":[{"damage_healed":0,"gold_gain":0,"player_choice":"Donut","damage_taken":0,"max_hp_gain":5,"max_hp_loss":0,"event_name":"Big Fish","floor":2,"gold_loss":0},{"damage_healed":0,"gold_gain":0,"player_choice":"Success","damage_taken":18,"relics_obtained":["Orichalcum"],"max_hp_gain":0,"max_hp_loss":0,"event_name":"Scrap Ooze","floor":5,"gold_loss":0},{"cards_removed":["Strike_R"],"damage_healed":0,"gold_gain":0,"player_choice":"Purged","damage_taken":0,"max_hp_gain":0,"max_hp_loss":0,"event_name":"Purifier","floor":11,"gold_loss":0},{"damage_healed":0,"gold_gain":0,"player_choice":"Obtained Book","damage_taken":16,"max_hp_gain":0,"max_hp_loss":0,"event_name":"Cursed Tome","floor":21,"gold_loss":0},{"cards_removed":["Defend_R"],"damage_healed":0,"gold_gain":0,"player_choice":"Elegance","damage_taken":0,"max_hp_gain":0,"max_hp_loss":0,"event_name":"Back to Basics","floor":22,"gold_loss":0},{"damage_healed":0,"gold_gain":0,"player_choice":"Became a vampire","damage_taken":0,"max_hp_gain":0,"max_hp_loss":26,"event_name":"Vampires","floor":24,"gold_loss":0,"cards_obtained":["Bite","Bite","Bite","Bite","Bite"]},{"damage_healed":0,"gold_gain":0,"player_choice":"Ignored","damage_taken":0,"max_hp_gain":0,"max_hp_loss":0,"event_name":"Mysterious Sphere","floor":42,"gold_loss":0}],"is_beta":false,"boss_relics":[{"not_picked":["Snecko Eye","Calling Bell"],"picked":"SlaversCollar"},{"not_picked":["Sozu","Coffee Dripper"],"picked":"Busted Crown"}],"items_purged_floors":[19],"is_endless":false,"potions_floor_spawned":[1,6,8,14,28,29,30,31,39,40],"killed_by":"Giant Head","ascension_level":5}}