{"host":"b995t17pt6d05w8c","time":1610913943,"event":{"mods":["AchievementEnabler","BaseMod","Colored Map","DeckTracker","Keyboard Shortcuts","Minty Spire (QoL Compilation)","Permanent Neow","SuperFastMode"],"gold_per_floor":[111,111,123,142,67,67,94,94,94,105,105,105,105,115,115,189,189,200,37,47,67,67,97,97,97,122,122,122],"floor_reached":27,"language":"KOR","playtime":618,"items_purged":["Strike_P"],"score":474,"play_id":"412d5d74-3541-4d01-8ca6-9a907b5024bd","local_time":"20210118050543","is_ascension_mode":true,"campfire_choices":[{"data":"Eruption","floor":6.0,"key":"SMITH"},{"data":"Crescendo","floor":8.0,"key":"SMITH"},{"floor":13,"key":"REST"},{"floor":15,"key":"REST"},{"floor":24,"key":"REST"}],"circlet_count":0,"master_deck":["AscendersBane","Strike_P","Strike_P","Strike_P","Defend_P","Defend_P+1","Defend_P","Eruption+1","Vigilance","Establishment","CarveReality+1","Crescendo+1","ClearTheMind","DeusExMachina","Wallop","MentalFortress","DeceiveReality","InnerPeace","Decay"],"relics":["PureWater","Mummified Hand","Juzu Bracelet","White Beast Statue","Black Star","Smiling Mask","Ornamental Fan","Anchor"],"acts_visited":["Exordium","TheCity"],"potions_floor_usage":[18,20,23,23],"damage_taken":[{"damage":11.0,"enemies":"Jaw Worm","floor":1.0,"turns":4.0},{"damage":0.0,"enemies":"Small Slimes","floor":3.0,"turns":2.0},{"damage":1.0,"enemies":"Cultist","floor":4.0,"turns":3.0},{"damage":0.0,"enemies":"Lagavulin","floor":7.0,"turns":3.0},{"damage":24,"enemies":"3 Louse","floor":10,"turns":3},{"damage":8,"enemies":"Blue Slaver","floor":14,"turns":3},{"damage":12,"enemies":"The Guardian","floor":16,"turns":11},{"damage":30,"enemies":"3 Byrds","floor":18,"turns":5},{"damage":13,"enemies":"Shell Parasite","floor":20,"turns":4},{"damage":0,"enemies":"Centurion and Healer","floor":21,"turns":6},{"damage":26,"enemies":"Gremlin Leader","floor":23,"turns":10},{"damage":34,"enemies":"Slavers","floor":27,"turns":2}],"seed_played":"-4300687120291621243","potions_obtained":[{"floor":4.0,"key":"FearPotion"},{"floor":10,"key":"SteroidPotion"},{"floor":14,"key":"Fire Potion"},{"floor":18,"key":"LiquidMemories"},{"floor":20,"key":"Regen Potion"},{"floor":21,"key":"LiquidMemories"},{"floor":23,"key":"Fire Potion"}],"is_trial":false,"path_per_floor":["M","?","M","M","?","R","E","R","T","M","?","?","R","M","R","B",null,"M","$","M","M","$","E","R","?","T","E"],"character_chosen":"WATCHER","items_purchased":["MentalFortress"],"campfire_rested":3,"item_purchase_floors":[19],"current_hp_per_floor":[50,55,55,54,54,54,54,54,54,30,25,3,24,16,37,25,61,31,31,18,18,18,7,28,28,28,0,0],"gold":122,"neow_bonus":"ONE_RANDOM_RARE_CARD","is_daily":false,"chose_seed":false,"campfire_upgraded":2,"win_rate":0.0,"timestamp":1610913943,"path_taken":["M","?","M","M","?","R","E","R","T","M","?","?","R","M","R","BOSS","M","$","M","M","$","E","R","?","T","E"],"items_purchased_type":["Card"],"build_version":"2020-12-22","purchased_purges":1,"victory":false,"max_hp_per_floor":[68,73,73,73,73,73,73,73,73,73,73,73,73,73,73,73,73,73,73,73,73,73,73,73,73,73,73,73],"card_choices":[{"not_picked":["Protect","Swivel"],"picked":"CarveReality","floor":1.0},{"not_picked":["Weave","Swivel","PathToVictory"],"picked":"SKIP","floor":3.0},{"not_picked":["CarveReality","SashWhip"],"picked":"Crescendo","floor":4.0},{"not_picked":["DevaForm","Consecrate","WreathOfFlame"],"picked":"SKIP","floor":7.0},{"not_picked":["Sanctity","BattleHymn","ForeignInfluence"],"picked":"SKIP","floor":10},{"not_picked":["FlyingSleeves","BowlingBash"],"picked":"ClearTheMind","floor":14},{"not_picked":["Omniscience","DevaForm"],"picked":"DeusExMachina","floor":16},{"not_picked":["Evaluate","Halt"],"picked":"Wallop","floor":18},{"not_picked":["ReachHeaven","Protect"],"picked":"DeceiveReality","floor":20},{"not_picked":["EmptyFist","Study"],"picked":"InnerPeace","floor":21},{"not_picked":["Wallop","Vengeance","Omniscience"],"picked":"SKIP","floor":23}],"player_experience":142896,"relics_obtained":[{"floor":7.0,"key":"Mummified Hand"},{"floor":9.0,"key":"Juzu Bracelet"},{"floor":23,"key":"Smiling Mask"},{"floor":23,"key":"Ornamental Fan"},{"floor":26,"key":"Anchor"}],"event_choices":[{"damage_healed":0.0,"max_hp_gain":5.0,"max_hp_loss":0.0,"gold_gain":0.0,"event_name":"Big Fish","player_choice":"Donut","floor":2.0,"gold_loss":0.0,"damage_taken":0.0},{"cards_removed":["Defend_P"],"damage_healed":0.0,"max_hp_gain":0.0,"max_hp_loss":0.0,"gold_gain":0.0,"event_name":"The Cleric","player_choice":"Card Removal","floor":5.0,"gold_loss":75.0,"damage_taken":0.0},{"damage_healed":0,"gold_gain":0,"player_choice":"Success","damage_taken":5,"relics_obtained":["White Beast Statue"],"max_hp_gain":0,"max_hp_loss":0,"event_name":"Scrap Ooze","floor":11,"gold_loss":0},{"damage_healed":0,"gold_gain":0,"player_choice":"Entered Light","damage_taken":22,"max_hp_gain":0,"max_hp_loss":0,"event_name":"Shining Light","floor":12,"gold_loss":0,"cards_upgraded":["Defend_P","CarveReality"]},{"damage_healed":0,"gold_gain":0,"player_choice":"Smashed Altar","damage_taken":0,"max_hp_gain":0,"max_hp_loss":0,"event_name":"Forgotten Altar","floor":25,"gold_loss":0,"cards_obtained":["Decay"]}],"is_beta":false,"boss_relics":[{"not_picked":["Runic Dome","Busted Crown"],"picked":"Black Star"}],"items_purged_floors":[19],"is_endless":false,"potions_floor_spawned":[4,10,14,16,18,20,21,23],"killed_by":"Slavers","ascension_level":17}}