{"host":"a3oe3gstxz77c7qu","time":1610900549,"event":{"mods":["2.2 Compatiblity","Act Like it!","Astrologer","BaseMod","Bestiary","Better Altar","Better Match","Better Note","Better Skull","Better Third Choice","Block Reminder","Curses Come First","Custom Start","Dark Map","Downfall","Fox Events","Friendly Minions","GifTheSpireLib","Hallownest","Hermit","Jorbs\u0027s Wanderer Trilogy","Lobotomy","LobotomyExtend","Marisa????????","Minty Spire (QoL Compilation)","Permanent Neow","Quick Restart","Relic Stats","StSLib","The Bug Knight","The Cursed","The Disciple","The Jungle","Uncapped","Unknown Chances","Wandering Minibosses"],"gold_per_floor":[0,18,3,16,29,64,87,187,187,187,206,206,216,247,257,352,352,252,272,18,18,41,56,56,68,83,83,134,34,67,167,181,277,277,177,189,49,65,75,75,99,109,109,121,121,134,134,154,168,168,168],"floor_reached":50,"language":"ENG","playtime":2205,"items_purged":["Injury"],"score":528,"play_id":"c0d2eeca-7326-4a7b-8793-d9aac7c8266e","local_time":"20210117162229","is_ascension_mode":false,"campfire_choices":[{"data":"1","floor":1.0,"key":"LIFT"},{"data":"2","floor":9.0,"key":"LIFT"},{"data":"3","floor":12.0,"key":"LIFT"},{"floor":18,"key":"RECALL"},{"data":"bronze:AlphaBuild","floor":27,"key":"SMITH"},{"floor":29,"key":"REST"},{"data":"bronze:ItsAFeature","floor":35,"key":"SMITH"},{"data":"bronze:SpaghettiCode","floor":45,"key":"SMITH"},{"floor":47,"key":"REST"}],"circlet_count":0,"master_deck":["bronze:Strike","bronze:Strike","bronze:Strike","bronze:Defend","bronze:Defend","bronze:Defend","bronze:Defend","bronze:Replicate","bronze:Goto","bronze:WildBeam+1","bronze:MaxOutput","bronze:BugBarrage","bronze:Break","bronze:Flail","bronze:MaxOutput","bronze:ItsAFeature+1","bronze:Shield","bronze:AlphaBuild+1","bronze:BugBarrage+1","expansioncontent:YouAreMine","bronze:Iterate+1","bronze:HyperBeam","bronze:Goto","bronze:Separator","bronze:ForceShield","bronze:Assembly","Madness","bronze:SpaghettiCode+1","bronze:Terminator"],"relics":["bronze:BronzeCore","Girya","LetterFromLob","HollowMod:PaleOreRelic","Lantern","bronze:SilverBullet","sneckomod:SneckoTalon","downfall:HeartBlessingGreen","ClockworkSouvenir","PreservedInsect","Orichalcum","downfall:HeartBlessingRed","HornCleat","downfall:GremlinSack","bronze:MakeshiftBattery","downfall:HeartBlessingBlue","Pantograph","Guardian:BottledAnomaly","Whetstone","wanderingMiniBosses:AbyssPearl"],"acts_visited":["Exordium","TheCity","TheBeyond"],"potions_floor_usage":[16,20,32,46,50],"damage_taken":[{"damage":6.0,"enemies":"Jaw Worm","floor":2.0,"turns":3.0},{"damage":0.0,"enemies":"downfall:FleeingMerchant","floor":3.0,"turns":4.0},{"damage":0.0,"enemies":"Small Slimes","floor":4.0,"turns":2.0},{"damage":0.0,"enemies":"Cultist","floor":5.0,"turns":2.0},{"damage":1.0,"enemies":"HollowMod:MossKnight","floor":6.0,"turns":6.0},{"damage":0.0,"enemies":"Exordium Thugs","floor":11.0,"turns":6.0},{"damage":2.0,"enemies":"Blue Slaver","floor":13.0,"turns":2.0},{"damage":0,"enemies":"Gremlin Nob","floor":14,"turns":2},{"damage":8,"enemies":"Lots of Slimes","floor":15,"turns":2},{"damage":28,"enemies":"SI_SHIV_ARCHETYPE","floor":16,"turns":5},{"damage":10,"enemies":"Chosen","floor":19,"turns":2},{"damage":9,"enemies":"downfall:FleeingMerchant","floor":20,"turns":4},{"damage":0,"enemies":"Spheric Guardian","floor":23,"turns":2},{"damage":4,"enemies":"Cultist and Chosen","floor":25,"turns":4},{"damage":0,"enemies":"3 Cultists","floor":26,"turns":1},{"damage":14,"enemies":"HollowMod:Nosk","floor":30,"turns":4},{"damage":0,"enemies":"HollowMod:Nosk","floor":31,"turns":1},{"damage":1,"enemies":"Snake Plant","floor":32,"turns":3},{"damage":37,"enemies":"WA_ARCHETYPE_CALM","floor":33,"turns":8},{"damage":1,"enemies":"Orb Walker","floor":36,"turns":2},{"damage":39,"enemies":"downfall:FleeingMerchant","floor":37,"turns":5},{"damage":0,"enemies":"3 Shapes","floor":38,"turns":3},{"damage":0,"enemies":"Sphere and 2 Shapes","floor":39,"turns":3},{"damage":0,"enemies":"Spire Growth","floor":42,"turns":3},{"damage":13,"enemies":"Maw","floor":44,"turns":5},{"damage":49,"enemies":"Transient","floor":46,"turns":5},{"damage":12,"enemies":"3 Darklings","floor":48,"turns":3},{"damage":10,"enemies":"Transient","floor":49,"turns":5},{"damage":70,"enemies":"IC_BLOCK_ARCHETYPE","floor":50,"turns":6}],"seed_played":"3801448465576402626","potions_obtained":[{"floor":4.0,"key":"Guardian:BlockOnCardUsePotion"},{"floor":6.0,"key":"sneckomod:MuddlingPotion"},{"floor":11.0,"key":"Strength Potion"},{"floor":14,"key":"bronze:BuildAFunctionPotion"},{"floor":15,"key":"bronze:CleanCodePotion"},{"floor":23,"key":"BlessingOfTheForge"},{"floor":26,"key":"SmokeBomb"},{"floor":30,"key":"Fruit Juice"},{"floor":32,"key":"Ancient Potion"},{"floor":38,"key":"DistilledChaos"},{"floor":48,"key":"sneckomod:MuddlingPotion"},{"floor":49,"key":"Block Potion"}],"is_trial":false,"path_per_floor":["R","M","$","M","M","E","T","?","R","?","M","R","M","E","M","B",null,"R","M","$","?","T","M","T","M","M","R","T","R","E","?","M","B",null,"R","M","$","M","M","$","T","M","?","M","R","M","R","M","M","B"],"character_chosen":"THE_AUTOMATON","items_purchased":["ClockworkSouvenir","expansioncontent:YouAreMine","Pantograph","Guardian:BottledAnomaly"],"campfire_rested":2,"item_purchase_floors":[20,20,37,37],"current_hp_per_floor":[70,64,64,64,64,63,63,63,63,63,63,63,61,61,53,25,70,70,60,51,51,51,51,51,47,47,47,47,68,54,54,58,21,75,85,84,45,45,45,45,45,45,74,61,61,12,34,22,12,0,0],"gold":168,"neow_bonus":"ONE_RARE_RELIC","is_daily":false,"chose_seed":false,"campfire_upgraded":3,"win_rate":0.0,"timestamp":1610900549,"path_taken":["R","M","$","M","M","E","T","?","R","?","?","R","M","E","M","BOSS","R","M","$","?","?","M","T","?","M","R","?","R","E","?","M","BOSS","R","M","$","M","M","?","T","M","?","M","R","M","R","M","M","BOSS"],"items_purchased_type":["Relic","Card","Relic","Relic"],"build_version":"2020-12-22","purchased_purges":1,"victory":false,"max_hp_per_floor":[70,70,70,70,70,70,70,70,70,70,70,70,70,70,70,70,70,70,70,70,70,70,70,70,70,70,70,70,70,70,70,75,75,75,85,85,85,85,85,85,85,85,74,74,74,74,74,74,74,74,74],"relic_stats":{"counters":[29,103],"Pantograph":25,"PreservedInsect":36,"Whetstone":["bronze:BugBarrage","bronze:WildBeam"],"Orichalcum":[120],"obtain_stats":[{"Girya":0,"Lantern":7,"bronze:BronzeCore":0,"downfall:HeartBlessingRed":29,"downfall:HeartBlessingGreen":18,"PreservedInsect":22,"wanderingMiniBosses:AbyssPearl":46,"Whetstone":41,"Orichalcum":28,"sneckomod:SneckoTalon":17,"ClockworkSouvenir":20,"HornCleat":30,"downfall:GremlinSack":31,"downfall:HeartBlessingBlue":35,"Pantograph":37,"LetterFromLob":2,"HollowMod:PaleOreRelic":6,"Guardian:BottledAnomaly":37,"bronze:SilverBullet":14,"bronze:MakeshiftBattery":34},{"Girya":0,"Lantern":5,"bronze:BronzeCore":0,"downfall:HeartBlessingRed":15,"downfall:HeartBlessingGreen":10,"PreservedInsect":12,"wanderingMiniBosses:AbyssPearl":26,"Whetstone":23,"Orichalcum":15,"sneckomod:SneckoTalon":10,"ClockworkSouvenir":12,"HornCleat":16,"downfall:GremlinSack":17,"downfall:HeartBlessingBlue":19,"Pantograph":21,"LetterFromLob":1,"HollowMod:PaleOreRelic":5,"Guardian:BottledAnomaly":21,"bronze:SilverBullet":8,"bronze:MakeshiftBattery":19},{"Girya":0,"Lantern":17,"bronze:BronzeCore":0,"downfall:HeartBlessingRed":47,"downfall:HeartBlessingGreen":34,"PreservedInsect":40,"wanderingMiniBosses:AbyssPearl":89,"Whetstone":76,"Orichalcum":47,"sneckomod:SneckoTalon":34,"ClockworkSouvenir":40,"HornCleat":51,"downfall:GremlinSack":52,"downfall:HeartBlessingBlue":63,"Pantograph":70,"LetterFromLob":3,"HollowMod:PaleOreRelic":17,"Guardian:BottledAnomaly":70,"bronze:SilverBullet":27,"bronze:MakeshiftBattery":63}]},"card_choices":[{"not_picked":["bronze:CutThrough","bronze:OilSpill"],"picked":"bronze:WildBeam","floor":2.0},{"not_picked":["bronze:GetLatest","bronze:OilSpill","bronze:DelayedGuard"],"picked":"SKIP","floor":3.0},{"not_picked":["bronze:BuggyMess","bronze:Allocate"],"picked":"bronze:MaxOutput","floor":4.0},{"not_picked":["bronze:BronzeOrb","bronze:BuggyMess"],"picked":"bronze:BugBarrage","floor":5.0},{"not_picked":["bronze:WildBeam","bronze:FineTuning"],"picked":"bronze:Break","floor":6.0},{"not_picked":["bronze:Frontload","bronze:FineTuning"],"picked":"bronze:MaxOutput","floor":11.0},{"not_picked":["bronze:Invalidate","bronze:Terminator"],"picked":"bronze:ItsAFeature","floor":13.0},{"not_picked":["bronze:BitShift","bronze:WildBeam","bronze:Overheat"],"picked":"SKIP","floor":14},{"not_picked":["bronze:WhirlingStrike","bronze:DigitalCarnage"],"picked":"bronze:Shield","floor":15},{"not_picked":["bronze:Mutator","bronze:Format"],"picked":"bronze:AlphaBuild","floor":16},{"not_picked":["bronze:Backtrace","bronze:Separator+1","bronze:FollowUp"],"picked":"SKIP","floor":19},{"not_picked":["bronze:OilSpill","bronze:FineTuning"],"picked":"bronze:BugBarrage","floor":20},{"not_picked":["bronze:Turbo","bronze:CutThrough+1","bronze:Iterate+1"],"picked":"SKIP","floor":23},{"not_picked":["bronze:Turbo","bronze:CutThrough+1"],"picked":"bronze:Iterate+1","floor":23},{"not_picked":["bronze:DelayedGuard","bronze:Iterate","bronze:Separator"],"picked":"SKIP","floor":25},{"not_picked":["bronze:BitShift","bronze:DelayedSlice","bronze:CutThrough"],"picked":"SKIP","floor":26},{"not_picked":["bronze:MaxOutput","bronze:BitShift","bronze:Overheat"],"picked":"SKIP","floor":30},{"not_picked":["bronze:Branch","bronze:Backtrace"],"picked":"bronze:HyperBeam","floor":31},{"not_picked":["bronze:Allocate","bronze:Frontload+1","bronze:OilSpill+1"],"picked":"SKIP","floor":32},{"not_picked":["bronze:Turbo","bronze:Terminator","bronze:Frontload+1"],"picked":"SKIP","floor":36},{"not_picked":["bronze:BuggyMess","bronze:Shell"],"picked":"bronze:SpaghettiCode","floor":37},{"not_picked":["bronze:BitShift+1","bronze:Separator"],"picked":"bronze:Terminator","floor":38},{"not_picked":["bronze:Branch+1","bronze:NullPointer+1","bronze:Deprecate+1"],"picked":"SKIP","floor":39},{"not_picked":["bronze:Repulsor+1","bronze:Terminator","bronze:Iterate+1"],"picked":"SKIP","floor":42},{"not_picked":["bronze:CutThrough+1","bronze:Repair+1","bronze:Turbo"],"picked":"SKIP","floor":44},{"not_picked":["bronze:BronzeArmor+1","bronze:GetLatest+1","bronze:Branch+1"],"picked":"SKIP","floor":46},{"not_picked":["bronze:Frontload+1","bronze:Repair","bronze:DigitalCarnage"],"picked":"SKIP","floor":48},{"not_picked":["bronze:CutThrough+1","bronze:Constructor","bronze:GetLatest+1"],"picked":"SKIP","floor":49}],"player_experience":1044729,"relics_obtained":[{"floor":2.0,"key":"LetterFromLob"},{"floor":6.0,"key":"HollowMod:PaleOreRelic"},{"floor":7.0,"key":"Lantern"},{"floor":14,"key":"bronze:SilverBullet"},{"floor":22,"key":"PreservedInsect"},{"floor":28,"key":"Orichalcum"},{"floor":30,"key":"HornCleat"},{"floor":31,"key":"downfall:GremlinSack"},{"floor":41,"key":"Whetstone"},{"floor":46,"key":"wanderingMiniBosses:AbyssPearl"}],"event_choices":[{"damage_healed":0,"gold_gain":0,"player_choice":"Ignored","damage_taken":0,"max_hp_gain":0,"max_hp_loss":0,"event_name":"betterNote:BetterNote","floor":21,"gold_loss":0,"cards_obtained":["astrologer:DarkMatter"]}],"is_beta":false,"boss_relics":[{"not_picked":["SlaversCollar","Black Star"],"picked":"sneckomod:SneckoTalon"},{"not_picked":["Philosopher\u0027s Stone","Velvet Choker"],"picked":"bronze:MakeshiftBattery"}],"items_purged_floors":[37],"is_endless":false,"potions_floor_spawned":[4,6,11,14,15,23,26,30,32,33,38,39,42,48,49],"killed_by":"IC_BLOCK_ARCHETYPE","ascension_level":0}}