{"host":"uyrebrj0204enqpc","time":1610910678,"event":{"mods":["Act Like it!","Bard","BaseMod","Block Reminder","Challenge The Spire","Colored Map","Colored Powertips","DeckTracker","Downfall","GifTheSpireLib","HexUI Lib","Highlight Path","Hubris","Infinite Spire","Minty Spire (QoL Compilation)","Pale of the Ancients","Quick Restart","Random Character Button","Relic Sorter","Relic Stats","Shop Mod","StSLib","The Blue Laboratory","The Bug Knight","The Cursed","The Jungle","The Marked","Wandering Minibosses"],"gold_per_floor":[112,112,112,126,140,173,98,98,98,98,110,110,140,160,160,256,256,276,286,286,299,136,170,170,204,204,254,286,211,211,223,223,318,318,337,337,337,559,609,609,638,638,663,688,688,788,807,826,826,826,826],"floor_reached":50,"language":"ENG","playtime":2257,"items_purged":["bronze:Defend","bronze:GetLatest","bronze:Replicate+1"],"score":694,"play_id":"26c898ac-4b7d-4f08-847c-7f9fdcb3d960","local_time":"20210117141118","is_ascension_mode":false,"campfire_choices":[{"data":"bronze:Replicate","floor":8.0,"key":"SMITH"},{"floor":12.0,"key":"REST"},{"floor":15.0,"key":"REST"},{"data":"bronze:HardenedForm","floor":24.0,"key":"SMITH"},{"data":"bronze:Separator","floor":30.0,"key":"SMITH"},{"data":"bronze:Constructor","floor":32.0,"key":"SMITH"},{"data":"bronze:ForceShield","floor":40.0,"key":"SMITH"},{"data":"bronze:Goto","floor":42.0,"key":"SMITH"},{"data":"bronze:Safeguard","floor":49.0,"key":"SMITH"}],"circlet_count":0,"master_deck":["bronze:Goto+1","Madness","bronze:Separator+1","bronze:ForceShield+1","bronze:Constructor+1","bronze:Shell","bronze:HardenedForm+1","bronze:Overheat+1","infinitespire:FutureSight+1","bronze:Safeguard+1","bronze:DelayedSlice+1"],"relics":["bronze:BronzeCore","NeowsBlessing","Girya","Shuriken","hubris:DeckOfHolding","Pandora\u0027s Box","Bronze Scales","Red Mask","Dream Catcher","PreservedInsect","Tiny House","The Courier","Calling Bell","hubris:SlimyHat","Letter Opener","hubris:MedicalManual","Unceasing Top","wanderingMiniBosses:Blackblade","Vajra","infinitespire:Beetle Shell","infinitespire:Magic Flask"],"acts_visited":["Exordium","TheCity","TheBeyond"],"potions_floor_usage":[50],"damage_taken":[{"damage":0.0,"enemies":"Small Slimes","floor":1.0,"turns":1.0},{"damage":0.0,"enemies":"Jaw Worm","floor":4.0,"turns":1.0},{"damage":0.0,"enemies":"Cultist","floor":5.0,"turns":1.0},{"damage":40.0,"enemies":"Gremlin Nob","floor":6.0,"turns":5.0},{"damage":0.0,"enemies":"Large Slime","floor":11.0,"turns":2.0},{"damage":25.0,"enemies":"3 Sentries","floor":13.0,"turns":4.0},{"damage":4.0,"enemies":"2 Fungi Beasts","floor":14.0,"turns":2.0},{"damage":22.0,"enemies":"The Guardian","floor":16.0,"turns":9.0},{"damage":10.0,"enemies":"Spheric Guardian","floor":18.0,"turns":7.0},{"damage":5.0,"enemies":"2 Thieves","floor":19.0,"turns":3.0},{"damage":12.0,"enemies":"Snecko","floor":21.0,"turns":5.0},{"damage":22.0,"enemies":"Nightmare","floor":23.0,"turns":5.0},{"damage":0.0,"enemies":"Masked Bandits","floor":25.0,"turns":3.0},{"damage":1.0,"enemies":"Slavers","floor":28.0,"turns":4.0},{"damage":0.0,"enemies":"Cultist and Chosen","floor":31.0,"turns":4.0},{"damage":0.0,"enemies":"Collector","floor":33.0,"turns":8.0},{"damage":18.0,"enemies":"3 Darklings","floor":35.0,"turns":4.0},{"damage":0.0,"enemies":"Mind Bloom Boss Battle","floor":39.0,"turns":5.0},{"damage":0.0,"enemies":"Nemesis","floor":41.0,"turns":5.0},{"damage":0.0,"enemies":"Reptomancer","floor":44.0,"turns":4.0},{"damage":4.0,"enemies":"infinitespire:Three Voidlings","floor":46.0,"turns":4.0},{"damage":0.0,"enemies":"Nightmare_Alpha","floor":46.0,"turns":7.0},{"damage":0.0,"enemies":"3 Shapes","floor":47.0,"turns":4.0},{"damage":0.0,"enemies":"Writhing Mass","floor":48.0,"turns":6.0},{"damage":73,"enemies":"hubris:GrandSnecko","floor":50,"turns":10}],"seed_played":"-3005700312590780477","potions_obtained":[{"floor":11.0,"key":"Ancient Potion"},{"floor":13.0,"key":"blueLaboratory:Moonshine"},{"floor":18.0,"key":"Guardian:BlockOnCardUsePotion"},{"floor":19.0,"key":"Energy Potion"},{"floor":25.0,"key":"blueLaboratory:SavagePotion"},{"floor":35.0,"key":"Guardian:BlockOnCardUsePotion"},{"floor":41.0,"key":"DistilledChaos"}],"is_trial":false,"path_per_floor":["M","?","?","M","M","E","$","R","T","?","M","R","E","M","R","B",null,"M","M","?","M","$","NM","R","?","T","AVR","E","?","R","M","R","B",null,"M","AVR","?","?","?","R","E","R","T","E","?","?","M","M","R","B"],"character_chosen":"THE_AUTOMATON","items_purchased":["bronze:HardenedForm"],"campfire_rested":2,"item_purchase_floors":[22],"current_hp_per_floor":[70,70,70,70,70,30,30,30,30,16,16,37,12,8,29,7,70,60,55,80,68,68,46,46,46,46,51,50,50,50,50,50,50,85,67,67,67,67,67,67,67,67,67,67,67,67,67,67,67,0,0],"gold":826,"neow_bonus":"THREE_ENEMY_KILL","is_daily":false,"chose_seed":false,"campfire_upgraded":7,"win_rate":0.0,"timestamp":1610910678,"path_taken":["M","?","?","M","?","E","$","R","T","?","M","R","E","M","R","BOSS","M","M","?","?","$","NM","R","?","T","AVR","E","?","R","M","R","BOSS","M","AVR","?","?","?","R","E","R","T","E","?","?","M","M","R","BOSS"],"items_purchased_type":["Card"],"build_version":"2020-12-22","purchased_purges":3,"victory":false,"max_hp_per_floor":[70,70,70,70,70,70,70,70,70,70,70,70,70,70,70,70,70,70,70,80,80,80,80,80,80,80,85,85,85,85,85,85,85,85,85,85,85,85,85,85,85,85,85,85,85,85,85,85,85,85,85],"relic_stats":{"Dream Catcher":0,"counters":[25,113],"Shuriken":[44],"Bronze Scales":[288],"Pandora\u0027s Box":["bronze:Terminator","bronze:CutThrough","bronze:BurnOut","bronze:HardenedForm","bronze:Repair","bronze:ChildClass"],"PreservedInsect":270,"Letter Opener":[147],"obtain_stats":[{"Girya":6,"bronze:BronzeCore":0,"Tiny House":27,"NeowsBlessing":0,"Vajra":41,"PreservedInsect":27,"The Courier":28,"hubris:MedicalManual":34,"infinitespire:Beetle Shell":44,"hubris:SlimyHat":34,"Letter Opener":34,"infinitespire:Magic Flask":46,"Calling Bell":34,"Dream Catcher":26,"wanderingMiniBosses:Blackblade":39,"Shuriken":9,"Bronze Scales":23,"hubris:DeckOfHolding":13,"Pandora\u0027s Box":17,"Red Mask":25,"Unceasing Top":36},{"Girya":4,"bronze:BronzeCore":0,"Tiny House":13,"NeowsBlessing":0,"Vajra":19,"PreservedInsect":13,"The Courier":14,"hubris:MedicalManual":16,"infinitespire:Beetle Shell":20,"hubris:SlimyHat":16,"Letter Opener":16,"infinitespire:Magic Flask":22,"Calling Bell":16,"Dream Catcher":13,"wanderingMiniBosses:Blackblade":18,"Shuriken":4,"Bronze Scales":12,"hubris:DeckOfHolding":6,"Pandora\u0027s Box":8,"Red Mask":13,"Unceasing Top":17},{"Girya":8,"bronze:BronzeCore":0,"Tiny House":48,"NeowsBlessing":0,"Vajra":78,"PreservedInsect":48,"The Courier":52,"hubris:MedicalManual":64,"infinitespire:Beetle Shell":82,"hubris:SlimyHat":64,"Letter Opener":64,"infinitespire:Magic Flask":93,"Calling Bell":64,"Dream Catcher":48,"wanderingMiniBosses:Blackblade":73,"Shuriken":8,"Bronze Scales":45,"hubris:DeckOfHolding":14,"Pandora\u0027s Box":25,"Red Mask":48,"Unceasing Top":68}],"Unceasing Top":[15]},"card_choices":[{"not_picked":["bronze:Boost","bronze:WildBeam","bronze:BuggyMess"],"picked":"SKIP","floor":1.0},{"not_picked":["bronze:Invalidate","bronze:Branch","bronze:Frontload"],"picked":"SKIP","floor":4.0},{"not_picked":["bronze:BuggyMess","bronze:BugBarrage"],"picked":"bronze:GetLatest","floor":5.0},{"not_picked":["bronze:SpaghettiCode","bronze:CloningBeam","bronze:ChildClass"],"picked":"SKIP","floor":6.0},{"not_picked":["bronze:BuggyMess","bronze:BitShift"],"picked":"bronze:Separator","floor":11.0},{"not_picked":["bronze:Iterate","bronze:WildBeam"],"picked":"bronze:Branch","floor":13.0},{"not_picked":["bronze:FineTuning","bronze:ChildClass"],"picked":"bronze:ForceShield","floor":14.0},{"not_picked":["bronze:FindAndReplace","bronze:AlphaBuild"],"picked":"bronze:RecursiveStrike","floor":16.0},{"not_picked":["bronze:BronzeOrb","bronze:BuggyMess"],"picked":"bronze:Constructor","floor":18.0},{"not_picked":["bronze:ForLoop","bronze:Turbo","bronze:Constructor"],"picked":"SKIP","floor":19.0},{"not_picked":["bronze:Backtrace","bronze:WhirlingStrike"],"picked":"bronze:Shell","floor":21.0},{"not_picked":["bronze:BugBarrage","bronze:BuggyMess","bronze:ItsAFeature+1"],"picked":"SKIP","floor":23.0},{"not_picked":["bronze:Shield+1","bronze:Boost","bronze:BugBarrage"],"picked":"SKIP","floor":28.0},{"not_picked":["bronze:DelayedSlice+1","bronze:Deprecate","bronze:Constructor"],"picked":"SKIP","floor":31.0},{"not_picked":["bronze:InfiniteBeams","bronze:BronzeOrb"],"picked":"bronze:Overheat+1","floor":35.0},{"not_picked":["bronze:Frontload+1","bronze:Branch"],"picked":"bronze:Safeguard","floor":39.0},{"not_picked":["bronze:WhirlingStrike+1","bronze:Constructor","bronze:Repair"],"picked":"SKIP","floor":41.0},{"not_picked":["bronze:Allocate","bronze:BuggyMess+1","bronze:Deprecate+1"],"picked":"SKIP","floor":44.0},{"not_picked":["bronze:Allocate","bronze:BuggyMess+1","bronze:Deprecate+1"],"picked":"SKIP","floor":44.0},{"not_picked":["bronze:WhirlingStrike+1","bronze:BronzeOrb"],"picked":"bronze:DelayedSlice+1","floor":47.0},{"not_picked":["bronze:BronzeOrb+1","bronze:Frontload","bronze:ItsAFeature"],"picked":"SKIP","floor":48.0}],"player_experience":1058071,"relics_obtained":[{"floor":6.0,"key":"Girya"},{"floor":9.0,"key":"Shuriken"},{"floor":13.0,"key":"hubris:DeckOfHolding"},{"floor":23.0,"key":"Bronze Scales"},{"floor":25.0,"key":"Red Mask"},{"floor":26.0,"key":"Dream Catcher"},{"floor":28.0,"key":"The Courier"},{"floor":34.0,"key":"hubris:SlimyHat"},{"floor":34.0,"key":"Letter Opener"},{"floor":34.0,"key":"hubris:MedicalManual"},{"floor":39.0,"key":"wanderingMiniBosses:Blackblade"},{"floor":41.0,"key":"Vajra"},{"floor":44.0,"key":"infinitespire:Beetle Shell"},{"floor":46.0,"key":"infinitespire:Magic Flask"}],"event_choices":[{"damage_healed":0.0,"max_hp_gain":0.0,"max_hp_loss":0.0,"gold_gain":0.0,"event_name":"Match and Keep!","player_choice":"1 cards matched","floor":3.0,"gold_loss":0.0,"damage_taken":0.0,"cards_obtained":["Madness"]},{"damage_healed":0.0,"max_hp_gain":0.0,"max_hp_loss":0.0,"gold_gain":0.0,"event_name":"Shining Light","player_choice":"Entered Light","floor":10.0,"gold_loss":0.0,"damage_taken":14.0,"cards_upgraded":["bronze:Strike","bronze:Defend"]},{"cards_removed":["bronze:RecursiveStrike"],"damage_healed":15.0,"max_hp_gain":10.0,"max_hp_loss":0.0,"gold_gain":0.0,"event_name":"Bonfire Elementals","player_choice":"Offered Rare","floor":20.0,"gold_loss":0.0,"damage_taken":0.0},{"damage_healed":0.0,"max_hp_gain":0.0,"max_hp_loss":0.0,"gold_gain":0.0,"event_name":"Masked Bandits","player_choice":"Fought Bandits","floor":25.0,"gold_loss":0.0,"damage_taken":0.0},{"cards_removed":["bronze:Philosophize"],"damage_healed":0.0,"max_hp_gain":0.0,"max_hp_loss":0.0,"gold_gain":0.0,"event_name":"Beggar","player_choice":"Gave Gold","floor":29.0,"gold_loss":75.0,"damage_taken":0.0},{"cards_removed":["bronze:Branch"],"damage_healed":0.0,"max_hp_gain":0.0,"max_hp_loss":0.0,"gold_gain":0.0,"event_name":"Falling","player_choice":"Removed Attack","floor":37.0,"gold_loss":0.0,"damage_taken":0.0},{"damage_healed":0.0,"max_hp_gain":0.0,"max_hp_loss":0.0,"gold_gain":222.0,"event_name":"Tomb of Lord Red Mask","player_choice":"Wore Mask","floor":38.0,"gold_loss":0.0,"damage_taken":0.0},{"damage_healed":0.0,"max_hp_gain":0.0,"max_hp_loss":0.0,"gold_gain":0.0,"event_name":"MindBloom","player_choice":"Fight","floor":39.0,"gold_loss":0.0,"damage_taken":0.0}],"is_beta":false,"boss_relics":[{"not_picked":["Ectoplasm","Philosopher\u0027s Stone"],"picked":"Pandora\u0027s Box"},{"not_picked":["Cursed Key","Black Star"],"picked":"Calling Bell"}],"items_purged_floors":[7,27,36],"is_endless":false,"potions_floor_spawned":[11,13,18,19,25,35,41],"killed_by":"hubris:GrandSnecko","ascension_level":0}}