{"host":"r9v0g0iwbsx9dzwu","time":1610856577,"event":{"mods":["ATMod(阿瑾Mod)","Aspiration","BaseMod","Minty Spire (QoL Compilation)","MostiFishMod","Replay The Spire","RumiaBox-露米娅的神秘盒子","StSLib","TestMod","[IsaacMod]以撒尖塔","vexMod","【功能Mod】聪明的最终Boss","【遗物卡牌】REMEMod"],"gold_per_floor":[18,18,35,45,59,59,91,91,141,176,176,44,78,156,156,230,896,896,896],"floor_reached":18,"language":"ZHS","playtime":517,"items_purged":["Strike_B"],"score":631,"play_id":"7a682251-4ea5-4789-82c0-a521b4a0f8a8","local_time":"20210117120937","is_ascension_mode":true,"campfire_choices":[{"data":"AT_StudyProgram","floor":6.0,"key":"SMITH"},{"data":"MostiFishMod:Exploitation","floor":8.0,"key":"SMITH"},{"data":"Coolheaded","floor":11.0,"key":"SMITH"},{"data":"Strike_B","floor":15,"key":"PURGE"}],"circlet_count":0,"master_deck":["AscendersBane","Strike_B","Defend_B","Defend_B","Defend_B","Defend_B","Zap","Dualcast","AT_StudyProgram+1","ReplayTheSpireMod:System Scan+1","MostiFishMod:Exploitation+1","Coolheaded+1","REME_AllRoundStrike","Glacier","MostiFishMod:Distribution","MostiFishMod:ReadyAimFire","MostiFishMod:ReadyAimFire","Meteor Strike"],"relics":["Cracked Core","AT_ATBox","DaveBox","testmod-TestBox","HushsDoor","REME_ComplimentaryCards","BookOfRevelations","testmod-StringDisintegrator","Membership Card","Baka","vexMod:InvisibilityCloak","testmod-IndustrialRevolution","AT_GoldPhoenixTree","Pear","ReplayTheSpireMod:Ninjato","vexMod:RockOfEvil"],"acts_visited":["Exordium","TheCity"],"potions_floor_usage":[],"damage_taken":[{"damage":2.0,"enemies":"2 Louse","floor":1.0,"turns":3.0},{"damage":2.0,"enemies":"Jaw Worm","floor":3.0,"turns":4.0},{"damage":0.0,"enemies":"Cultist","floor":4.0,"turns":4.0},{"damage":0.0,"enemies":"2 Fungi Beasts","floor":5.0,"turns":2.0},{"damage":20.0,"enemies":"Lagavulin","floor":7.0,"turns":7.0},{"damage":0.0,"enemies":"3 Sentries","floor":10.0,"turns":3.0},{"damage":21,"enemies":"Lagavulin","floor":13,"turns":3},{"damage":10,"enemies":"Hexaghost","floor":16,"turns":6},{"damage":13,"enemies":"Spheric Guardian","floor":18,"turns":3}],"seed_played":"7305988610507831873","potions_obtained":[{"floor":3.0,"key":"AttackPotion"},{"floor":4.0,"key":"Strength Potion"}],"is_trial":false,"path_per_floor":["M","?","M","M","M","R","E","R","T","E","R","$","E","?","R","B",null,"M"],"character_chosen":"DEFECT","items_purchased":["REME_AllRoundStrike"],"campfire_rested":0,"item_purchase_floors":[12],"current_hp_per_floor":[62,62,60,60,60,60,40,40,40,40,40,40,29,12,12,2,61,48,48],"gold":896,"neow_bonus":"TRANSFORM_TWO_CARDS","is_daily":false,"chose_seed":false,"campfire_upgraded":3,"win_rate":0.0,"timestamp":1610856577,"path_taken":["M","?","?","M","M","R","E","R","T","E","R","$","E","?","R","BOSS","M"],"items_purchased_type":["Card"],"build_version":"2020-12-22","purchased_purges":1,"victory":false,"max_hp_per_floor":[71,71,71,71,71,71,71,71,71,71,71,71,81,81,81,81,81,81,81],"card_choices":[{"not_picked":[],"picked":"ChaosCard","floor":0.0},{"not_picked":["Gash","Hologram","Panic Button"],"picked":"SKIP","floor":1.0},{"not_picked":["Aggregate","Cold Snap","AT_ThreeBodyProblem"],"picked":"SKIP","floor":3.0},{"not_picked":["AT_HeatAcrobatics","Coolheaded"],"picked":"MostiFishMod:Exploitation","floor":4.0},{"not_picked":["Tempest","Rebound","Beam Cell"],"picked":"SKIP","floor":5.0},{"not_picked":["AT_RobotInSpace","Leap"],"picked":"Coolheaded","floor":7.0},{"not_picked":["Time Bomb","Cold Snap","AT_HeatAcrobatics"],"picked":"SKIP","floor":10.0},{"not_picked":["Gash","Loop"],"picked":"Glacier","floor":13},{"not_picked":["MostiFishMod:InterfaceCompatibility","AT_WaterDrop"],"picked":"MostiFishMod:Distribution","floor":16},{"not_picked":["Echo Form","MostiFishMod:DeathFromBelow"],"picked":"MostiFishMod:ReadyAimFire","floor":16},{"not_picked":["REME_Shoggoth","Thunder Strike"],"picked":"MostiFishMod:ReadyAimFire","floor":16},{"not_picked":["MostiFishMod:IntelligentEquipment","Mirror Shield"],"picked":"Meteor Strike","floor":16}],"player_experience":24285,"relics_obtained":[{"floor":1.0,"key":"Baka"},{"floor":7.0,"key":"vexMod:InvisibilityCloak"},{"floor":9.0,"key":"testmod-IndustrialRevolution"},{"floor":10.0,"key":"AT_GoldPhoenixTree"},{"floor":13,"key":"Pear"},{"floor":13,"key":"ReplayTheSpireMod:Ninjato"}],"event_choices":[],"is_beta":false,"boss_relics":[{"not_picked":["BloodWine","Honey Jar"],"picked":"vexMod:RockOfEvil"},{"not_picked":[]}],"items_purged_floors":[12],"is_endless":false,"potions_floor_spawned":[3,4,7],"killed_by":"Spheric Guardian","ascension_level":20}}