{"host":"0j5ml7gapyeeikhl","time":1610915840,"event":{"mods":["AchievementEnabler","Act Like it!","Arknights The Spire","BaseMod","Better Note","Better Third Choice","Colored Map","Colored Powertips","DeckTracker","Defuse TimeMaze Blight","Disable Question Mark Monsters","Displayed Cursed Tome","Elementarium","Friendly Minions","Hyrulean Relics","Mimic Mod","Minty Spire (QoL Compilation)","Pale of the Ancients","Permanent Neow","Shop Mod","Spicy Shops","Spikes Relics","StSLib","The Elementalist","Transform Curses"],"gold_per_floor":[111,161,161,7,7,20,39,39,72,137,172,172,78,78,78,178,178,191,191,98,98,109,109,109],"floor_reached":23,"language":"ENG","playtime":1890,"items_purged":["ats:Fractured Body"],"score":185,"play_id":"b88580c7-4fcb-479c-84da-820d93c6bb8f","local_time":"20210117133720","is_ascension_mode":false,"campfire_choices":[{"floor":8,"key":"REST"},{"floor":12,"key":"REST"},{"data":"ats:Overload","floor":15,"key":"SMITH"}],"circlet_count":0,"master_deck":["ats:Strike C","ats:Strike G","ats:Strike S","ats:Strike V","ats:Armor Crushing Shot","ats:Defend","ats:Defend","ats:Defend","ats:Defend","ats:Emotion Absorption","ats:Hammer On","ats:Thermite Blade","ats:Apocalypse","ats:Poison Spread","ats:Overload+1","ats:Curse Doll","ats:Ignite+1","ats:Nebulous Foxfire","Flash of Steel","ats:Disruption Kick","ats:Ignite","ats:Thorns","ats:Ignite","ats:Beaten Up"],"relics":["ats:Sanity","Darkstone Periapt","elementalistmod:BlueRibbon","Lantern","ats:Originium","Regal Pillow","Black Star","CultistMask"],"acts_visited":["Exordium","TheCity"],"potions_floor_usage":[10,11,18],"damage_taken":[{"damage":3,"enemies":"2 Louse","floor":1,"turns":3},{"damage":2,"enemies":"Small Slimes","floor":6,"turns":3},{"damage":8,"enemies":"Jaw Worm","floor":7,"turns":4},{"damage":4,"enemies":"Looter","floor":9,"turns":6},{"damage":26,"enemies":"3 Sentries","floor":10,"turns":7},{"damage":24,"enemies":"Gremlin Nob","floor":11,"turns":4},{"damage":7,"enemies":"Slime Boss","floor":16,"turns":7},{"damage":40,"enemies":"2 Thieves","floor":18,"turns":5},{"damage":18,"enemies":"3 Byrds","floor":22,"turns":4},{"damage":27,"enemies":"Slavers","floor":23,"turns":2}],"seed_played":"268367567273066236","potions_obtained":[{"floor":6,"key":"DuplicationPotion"},{"floor":7,"key":"DuplicationPotion"},{"floor":11,"key":"Fire Potion"}],"is_trial":false,"path_per_floor":["M","?","?","$","?","M","M","R","MIM","?","E","R","$","?","R","B",null,"M","?","$","?","M","E"],"character_chosen":"DOCTOR_CLASS","items_purchased":["ats:Thermite Blade","Flash of Steel","ats:Thorns","ats:Ignite"],"campfire_rested":2,"item_purchase_floors":[4,13,20,20],"current_hp_per_floor":[69,69,51,51,51,49,49,70,68,50,34,70,70,70,70,65,72,37,37,37,37,23,0,0],"gold":109,"neow_bonus":"ONE_RANDOM_RARE_CARD","is_daily":false,"chose_seed":false,"campfire_upgraded":1,"win_rate":0.0,"timestamp":1610915840,"path_taken":["M","?","?","$","?","?","M","R","MIM","?","E","R","$","?","R","BOSS","M","?","$","?","M","E"],"items_purchased_type":["Card","Card","Card","Card"],"build_version":"2020-12-22","purchased_purges":1,"victory":false,"max_hp_per_floor":[72,72,72,72,72,72,72,72,72,72,72,72,72,72,72,72,72,72,72,72,72,72,72,72],"card_choices":[{"not_picked":["ats:Charging Defense","ats:Powerful Strike"],"picked":"ats:Hammer On","floor":1},{"not_picked":["ats:Powerful Strike","ats:Charging Defense"],"picked":"ats:Apocalypse","floor":6},{"not_picked":["ats:Very Hot Blade","ats:Closed Bolt Burst Fire"],"picked":"ats:Poison Spread","floor":7},{"not_picked":["ats:Consecutive Shot Auto","ats:Apocalypse"],"picked":"ats:Curse Doll","floor":9},{"not_picked":["ats:Charging Defense","ats:Rapid Magazine"],"picked":"ats:Ignite","floor":10},{"not_picked":["ats:Childhood Dance","ats:Song Of Battle"],"picked":"ats:Nebulous Foxfire","floor":11},{"not_picked":["ats:True Silver Slash","ats:Calcification"],"picked":"ats:Disruption Kick","floor":16},{"not_picked":["ats:Revitalization","ats:Hammer On"],"picked":"ats:Ignite","floor":18},{"not_picked":["ats:Apocalypse","ats:Leaping Hammer"],"picked":"ats:Beaten Up","floor":22}],"player_experience":677040,"relics_obtained":[{"floor":10,"key":"Lantern"},{"floor":11,"key":"ats:Originium"},{"floor":11,"key":"Regal Pillow"}],"event_choices":[{"damage_healed":0,"gold_gain":0,"player_choice":"Relic ","damage_taken":18,"max_hp_gain":0,"max_hp_loss":0,"event_name":"betterThird:BetterScrap","floor":3,"gold_loss":0,"cards_obtained":["Meteor Strike"]},{"damage_healed":0,"gold_gain":0,"player_choice":"Searched \u00271\u0027 times","damage_taken":0,"max_hp_gain":0,"max_hp_loss":0,"event_name":"Dead Adventurer","floor":10,"gold_loss":0},{"damage_healed":0,"gold_gain":0,"player_choice":"Grow","damage_taken":0,"max_hp_gain":0,"max_hp_loss":0,"event_name":"Living Wall","floor":14,"gold_loss":0,"cards_upgraded":["ats:Ignite"]},{"cards_removed":["ats:Disruption Kick"],"damage_healed":0,"gold_gain":0,"player_choice":"Give","damage_taken":0,"max_hp_gain":0,"max_hp_loss":0,"event_name":"betterNote:BetterNote","floor":19,"gold_loss":0,"cards_obtained":["None"]},{"damage_healed":0,"gold_gain":0,"player_choice":"Trade","damage_taken":0,"relics_obtained":["CultistMask"],"max_hp_gain":0,"max_hp_loss":0,"event_name":"FaceTrader","floor":21,"gold_loss":0}],"is_beta":false,"boss_relics":[{"not_picked":["Ectoplasm","Tiny House"],"picked":"Black Star"}],"items_purged_floors":[4],"is_endless":false,"potions_floor_spawned":[6,7,11],"killed_by":"Slavers","ascension_level":0}}