{"host":"d85gwtocd8go8gx0","time":1610915507,"event":{"mods":["BaseMod","Highlight Path","Minty Spire (QoL Compilation)","Permanent Neow","Quick Restart","UnlockEverythingMod"],"gold_per_floor":[111,127,139,151,170,210,210,233,259,239,239,279,302,336,336,416,416,436,465,380,404,19,19,69,105,105,105,114,114,114],"floor_reached":29,"language":"ENG","playtime":995,"items_purged":["Strike_P"],"score":601,"play_id":"be737428-3a2f-4745-8cc9-0aaa3a19ad94","local_time":"20210117123147","is_ascension_mode":true,"campfire_choices":[{"data":"Eruption","floor":7.0,"key":"SMITH"},{"floor":11.0,"key":"REST"},{"floor":15.0,"key":"REST"},{"floor":23.0,"key":"REST"},{"data":"Alpha","floor":27.0,"key":"SMITH"}],"circlet_count":0,"master_deck":["AscendersBane","Strike_P","Strike_P","Strike_P","Defend_P","Defend_P","Defend_P","Defend_P","Eruption+1","Vigilance","CutThroughFate","JustLucky","CrushJoints","Crescendo","CutThroughFate","ClearTheMind","Conclude","FlurryOfBlows","CutThroughFate","WheelKick","Alpha+1","CutThroughFate","FollowUp","CrushJoints","DeusExMachina","Blasphemy","EmptyMind"],"relics":["PureWater","CeramicFish","Happy Flower","Regal Pillow","Smiling Mask","Vajra","VioletLotus","Torii","Orichalcum","Strawberry","Blue Candle"],"acts_visited":["Exordium","TheCity"],"potions_floor_usage":[],"damage_taken":[{"damage":0.0,"enemies":"Cultist","floor":1.0,"turns":2.0},{"damage":0.0,"enemies":"Jaw Worm","floor":2.0,"turns":2.0},{"damage":0.0,"enemies":"Small Slimes","floor":3.0,"turns":2.0},{"damage":9.0,"enemies":"3 Louse","floor":4.0,"turns":2.0},{"damage":6.0,"enemies":"Looter","floor":5.0,"turns":2.0},{"damage":22.0,"enemies":"Gremlin Nob","floor":6.0,"turns":3.0},{"damage":18.0,"enemies":"Lagavulin","floor":12.0,"turns":3.0},{"damage":18.0,"enemies":"Gremlin Gang","floor":13.0,"turns":2.0},{"damage":0.0,"enemies":"3 Sentries","floor":14.0,"turns":1.0},{"damage":44.0,"enemies":"The Guardian","floor":16.0,"turns":5.0},{"damage":34.0,"enemies":"2 Thieves","floor":18.0,"turns":3.0},{"damage":0.0,"enemies":"Spheric Guardian","floor":19.0,"turns":2.0},{"damage":1.0,"enemies":"3 Cultists","floor":21.0,"turns":3.0},{"damage":23.0,"enemies":"Book of Stabbing","floor":25.0,"turns":2.0},{"damage":40,"enemies":"Shelled Parasite and Fungi","floor":29,"turns":2}],"seed_played":"-9103113987536754040","potions_obtained":[{"floor":2.0,"key":"Ambrosia"},{"floor":4.0,"key":"Energy Potion"},{"floor":19.0,"key":"PowerPotion"}],"is_trial":false,"path_per_floor":["M","M","M","M","M","E","R","T","T","?","R","E","M","E","R","B",null,"M","M","?","M","$","R","?","E","T","R","?","M"],"character_chosen":"WATCHER","items_purchased":["Orichalcum","DeusExMachina"],"campfire_rested":3,"item_purchase_floors":[22,22],"current_hp_per_floor":[61,61,61,52,46,24,24,24,24,24,59,41,23,23,58,14,55,21,21,21,20,20,55,55,39,39,39,39,0,0],"gold":114,"neow_bonus":"THREE_CARDS","is_daily":false,"chose_seed":false,"campfire_upgraded":2,"win_rate":0.0,"timestamp":1610915507,"path_taken":["M","M","M","M","M","E","R","?","T","?","R","E","?","E","R","BOSS","M","M","?","M","$","R","?","E","T","R","?","M"],"items_purchased_type":["Relic","Card"],"build_version":"2020-12-22","purchased_purges":1,"victory":false,"max_hp_per_floor":[68,68,68,68,68,68,68,68,68,68,68,68,68,68,68,68,68,68,68,68,68,68,68,68,75,75,75,75,75,75],"card_choices":[{"not_picked":["FlyingSleeves","Consecrate"],"picked":"CutThroughFate","floor":0.0},{"not_picked":["Halt","BowlingBash"],"picked":"JustLucky","floor":1.0},{"not_picked":["InnerPeace","EmptyBody"],"picked":"CrushJoints","floor":2.0},{"not_picked":["CrushJoints","Swivel"],"picked":"Crescendo","floor":3.0},{"not_picked":["FlyingSleeves","Evaluate"],"picked":"CutThroughFate","floor":4.0},{"not_picked":["Fasting2","CrushJoints"],"picked":"ClearTheMind","floor":5.0},{"not_picked":["FearNoEvil","ReachHeaven"],"picked":"Conclude","floor":6.0},{"not_picked":["ConjureBlade","CutThroughFate"],"picked":"FlurryOfBlows","floor":12.0},{"not_picked":["BowlingBash","PathToVictory"],"picked":"CutThroughFate","floor":13.0},{"not_picked":["Adaptation","Indignation"],"picked":"WheelKick","floor":14.0},{"not_picked":["MasterReality","Ragnarok"],"picked":"Alpha","floor":16.0},{"not_picked":["CrushJoints","Prostrate"],"picked":"CutThroughFate","floor":18.0},{"not_picked":["FlyingSleeves","EmptyBody"],"picked":"FollowUp","floor":19.0},{"not_picked":["PathToVictory","Crescendo"],"picked":"CrushJoints","floor":21.0},{"not_picked":["Prostrate","CarveReality"],"picked":"Blasphemy","floor":25.0}],"player_experience":26587,"relics_obtained":[{"floor":6.0,"key":"CeramicFish"},{"floor":8.0,"key":"Happy Flower"},{"floor":9.0,"key":"Regal Pillow"},{"floor":12.0,"key":"Smiling Mask"},{"floor":14.0,"key":"Vajra"},{"floor":25.0,"key":"Strawberry"},{"floor":26.0,"key":"Blue Candle"}],"event_choices":[{"damage_healed":0.0,"max_hp_gain":0.0,"max_hp_loss":0.0,"gold_gain":0.0,"event_name":"The Woman in Blue","player_choice":"Bought 1 Potion","floor":10.0,"gold_loss":0.0,"damage_taken":0.0},{"damage_healed":0.0,"max_hp_gain":0.0,"max_hp_loss":0.0,"gold_gain":0.0,"event_name":"Addict","player_choice":"Obtained Relic","floor":20.0,"gold_loss":85.0,"damage_taken":0.0,"relics_obtained":["Torii"]},{"damage_healed":0.0,"max_hp_gain":0.0,"max_hp_loss":0.0,"gold_gain":50.0,"event_name":"Nest","player_choice":"Stole From Cult","floor":24.0,"gold_loss":0.0,"damage_taken":0.0},{"damage_healed":0.0,"max_hp_gain":0.0,"max_hp_loss":0.0,"gold_gain":0.0,"event_name":"The Library","player_choice":"Read","floor":28.0,"gold_loss":0.0,"damage_taken":0.0,"cards_obtained":["EmptyMind"]}],"is_beta":false,"boss_relics":[{"not_picked":["Sozu","Busted Crown"],"picked":"VioletLotus"}],"items_purged_floors":[22],"is_endless":false,"potions_floor_spawned":[2,4,5,12,19],"killed_by":"Shelled Parasite and Fungi","ascension_level":20}}