{"host":"2se5dq1do2gp0x9k","time":1610927373,"event":{"mods":["AchievementEnabler","BaseMod","Block Reminder","Colored Map","Colored Powertips","Minty Spire (QoL Compilation)","Relic Stats","StSLib","SuperFastMode"],"gold_per_floor":[113,23,23,41,61,61,81,107,133,133,35,35,35,45,45,122,122,142,158,158,158,175,175,175],"floor_reached":23,"language":"ENG","playtime":674,"items_purged":[],"score":482,"play_id":"f0693718-86d1-4cd4-a33d-c1ad50313939","local_time":"20210117154933","is_ascension_mode":true,"campfire_choices":[{"data":"Chaos","floor":6,"key":"SMITH"},{"data":"Darkness","floor":10,"key":"SMITH"},{"data":"Darkness","floor":12,"key":"SMITH"},{"data":"Coolheaded","floor":15,"key":"SMITH"}],"circlet_count":0,"master_deck":["AscendersBane","Strike_B","Strike_B","Strike_B","Defend_B","Defend_B","Defend_B","Defend_B","Zap","Dualcast","Undo","Chill","Chaos+1","Compile Driver","Lockon","Darkness+1","Darkness+1","Coolheaded+1","Conserve Battery","Biased Cognition","Lockon","Machine Learning","Redo"],"relics":["Coffee Dripper","Smiling Mask","Omamori","Philosopher\u0027s Stone","Nunchaku"],"acts_visited":["Exordium","TheCity"],"potions_floor_usage":[16,23,23],"damage_taken":[{"damage":12,"enemies":"Jaw Worm","floor":1,"turns":2},{"damage":0,"enemies":"Cultist","floor":4,"turns":5},{"damage":0,"enemies":"Small Slimes","floor":5,"turns":5},{"damage":0,"enemies":"3 Louse","floor":7,"turns":5},{"damage":11,"enemies":"3 Sentries","floor":8,"turns":8},{"damage":2,"enemies":"Red Slaver","floor":14,"turns":4},{"damage":0,"enemies":"Slime Boss","floor":16,"turns":7},{"damage":19,"enemies":"2 Thieves","floor":18,"turns":4},{"damage":5,"enemies":"Shell Parasite","floor":19,"turns":4},{"damage":17,"enemies":"Snake Plant","floor":22,"turns":3},{"damage":29,"enemies":"Slavers","floor":23,"turns":1}],"seed_played":"-315149045844386429","potions_obtained":[{"floor":5,"key":"BlessingOfTheForge"},{"floor":8,"key":"Block Potion"},{"floor":18,"key":"CultistPotion"}],"is_trial":false,"path_per_floor":["M","$","?","M","M","R","M","E","T","R","$","R","$","M","R","B",null,"M","M","?","?","M","E"],"character_chosen":"DEFECT","items_purchased":["Chill","Darkness","Coolheaded"],"campfire_rested":0,"item_purchase_floors":[2,11,11],"current_hp_per_floor":[52,52,52,52,52,52,52,41,41,41,41,41,41,39,39,39,63,44,39,39,39,22,0,0],"gold":175,"neow_bonus":"BOSS_RELIC","is_daily":false,"chose_seed":false,"campfire_upgraded":4,"win_rate":0.0,"timestamp":1610927373,"path_taken":["M","$","?","M","M","R","M","E","T","R","$","R","?","M","R","BOSS","M","M","?","?","?","E"],"items_purchased_type":["Card","Card","Card"],"build_version":"2020-12-22","purchased_purges":0,"victory":false,"max_hp_per_floor":[71,71,71,71,71,71,71,71,71,71,71,71,71,71,71,71,71,71,71,71,71,71,71,71],"relic_stats":{"Nunchaku":[0],"counters":[11,48],"Smiling Mask":0,"obtain_stats":[{"Nunchaku":20,"Philosopher\u0027s Stone":17,"Coffee Dripper":0,"Omamori":9,"Cracked Core":0,"Smiling Mask":8},{"Nunchaku":9,"Philosopher\u0027s Stone":7,"Coffee Dripper":0,"Omamori":5,"Cracked Core":0,"Smiling Mask":5},{"Nunchaku":44,"Philosopher\u0027s Stone":36,"Coffee Dripper":0,"Omamori":25,"Cracked Core":0,"Smiling Mask":25}]},"card_choices":[{"not_picked":["Leap","Go for the Eyes"],"picked":"Undo","floor":1},{"not_picked":["Skim","Force Field"],"picked":"Chaos","floor":4},{"not_picked":["Go for the Eyes","Leap"],"picked":"Compile Driver","floor":5},{"not_picked":["Steam Power","Reprogram"],"picked":"Lockon","floor":7},{"not_picked":["Hologram","Gash"],"picked":"Darkness","floor":8},{"not_picked":["Cold Snap","Barrage"],"picked":"Conserve Battery","floor":14},{"not_picked":["Hyperbeam","Electrodynamics"],"picked":"Biased Cognition","floor":16},{"not_picked":["Coolheaded","Steam+1"],"picked":"Lockon","floor":18},{"not_picked":["Leap","Beam Cell","Force Field"],"picked":"SKIP","floor":19},{"not_picked":["Gash","Stack"],"picked":"Redo","floor":22}],"player_experience":3900336,"relics_obtained":[{"floor":8,"key":"Smiling Mask"},{"floor":9,"key":"Omamori"}],"event_choices":[{"damage_healed":0,"gold_gain":0,"player_choice":"Ignored","damage_taken":0,"max_hp_gain":0,"max_hp_loss":0,"event_name":"WeMeetAgain","floor":3,"gold_loss":0},{"damage_healed":0,"gold_gain":0,"player_choice":"Stole Relic","damage_taken":0,"relics_obtained":["Nunchaku"],"max_hp_gain":0,"max_hp_loss":0,"event_name":"Addict","floor":20,"gold_loss":0,"cards_obtained":["Shame"]},{"damage_healed":0,"gold_gain":0,"cards_transformed":["Strike_B"],"player_choice":"Transformed","damage_taken":0,"max_hp_gain":0,"max_hp_loss":0,"event_name":"Transmorgrifier","floor":21,"gold_loss":0,"cards_obtained":["Machine Learning"]}],"is_beta":false,"boss_relics":[{"not_picked":["Empty Cage","Runic Pyramid"],"picked":"Philosopher\u0027s Stone"}],"items_purged_floors":[],"is_endless":false,"potions_floor_spawned":[5,8,14,18,19],"killed_by":"Slavers","ascension_level":20}}