{"host":"dn6kke80v5f7isus","time":1610915310,"event":{"mods":["AchievementEnabler","Act Like it!","BaseMod","Colored Powertips","Custom Start","Defuse TimeMaze Blight","Duelist Mod","Gremlin Skip","Highlight Path","Hubris","Infinite Spire","Minty Spire (QoL Compilation)","Rare Cards Sparkle","Replay The Spire","StSLib","Uncapped"],"gold_per_floor":[137,148,148,148,113,145,155,155,182,196,196,236,236,248,248,405,405,419,419,435,574,574,609,609,29,53,53,53,67,67,67,67,172,172,184,184,201,78,99,133,133,143,190,40,40,40,90,110,110,214,314,321,321,596,596,598,615,615,623,675,683,683,682,688,688],"floor_reached":64,"language":"ENG","playtime":2679,"items_purged":["Regret"],"score":1191,"play_id":"27688458-bb74-410a-9490-d15d1fea1a5c","local_time":"20210117152830","is_ascension_mode":true,"campfire_choices":[{"data":"theDuelist:OjamaPajama","floor":13,"key":"SMITH"},{"data":"theDuelist:Nameless:Magic:AxeDespair","floor":24,"key":"SMITH"},{"data":"theDuelist:OjamaCountry","floor":28,"key":"SMITH"},{"data":"theDuelist:OjamaCountry","floor":30,"key":"SMITH"},{"data":"theDuelist:GarbageLord","floor":32,"key":"SMITH"},{"data":"theDuelist:OjamaRed","floor":41,"key":"SMITH"},{"data":"theDuelist:OjamaRed+1","floor":46,"key":"SMITH"},{"data":"theDuelist:KamionTimelord","floor":49,"key":"SMITH"},{"data":"theDuelist:OjamaRed+3","floor":58,"key":"SMITH"},{"data":"theDuelist:OjamaRed+4","floor":62,"key":"SMITH"}],"circlet_count":0,"master_deck":["theDuelist:OjamaBlack","theDuelist:OjamaBlack","theDuelist:OjamaCountry","theDuelist:OjamaCountry","theDuelist:OjamaGreen","theDuelist:OjamaGreen","theDuelist:OjamaTrio","theDuelist:OjamaYellow","theDuelist:OjamaYellow+1","theDuelist:Ojamuscle","theDuelist:Mudballman","theDuelist:GarbageLord","theDuelist:OjamaPajama+1","theDuelist:OjamaEmperor+1","theDuelist:FlyingSaucer","theDuelist:IrisEarthMother","theDuelist:GarbageLord+1","Impatience","theDuelist:WeepingIdol","theDuelist:Nameless:Magic:AxeDespair+1","theDuelist:EvilswarmNightmare","theDuelist:OjamaCountry+1","theDuelist:OjamaCountry+1","theDuelist:OjamaTrio","theDuelist:Ojamuscle","theDuelist:Nameless:Magic:AxeDespair+1","Panache","J.A.X.","theDuelist:KamionTimelord+1","theDuelist:WhiteHowling+1","theDuelist:CircleFireKings+1","theDuelist:OjamaCountry","theDuelist:RainbowRuins","theDuelist:OjamaRed+5","theDuelist:RainbowFlower","theDuelist:Zombyra+1","theDuelist:OjamaPajama","theDuelist:OjamaYellow+1","theDuelist:IrisEarthMother","theDuelist:OjamaKnight+4","theDuelist:HappyLover+1","theDuelist:OjamaRed+11","theDuelist:OjamaBlue+13"],"relics":["theDuelist:MillenniumPuzzle","theDuelist:CardPoolRelic","theDuelist:CardPoolBasicRelic","theDuelist:BoosterPackPoolRelic","theDuelist:CardPoolAddRelic","theDuelist:CardPoolMinusRelic","theDuelist:CardPoolSaveRelic","theDuelist:CardPoolOptionsRelic","NeowsBlessing","Matryoshka","Snack Pack","Art of War","theDuelist:MillenniumArmor","Replay:Ringing Soul","theDuelist:HauntedRelic","Replay:Baseball","theDuelist:ZoneToken","Bronze Scales","Calipers","theDuelist:MerchantTalisman","MealTicket","Honey Jar","Gremlin Horn","infinitespire:Beetle Shell","infinitespire:Freezer","CaptainsWheel","Replay:Wanted Poster","Boot","Vampiric Spirits","Blood Vial"],"acts_visited":["Exordium","TheCity","TheBeyond","Exordium"],"potions_floor_usage":[6,10,18,23,23,33,33,33,37,42,42,42,61,64,64,64,64],"damage_taken":[{"damage":0,"enemies":"Cultist","floor":1,"turns":1},{"damage":4,"enemies":"Small Slimes","floor":2,"turns":1},{"damage":9,"enemies":"Replay:BlueRogue","floor":6,"turns":2},{"damage":0,"enemies":"2 Louse","floor":7,"turns":1},{"damage":10,"enemies":"Exordium Thugs","floor":10,"turns":3},{"damage":0,"enemies":"Lagavulin","floor":12,"turns":4},{"damage":0,"enemies":"2 Fungi Beasts","floor":14,"turns":3},{"damage":11,"enemies":"The Guardian","floor":16,"turns":7},{"damage":0,"enemies":"Spheric Guardian","floor":18,"turns":2},{"damage":3,"enemies":"Chosen","floor":20,"turns":1},{"damage":16,"enemies":"Nightmare","floor":23,"turns":4},{"damage":0,"enemies":"Centurion and Healer","floor":29,"turns":3},{"damage":2,"enemies":"hubris:MusketHawk","floor":33,"turns":2},{"damage":0,"enemies":"3 Shapes","floor":35,"turns":2},{"damage":0,"enemies":"3 Darklings","floor":37,"turns":3},{"damage":0,"enemies":"Jaw Worm Horde","floor":39,"turns":1},{"damage":0,"enemies":"R_Hoarder","floor":40,"turns":3},{"damage":0,"enemies":"Writhing Mass","floor":42,"turns":1},{"damage":0,"enemies":"Mind Bloom Boss Battle","floor":47,"turns":2},{"damage":0,"enemies":"Maw","floor":48,"turns":3},{"damage":11,"enemies":"Time Eater","floor":50,"turns":4},{"damage":0,"enemies":"Jaw Worm","floor":52,"turns":1},{"damage":0,"enemies":"Small Slimes","floor":56,"turns":1},{"damage":0,"enemies":"3 Sentries","floor":57,"turns":2},{"damage":0,"enemies":"Gremlin Nob","floor":59,"turns":2},{"damage":0,"enemies":"2 Louse","floor":61,"turns":2},{"damage":0,"enemies":"2 Fungi Beasts","floor":63,"turns":2},{"damage":129,"enemies":"Nightmare","floor":64,"turns":6}],"seed_played":"8515185303037129805","potions_obtained":[{"floor":1,"key":"SkillPotion"},{"floor":2,"key":"SpeedPotion"},{"floor":7,"key":"theDuelist:CoolBottle"},{"floor":16,"key":"theDuelist:WhiteBottle"},{"floor":20,"key":"BlessingOfTheForge"},{"floor":21,"key":"theDuelist:GiftPotion"},{"floor":21,"key":"theDuelist:FireBottle"},{"floor":23,"key":"AttackPotion"},{"floor":29,"key":"theDuelist:BottledKuriboh"},{"floor":35,"key":"theDuelist:SealedPackE"},{"floor":39,"key":"SpeedPotion"},{"floor":40,"key":"SkillPotion"},{"floor":42,"key":"Block Potion"},{"floor":50,"key":"theDuelist:TokenPotion"},{"floor":56,"key":"theDuelist:BigTributeBottle"},{"floor":57,"key":"Elixir"},{"floor":63,"key":"Explosive Potion"}],"is_trial":false,"path_per_floor":["M","M","?","?","$","E","M","?","T","M","?","E","R","M","R","B",null,"M","?","M","?","?","NM","R","$","T","$","R","M","R","?","R","B",null,"M","?","M","$","M","E","R","M","T","$","?","R","?","M","R","B",null,"M","?","?","AVR","M","E","R","E","T","M","R","M","NM"],"character_chosen":"THE_DUELIST","items_purchased":["theDuelist:OjamaPajama","Calipers","theDuelist:MerchantTalisman","theDuelist:OjamaCountry","theDuelist:RainbowRuins","infinitespire:Freezer"],"campfire_rested":0,"item_purchase_floors":[5,25,25,38,38,44],"current_hp_per_floor":[80,76,76,76,76,67,67,67,67,57,51,53,53,55,76,68,79,82,82,79,82,85,72,72,75,75,90,90,95,95,98,98,103,103,106,106,109,112,115,118,118,121,121,121,121,121,124,127,127,121,130,133,133,136,136,136,139,139,142,142,145,145,145,16,16],"gold":688,"neow_bonus":"THREE_ENEMY_KILL","is_daily":false,"chose_seed":false,"campfire_upgraded":10,"win_rate":0.0,"timestamp":1610915310,"path_taken":["M","M","?","?","$","E","M","?","T","?","?","E","R","M","R","BOSS","M","?","M","?","?","NM","R","$","T","?","R","M","R","?","R","BOSS","M","?","M","$","M","E","R","M","T","$","?","R","?","?","R","BOSS","M","?","?","AVR","M","E","R","E","T","?","R","M","NM"],"items_purchased_type":["Card","Relic","Relic","Card","Card","Relic"],"build_version":"2020-12-22","purchased_purges":1,"victory":false,"max_hp_per_floor":[80,80,80,76,76,76,76,76,76,76,76,76,76,76,76,79,79,82,82,82,85,88,91,91,94,94,94,94,97,97,100,100,103,103,106,106,109,112,115,118,118,121,121,121,121,121,124,127,127,130,130,133,133,136,136,136,139,139,142,142,145,145,145,145,145],"card_choices":[{"not_picked":["theDuelist:RainbowDragon","theDuelist:DunamesDarkWitch","theDuelist:OjamaCountry","theDuelist:WhiteMagicalHat"],"picked":"theDuelist:Mudballman","floor":1},{"not_picked":["theDuelist:SummonedSkull","theDuelist:DarkBlade","theDuelist:FabledAshenveil","theDuelist:SangaWater"],"picked":"theDuelist:GarbageLord","floor":2},{"not_picked":["theDuelist:RainbowFlower","theDuelist:Eva","theDuelist:RainbowDragon","theDuelist:IrisEarthMother","theDuelist:KamionTimelord"],"picked":"SKIP","floor":6},{"not_picked":["theDuelist:IrisEarthMother","theDuelist:QueenDragunDjinn"],"picked":"theDuelist:OjamaEmperor","floor":7},{"not_picked":["theDuelist:Pumpking","theDuelist:NeoMagic","theDuelist:TributeDoomed","theDuelist:OjamaDuo"],"picked":"theDuelist:FlyingSaucer","floor":10},{"not_picked":["theDuelist:RainbowRuins+1","theDuelist:MindAir+1","theDuelist:StatueAnguishPattern+1","theDuelist:WhiteHowling+1","theDuelist:Yami+1"],"picked":"SKIP","floor":12},{"not_picked":["theDuelist:DarklordSuperbia","theDuelist:EvilswarmHeliotrope","theDuelist:GraniteLoyalist","theDuelist:WingedKuriboh","theDuelist:GilfordLegend"],"picked":"SKIP","floor":14},{"not_picked":["theDuelist:RainbowFlower","theDuelist:RainbowNeos","theDuelist:HappyLover","theDuelist:Eva"],"picked":"theDuelist:IrisEarthMother","floor":16},{"not_picked":["theDuelist:RainbowNeos","theDuelist:OjamaBlack","theDuelist:MysticalElf+1","theDuelist:Pumpking"],"picked":"theDuelist:GarbageLord","floor":18},{"not_picked":["theDuelist:BigFire","theDuelist:RedMedicine","theDuelist:BigEye","theDuelist:PotAvarice","theDuelist:Sangan"],"picked":"SKIP","floor":20},{"not_picked":["Jack Of All Trades","Panache","Purity"],"picked":"Impatience","floor":21},{"not_picked":["theDuelist:FuryFire","theDuelist:BigKoala","theDuelist:GemElephant","theDuelist:CatapultZone"],"picked":"theDuelist:WeepingIdol","floor":21},{"not_picked":["theDuelist:Tierra","theDuelist:SangaWater"],"picked":"theDuelist:EvilswarmNightmare","floor":23},{"not_picked":["HandOfGreed+1","Jack Of All Trades","Trip+1"],"picked":"Panache","floor":29},{"not_picked":["theDuelist:DarkMasterZorc+1","theDuelist:SwordsRevealing","theDuelist:IceQueen","theDuelist:QueenDragunDjinn+1"],"picked":"theDuelist:KamionTimelord","floor":33},{"not_picked":["theDuelist:RainbowRuins+1","theDuelist:Yami","theDuelist:StatueAnguishPattern"],"picked":"theDuelist:WhiteHowling+1","floor":35},{"not_picked":["theDuelist:Hinotama","theDuelist:LightningVortex","theDuelist:Ojamagic","theDuelist:Ojamatch"],"picked":"theDuelist:CircleFireKings+1","floor":37},{"not_picked":["theDuelist:SpiralSpearStrike+1","theDuelist:OjamaKnight+1","theDuelist:OjamaBlue+2","theDuelist:FuryFire+2"],"picked":"theDuelist:OjamaRed","floor":39},{"not_picked":["theDuelist:SummonedSkull+1","theDuelist:FiendMegacyber+1","theDuelist:Illusionist","theDuelist:FabledAshenveil+1"],"picked":"theDuelist:RainbowFlower","floor":40},{"not_picked":["theDuelist:RainbowFlower+1","theDuelist:RainbowNeos+1","theDuelist:NeoMagic","theDuelist:DarkBlade+1"],"picked":"theDuelist:Zombyra+1","floor":42},{"not_picked":["theDuelist:HappyLover+1","theDuelist:Relinquished","theDuelist:DarkMagicianGirl+1","theDuelist:OjamaCountry"],"picked":"theDuelist:OjamaPajama","floor":47},{"not_picked":["theDuelist:RainbowDragon+1","theDuelist:Zombyra+1","theDuelist:DunamesDarkWitch","theDuelist:GarbageLord+1"],"picked":"theDuelist:OjamaYellow+1","floor":48},{"not_picked":["theDuelist:Tierra+1","theDuelist:SangaWater+1","theDuelist:SwordsConcealing+1","theDuelist:QueenDragunDjinn"],"picked":"theDuelist:IrisEarthMother","floor":50},{"not_picked":["theDuelist:ClearKuriboh+2","theDuelist:FuryFire+4","theDuelist:MagicalStone+4","theDuelist:RedMedicine+8"],"picked":"theDuelist:OjamaKnight+4","floor":52},{"not_picked":["theDuelist:RainbowNeos+1","theDuelist:DarkTinker+1","theDuelist:FiendMegacyber+1","theDuelist:Illusionist+1","theDuelist:NeoMagic+1"],"picked":"SKIP","floor":56},{"not_picked":["theDuelist:RainbowNeos+1","theDuelist:DunamesDarkWitch+1","theDuelist:IrisEarthMother+1","theDuelist:KamionTimelord+1"],"picked":"theDuelist:HappyLover+1","floor":57},{"not_picked":["theDuelist:DarkMasterZorc+1","theDuelist:IceQueen+1","theDuelist:OjamaEmperor+1","theDuelist:OjamaKing+1"],"picked":"theDuelist:OjamaRed+11","floor":59},{"not_picked":["theDuelist:DarkMasterZorc+1","theDuelist:OjamaEmperor+1","theDuelist:OjamaKing+1","theDuelist:HappyLover+1"],"picked":"theDuelist:OjamaBlue+13","floor":61},{"not_picked":["theDuelist:RainbowFlower+1","theDuelist:RainbowNeos+1","theDuelist:DunamesDarkWitch+1","theDuelist:Eva+1","theDuelist:RainbowDragon+1"],"picked":"SKIP","floor":63}],"player_experience":556792,"relics_obtained":[{"floor":6,"key":"Matryoshka"},{"floor":9,"key":"Snack Pack"},{"floor":9,"key":"Art of War"},{"floor":12,"key":"Replay:Ringing Soul"},{"floor":21,"key":"Replay:Baseball"},{"floor":21,"key":"theDuelist:ZoneToken"},{"floor":23,"key":"Bronze Scales"},{"floor":26,"key":"MealTicket"},{"floor":40,"key":"Gremlin Horn"},{"floor":43,"key":"infinitespire:Beetle Shell"},{"floor":47,"key":"CaptainsWheel"},{"floor":59,"key":"Vampiric Spirits"},{"floor":60,"key":"Blood Vial"}],"event_choices":[{"damage_healed":0,"gold_gain":0,"player_choice":"Leave","duelist":true,"damage_taken":0,"max_hp_gain":0,"max_hp_loss":0,"event_name":"Egyptian Village","floor":3,"gold_loss":0},{"damage_healed":0,"gold_gain":0,"player_choice":"Brew - 2x Potion Slots","duelist":true,"damage_taken":0,"max_hp_gain":0,"max_hp_loss":0,"event_name":"Aknamkanon\u0027s Tomb","floor":4,"gold_loss":0},{"damage_healed":0,"gold_gain":0,"player_choice":"Dig - random Duelist relic","duelist":true,"damage_taken":0,"max_hp_gain":0,"max_hp_loss":0,"event_name":"Aknamkanon\u0027s Tomb","floor":11,"gold_loss":0},{"damage_healed":0,"gold_gain":0,"player_choice":"Leave","duelist":true,"damage_taken":0,"max_hp_gain":0,"max_hp_loss":0,"event_name":"Relic Duplicator","floor":19,"gold_loss":0},{"total_magic_score":61,"gold_gain":0,"duelist":true,"damage_taken":0,"relics_obtained":[],"points":5,"max_hp_gain":0,"max_hp_loss":0,"spent_points":{"magic":4,"greed":0,"war":0,"power":0,"hunger":1},"event_name":"Nameless Tomb","floor":22,"gold_loss":0,"magic_reward":4,"cards_obtained":["theDuelist:Nameless:Magic:AxeDespair"]},{"damage_healed":0,"gold_gain":0,"player_choice":"Obtain J.A.X.","damage_taken":0,"max_hp_gain":0,"max_hp_loss":0,"event_name":"Drug Dealer","floor":31,"gold_loss":0,"cards_obtained":["J.A.X."]},{"damage_healed":0,"gold_gain":0,"player_choice":"Fight","damage_taken":0,"max_hp_gain":0,"max_hp_loss":0,"event_name":"MindBloom","floor":47,"gold_loss":0},{"damage_healed":0,"gold_gain":0,"player_choice":"Grow","damage_taken":0,"max_hp_gain":0,"max_hp_loss":0,"event_name":"Living Wall","floor":53,"gold_loss":0,"cards_upgraded":["theDuelist:OjamaRed"]},{"damage_healed":0,"gold_gain":275,"player_choice":"Desecrate","damage_taken":0,"max_hp_gain":0,"max_hp_loss":0,"event_name":"Golden Shrine","floor":54,"gold_loss":0,"cards_obtained":["Regret"]}],"is_beta":false,"boss_relics":[{"not_picked":["Replay:Ancient Bell","Astrolabe"],"picked":"theDuelist:HauntedRelic"},{"not_picked":["Replay:Bronze Core","hubris:GrandSneckoEye"],"picked":"Honey Jar"},{"not_picked":["Runic Cube","Calling Bell"],"picked":"Replay:Wanted Poster"}],"items_purged_floors":[55],"is_endless":true,"potions_floor_spawned":[1,2,7,16,20,23,29,35,39,40,42,50,56,57,63],"killed_by":"Nightmare","ascension_level":1}}