{"host":"9tdk3zzhmpo6o3dg","time":1610903070,"event":{"mods":["AchievementEnabler","BaseMod","Downfall","Hermit","Hunter 猎人","Koishi","Marisa（F雨　魔理沙）","Minty Spire (QoL Compilation)","SOS（斯巴达之子）","Shop Mod","StSLib","The Alterego","The Animator","The Cursed","The Hierophant","The Marked","The Servant 0.9.4","WarShipGirlsR/战舰少女R mod","Yuri Mod"],"gold_per_floor":[116,34,109,122,135,135,164,164,234,264,264,280,280,280,280,384,384,404,314,327,327,72,97,15,15,15],"floor_reached":25,"language":"ZHS","playtime":944,"items_purged":[],"score":265,"play_id":"17f7e41e-14de-4646-a0d8-5cfdd71f93bc","local_time":"20210118010430","is_ascension_mode":true,"campfire_choices":[{"data":"Infinite Blades","floor":6.0,"key":"SMITH"},{"data":"Calculated Gamble","floor":8.0,"key":"SMITH"},{"floor":13.0,"key":"REST"},{"floor":15.0,"key":"REST"}],"circlet_count":0,"master_deck":["Strike_G","Defend_G","Defend_G","Defend_G","Defend_G","Defend_G+1","Survivor","Neutralize","Cloak And Dagger+1","Infinite Blades+1","Calculated Gamble+1","Underhanded Strike","Prepared+1","Caltrops+1","Accuracy+1","Wraith Form v2+1","Storm of Steel","Prepared+1","A Thousand Cuts+1","Envenom+1","Blade Dance","Reflex+1","PiercingWail+1","Infinite Blades+1"],"relics":["Ring of the Snake","NeowsBlessing","Lantern","Bottled Lightning","Frozen Egg 2","Astrolabe","Bottled Flame","InkBottle","Torii"],"acts_visited":["Exordium","TheCity"],"potions_floor_usage":[25],"damage_taken":[{"damage":0.0,"enemies":"Cultist","floor":1.0,"turns":1.0},{"damage":0.0,"enemies":"Jaw Worm","floor":4.0,"turns":1.0},{"damage":0.0,"enemies":"Small Slimes","floor":5.0,"turns":1.0},{"damage":0.0,"enemies":"Gremlin Nob","floor":7.0,"turns":3.0},{"damage":34.0,"enemies":"Lagavulin","floor":10.0,"turns":8.0},{"damage":3.0,"enemies":"2 Fungi Beasts","floor":12.0,"turns":3.0},{"damage":36.0,"enemies":"Hexaghost","floor":16.0,"turns":11.0},{"damage":14.0,"enemies":"Shell Parasite","floor":18.0,"turns":7.0},{"damage":0.0,"enemies":"Chosen","floor":20.0,"turns":4.0},{"damage":34.0,"enemies":"Book of Stabbing","floor":23.0,"turns":5.0},{"damage":17,"enemies":"Slavers","floor":25,"turns":3}],"seed_played":"-5648265454337087191","potions_obtained":[{"floor":1.0,"key":"SteroidPotion"},{"floor":5.0,"key":"AttackPotion"},{"floor":16.0,"key":"Swift Potion"}],"is_trial":false,"path_per_floor":["M","$","?","M","M","R","E","R","T","E","?","M","R","?","R","B",null,"M","?","M","T","$","E","$","E"],"character_chosen":"THE_SILENT","items_purchased":["Infinite Blades","InkBottle","Infinite Blades+1"],"campfire_rested":2,"item_purchase_floors":[2,22,24],"current_hp_per_floor":[70,70,59,59,59,59,59,59,59,25,11,8,29,29,50,14,70,56,56,56,56,56,22,22,5,5],"gold":15,"neow_bonus":"THREE_ENEMY_KILL","is_daily":false,"chose_seed":false,"campfire_upgraded":2,"win_rate":0.0,"timestamp":1610903070,"path_taken":["M","$","?","M","M","R","E","R","T","E","?","M","R","?","R","BOSS","M","?","?","?","$","E","$","E"],"items_purchased_type":["Card","Relic","Card"],"build_version":"2020-12-22","purchased_purges":0,"victory":false,"max_hp_per_floor":[70,70,70,70,70,70,70,70,70,70,70,70,70,70,70,70,70,70,70,70,70,70,70,70,70,70],"card_choices":[{"not_picked":["Predator","Dagger Spray"],"picked":"Cloak And Dagger","floor":1.0},{"not_picked":["Sucker Punch","Backflip"],"picked":"Calculated Gamble","floor":4.0},{"not_picked":["Deflect","Poisoned Stab"],"picked":"Underhanded Strike","floor":5.0},{"not_picked":["Backflip","Underhanded Strike"],"picked":"Prepared","floor":7.0},{"not_picked":["Deflect","Acrobatics"],"picked":"Caltrops+1","floor":10.0},{"not_picked":["Reflex","Die Die Die"],"picked":"Accuracy+1","floor":12.0},{"not_picked":[],"picked":"Wraith Form v2","floor":14.0},{"not_picked":["Unload","Night Terror"],"picked":"Storm of Steel","floor":16.0},{"not_picked":["All Out Attack","Slice"],"picked":"Blade Dance","floor":18.0},{"not_picked":["Well Laid Plans+1","PiercingWail"],"picked":"Reflex+1","floor":20.0},{"not_picked":["Deflect","Prepared+1"],"picked":"PiercingWail+1","floor":23.0}],"player_experience":173182,"relics_obtained":[{"floor":7.0,"key":"Lantern"},{"floor":9.0,"key":"Bottled Lightning"},{"floor":10.0,"key":"Frozen Egg 2"},{"floor":21.0,"key":"Bottled Flame"},{"floor":23.0,"key":"Torii"}],"event_choices":[{"damage_healed":0.0,"max_hp_gain":0.0,"max_hp_loss":0.0,"gold_gain":75.0,"event_name":"World of Goop","player_choice":"Gather Gold","floor":3.0,"gold_loss":0.0,"damage_taken":11.0},{"damage_healed":0.0,"max_hp_gain":0.0,"max_hp_loss":0.0,"gold_gain":0.0,"event_name":"Shining Light","player_choice":"Entered Light","floor":11.0,"gold_loss":0.0,"damage_taken":14.0,"cards_upgraded":["Prepared","Defend_G"]},{"cards_removed":["Strike_G"],"damage_healed":0.0,"max_hp_gain":0.0,"max_hp_loss":0.0,"gold_gain":0.0,"event_name":"Designer","player_choice":"Upgrade and Remove","floor":19.0,"gold_loss":90.0,"damage_taken":0.0,"cards_upgraded":["Cloak And Dagger"]}],"is_beta":false,"boss_relics":[{"not_picked":["Ring of the Serpent","bronze:MakeshiftBattery"],"picked":"Astrolabe"}],"items_purged_floors":[],"is_endless":false,"potions_floor_spawned":[1,5,16],"killed_by":"Slavers","ascension_level":1}}