{"host":"9v3x998ddbx8o276","time":1610873657,"event":{"mods":["AchievementEnabler","BaseMod","Colored Map","Colored Powertips","Highlight Path","Minty Spire (QoL Compilation)","Quick Restart","Rare Cards Sparkle"],"gold_per_floor":[112,60,79,90,90,118,118,148,148,174,185,185,204,220,220,220,220],"floor_reached":16,"language":"ENG","playtime":505,"items_purged":[],"score":224,"play_id":"c1a2d345-53d5-4260-824d-c22de1df14fb","local_time":"20210117192417","is_ascension_mode":true,"campfire_choices":[{"floor":7,"key":"REST"},{"floor":15,"key":"REST"}],"circlet_count":0,"master_deck":["AscendersBane","Strike_B","Strike_B","Strike_B","Defend_B","Defend_B","Defend_B","Defend_B","Zap","Dualcast","Swift Strike","Coolheaded","Streamline","Rebound","Hologram","Capacitor","Static Discharge","Chaos","Seek"],"relics":["Cracked Core","Darkstone Periapt","Bottled Flame","InkBottle","Centennial Puzzle"],"acts_visited":["Exordium"],"potions_floor_usage":[8,13],"damage_taken":[{"damage":0.0,"enemies":"Small Slimes","floor":1.0,"turns":3.0},{"damage":7.0,"enemies":"Jaw Worm","floor":3.0,"turns":3.0},{"damage":0.0,"enemies":"2 Louse","floor":4.0,"turns":1.0},{"damage":32,"enemies":"Gremlin Nob","floor":6,"turns":4},{"damage":22,"enemies":"3 Sentries","floor":8,"turns":5},{"damage":8,"enemies":"Exordium Thugs","floor":11,"turns":5},{"damage":7,"enemies":"2 Fungi Beasts","floor":13,"turns":4},{"damage":1,"enemies":"Gremlin Gang","floor":14,"turns":5},{"damage":34,"enemies":"Hexaghost","floor":16,"turns":7}],"seed_played":"-5329754880294017564","potions_obtained":[{"floor":1.0,"key":"PowerPotion"},{"floor":11,"key":"PowerPotion"}],"is_trial":false,"path_per_floor":["M","$","M","M","?","E","R","E","T","T","M","?","M","M","R","B"],"character_chosen":"DEFECT","items_purchased":["Streamline"],"campfire_rested":2,"item_purchase_floors":[2],"current_hp_per_floor":[64,64,57,57,57,25,46,24,24,24,16,16,9,8,29,0,0],"gold":220,"neow_bonus":"RANDOM_COLORLESS","is_daily":false,"chose_seed":false,"campfire_upgraded":0,"win_rate":0.0,"timestamp":1610873657,"path_taken":["M","$","M","M","?","E","R","E","T","?","M","?","M","M","R","BOSS"],"items_purchased_type":["Card"],"build_version":"2020-12-22","purchased_purges":0,"victory":false,"max_hp_per_floor":[71,71,71,71,71,71,71,71,71,71,71,71,71,71,71,71,71],"card_choices":[{"not_picked":["Impatience","Deep Breath"],"picked":"Swift Strike","floor":0.0},{"not_picked":["Redo","Storm"],"picked":"Coolheaded","floor":1.0},{"not_picked":["Gash","Double Energy"],"picked":"Rebound","floor":3.0},{"not_picked":["Streamline","Self Repair"],"picked":"Hologram","floor":4.0},{"not_picked":["Coolheaded","Self Repair"],"picked":"Capacitor","floor":6},{"not_picked":["Doom and Gloom","Capacitor","Chill"],"picked":"SKIP","floor":8},{"not_picked":["Heatsinks","Aggregate"],"picked":"Static Discharge","floor":11},{"not_picked":["Leap","Coolheaded"],"picked":"Chaos","floor":13},{"not_picked":["Stack","Darkness"],"picked":"Seek","floor":14}],"player_experience":1668425,"relics_obtained":[{"floor":6,"key":"Darkstone Periapt"},{"floor":8,"key":"Bottled Flame"},{"floor":9,"key":"InkBottle"},{"floor":10,"key":"Centennial Puzzle"}],"event_choices":[{"damage_healed":0.0,"max_hp_gain":0.0,"max_hp_loss":0.0,"gold_gain":0.0,"event_name":"Shining Light","player_choice":"Ignored","floor":5.0,"gold_loss":0.0,"damage_taken":0.0},{"cards_removed":["Strike_B"],"damage_healed":0,"gold_gain":0,"player_choice":"Purged","damage_taken":0,"max_hp_gain":0,"max_hp_loss":0,"event_name":"Purifier","floor":12,"gold_loss":0}],"is_beta":false,"boss_relics":[],"items_purged_floors":[],"is_endless":false,"potions_floor_spawned":[1,11],"killed_by":"Hexaghost","ascension_level":20}}