{"host":"c5slkkw8hp42e20v","time":1610878998,"event":{"mods":["AchievementEnabler","BaseMod","Better Note","BetterRewards","Colored Powertips","DeckTracker","Friendly Minions","GifTheSpireLib","Hermit","Highlight Path","Minty Spire (QoL Compilation)","Quick Restart","Rare Cards Sparkle","Replay The Spire","Spicy Shops","StSLib","The Animator","The Hierophant","The Poker Player","????"],"gold_per_floor":[112,112,58,71,71,101,101,115,115,145,159,179,179,98,98,98,98],"floor_reached":16,"language":"ENG","playtime":501,"items_purged":[],"score":135,"play_id":"a6e8e2bf-a931-4c79-b205-15e21a75f1f9","local_time":"20210117042318","is_ascension_mode":false,"campfire_choices":[{"data":"BasicCrystalCard","floor":7,"key":"SMITH"},{"floor":15,"key":"REST"}],"circlet_count":0,"master_deck":["Strike_B","Strike_B","Strike_B+1","Strike_B","Defend_B","Defend_B","Defend_B+1","Defend_B","Zap","Dualcast","BasicCrystalCard+1","Crystallizer","Capacitor","Thunder Strike","Conserve Battery","Ball Lightning","FIFO Queue","Genetic Algorithm","Doom and Gloom"],"relics":["Cracked Core","NeowsBlessing","Singing Bowl","Du-Vu Doll","Garlic","Eternal Feather"],"acts_visited":["Exordium"],"potions_floor_usage":[],"damage_taken":[{"damage":0,"enemies":"2 Louse","floor":1,"turns":1},{"damage":0,"enemies":"Small Slimes","floor":4,"turns":1},{"damage":0,"enemies":"Lagavulin","floor":6,"turns":1},{"damage":6,"enemies":"Jaw Worm","floor":8,"turns":3},{"damage":45,"enemies":"Gremlin Nob","floor":10,"turns":5},{"damage":0,"enemies":"Large Slime","floor":11,"turns":5},{"damage":10,"enemies":"Red Slaver","floor":12,"turns":4},{"damage":36,"enemies":"Slime Boss","floor":16,"turns":7}],"seed_played":"2454048374681113061","potions_obtained":[{"floor":6,"key":"Strength Potion"},{"floor":10,"key":"BlessingOfTheForge"},{"floor":11,"key":"SkillPotion"}],"is_trial":false,"path_per_floor":["M","?","$","M","?","E","R","M","T","E","M","M","?","$","R","B"],"character_chosen":"DEFECT","items_purchased":["Crystallizer","Doom and Gloom"],"campfire_rested":1,"item_purchase_floors":[3,14],"current_hp_per_floor":[75,60,60,60,65,65,65,59,59,14,14,4,1,1,34,0,0],"gold":98,"neow_bonus":"THREE_ENEMY_KILL","is_daily":false,"chose_seed":false,"campfire_upgraded":1,"win_rate":0.0,"timestamp":1610878998,"path_taken":["M","?","$","M","?","E","R","M","T","E","M","M","?","?","R","BOSS"],"items_purchased_type":["Card","Card"],"build_version":"2020-12-22","purchased_purges":0,"victory":false,"max_hp_per_floor":[75,75,75,75,80,80,80,80,80,80,80,80,80,80,80,80,80],"card_choices":[{"not_picked":["Self Repair","Conserve Battery"],"picked":"BasicCrystalCard","floor":1},{"not_picked":["Double Energy","Gash"],"picked":"Capacitor","floor":4},{"not_picked":["Panic Button","Gash"],"picked":"Thunder Strike","floor":6},{"not_picked":["Steam","ReplayTheSpireMod:Repulse"],"picked":"Conserve Battery","floor":8},{"not_picked":["ReplaySolidLightProjector","Coolheaded"],"picked":"Ball Lightning","floor":10},{"not_picked":["Ball Lightning","Conserve Battery"],"picked":"FIFO Queue","floor":11},{"not_picked":["ReplaySort","Leap"],"picked":"Genetic Algorithm","floor":12}],"player_experience":77792,"relics_obtained":[{"floor":6,"key":"Singing Bowl"},{"floor":9,"key":"Du-Vu Doll"},{"floor":10,"key":"Garlic"}],"event_choices":[{"damage_healed":0,"gold_gain":0,"player_choice":"Entered Light","damage_taken":15,"max_hp_gain":0,"max_hp_loss":0,"event_name":"Shining Light","floor":2,"gold_loss":0,"cards_upgraded":["Strike_B","Defend_B"]},{"damage_healed":0,"gold_gain":0,"player_choice":"Donut","damage_taken":0,"max_hp_gain":5,"max_hp_loss":0,"event_name":"Big Fish","floor":5,"gold_loss":0},{"damage_healed":0,"gold_gain":0,"player_choice":"Success","damage_taken":3,"relics_obtained":["Eternal Feather"],"max_hp_gain":0,"max_hp_loss":0,"event_name":"Scrap Ooze","floor":13,"gold_loss":0}],"is_beta":false,"boss_relics":[],"items_purged_floors":[],"is_endless":false,"potions_floor_spawned":[6,10,11],"killed_by":"Slime Boss","ascension_level":0}}