{"host":"8n2lgrrkrt9pi315","time":1610889207,"event":{"mods":["BaseMod","Colored Map","Downfall","Minty Spire (QoL Compilation)","StSLib","The Cursed"],"gold_per_floor":[99,115,107,131,131,131,157,157,185,209,228,228,228,249,277,385,385,385,233,256,70,70,94,94,94,94,94,114,114,139,61,89,89,89,89],"floor_reached":33,"language":"ENG","playtime":1850,"items_purged":["hexamod:Strike"],"score":264,"play_id":"ed58ada4-bc13-4ee0-8f98-9c182ef39cff","local_time":"20210117141327","is_ascension_mode":false,"campfire_choices":[{"data":"hexamod:Sear","floor":1,"key":"SMITH"},{"data":"hexamod:Float","floor":6,"key":"SMITH"},{"data":"hexamod:RadiantFlame","floor":13,"key":"SMITH"},{"data":"hexamod:ExtraCrispy","floor":18,"key":"SMITH"},{"data":"hexamod:SpectersWail","floor":25,"key":"SMITH"},{"data":"hexamod:FastForward","floor":27,"key":"SMITH"},{"data":"hexamod:EmpoweredFlame","floor":29,"key":"SMITH"}],"circlet_count":0,"master_deck":["hexamod:Strike","hexamod:Strike","hexamod:Strike","hexamod:Defend","hexamod:Defend","hexamod:Defend","hexamod:Defend","hexamod:Sear+1","hexamod:Float+1","hexamod:Incineration","hexamod:FirstSeal","hexamod:SecondSeal","hexamod:RadiantFlame+1","hexamod:Firestarter","hexamod:EmpoweredFlame+1","hexamod:ExtraCrispy+1","hexamod:FourthSeal","hexamod:SpectersWail+1","hexamod:VolcanoVisage","hexamod:StepThrough","hexamod:Firestarter+1","hexamod:ShieldOfDarkness","hexamod:ShieldOfDarkness","hexamod:FastForward+1","hexamod:SoulSteal+1","hexamod:TimeOfNeed","hexamod:StepThrough","hexamod:FastForward+1"],"relics":["hexamod:UnbrokenSoul","Oddly Smooth Stone","Orichalcum","Lee\u0027s Waffle","PreservedInsect"],"acts_visited":["Exordium","TheCity"],"potions_floor_usage":[15,16,16,20,20,21,29,32,33,33,33],"damage_taken":[{"damage":0,"enemies":"Small Slimes","floor":2,"turns":3},{"damage":1,"enemies":"Jaw Worm","floor":4,"turns":5},{"damage":6,"enemies":"2 Louse","floor":9,"turns":5},{"damage":11,"enemies":"Exordium Thugs","floor":10,"turns":6},{"damage":15,"enemies":"Large Slime","floor":11,"turns":4},{"damage":15,"enemies":"Exordium Wildlife","floor":14,"turns":4},{"damage":32,"enemies":"Lots of Slimes","floor":15,"turns":6},{"damage":21,"enemies":"IC_STATUS_ARCHETYPE","floor":16,"turns":8},{"damage":4,"enemies":"downfall:FleeingMerchant","floor":19,"turns":4},{"damage":43,"enemies":"3 Byrds","floor":20,"turns":6},{"damage":0,"enemies":"downfall:FleeingMerchant","floor":21,"turns":4},{"damage":22,"enemies":"Chosen","floor":23,"turns":6},{"damage":8,"enemies":"Snake Plant","floor":28,"turns":4},{"damage":22,"enemies":"Snecko","floor":30,"turns":6},{"damage":14,"enemies":"downfall:FleeingMerchant","floor":31,"turns":4},{"damage":22,"enemies":"Cultist and Chosen","floor":32,"turns":6},{"damage":52,"enemies":"WA_ARCHETYPE_CALM","floor":33,"turns":5}],"seed_played":"-2890121546669563436","potions_obtained":[{"floor":4,"key":"Swift Potion"},{"floor":9,"key":"BlessingOfTheForge"},{"floor":11,"key":"BlessingOfTheForge"},{"floor":15,"key":"DistilledChaos"},{"floor":16,"key":"LiquidBronze"},{"floor":16,"key":"Ancient Potion"},{"floor":19,"key":"AttackPotion"},{"floor":20,"key":"Block Potion"},{"floor":23,"key":"LiquidBronze"},{"floor":23,"key":"Dexterity Potion"},{"floor":28,"key":"Fruit Juice"},{"floor":30,"key":"Swift Potion"},{"floor":32,"key":"Regen Potion"}],"is_trial":false,"path_per_floor":["R","M","?","M","?","R","T","?","M","M","M","?","R","M","M","B",null,"R","$","M","$","?","M","T","R","?","R","M","R","M","$","M","B"],"character_chosen":"THE_SPIRIT","items_purchased":["hexamod:StepThrough","hexamod:ShieldOfDarkness","Lee\u0027s Waffle","hexamod:StepThrough"],"campfire_rested":0,"item_purchase_floors":[19,21,21,31],"current_hp_per_floor":[77,77,70,76,76,76,76,69,70,66,58,63,63,55,30,16,82,82,82,46,89,89,74,74,74,74,74,73,78,56,49,34,0,0,0],"gold":89,"neow_bonus":"TEN_PERCENT_HP_BONUS","is_daily":false,"chose_seed":false,"campfire_upgraded":7,"win_rate":0.0,"timestamp":1610889207,"path_taken":["R","M","?","M","?","R","T","?","?","M","M","?","R","M","M","BOSS","R","$","M","$","?","M","T","R","?","R","M","R","M","?","M","BOSS"],"items_purchased_type":["Card","Card","Relic","Card"],"build_version":"2020-12-22","purchased_purges":1,"victory":false,"max_hp_per_floor":[77,77,77,77,77,77,77,77,77,77,77,82,82,82,82,82,82,82,82,82,89,89,89,89,89,89,89,89,94,94,94,94,94,94,94],"card_choices":[{"not_picked":["hexamod:BacktrackSmack","hexamod:NightmareGuise"],"picked":"hexamod:Incineration","floor":2},{"not_picked":["hexamod:Firestarter","hexamod:BurningTouch"],"picked":"hexamod:RadiantFlame","floor":4},{"not_picked":["hexamod:GhostShield","hexamod:NightmareStrike"],"picked":"hexamod:Firestarter","floor":9},{"not_picked":["hexamod:BurningTouch","hexamod:HauntingEcho"],"picked":"hexamod:EmpoweredFlame","floor":10},{"not_picked":["hexamod:SpectralAdrenaline","hexamod:UnleashSpirits"],"picked":"hexamod:ExtraCrispy","floor":11},{"not_picked":["hexamod:NightmareGuise","hexamod:HeatMetal"],"picked":"hexamod:FourthSeal","floor":14},{"not_picked":["hexamod:Incineration","hexamod:CatchUp"],"picked":"hexamod:SpectersWail","floor":15},{"not_picked":["hexamod:HexaLevel","hexamod:TimeOfNeed"],"picked":"hexamod:VolcanoVisage","floor":16},{"not_picked":["hexamod:GhostLash","hexamod:HauntingEcho","hexamod:SpectersWail"],"picked":"SKIP","floor":19},{"not_picked":["hexamod:HauntingEcho","hexamod:BacktrackSmack"],"picked":"hexamod:Firestarter+1","floor":20},{"not_picked":["hexamod:BacktrackSmack","hexamod:PhantomCloak"],"picked":"hexamod:ShieldOfDarkness","floor":21},{"not_picked":["hexamod:Haunt","hexamod:NightmareGuise","hexamod:Again"],"picked":"SKIP","floor":23},{"not_picked":["hexamod:NightmareStrike","hexamod:RainOfEmbers","hexamod:GhostOfSpirePast"],"picked":"SKIP","floor":28},{"not_picked":["hexamod:EmpoweredFlame","hexamod:SpectersWail"],"picked":"hexamod:SoulSteal+1","floor":30},{"not_picked":["hexamod:RainOfEmbers","hexamod:BacktrackSmack+1"],"picked":"hexamod:TimeOfNeed","floor":31},{"not_picked":["hexamod:FourthSeal","hexamod:ExtraCrispy+1"],"picked":"hexamod:FastForward+1","floor":32}],"player_experience":68880,"relics_obtained":[{"floor":7,"key":"Oddly Smooth Stone"},{"floor":24,"key":"PreservedInsect"}],"event_choices":[{"damage_healed":0,"gold_gain":0,"player_choice":"Success","damage_taken":7,"relics_obtained":["Orichalcum"],"max_hp_gain":0,"max_hp_loss":0,"event_name":"Scrap Ooze","floor":8,"gold_loss":0},{"damage_healed":0,"gold_gain":0,"player_choice":"Donut","damage_taken":0,"max_hp_gain":5,"max_hp_loss":0,"event_name":"Big Fish","floor":12,"gold_loss":0},{"damage_healed":0,"gold_gain":0,"player_choice":"Read","damage_taken":0,"max_hp_gain":0,"max_hp_loss":0,"event_name":"The Library","floor":26,"gold_loss":0,"cards_obtained":["hexamod:FastForward"]}],"is_beta":false,"boss_relics":[{"not_picked":["Velvet Choker","Philosopher\u0027s Stone"],"picked":"hexamod:UnbrokenSoul"}],"items_purged_floors":[19],"is_endless":false,"potions_floor_spawned":[4,9,11,16,23,30,32],"killed_by":"WA_ARCHETYPE_CALM","ascension_level":0}}