{"host":"kiah4uoohy01p0hv","time":1610869806,"event":{"mods":["AchievementEnabler","Aspiration","BaseMod","BetterRewards","CCEM","Colored Map","Colored Powertips","Conspire","Highlight Path","Hubris","Infinite Spire","Minty Spire (QoL Compilation)","Permanent Neow","Replay The Spire","Spicy Shops","Spikes Relics","StSLib"],"gold_per_floor":[110,1,1,1,21,46,46,74,128,128,153,153,41,55,55,171,171,190,214,240,266,38,42,42],"floor_reached":23,"language":"ENG","playtime":2684,"items_purged":[],"score":226,"play_id":"38639f31-fae0-46d3-9adf-d40a5beecd73","local_time":"20210117175006","is_ascension_mode":false,"campfire_choices":[{"floor":7,"key":"REST"},{"floor":10,"key":"REST"},{"data":"Adaptation","floor":12,"key":"SMITH"}],"circlet_count":0,"master_deck":["Strike_P","Strike_P","Strike_P","Strike_P","Defend_P","Defend_P","Defend_P","Defend_P","Eruption","Vigilance","Establishment+1","Indignation","Protect+1","WreathOfFlame+1","DeusExMachina+1","Adaptation+1","InnerPeace+1","DeceiveReality+1","LikeWater","Replay:Hum+1","Judgement+1","CurseOfTheBell","FlurryOfBlows","ClearTheMind+1","Halt+1","CutThroughFate","DeusExMachina+1"],"relics":["PureWater","Frozen Eye","CultistMask","Toxic Egg 2","hubris:EvacipatedBox","Bag of Preparation","Pantograph","Replay:Bandana","Calling Bell","hubris:TenFootPole","hubris:SphereOfDissonance","CCEMRelics:Francisca","Gremlin Food"],"acts_visited":["Exordium","TheCity"],"potions_floor_usage":[8,16,16,16,23],"damage_taken":[{"damage":1,"enemies":"Jaw Worm","floor":1,"turns":5},{"damage":3,"enemies":"Cultist","floor":5,"turns":4},{"damage":12,"enemies":"Gremlin Nob","floor":6,"turns":4},{"damage":0,"enemies":"Lagavulin","floor":8,"turns":5},{"damage":0,"enemies":"conspire:RoseBush","floor":11,"turns":2},{"damage":8,"enemies":"Red Slaver","floor":14,"turns":5},{"damage":43,"enemies":"The Guardian","floor":16,"turns":13},{"damage":0,"enemies":"Chosen","floor":18,"turns":4},{"damage":0,"enemies":"conspire:FuzzyDice","floor":19,"turns":6},{"damage":4,"enemies":"Centurion and Healer","floor":20,"turns":3},{"damage":127,"enemies":"Cultist and Chosen","floor":21,"turns":12},{"damage":11,"enemies":"Slavers","floor":23,"turns":1}],"seed_played":"-6974709484102596030","potions_obtained":[{"floor":6,"key":"Dexterity Potion"},{"floor":8,"key":"PowerPotion"},{"floor":11,"key":"Toxic Potion"},{"floor":14,"key":"DuplicationPotion"},{"floor":16,"key":"LiquidBronze"},{"floor":20,"key":"FairyPotion"}],"is_trial":false,"path_per_floor":["M","$","?","$","M","E","R","E","T","R","M","R","$","M","R_BF","B",null,"M","M","M","M","$","E"],"character_chosen":"WATCHER","items_purchased":["Protect+1","Frozen Eye","Toxic Egg 2","hubris:EvacipatedBox","DeceiveReality+1","LikeWater","DeusExMachina+1","Gremlin Food"],"campfire_rested":2,"item_purchase_floors":[2,2,4,4,13,13,22,22],"current_hp_per_floor":[71,71,71,35,32,20,41,41,41,62,62,62,62,54,72,29,72,72,72,68,7,7,0,0],"gold":42,"neow_bonus":"ONE_RANDOM_RARE_CARD","is_daily":false,"chose_seed":false,"campfire_upgraded":1,"win_rate":0.0,"timestamp":1610869806,"path_taken":["M","$","?","?","?","E","R","E","T","R","M","R","$","M","R_BF","BOSS","M","M","M","M","$","E"],"items_purchased_type":["Card","Relic","Relic","Relic","Card","Card","Card","Relic"],"build_version":"2020-12-22","purchased_purges":0,"victory":false,"max_hp_per_floor":[72,72,72,72,72,72,72,72,72,72,72,72,72,72,72,72,72,72,72,72,72,72,72,72],"card_choices":[{"not_picked":["EmptyBody","Sanctity"],"picked":"Indignation","floor":1},{"not_picked":["BowlingBash","SashWhip"],"picked":"WreathOfFlame+1","floor":5},{"not_picked":["Replay:DivineShield+1","Consecrate"],"picked":"DeusExMachina+1","floor":6},{"not_picked":["PathToVictory+1","MentalFortress"],"picked":"Adaptation","floor":8},{"not_picked":["Wireheading","ReachHeaven"],"picked":"InnerPeace+1","floor":11},{"not_picked":["Weave","Consecrate"],"picked":"Replay:Hum+1","floor":14},{"not_picked":["Scrawl+1","Blasphemy+1"],"picked":"Judgement+1","floor":16},{"not_picked":["Replay:DivineShield+1","PathToVictory+1"],"picked":"FlurryOfBlows","floor":18},{"not_picked":["Meditate+1","Replay:AtTheReady+1"],"picked":"ClearTheMind+1","floor":19},{"not_picked":["Conclude","SignatureMove"],"picked":"Halt+1","floor":20},{"not_picked":["Collect+1","ReachHeaven"],"picked":"CutThroughFate","floor":21}],"player_experience":250072,"relics_obtained":[{"floor":6,"key":"Bag of Preparation"},{"floor":8,"key":"Pantograph"},{"floor":9,"key":"Replay:Bandana"},{"floor":17,"key":"hubris:TenFootPole"},{"floor":17,"key":"hubris:SphereOfDissonance"},{"floor":17,"key":"CCEMRelics:Francisca"}],"event_choices":[{"damage_healed":0,"gold_gain":0,"player_choice":"Trade","damage_taken":0,"relics_obtained":["CultistMask"],"max_hp_gain":0,"max_hp_loss":0,"event_name":"FaceTrader","floor":3,"gold_loss":0}],"is_beta":false,"boss_relics":[{"not_picked":["Runic Dome","hubris:GrandSneckoEye","aspiration:RitualDagger"],"picked":"Calling Bell"}],"items_purged_floors":[],"is_endless":false,"potions_floor_spawned":[6,8,11,14,16,20],"killed_by":"Slavers","ascension_level":0}}