{"host":"ml2ro5l6hu6y0pll","time":1610919640,"event":{"mods":["AchievementEnabler","BaseMod","Colored Map","Colored Powertips","Custom Start","Googly Eyes","Minty Spire (QoL Compilation)","Quick Restart","Rare Cards Sparkle","Relic Stats","StSLib","everything is the same but u backflip on backflip"],"gold_per_floor":[113,125,139,159,234,262,294,6,6,17,43,43,69,104,104,177,177,188,199,209,221,236,261,291,325,375,405,165,190,190,219,219,294,294,304,304,304,321,321,355,355,389,389,423,453,483,508,541,541,541,541,541,541,384,417,417],"floor_reached":57,"language":"ENG","playtime":2328,"items_purged":["Doubt"],"score":4303,"play_id":"cc89da1d-d230-4d87-a352-9f3abff5a0d7","local_time":"20210117214040","daily_mods":["Purple Cards","Flight","Elite Swarm"],"is_ascension_mode":true,"campfire_choices":[{"data":"Scrawl","floor":12,"key":"SMITH"},{"data":"Vault","floor":15,"key":"SMITH"},{"data":"Omniscience","floor":32,"key":"SMITH"},{"data":"Barricade","floor":41,"key":"SMITH"},{"floor":49,"key":"RECALL"},{"data":"Limit Break","floor":53,"key":"SMITH"}],"circlet_count":0,"master_deck":["Shrug It Off+1","Shrug It Off+1","Shrug It Off+1","Pommel Strike+1","Twin Strike+1","Whirlwind+1","Power Through+1","Inflame+1","Limit Break+1","Spot Weakness+1","Wireheading","Consecrate","Vault+1","Omniscience+1","Scrawl+1","Barricade+1","Offering","Reaper+1","Offering+1","Omniscience+1","LessonLearned+1","Limit Break+1","SpiritShield+1","Entrench+1","Reaper+1","Limit Break+1"],"relics":["Burning Blood","Akabeko","Lizard Tail","Singing Bowl","Pear","Mummified Hand","Gambling Chip","Regal Pillow","Cursed Key","Mango","Gremlin Horn","Thread and Needle","Blood Vial","DollysMirror","HornCleat","Strawberry","Mark of Pain","StoneCalendar","Ice Cream","Pocketwatch","Vajra","Girya","Oddly Smooth Stone","Calipers","War Paint","Ornamental Fan"],"acts_visited":["Exordium","TheCity","TheBeyond","TheEnding"],"potions_floor_usage":[13,13,13,56,56],"damage_taken":[{"damage":0,"enemies":"2 Louse","floor":1,"turns":1},{"damage":0,"enemies":"Small Slimes","floor":2,"turns":2},{"damage":0,"enemies":"Cultist","floor":3,"turns":3},{"damage":3,"enemies":"Exordium Thugs","floor":4,"turns":5},{"damage":10,"enemies":"3 Sentries","floor":6,"turns":3},{"damage":9,"enemies":"Lagavulin","floor":7,"turns":4},{"damage":0,"enemies":"Blue Slaver","floor":10,"turns":2},{"damage":0,"enemies":"3 Sentries","floor":11,"turns":3},{"damage":0,"enemies":"Gremlin Nob","floor":13,"turns":3},{"damage":0,"enemies":"3 Sentries","floor":14,"turns":2},{"damage":9,"enemies":"The Guardian","floor":16,"turns":7},{"damage":0,"enemies":"2 Thieves","floor":18,"turns":1},{"damage":6,"enemies":"Spheric Guardian","floor":19,"turns":2},{"damage":6,"enemies":"Cultist and Chosen","floor":20,"turns":3},{"damage":6,"enemies":"Snake Plant","floor":21,"turns":3},{"damage":6,"enemies":"Sentry and Sphere","floor":22,"turns":1},{"damage":6,"enemies":"Slavers","floor":23,"turns":1},{"damage":6,"enemies":"Gremlin Leader","floor":24,"turns":3},{"damage":0,"enemies":"Slavers","floor":25,"turns":1},{"damage":12,"enemies":"Gremlin Leader","floor":27,"turns":3},{"damage":0,"enemies":"Slavers","floor":29,"turns":1},{"damage":12,"enemies":"Book of Stabbing","floor":31,"turns":2},{"damage":12,"enemies":"Collector","floor":33,"turns":4},{"damage":6,"enemies":"3 Darklings","floor":35,"turns":1},{"damage":8,"enemies":"Orb Walker","floor":38,"turns":3},{"damage":12,"enemies":"Giant Head","floor":40,"turns":4},{"damage":18,"enemies":"Nemesis","floor":42,"turns":4},{"damage":12,"enemies":"Reptomancer","floor":44,"turns":3},{"damage":12,"enemies":"Nemesis","floor":45,"turns":3},{"damage":12,"enemies":"Giant Head","floor":46,"turns":4},{"damage":12,"enemies":"Nemesis","floor":47,"turns":4},{"damage":12,"enemies":"Giant Head","floor":48,"turns":2},{"damage":40,"enemies":"Awakened One","floor":50,"turns":5},{"damage":32,"enemies":"Donu and Deca","floor":51,"turns":4},{"damage":12,"enemies":"Shield and Spear","floor":55,"turns":1},{"damage":30,"enemies":"The Heart","floor":56,"turns":8}],"seed_played":"-142412539513137418","potions_obtained":[{"floor":1,"key":"Ancient Potion"},{"floor":3,"key":"ElixirPotion"},{"floor":6,"key":"EntropicBrew"},{"floor":7,"key":"LiquidMemories"},{"floor":16,"key":"Dexterity Potion"},{"floor":18,"key":"Strength Potion"},{"floor":22,"key":"DuplicationPotion"}],"is_trial":true,"path_per_floor":["M","M","M","M","?","E","E","$","T","M","E","R","E","E","R","B",null,"M","M","M","M","M","E","E","E","T","E","$","E","$","E","R","B",null,"M","$","$","M","$","E","R","E","T","E","E","E","E","E","R","B","B",null,"R","$","E","B",null],"character_chosen":"IRONCLAD","items_purchased":["Singing Bowl","DollysMirror","War Paint"],"campfire_rested":0,"item_purchase_floors":[8,28,54],"current_hp_per_floor":[74,75,75,75,64,60,57,57,67,75,81,81,87,87,87,84,86,89,91,93,95,97,111,111,113,113,113,113,115,115,124,124,118,123,124,124,124,124,124,128,128,118,118,130,132,134,134,136,136,136,136,136,136,136,132,138],"gold":417,"neow_bonus":"","is_daily":false,"chose_seed":false,"campfire_upgraded":5,"win_rate":0.0,"timestamp":1610919640,"path_taken":["M","M","M","M","?","E","E","$","T","M","E","R","E","E","R","BOSS","M","M","M","M","M","E","E","E","T","E","$","E","$","E","R","BOSS","M","$","$","M","$","E","R","E","T","E","E","E","E","E","R","BOSS","BOSS","R","$","E","BOSS"],"items_purchased_type":["Relic","Relic","Relic"],"build_version":"2020-12-22","purchased_purges":1,"victory":true,"max_hp_per_floor":[75,75,75,75,75,75,75,75,85,87,87,87,87,87,87,87,87,89,91,93,95,97,111,111,113,113,113,113,115,115,124,124,124,124,124,124,124,126,126,128,128,130,130,130,132,134,134,136,136,136,136,136,136,136,138,138],"relic_stats":{"Regal Pillow":0,"Singing Bowl":32,"Gremlin Horn":[10,10],"counters":[36,106],"StoneCalendar":[0],"War Paint":["Entrench","Offering"],"Cursed Key":1,"Burning Blood":101,"Blood Vial":7,"Lizard Tail":0,"Mummified Hand":[114],"Ornamental Fan":[4],"Gambling Chip":[46],"obtain_stats":[{"Ice Cream":42,"Regal Pillow":14,"Calipers":48,"Singing Bowl":8,"Gremlin Horn":24,"Vajra":45,"Mango":23,"StoneCalendar":40,"Cursed Key":17,"Burning Blood":0,"Blood Vial":27,"Lizard Tail":7,"HornCleat":29,"Mummified Hand":11,"DollysMirror":28,"Gambling Chip":13,"Strawberry":31,"Girya":46,"Pear":9,"Oddly Smooth Stone":47,"Thread and Needle":25,"War Paint":54,"Akabeko":6,"Ornamental Fan":55,"Mark of Pain":34,"Pocketwatch":44},{"Ice Cream":27,"Regal Pillow":10,"Calipers":32,"Singing Bowl":6,"Gremlin Horn":18,"Vajra":29,"Mango":17,"StoneCalendar":26,"Cursed Key":11,"Burning Blood":0,"Blood Vial":20,"Lizard Tail":6,"HornCleat":21,"Mummified Hand":8,"DollysMirror":20,"Gambling Chip":9,"Strawberry":22,"Girya":30,"Pear":6,"Oddly Smooth Stone":31,"Thread and Needle":19,"War Paint":34,"Akabeko":5,"Ornamental Fan":35,"Mark of Pain":23,"Pocketwatch":28},{"Ice Cream":72,"Regal Pillow":28,"Calipers":88,"Singing Bowl":18,"Gremlin Horn":49,"Vajra":78,"Mango":46,"StoneCalendar":68,"Cursed Key":35,"Burning Blood":0,"Blood Vial":53,"Lizard Tail":18,"HornCleat":54,"Mummified Hand":23,"DollysMirror":53,"Gambling Chip":26,"Strawberry":56,"Girya":82,"Pear":18,"Oddly Smooth Stone":86,"Thread and Needle":50,"War Paint":97,"Akabeko":14,"Ornamental Fan":98,"Mark of Pain":60,"Pocketwatch":75}],"Pocketwatch":[15]},"card_choices":[{"not_picked":["Infernal Blade","Shrug It Off","ClearTheMind"],"picked":"SKIP","floor":1},{"not_picked":["Whirlwind","Flex"],"picked":"Wireheading","floor":2},{"not_picked":["Twin Strike","Wild Strike","Shrug It Off"],"picked":"SKIP","floor":3},{"not_picked":["Evaluate","Wild Strike"],"picked":"Consecrate","floor":4},{"not_picked":["Establishment","Scrawl"],"picked":"Vault","floor":6},{"not_picked":["Demon Form","Judgement"],"picked":"Omniscience","floor":7},{"not_picked":["EmptyFist","InnerPeace","Sever Soul"],"picked":"Singing Bowl","floor":10},{"not_picked":["Immolate","Devotion"],"picked":"Scrawl","floor":11},{"not_picked":["Blasphemy","Exhume"],"picked":"Barricade","floor":13},{"not_picked":["Bludgeon","Judgement"],"picked":"Offering","floor":14},{"not_picked":["Double Tap","SpiritShield"],"picked":"Reaper","floor":16},{"not_picked":["Anger","FollowUp","FlyingSleeves"],"picked":"Singing Bowl","floor":18},{"not_picked":["True Grit","Rampage","Anger+1"],"picked":"Singing Bowl","floor":19},{"not_picked":["Armaments","ClearTheMind","Anger"],"picked":"Singing Bowl","floor":20},{"not_picked":["Wild Strike","Shrug It Off","Evaluate"],"picked":"Singing Bowl","floor":21},{"not_picked":["Sever Soul","Crescendo","DeceiveReality"],"picked":"Singing Bowl","floor":22},{"not_picked":["DeusExMachina","SpiritShield"],"picked":"Offering","floor":23},{"not_picked":["Double Tap","Wish"],"picked":"Omniscience","floor":24},{"not_picked":["Ragnarok","Alpha","MasterReality"],"picked":"Singing Bowl","floor":25},{"not_picked":["Ragnarok","Double Tap"],"picked":"LessonLearned","floor":27},{"not_picked":["Double Tap","Brilliance","DeusExMachina"],"picked":"Singing Bowl","floor":29},{"not_picked":["Bludgeon","Corruption","Judgement"],"picked":"Singing Bowl","floor":31},{"not_picked":["Exhume","Establishment"],"picked":"SpiritShield","floor":33},{"not_picked":["Power Through+1","Shrug It Off+1"],"picked":"Entrench","floor":35},{"not_picked":["PathToVictory","Flame Barrier","EmptyFist"],"picked":"Singing Bowl","floor":38},{"not_picked":["Omniscience","Bludgeon","Blasphemy"],"picked":"Singing Bowl","floor":40},{"not_picked":["Judgement","Ragnarok","Scrawl"],"picked":"Singing Bowl","floor":42},{"not_picked":["Devotion","Corruption"],"picked":"Reaper","floor":44},{"not_picked":["Blasphemy","Wish","Offering"],"picked":"Singing Bowl","floor":45},{"not_picked":["Brilliance","Corruption","Double Tap"],"picked":"Singing Bowl","floor":46},{"not_picked":["Brilliance","Feed"],"picked":"Limit Break","floor":47},{"not_picked":["Barricade","Limit Break","Brutality"],"picked":"Singing Bowl","floor":48},{"not_picked":["Brutality","Reaper","LessonLearned"],"picked":"Singing Bowl","floor":55}],"player_experience":815685,"relics_obtained":[{"floor":6,"key":"Akabeko"},{"floor":7,"key":"Lizard Tail"},{"floor":9,"key":"Pear"},{"floor":11,"key":"Mummified Hand"},{"floor":13,"key":"Gambling Chip"},{"floor":14,"key":"Regal Pillow"},{"floor":23,"key":"Mango"},{"floor":24,"key":"Gremlin Horn"},{"floor":25,"key":"Thread and Needle"},{"floor":27,"key":"Blood Vial"},{"floor":29,"key":"HornCleat"},{"floor":31,"key":"Strawberry"},{"floor":40,"key":"StoneCalendar"},{"floor":42,"key":"Ice Cream"},{"floor":44,"key":"Pocketwatch"},{"floor":45,"key":"Vajra"},{"floor":46,"key":"Girya"},{"floor":47,"key":"Oddly Smooth Stone"},{"floor":48,"key":"Calipers"},{"floor":55,"key":"Ornamental Fan"}],"event_choices":[{"damage_healed":0,"gold_gain":75,"player_choice":"Gather Gold","damage_taken":11,"max_hp_gain":0,"max_hp_loss":0,"event_name":"World of Goop","floor":5,"gold_loss":0}],"is_beta":false,"boss_relics":[{"not_picked":["Runic Cube","Sozu"],"picked":"Cursed Key"},{"not_picked":["SacredBark","Empty Cage"],"picked":"Mark of Pain"}],"items_purged_floors":[28],"is_endless":false,"potions_floor_spawned":[1,3,6,7,16,18,20,22,23,25,31,33,40,46,47,48,55],"ascension_level":20}}