{"host":"ml2ro5l6hu6y0pll","time":1610911977,"event":{"mods":["AchievementEnabler","BaseMod","Colored Map","Colored Powertips","Custom Start","Googly Eyes","Minty Spire (QoL Compilation)","Quick Restart","Rare Cards Sparkle","Relic Stats","StSLib","everything is the same but u backflip on backflip"],"gold_per_floor":[111,111,111,123,0,0,35,35,35,53,79,92,120,132,132,206,206,221,201,217,26,26,26,41,59,59,86,97,97,125,144,144,223,223,237,254,254,99,99,99,125,25,94,113,16,16,16],"floor_reached":46,"language":"ENG","playtime":1529,"items_purged":["Strike_R","Strike_R"],"score":1020,"play_id":"91fa8294-dbaa-408f-b2f5-1c484b6817d7","local_time":"20210117193257","is_ascension_mode":true,"campfire_choices":[{"data":"Battle Trance","floor":6.0,"key":"SMITH"},{"data":"Fiend Fire","floor":8.0,"key":"SMITH"},{"data":"Immolate","floor":15.0,"key":"SMITH"},{"data":"Seeing Red","floor":23.0,"key":"SMITH"},{"floor":29.0,"key":"REST"},{"floor":32.0,"key":"REST"},{"floor":40.0,"key":"REST"}],"circlet_count":0,"master_deck":["AscendersBane","Defend_R","Defend_R","Defend_R","Defend_R","Bash","Thunderclap","Battle Trance+1","Feel No Pain","Sword Boomerang","Fiend Fire+1","Fire Breathing","Wild Strike","Feel No Pain","Immolate+1","Demon Form","Brutality+1","Rupture+1","Havoc+1","Flame Barrier","Seeing Red+1","J.A.X.","Anger","Shrug It Off","Barricade","Blood for Blood","Entrench","Second Wind","Entrench","Shrug It Off","Evolve"],"relics":["Burning Blood","NeowsBlessing","Regal Pillow","Pen Nib","Meat on the Bone","StoneCalendar","Letter Opener","Astrolabe","Bag of Preparation","Question Card","Omamori","Tiny Chest","Snecko Eye","Potion Belt","Pear"],"acts_visited":["Exordium","TheCity","TheBeyond"],"potions_floor_usage":[],"damage_taken":[{"damage":0.0,"enemies":"2 Louse","floor":1.0,"turns":1.0},{"damage":0.0,"enemies":"Small Slimes","floor":4.0,"turns":1.0},{"damage":0.0,"enemies":"Lagavulin","floor":7.0,"turns":2.0},{"damage":2.0,"enemies":"Jaw Worm","floor":10.0,"turns":2.0},{"damage":16.0,"enemies":"Gremlin Nob","floor":11.0,"turns":3.0},{"damage":21.0,"enemies":"Looter","floor":12.0,"turns":4.0},{"damage":25.0,"enemies":"Lagavulin","floor":13.0,"turns":7.0},{"damage":13.0,"enemies":"Red Slaver","floor":14.0,"turns":3.0},{"damage":0.0,"enemies":"Slime Boss","floor":16.0,"turns":2.0},{"damage":26.0,"enemies":"Shell Parasite","floor":18.0,"turns":4.0},{"damage":2.0,"enemies":"Spheric Guardian","floor":20.0,"turns":3.0},{"damage":26.0,"enemies":"Centurion and Healer","floor":24.0,"turns":5.0},{"damage":21.0,"enemies":"Snecko","floor":25.0,"turns":4.0},{"damage":48.0,"enemies":"Gremlin Leader","floor":27.0,"turns":6.0},{"damage":20.0,"enemies":"Snake Plant","floor":28.0,"turns":2.0},{"damage":57.0,"enemies":"Slavers","floor":30.0,"turns":4.0},{"damage":18.0,"enemies":"Cultist and Chosen","floor":31.0,"turns":6.0},{"damage":25.0,"enemies":"Champ","floor":33.0,"turns":5.0},{"damage":57.0,"enemies":"3 Darklings","floor":35.0,"turns":4.0},{"damage":0.0,"enemies":"Orb Walker","floor":36.0,"turns":1.0},{"damage":74,"enemies":"Reptomancer","floor":41,"turns":7},{"damage":26,"enemies":"3 Darklings","floor":44,"turns":5},{"damage":26,"enemies":"Nemesis","floor":46,"turns":1}],"seed_played":"5540820713142849997","potions_obtained":[{"floor":10.0,"key":"Fire Potion"},{"floor":13.0,"key":"ColorlessPotion"},{"floor":14.0,"key":"DistilledChaos"},{"floor":16.0,"key":"CultistPotion"},{"floor":19.0,"key":"SpeedPotion"},{"floor":20.0,"key":"Energy Potion"},{"floor":24.0,"key":"BloodPotion"},{"floor":27.0,"key":"LiquidBronze"},{"floor":30.0,"key":"HeartOfIron"},{"floor":33.0,"key":"Swift Potion"},{"floor":35.0,"key":"FearPotion"},{"floor":41,"key":"GamblersBrew"}],"is_trial":false,"path_per_floor":["M","?","?","M","$","R","E","R","T","M","E","M","E","M","R","B",null,"M","?","M","$","?","R","M","M","T","E","M","R","E","M","R","B",null,"M","M","?","$","?","R","E","$","T","M","$","E"],"character_chosen":"IRONCLAD","items_purchased":["Feel No Pain","Sword Boomerang","Bag of Preparation","Seeing Red","Entrench","Shrug It Off","Evolve"],"campfire_rested":3,"item_purchase_floors":[5,5,21,21,38,45,45],"current_hp_per_floor":[74,79,53,59,59,59,65,65,65,69,59,56,49,54,54,60,75,55,55,59,59,59,59,51,48,48,34,32,71,32,32,71,52,73,34,52,52,52,52,80,24,24,34,26,26,0,0],"gold":16,"neow_bonus":"THREE_ENEMY_KILL","is_daily":false,"chose_seed":false,"campfire_upgraded":4,"win_rate":0.0,"timestamp":1610911977,"path_taken":["M","?","?","M","?","R","E","R","T","M","E","M","E","M","R","BOSS","M","?","?","$","?","R","M","M","T","E","M","R","E","M","R","BOSS","M","M","?","$","?","R","E","$","T","M","$","E"],"items_purchased_type":["Card","Card","Relic","Card","Card","Card","Card"],"build_version":"2020-12-22","purchased_purges":2,"victory":false,"max_hp_per_floor":[75,80,80,80,80,80,80,80,80,80,80,80,80,80,80,80,80,80,80,80,80,80,80,80,80,80,80,80,80,80,80,80,80,80,80,80,80,80,80,80,80,80,90,90,90,90,90],"relic_stats":{"Regal Pillow":34,"counters":[23,82],"Astrolabe":["Brutality","Rupture","Havoc"],"StoneCalendar":[0],"Pen Nib":[10],"Bag of Preparation":[24],"Letter Opener":[81],"Question Card":9,"Burning Blood":132,"Snecko Eye":[33,32,28,54],"Tiny Chest":0,"obtain_stats":[{"Potion Belt":41,"Regal Pillow":3,"Pear":43,"NeowsBlessing":0,"Astrolabe":17,"StoneCalendar":11,"Pen Nib":7,"Bag of Preparation":21,"Omamori":27,"Letter Opener":13,"Question Card":26,"Burning Blood":0,"Snecko Eye":34,"Tiny Chest":30,"Meat on the Bone":9},{"Potion Belt":21,"Regal Pillow":1,"Pear":21,"NeowsBlessing":0,"Astrolabe":9,"StoneCalendar":5,"Pen Nib":3,"Bag of Preparation":11,"Omamori":14,"Letter Opener":7,"Question Card":13,"Burning Blood":0,"Snecko Eye":18,"Tiny Chest":16,"Meat on the Bone":3},{"Potion Belt":76,"Regal Pillow":1,"Pear":76,"NeowsBlessing":0,"Astrolabe":25,"StoneCalendar":9,"Pen Nib":4,"Bag of Preparation":32,"Omamori":47,"Letter Opener":20,"Question Card":41,"Burning Blood":0,"Snecko Eye":64,"Tiny Chest":53,"Meat on the Bone":4}],"Meat on the Bone":156},"card_choices":[{"not_picked":["Warcry","Headbutt"],"picked":"Thunderclap","floor":1.0},{"not_picked":["Disarm","Iron Wave"],"picked":"Battle Trance","floor":4.0},{"not_picked":["Spot Weakness","Rage"],"picked":"Fiend Fire","floor":7.0},{"not_picked":["Heavy Blade","Sword Boomerang","Entrench"],"picked":"SKIP","floor":10.0},{"not_picked":["Body Slam","Sentinel"],"picked":"Fire Breathing","floor":11.0},{"not_picked":["Rampage","Power Through"],"picked":"Wild Strike","floor":12.0},{"not_picked":["Havoc","Carnage"],"picked":"Feel No Pain","floor":13.0},{"not_picked":["Dropkick","Inflame"],"picked":"Immolate","floor":14.0},{"not_picked":["Brutality","Immolate"],"picked":"Demon Form","floor":16.0},{"not_picked":["Clothesline","Searing Blow","Burning Pact"],"picked":"SKIP","floor":18.0},{"not_picked":["Feel No Pain","Pommel Strike"],"picked":"Flame Barrier","floor":20.0},{"not_picked":["Wild Strike","Searing Blow"],"picked":"Anger","floor":24.0},{"not_picked":["Sever Soul","Warcry","Anger"],"picked":"SKIP","floor":25.0},{"not_picked":["Inflame","Uppercut","Whirlwind","Seeing Red"],"picked":"SKIP","floor":27.0},{"not_picked":["Clash","Headbutt","Wild Strike","Perfected Strike"],"picked":"SKIP","floor":28.0},{"not_picked":["Inflame","Sever Soul","Dropkick","Bloodletting"],"picked":"SKIP","floor":30.0},{"not_picked":["Exhume","Clothesline","Iron Wave+1"],"picked":"Shrug It Off","floor":31.0},{"not_picked":["Fiend Fire","Bludgeon","Exhume"],"picked":"Barricade","floor":33.0},{"not_picked":["Thunderclap+1","Dark Embrace","Infernal Blade"],"picked":"Blood for Blood","floor":35.0},{"not_picked":["Seeing Red","Searing Blow","Dropkick","Warcry"],"picked":"SKIP","floor":36.0},{"not_picked":["Flex+1","Clothesline","Body Slam+1"],"picked":"Second Wind","floor":41},{"not_picked":["Dropkick+1","Sever Soul","Clash"],"picked":"Entrench","floor":44}],"player_experience":806768,"relics_obtained":[{"floor":7.0,"key":"Pen Nib"},{"floor":9.0,"key":"Meat on the Bone"},{"floor":11.0,"key":"StoneCalendar"},{"floor":13.0,"key":"Letter Opener"},{"floor":26.0,"key":"Question Card"},{"floor":27.0,"key":"Omamori"},{"floor":30.0,"key":"Tiny Chest"},{"floor":41,"key":"Potion Belt"},{"floor":43,"key":"Pear"}],"event_choices":[{"damage_healed":0.0,"max_hp_gain":5.0,"max_hp_loss":0.0,"gold_gain":0.0,"event_name":"Big Fish","player_choice":"Donut","floor":2.0,"gold_loss":0.0,"damage_taken":0.0},{"damage_healed":0.0,"max_hp_gain":0.0,"max_hp_loss":0.0,"gold_gain":0.0,"event_name":"Scrap Ooze","player_choice":"Success","floor":3.0,"gold_loss":0.0,"damage_taken":26.0,"relics_obtained":["Regal Pillow"]},{"damage_healed":0.0,"max_hp_gain":0.0,"max_hp_loss":0.0,"gold_gain":0.0,"event_name":"The Woman in Blue","player_choice":"Bought 1 Potion","floor":19.0,"gold_loss":0.0,"damage_taken":0.0},{"damage_healed":0.0,"max_hp_gain":0.0,"max_hp_loss":0.0,"gold_gain":0.0,"event_name":"Drug Dealer","player_choice":"Obtain J.A.X.","floor":22.0,"gold_loss":0.0,"damage_taken":0.0,"cards_obtained":["J.A.X."]},{"damage_healed":0.0,"max_hp_gain":0.0,"max_hp_loss":0.0,"gold_gain":0.0,"event_name":"Tomb of Lord Red Mask","player_choice":"Ignored","floor":37.0,"gold_loss":0.0,"damage_taken":0.0},{"damage_healed":0.0,"max_hp_gain":0.0,"max_hp_loss":0.0,"gold_gain":0.0,"event_name":"Mysterious Sphere","player_choice":"Ignored","floor":39.0,"gold_loss":0.0,"damage_taken":0.0}],"is_beta":false,"boss_relics":[{"not_picked":["Busted Crown","Tiny House"],"picked":"Astrolabe"},{"not_picked":["Calling Bell","Runic Cube"],"picked":"Snecko Eye"}],"items_purged_floors":[38,42],"is_endless":false,"potions_floor_spawned":[10,13,14,16,20,24,27,30,31,33,35,41],"killed_by":"Nemesis","ascension_level":15}}