{"host":"e5u7qs1emxzejr12","time":1610883984,"event":{"mods":["2.2 Compatiblity","Act Like it!","Arknights The Spire","BaseMod","CapriCore","Card Forge","Colored Powertips","Custom Start","Duelist Mod","GifTheSpireLib","Highlight Path","Luminous","Marisa£¨ìFÓê¡¡Ä§ÀíÉ³£©","Minty Spire (QoL Compilation)","Quick Restart","Replay The Spire","StSLib","SuperFastMode","Td1madao Mod","The Alterego","The Immortal","The Servant 0.9.4","UnlockEverythingMod","óô»ðÖ¸ÄÏ"],"gold_per_floor":[145,161,336,351,364,399,399,431,431,431,149,249,266,77,77,174,174,192,263,263,279,291,196,224,239,266,195,209,57,57,8,8,106,106,125,170,18,31,0,20,20,34,34,34,34,34,52,87,87,87,87,87,34,66,66],"floor_reached":56,"language":"ZHS","playtime":3643,"items_purged":[],"score":1355,"play_id":"92d02c3c-0171-4a7f-84a7-ab9452f1dc39","local_time":"20210117194624","is_ascension_mode":false,"campfire_choices":[{"floor":7.0,"key":"RECALL"},{"floor":15.0,"key":"REST"},{"floor":30.0,"key":"REST"},{"floor":32.0,"key":"REST"},{"floor":46,"key":"REST"},{"data":"theDuelist:SpacetimeTranscendence+1","floor":49,"key":"PURGE"}],"circlet_count":0,"master_deck":["theDuelist:NaturiaSacredTree+1","theDuelist:NaturiaRock+1","Deep Breath+1","theDuelist:NaturiaRosewhip+1","theDuelist:LeodrakeMane+1","theDuelist:LonefireBlossom+1","theDuelist:NaturiaPineapple+1","theDuelist:NaturiaCliff+1","theDuelist:Canyon+1","theDuelist:BlockGolem+1","theDuelist:ConvulsionNature+1","theDuelist:SliferSky+1","theDuelist:Sangan+1","theDuelist:BrainCrusher+1","theDuelist:NaturiaHorneedle+1","theDuelist:SliferSky+1","theDuelist:LonefireBlossom+1"],"relics":["theDuelist:MillenniumPuzzle","theDuelist:CardPoolRelic","theDuelist:CardPoolBasicRelic","theDuelist:BoosterPackPoolRelic","theDuelist:CardPoolAddRelic","theDuelist:CardPoolMinusRelic","theDuelist:CardPoolSaveRelic","theDuelist:CardPoolOptionsRelic","Hammer of Thor","Seething Fire","Anvil of the Gods","NeowsBlessing","Ancient Tea Set","Smiling Mask","HornCleat","theDuelist:NaturiaRelic","theDuelist:MillenniumCoin","Ooze Armor","theDuelist:TributeEggRelic","Dead Branch","Replay:Baseball","Runic Cube","CatCart","Bag of Preparation","Quantum Egg","BranchBurnRelic","TungstenRod","Ginger"],"acts_visited":["Exordium","TheCity","TheBeyond","TheEnding"],"potions_floor_usage":[55,55,55],"damage_taken":[{"damage":0.0,"enemies":"2 Louse","floor":1.0,"turns":2.0},{"damage":0.0,"enemies":"Jaw Worm","floor":2.0,"turns":1.0},{"damage":0.0,"enemies":"Small Slimes","floor":4.0,"turns":1.0},{"damage":0.0,"enemies":"Red Slaver","floor":5.0,"turns":4.0},{"damage":0.0,"enemies":"Lagavulin","floor":6.0,"turns":6.0},{"damage":0.0,"enemies":"Gremlin Nob","floor":8.0,"turns":3.0},{"damage":0.0,"enemies":"Blue Slaver","floor":13.0,"turns":3.0},{"damage":0.0,"enemies":"Slime Boss","floor":16.0,"turns":5.0},{"damage":0.0,"enemies":"Shell Parasite","floor":18.0,"turns":3.0},{"damage":9.0,"enemies":"3 Byrds","floor":21.0,"turns":4.0},{"damage":13.0,"enemies":"Snake Plant","floor":22.0,"turns":3.0},{"damage":18.0,"enemies":"Slavers","floor":24.0,"turns":3.0},{"damage":0.0,"enemies":"Sentry and Sphere","floor":25.0,"turns":3.0},{"damage":18.0,"enemies":"Centurion and Healer","floor":28.0,"turns":3.0},{"damage":23.0,"enemies":"Champ","floor":33.0,"turns":4.0},{"damage":16.0,"enemies":"3 Shapes","floor":35.0,"turns":3.0},{"damage":0.0,"enemies":"Orin","floor":36.0,"turns":6.0},{"damage":15.0,"enemies":"3 Darklings","floor":38.0,"turns":3.0},{"damage":0.0,"enemies":"4 Shapes","floor":40.0,"turns":3.0},{"damage":0.0,"enemies":"Writhing Mass","floor":42.0,"turns":3.0},{"damage":0,"enemies":"Maw","floor":47,"turns":4},{"damage":0,"enemies":"Nemesis","floor":48,"turns":3},{"damage":24,"enemies":"Time Eater","floor":50,"turns":5},{"damage":7,"enemies":"Shield and Spear","floor":54,"turns":4},{"damage":63,"enemies":"The Heart","floor":55,"turns":7}],"seed_played":"4800760143845113910","potions_obtained":[{"floor":1.0,"key":"theDuelist:SealedPack"},{"floor":2.0,"key":"Reflective Coating"},{"floor":6.0,"key":"Fire Potion"},{"floor":16.0,"key":"theDuelist:OrbBottle"}],"is_trial":false,"path_per_floor":["M","M","?","M","M","E","R","E","T","?","$","?","M","$","R","B",null,"M","T","?","M","M","R","E","M","T","R","M","$","R","$","R","B",null,"M","?","$","M","?","M","$","M","T","$","?","R","M","E","R","B",null,"R","$","E","B",null],"character_chosen":"THE_DUELIST","items_purchased":["theDuelist:LonefireBlossom","theDuelist:BlockGolem","theDuelist:NaturiaRelic","theDuelist:SliferSky","Deep Breath","theDuelist:SpacetimeTranscendence","Replay:Baseball","theDuelist:ConvulsionNature+1","Bag of Preparation","theDuelist:NaturiaRosewhip"],"campfire_rested":4,"item_purchase_floors":[11,11,11,14,23,27,29,31,37,53],"current_hp_per_floor":[80,80,80,80,80,80,80,80,80,80,80,80,80,80,80,80,80,80,80,80,71,58,58,40,40,40,40,22,22,46,46,70,47,80,64,64,64,62,62,62,62,62,62,62,66,84,84,84,84,60,84,84,84,79,16],"gold":66,"neow_bonus":"THREE_ENEMY_KILL","is_daily":false,"chose_seed":false,"campfire_upgraded":0,"win_rate":0.0,"timestamp":1610883984,"path_taken":["M","M","?","M","M","E","R","E","T","?","?","?","M","$","R","BOSS","M","?","?","M","?","R","E","M","T","R","M","$","R","$","R","BOSS","M","?","$","M","?","M","?","?","T","$","?","R","M","E","R","BOSS","R","$","E","BOSS"],"items_purchased_type":["Card","Card","Relic","Card","Card","Card","Relic","Card","Relic","Card"],"build_version":"2020-12-22","purchased_purges":0,"victory":true,"max_hp_per_floor":[80,80,80,80,80,80,80,80,80,80,80,80,80,80,80,80,80,80,80,80,80,80,80,80,80,80,80,80,80,80,80,80,80,80,80,80,80,80,80,80,80,80,80,80,84,84,84,84,84,84,84,84,84,84,84],"card_choices":[{"not_picked":["theDuelist:ClosedForest","theDuelist:HeartUnderdog"],"picked":"theDuelist:Canyon","floor":1.0},{"not_picked":["theDuelist:Pollinosis","theDuelist:NatureReflection","theDuelist:NaturalDisaster","theDuelist:AcidTrapHole"],"picked":"theDuelist:SurvivalInstinct","floor":2.0},{"not_picked":["theDuelist:NaturiaDragonfly","theDuelist:NaturiaStinkbug","theDuelist:NaturiaTulip","theDuelist:Spore"],"picked":"theDuelist:FossilDig","floor":4.0},{"not_picked":["theDuelist:NaturiaEggplant","theDuelist:NaturiaAntjaw","theDuelist:NaturiaRagweed","theDuelist:NatureReflection"],"picked":"theDuelist:LonefireBlossom","floor":5.0},{"not_picked":["theDuelist:Fissure","theDuelist:MagicHoleGolem","theDuelist:ReleaseFromStone","theDuelist:Cloning"],"picked":"theDuelist:BlockGolem","floor":6.0},{"not_picked":["theDuelist:NaturiaDragonfly","theDuelist:NaturiaRosewhip","theDuelist:NaturiaRock","theDuelist:SummoningSwarm"],"picked":"theDuelist:Spore","floor":8.0},{"not_picked":["theDuelist:ConvulsionNature","theDuelist:NatureReflection","theDuelist:NaturalDisaster","theDuelist:LairWire"],"picked":"theDuelist:NaturiaSacredTree","floor":13.0},{"not_picked":["theDuelist:SeismicShockwave","theDuelist:NaturiaVein","theDuelist:Wildfire","theDuelist:HeartUnderdog"],"picked":"theDuelist:NaturiaBarkion","floor":16.0},{"not_picked":["theDuelist:WildNatureRelease+1","theDuelist:SpacetimeTranscendence","theDuelist:NaturiaBrambi","theDuelist:BrainCrusher","theDuelist:CopyPlant"],"picked":"SKIP","floor":18.0},{"not_picked":["theDuelist:NaturiaDragonfly","theDuelist:NaturiaCliff","theDuelist:NaturiaTulip","theDuelist:NaturiaSunflower","theDuelist:NaturiaBeetle"],"picked":"SKIP","floor":21.0},{"not_picked":["theDuelist:PowerWall+1","theDuelist:Mudora","theDuelist:HammerShot","theDuelist:GoldenApples"],"picked":"theDuelist:Sangan","floor":22.0},{"not_picked":["theDuelist:NaturiaMantis+1","theDuelist:NaturiaRosewhip","theDuelist:NaturiaEggplant","theDuelist:NaturiaParadizo+1"],"picked":"theDuelist:NaturiaHydrangea","floor":24.0},{"not_picked":["theDuelist:BigFire","theDuelist:Sangan","theDuelist:MudGolem","theDuelist:WingedKuriboh","theDuelist:Fissure"],"picked":"SKIP","floor":25.0},{"not_picked":["theDuelist:NaturiaEggplant","theDuelist:NaturiaDragonfly","theDuelist:NaturiaRock","theDuelist:NaturiaMantis","theDuelist:FuryFire+1"],"picked":"SKIP","floor":28.0},{"not_picked":["theDuelist:NaturiaSpiderfang","theDuelist:PotDuality","theDuelist:NaturiaAntjaw","theDuelist:BarkionBark"],"picked":"theDuelist:NaturiaPineapple","floor":35.0},{"not_picked":["theDuelist:FuryFire+2","theDuelist:VenomShot+1","theDuelist:SphereKuriboh","theDuelist:Wiretap"],"picked":"theDuelist:DianKeto+1","floor":36.0},{"not_picked":["theDuelist:NaturiaBeetle+1","theDuelist:SangaEarth","theDuelist:NaturiaBeans","theDuelist:NaturiaBarkion"],"picked":"theDuelist:NaturiaHorneedle","floor":38.0},{"not_picked":["theDuelist:NaturiaEggplant","theDuelist:NaturiaRock+1","theDuelist:LonefireBlossom","theDuelist:NaturiaDragonfly","theDuelist:NaturiaGuardian"],"picked":"SKIP","floor":40.0},{"not_picked":["theDuelist:NaturiaExterio","theDuelist:LonefireBlossom","theDuelist:ExterioFang","theDuelist:AfterGenocide"],"picked":"theDuelist:BrainCrusher","floor":42.0},{"not_picked":["theDuelist:NaturiaGaiastrio","theDuelist:CrystalRose","theDuelist:NaturiaLandoise","theDuelist:NaturiaCliff+1"],"picked":"theDuelist:NaturiaRock","floor":47},{"not_picked":["theDuelist:DemiseLand","theDuelist:NaturiaVein"],"picked":"theDuelist:Canyon+1","floor":48},{"not_picked":["theDuelist:NaturiaBeetle+1","theDuelist:DigitalBug+1","theDuelist:NaturiaCliff+1","theDuelist:LairWire+1"],"picked":"theDuelist:LeodrakeMane+1","floor":54}],"player_experience":74183,"relics_obtained":[{"floor":6.0,"key":"Ancient Tea Set"},{"floor":8.0,"key":"Smiling Mask"},{"floor":9.0,"key":"HornCleat"},{"floor":19.0,"key":"theDuelist:TributeEggRelic"},{"floor":24.0,"key":"Dead Branch"},{"floor":36.0,"key":"CatCart"},{"floor":43.0,"key":"Quantum Egg"},{"floor":48,"key":"TungstenRod"},{"floor":54,"key":"Ginger"}],"event_choices":[{"damage_healed":0.0,"max_hp_gain":0.0,"max_hp_loss":0.0,"gold_gain":175.0,"event_name":"Liars Game","player_choice":"AGREE","floor":3.0,"gold_loss":0.0,"damage_taken":0.0,"cards_obtained":["Doubt"]},{"damage_healed":0.0,"max_hp_gain":0.0,"max_hp_loss":0.0,"gold_gain":0.0,"event_name":"The Cleric","player_choice":"Leave","floor":10.0,"gold_loss":0.0,"damage_taken":0.0},{"damage_healed":0.0,"max_hp_gain":0.0,"max_hp_loss":0.0,"gold_gain":0.0,"event_name":"Millennium Items","player_choice":"Took item - Received: Millennium Coin","duelist":true,"floor":12.0,"gold_loss":0.0,"damage_taken":0.0},{"damage_healed":0.0,"max_hp_gain":0.0,"max_hp_loss":0.0,"gold_gain":0.0,"event_name":"Duplicator","player_choice":"Copied","floor":20.0,"gold_loss":0.0,"damage_taken":0.0,"cards_obtained":["theDuelist:SliferSky"]},{"damage_healed":0.0,"max_hp_gain":0.0,"max_hp_loss":0.0,"gold_gain":0.0,"event_name":"OrinTheCat","player_choice":"Fight","floor":36.0,"gold_loss":0.0,"damage_taken":0.0},{"damage_healed":0.0,"max_hp_gain":0.0,"max_hp_loss":0.0,"gold_gain":0.0,"event_name":"Relic Duplicator","player_choice":"Duplicated Relic - ¿ÝÄ¾Ê÷Ö¦","duelist":true,"floor":39.0,"gold_loss":0.0,"damage_taken":0.0},{"total_magic_score":53,"gold_gain":0,"duelist":true,"damage_taken":0,"relics_obtained":[],"points":2,"max_hp_gain":4,"max_hp_loss":0,"spent_points":{"magic":0,"greed":0,"war":0,"power":1,"hunger":1},"event_name":"Nameless Tomb","hunger_reward":1,"floor":45,"gold_loss":0,"cards_obtained":["Sickly"]},{"total_magic_score":53,"gold_gain":0,"duelist":true,"damage_taken":0,"relics_obtained":[],"points":2,"max_hp_gain":4,"max_hp_loss":0,"spent_points":{"magic":0,"greed":0,"war":0,"power":1,"hunger":1},"event_name":"Nameless Tomb","hunger_reward":1,"floor":45,"gold_loss":0,"cards_obtained":["Sickly"]}],"is_beta":false,"boss_relics":[{"not_picked":["theDuelist:ElectricKey","Painkiller Herb"],"picked":"Ooze Armor"},{"not_picked":["Empty Cage","Replay:Drink Me"],"picked":"Runic Cube"}],"items_purged_floors":[],"is_endless":false,"potions_floor_spawned":[1,2,6,16,25,28,33,35,40,48],"ascension_level":0}}