{"host":"oc9z8cublggqyfxu","time":1610877315,"event":{"mods":["AchievementEnabler","Act Like it!","Aspiration","BaseMod","Colored Map","Colored Powertips","Dota2Spire","Friendly Minions","Gensokyo","GifTheSpireLib","Hallownest","Hermit","Highlight Path","KinomotoSakuraMod(木之本樱)","Koishi","Lobotomy","LobotomyExtend","Marisa（F雨　魔理沙）","Minty Spire (QoL Compilation)","Quick Restart","Rare Cards Sparkle","Reimu（博丽灵梦）","Relic Stats","Remilia（蕾米莉亚）","Replay The Spire","RumiaBox-露米娅的神秘盒子","Spicy Shops","StSLib","The Administrix","The Animator","The Blackbeard","The Bug Knight","The Cursed","The Hierophant","The Mystic","The Runesmith","The Servant 0.9.4","Yakumo Yukari mod","Youmu（魂魄妖梦）","Yuyuko","vexMod","【功能Mod】混沌之环修复补丁","【功能Mod】聪明的最终Boss"],"gold_per_floor":[115,126,3,3,3,3,21,21,72,11,11,11,40,40,40,140,140,151,51,64,113,113,113],"floor_reached":22,"language":"ZHS","playtime":1173,"items_purged":["Strike_P","Parasite"],"score":205,"play_id":"1a3ccab0-94a2-4f68-bbf6-f490bd3163ec","local_time":"20210117175515","is_ascension_mode":false,"campfire_choices":[{"data":"Eruption","floor":6,"key":"SMITH"},{"data":"FlurryOfBlows","floor":12,"key":"SMITH"},{"data":"Prostrate","floor":15,"key":"SMITH"}],"circlet_count":0,"master_deck":["Strike_P","Strike_P","Strike_P","Defend_P+1","Defend_P","Defend_P","Defend_P","Eruption+1","Vigilance","Rudolta","Prostrate+1","FairyFestival","FlurryOfBlows+1","Alriune","CutThroughFate","Replay:BasicMightCard","FlyingSleeves","CrumblingArmor","CherryBlossoms","Devotion","Murderer","CENSORED","LessonLearned","Evaluate"],"relics":["PureWater","CogitoBucket","LetterFromLob","AddBug","SecretRecord","SecretRecord","SecretRecord"],"acts_visited":["Hallownest:Greenpath","Hallownest:CityofTears"],"potions_floor_usage":[2,16],"damage_taken":[{"damage":6,"enemies":"Hallownest:2_Tiktiks_and_1_Crawlid","floor":1,"turns":3},{"damage":11,"enemies":"2_ Uuma","floor":2,"turns":8},{"damage":5,"enemies":"Hallownest:2_MossCreeps","floor":7,"turns":8},{"damage":1,"enemies":"Hallownest:eliteVengeflyKing","floor":13,"turns":3},{"damage":56,"enemies":"Hallownest:BossHornet","floor":16,"turns":5},{"damage":12,"enemies":"Hallownest:Guard_and_Sentry","floor":18,"turns":3},{"damage":31,"enemies":"Hallownest:2_Mistakes","floor":20,"turns":3},{"damage":20,"enemies":"Hallownest:monsterShrumalOgre","floor":22,"turns":3}],"seed_played":"8617457604450129439","potions_obtained":[{"floor":1,"key":"LiquidMemories"},{"floor":2,"key":"BottledMiracle"},{"floor":18,"key":"SpeedPotion"},{"floor":20,"key":"Swift Potion"}],"is_trial":false,"path_per_floor":["M","M","$","?","?","R","M","?","T","$","$","R","E","M","R","B",null,"M","$","M","?","M"],"character_chosen":"WATCHER","items_purchased":["ReplayTheSpireMod:CursedCoin","FlurryOfBlows","ZombieArmy"],"campfire_rested":0,"item_purchase_floors":[3,3,10],"current_hp_per_floor":[66,55,55,55,55,55,56,56,56,56,56,56,56,56,56,3,72,60,60,31,14,0,0],"gold":113,"neow_bonus":"","is_daily":false,"chose_seed":false,"campfire_upgraded":3,"win_rate":0.0,"timestamp":1610877315,"path_taken":["M","M","$","?","?","R","M","?","T","?","$","R","E","M","R","BOSS","M","$","M","?","M"],"items_purchased_type":["Relic","Card","Relic"],"build_version":"2020-12-22","purchased_purges":2,"victory":false,"max_hp_per_floor":[72,72,72,72,72,72,72,72,72,72,72,72,72,72,72,72,72,72,69,69,69,69,69],"relic_stats":{"counters":[9,37],"obtain_stats":[{"CogitoBucket":0,"AddBug":1,"SecretRecord":1,"LetterFromLob":1,"PureWater":0},{"CogitoBucket":0,"AddBug":1,"SecretRecord":1,"LetterFromLob":1,"PureWater":0},{"CogitoBucket":0,"AddBug":3,"SecretRecord":3,"LetterFromLob":3,"PureWater":0}]},"card_choices":[{"not_picked":["MeatLantern","MHz"],"picked":"Rudolta","floor":1},{"not_picked":["EmptyMind","Replay:AtTheReady"],"picked":"Prostrate","floor":1},{"not_picked":["MeatLantern","VoidDream"],"picked":"FairyFestival","floor":2},{"not_picked":["EmptyFist","JustLucky","Replay:AtTheReady"],"picked":"SKIP","floor":2},{"not_picked":["EmptyFist","JustLucky","Replay:AtTheReady"],"picked":"SKIP","floor":2},{"not_picked":["OldLady","BodiesMountain"],"picked":"Alriune","floor":7},{"not_picked":["WindmillStrike","Meditate"],"picked":"CutThroughFate","floor":7},{"not_picked":["Bandage Up","Mayhem"],"picked":"Replay:BasicMightCard","floor":8},{"not_picked":["Conclude","Replay:ManipulateFuture"],"picked":"FlyingSleeves","floor":8},{"not_picked":["QueenOfHatred","LongBird"],"picked":"CrumblingArmor","floor":13},{"not_picked":["Worship","Sanctity","FlyingSleeves"],"picked":"SKIP","floor":13},{"not_picked":["WallGazer","UniverseFragment"],"picked":"CherryBlossoms","floor":16},{"not_picked":["Omniscience","DeusExMachina"],"picked":"Devotion","floor":16},{"not_picked":["ShyLook","WallGazer"],"picked":"Murderer","floor":18},{"not_picked":["ReachHeaven+1","Replay:AtTheReady","FollowUp"],"picked":"SKIP","floor":18},{"not_picked":["FieryBird","WhiteNight"],"picked":"CENSORED","floor":20},{"not_picked":["JustLucky","Protect","ThirdEye"],"picked":"SKIP","floor":20},{"not_picked":["ClearTheMind","Replay:AtTheReady+1"],"picked":"LessonLearned","floor":21},{"not_picked":["Replay:Anticipation","PathToVictory+1"],"picked":"Evaluate","floor":21}],"player_experience":285467,"relics_obtained":[{"floor":1,"key":"LetterFromLob"},{"floor":1,"key":"AddBug"},{"floor":2,"key":"SecretRecord"},{"floor":9,"key":"Dota2Spire:EchoSabre"},{"floor":13,"key":"HollowMod:LifeEnderRelic"},{"floor":20,"key":"SecretRecord"},{"floor":21,"key":"Dota2Spire:MonkeyKingBar"}],"event_choices":[],"is_beta":false,"boss_relics":[{"not_picked":["Runic Pyramid","Cursed Key"],"picked":"Snecko Eye"}],"items_purged_floors":[3,19],"is_endless":false,"potions_floor_spawned":[1,2,18,20],"killed_by":"Hallownest:monsterShrumalOgre","ascension_level":0}}