{"host":"qj49eghpaxba70kv","time":1610903730,"event":{"mods":["ATMod(阿瑾Mod)","Act Like it!","Arknights The Spire","Aspiration","BaseMod","Dota2Spire","Energized Spire","Gensokyo","GungeonMod","Hermit","Hunter 猎人","KinomotoSakuraMod(木之本樱)","Koishi","Lobotomy","LobotomyExtend","Luminous","Minty Spire (QoL Compilation)","Pale of the Ancients","Permanent Neow","Prisma Mod","Quick Restart","Replay The Spire","Robot Space Explorer","StSLib","The Administrix","The Alterego","The Dragon Tamer","UnlockEverythingMod","[GremlinLeader]The Maniac","vexMod","【功能Mod】混沌之环修复补丁","【遗物卡牌】REMEMod","篝火指南"],"gold_per_floor":[117,6,23,23,23,23,33,33,33],"floor_reached":8,"language":"ZHS","playtime":468,"items_purged":[],"score":46,"play_id":"8d1fde43-399f-46bc-b517-ddff0960f146","local_time":"20210117111530","is_ascension_mode":false,"campfire_choices":[{"data":"alterego_mod:BrynhildrRomantia","floor":6,"key":"SMITH"}],"circlet_count":0,"master_deck":["alterego_mod:Strike","alterego_mod:Strike","alterego_mod:Defend","alterego_mod:Defend","alterego_mod:Defend","alterego_mod:Defend","alterego_mod:Impale","alterego_mod:BigMeatyClaws","alterego_mod:BrynhildrsRune","alterego_mod:BrynhildrRomantia+1","AT_Dispersion","AdministrixMod:Katabasis","Gensokyo:BlemishedSteel","alterego_mod:SakuraLabyrinth+1","alterego_mod:BusterCard","alterego_mod:Birthday"],"relics":["alterego_mod:MasochisticConstitution","AT_ATBox","REME_ComplimentaryCards","DemoMod:GlassGuonStoneRelic"],"acts_visited":["Exordium"],"potions_floor_usage":[8],"damage_taken":[{"damage":13,"enemies":"Gensokyo:2_Kodama","floor":1,"turns":5},{"damage":39,"enemies":"Gensokyo:Python","floor":3,"turns":7},{"damage":14,"enemies":"Gensokyo:3_Fairies","floor":7,"turns":9},{"damage":0,"enemies":"Gensokyo:Aya","floor":8,"turns":2}],"seed_played":"-7049314101644832991","potions_obtained":[{"floor":3,"key":"BlessingOfTheForge"}],"is_trial":false,"path_per_floor":["M","COS","M","?","$","R","M","E"],"character_chosen":"The_Alterego","items_purchased":[],"campfire_rested":0,"item_purchase_floors":[],"current_hp_per_floor":[77,77,49,17,17,17,4,4,4],"gold":33,"neow_bonus":"ONE_RANDOM_RARE_CARD","is_daily":false,"chose_seed":false,"campfire_upgraded":1,"win_rate":0.0,"timestamp":1610903730,"path_taken":["M","COS","M","?","$","R","M","E"],"items_purchased_type":[],"build_version":"2020-12-22","purchased_purges":0,"victory":false,"max_hp_per_floor":[77,77,81,81,81,81,82,82,82],"card_choices":[{"not_picked":["alterego_mod:Pet","alterego_mod:TrashNCrash"],"picked":"alterego_mod:HighServant","floor":1},{"not_picked":["alterego_mod:GoddessCore+1","alterego_mod:HighServant+1"],"picked":"alterego_mod:SakuraLabyrinth+1","floor":3},{"not_picked":["alterego_mod:MagicResistance","alterego_mod:BoobPocket"],"picked":"alterego_mod:BusterCard","floor":3},{"not_picked":["alterego_mod:TrashNCrash","alterego_mod:PresenceConcealment"],"picked":"alterego_mod:Birthday","floor":7}],"player_experience":44955,"relics_obtained":[],"event_choices":[],"is_beta":false,"boss_relics":[],"items_purged_floors":[],"is_endless":false,"potions_floor_spawned":[3],"killed_by":"Gensokyo:Aya","ascension_level":0}}