{"host":"9xbpusgrz0p5n7ce","time":1610903610,"event":{"mods":["BaseMod","Downfall","Googly Eyes","Hermit","Marisa£®ÏF”Í°°ƒß¿Ì…≥£©","Minty Spire (QoL Compilation)","StSLib","The Cursed","The Servant 0.9.4"],"gold_per_floor":[99,116,116,134,145,45,45,30,30,43,56,56,56,67,86,191,191,191,209,225,245,1,13,40,8,24,24,124,151,26,43,63,167,167,167,17,31,49,99,114,140,157,157,168,168,194,94,106,120,120],"floor_reached":51,"language":"ZHS","playtime":9239,"items_purged":["bronze:Defend","bronze:Defend","bronze:Defend","bronze:Strike"],"score":747,"play_id":"69b3c7fe-6456-4892-8a2b-dc5370a84fd6","local_time":"20210118011330","is_ascension_mode":false,"campfire_choices":[{"floor":1.0,"key":"RECALL"},{"data":"bronze:Goto","floor":6.0,"key":"SMITH"},{"data":"bronze:Repair","floor":9.0,"key":"SMITH"},{"data":"bronze:Replicate","floor":12.0,"key":"SMITH"},{"data":"bronze:SpaghettiCode","floor":18.0,"key":"SMITH"},{"data":"Secret Weapon","floor":27.0,"key":"SMITH"},{"data":"bronze:HardenedForm","floor":35,"key":"SMITH"},{"data":"bronze:Iterate","floor":43,"key":"SMITH"},{"data":"bronze:Turbo","floor":45,"key":"SMITH"},{"data":"bronze:FineTuning","floor":47,"key":"SMITH"}],"circlet_count":0,"master_deck":["bronze:Defend","bronze:Replicate+1","bronze:Goto+1","bronze:WildBeam","bronze:ChildClass","bronze:Repair+1","bronze:BitShift","bronze:Iterate+1","bronze:DelayedSlice","bronze:SpaghettiCode+1","bronze:BronzeOrb","bronze:MaxOutput+1","bronze:DelayedGuard","bronze:FineTuning+1","bronze:FollowUp","Secret Weapon+1","bronze:ChildClass+1","bronze:Turbo+1","bronze:Assembly","bronze:DelayedGuard","bronze:Repulsor+1","bronze:HardenedForm+1","bronze:Boost+1","bronze:Turbo+1","Injury","bronze:Overload+1","bronze:Invalidate+1","bronze:ItsAFeature+1","bronze:DelayedSlice+1"],"relics":["bronze:BronzeCore","downfall:HeartBlessingRed","Vajra","SlaversCollar","Sling","Bag of Preparation","Cursed Key","Du-Vu Doll","Centennial Puzzle","Lantern","downfall:HeartBlessingGreen"],"acts_visited":["Exordium","TheCity","TheBeyond"],"potions_floor_usage":[29,33,50],"damage_taken":[{"damage":1.0,"enemies":"Jaw Worm","floor":2.0,"turns":5.0},{"damage":0.0,"enemies":"Small Slimes","floor":4.0,"turns":2.0},{"damage":0.0,"enemies":"Cultist","floor":5.0,"turns":3.0},{"damage":2.0,"enemies":"downfall:FleeingMerchant","floor":8.0,"turns":4.0},{"damage":0.0,"enemies":"Red Slaver","floor":10.0,"turns":2.0},{"damage":6.0,"enemies":"3 Louse","floor":11.0,"turns":3.0},{"damage":0.0,"enemies":"Blue Slaver","floor":14.0,"turns":3.0},{"damage":0.0,"enemies":"2 Fungi Beasts","floor":15.0,"turns":2.0},{"damage":54.0,"enemies":"IC_STATUS_ARCHETYPE","floor":16.0,"turns":9.0},{"damage":5.0,"enemies":"Chosen","floor":19.0,"turns":2.0},{"damage":19.0,"enemies":"3 Cultists","floor":20.0,"turns":5.0},{"damage":13.0,"enemies":"Snake Plant","floor":21.0,"turns":3.0},{"damage":0.0,"enemies":"downfall:FleeingMerchant","floor":22.0,"turns":4.0},{"damage":4.0,"enemies":"Snecko","floor":23.0,"turns":5.0},{"damage":7.0,"enemies":"downfall:FleeingMerchant","floor":25.0,"turns":3.0},{"damage":0.0,"enemies":"Cultist and Chosen","floor":26.0,"turns":3.0},{"damage":0.0,"enemies":"Cultist and Chosen","floor":28.0,"turns":2.0},{"damage":7,"enemies":"Book of Stabbing","floor":29,"turns":3},{"damage":0,"enemies":"Shelled Parasite and Fungi","floor":31,"turns":2},{"damage":12,"enemies":"Centurion and Healer","floor":32,"turns":3},{"damage":0,"enemies":"WA_ARCHETYPE_CALM","floor":33,"turns":5},{"damage":0,"enemies":"Orb Walker","floor":37,"turns":2},{"damage":0,"enemies":"3 Darklings","floor":38,"turns":4},{"damage":0,"enemies":"3 Darklings","floor":39,"turns":3},{"damage":0,"enemies":"Spire Growth","floor":40,"turns":3},{"damage":1,"enemies":"4 Shapes","floor":42,"turns":3},{"damage":0,"enemies":"Jaw Worm Horde","floor":44,"turns":4},{"damage":0,"enemies":"Giant Head","floor":46,"turns":5},{"damage":3,"enemies":"Sphere and 2 Shapes","floor":48,"turns":2},{"damage":14,"enemies":"4 Shapes","floor":49,"turns":2},{"damage":21,"enemies":"DF_ARCHETYPE_ORBS","floor":50,"turns":5}],"seed_played":"-3967091089458062737","potions_obtained":[{"floor":4.0,"key":"SkillPotion"},{"floor":5.0,"key":"bronze:FreeFunctionsPotion"},{"floor":10.0,"key":"GamblersBrew"},{"floor":15.0,"key":"Fire Potion"},{"floor":19.0,"key":"Fire Potion"},{"floor":28,"key":"Dexterity Potion"},{"floor":31,"key":"ColorlessPotion"},{"floor":33,"key":"Block Potion"},{"floor":38,"key":"Energy Potion"},{"floor":42,"key":"Fire Potion"}],"is_trial":false,"path_per_floor":["R","M","?","M","M","R","T","$","R","M","M","R","?","M","M","B",null,"R","M","M","M","$","M","T","$","M","R","?","E","$","M","M","B",null,"R","$","M","M","?","M","T","M","R","M","R","E","R","M","M","B",null],"character_chosen":"THE_AUTOMATON","items_purchased":["Sling","bronze:FollowUp","Secret Weapon"],"campfire_rested":0,"item_purchase_floors":[22,25,25],"current_hp_per_floor":[77,76,76,76,76,76,76,74,74,77,71,71,71,77,77,33,77,77,77,58,55,65,71,71,70,77,77,77,77,77,77,65,75,77,77,77,77,77,77,77,77,76,76,77,77,77,77,74,70,56],"gold":120,"neow_bonus":"TEN_PERCENT_HP_BONUS","is_daily":false,"chose_seed":false,"campfire_upgraded":9,"win_rate":0.0,"timestamp":1610903610,"path_taken":["R","M","?","M","M","R","T","$","R","M","M","R","?","M","M","BOSS","R","M","M","M","$","?","T","?","M","R","?","E","$","M","M","BOSS","R","$","M","M","?","M","T","M","R","M","R","E","R","M","M","BOSS"],"items_purchased_type":["Relic","Card","Card"],"build_version":"2020-12-22","purchased_purges":4,"victory":true,"max_hp_per_floor":[77,77,77,77,77,77,77,77,77,77,77,77,77,77,77,77,77,77,77,77,77,77,77,77,77,77,77,77,77,77,77,77,77,77,77,77,77,77,77,77,77,77,77,77,77,77,77,77,77,77],"card_choices":[{"not_picked":["bronze:Frontload","bronze:WhirlingStrike"],"picked":"bronze:WildBeam","floor":2.0},{"not_picked":["bronze:BugBarrage","bronze:Branch","bronze:Shell"],"picked":"SKIP","floor":4.0},{"not_picked":["bronze:Shield","bronze:DelayedSlice"],"picked":"bronze:ChildClass","floor":5.0},{"not_picked":["bronze:AlphaBuild","bronze:DelayedGuard"],"picked":"bronze:Repair","floor":8.0},{"not_picked":["bronze:Repair","bronze:WildBeam"],"picked":"bronze:BitShift","floor":10.0},{"not_picked":["bronze:ForLoop","bronze:WildBeam","bronze:BuggyMess"],"picked":"SKIP","floor":11.0},{"not_picked":["bronze:Invalidate","bronze:Frontload"],"picked":"bronze:Iterate","floor":14.0},{"not_picked":["bronze:BitShift","bronze:Flail"],"picked":"bronze:DelayedSlice","floor":15.0},{"not_picked":["bronze:HardenedForm","bronze:AlphaBuild"],"picked":"bronze:SpaghettiCode","floor":16.0},{"not_picked":["bronze:Invalidate","bronze:Branch","bronze:Flail+1"],"picked":"SKIP","floor":19.0},{"not_picked":["bronze:Shield","bronze:BuggyMess","bronze:Flail"],"picked":"SKIP","floor":20.0},{"not_picked":["bronze:Branch","bronze:CutThrough"],"picked":"bronze:BronzeOrb","floor":21.0},{"not_picked":["bronze:BitShift","bronze:FineTuning"],"picked":"bronze:MaxOutput+1","floor":22.0},{"not_picked":["bronze:Fortify","bronze:DigitalCarnage"],"picked":"bronze:DelayedGuard","floor":23.0},{"not_picked":["bronze:Safeguard+1","bronze:Branch"],"picked":"bronze:FineTuning","floor":25.0},{"not_picked":["bronze:Frontload+1","bronze:Optimize"],"picked":"bronze:ChildClass+1","floor":26.0},{"not_picked":["bronze:OilSpill","bronze:Invalidate"],"picked":"bronze:Turbo","floor":28},{"not_picked":["bronze:Backtrace","bronze:ItsAFeature"],"picked":"bronze:Assembly","floor":29},{"not_picked":["bronze:ItsAFeature","bronze:Deprecate"],"picked":"bronze:DelayedGuard","floor":31},{"not_picked":["bronze:BronzeOrb","bronze:Branch+1"],"picked":"bronze:Repulsor+1","floor":32},{"not_picked":["bronze:HyperBeam","bronze:AlphaBuild"],"picked":"bronze:HardenedForm","floor":33},{"not_picked":["bronze:ItsAFeature","bronze:Iterate","bronze:ChosenStrike"],"picked":"SKIP","floor":37},{"not_picked":["bronze:Branch","bronze:Deprecate"],"picked":"bronze:Boost+1","floor":38},{"not_picked":["bronze:ChosenStrike+1","bronze:CutThrough+1"],"picked":"bronze:Turbo+1","floor":40},{"not_picked":["bronze:OilSpill","bronze:Safeguard+1"],"picked":"bronze:Overload+1","floor":42},{"not_picked":["bronze:Deprecate+1","bronze:GetLatest"],"picked":"bronze:Invalidate+1","floor":44},{"not_picked":["bronze:FollowUp+1","bronze:BitShift"],"picked":"bronze:ItsAFeature+1","floor":46},{"not_picked":["bronze:DelayedGuard","bronze:FollowUp+1","bronze:Backtrace+1"],"picked":"SKIP","floor":48},{"not_picked":["bronze:OilSpill","bronze:BuggyMess+1"],"picked":"bronze:DelayedSlice+1","floor":49}],"player_experience":77232,"relics_obtained":[{"floor":7.0,"key":"Vajra"},{"floor":29,"key":"Bag of Preparation"},{"floor":39,"key":"Du-Vu Doll"},{"floor":41,"key":"Centennial Puzzle"},{"floor":46,"key":"Lantern"}],"event_choices":[{"cards_removed":["bronze:Strike"],"damage_healed":0.0,"max_hp_gain":0.0,"max_hp_loss":0.0,"gold_gain":0.0,"event_name":"The Cleric","player_choice":"Card Removal","floor":3.0,"gold_loss":0.0,"damage_taken":0.0},{"cards_removed":["bronze:Strike"],"damage_healed":0.0,"max_hp_gain":0.0,"max_hp_loss":0.0,"gold_gain":0.0,"event_name":"Bonfire Elementals","player_choice":"Offered Basic","floor":13.0,"gold_loss":0.0,"damage_taken":0.0},{"cards_removed":["bronze:Strike"],"damage_healed":0,"gold_gain":0,"player_choice":"Offered Basic","damage_taken":0,"max_hp_gain":0,"max_hp_loss":0,"event_name":"Bonfire Elementals","floor":28,"gold_loss":0}],"is_beta":false,"boss_relics":[{"not_picked":["Runic Dome","Tiny House"],"picked":"SlaversCollar"},{"not_picked":["Velvet Choker","bronze:MakeshiftBattery"],"picked":"Cursed Key"}],"items_purged_floors":[22,25,30,36],"is_endless":false,"potions_floor_spawned":[4,5,10,15,19,28,31,33,38,40,42,44,48],"ascension_level":0}}