{"host":"zxkjcgzis4pm3za5","time":1610852942,"event":{"mods":["AchievementEnabler","Act Like it!","BaseMod","Colored Map","Colored Powertips","Friendly Minions","GifTheSpireLib","Minty Spire (QoL Compilation)","Quick Restart","RNG Fix","Random Character Button","Relic Sorter","Relic Stats","StSLib"],"gold_per_floor":[118,118,137,152,169,169,183,209,259,259,224,253,273,292,292,368,368,381,394,155,170,170,185,214,129,129,155,11,31,48,68,68,147,147,164,164,64,78,90,120,168,182,251,251,251,266,295,131,131,131,131,131,38,71,71,71],"floor_reached":55,"language":"ENG","playtime":2665,"items_purged":["Strike_B","Strike_B"],"score":1527,"play_id":"cd9e5783-17df-4612-97cc-0c91edede29c","local_time":"20210117083902","is_ascension_mode":true,"campfire_choices":[{"data":"Zap","floor":6.0,"key":"SMITH"},{"data":"Capacitor","floor":10.0,"key":"SMITH"},{"data":"Defragment","floor":15.0,"key":"SMITH"},{"data":"Apotheosis","floor":32.0,"key":"SMITH"},{"floor":44,"key":"RECALL"},{"floor":49,"key":"REST"},{"floor":52,"key":"REST"}],"circlet_count":0,"master_deck":["AscendersBane","Strike_B","Defend_B","Defend_B","Defend_B","Defend_B","Zap+1","Dualcast","Ball Lightning","Beam Cell+1","Coolheaded","Leap","Sweeping Beam","Cold Snap","Conserve Battery","Capacitor+1","Genetic Algorithm","Defragment+1","Glacier","Skim","Core Surge","Undo","Reinforced Body","Apotheosis+1","Biased Cognition","Melter+1","Steam Power","Thunder Strike","Stack","Force Field","Creative AI","Skim","White Noise+1","Barrage","Seek+1","Panacea+1","Good Instincts+1","Force Field+1"],"relics":["Cracked Core","Prayer Wheel","FossilizedHelix","PreservedInsect","Blue Candle","Sozu","Mummified Hand","Anchor","Mercury Hourglass","DataDisk","Medical Kit","Busted Crown","Emotion Chip","Pocketwatch","Letter Opener","Toxic Egg 2","Nunchaku"],"acts_visited":["TheCity","TheBeyond","TheEnding"],"potions_floor_usage":[40],"damage_taken":[{"damage":6.0,"enemies":"2 Louse","floor":1.0,"turns":3.0},{"damage":0.0,"enemies":"Cultist","floor":3.0,"turns":3.0},{"damage":7.0,"enemies":"Jaw Worm","floor":4.0,"turns":3.0},{"damage":7.0,"enemies":"Exordium Wildlife","floor":5.0,"turns":4.0},{"damage":2.0,"enemies":"Exordium Thugs","floor":7.0,"turns":4.0},{"damage":6.0,"enemies":"Lagavulin","floor":8.0,"turns":7.0},{"damage":0.0,"enemies":"Gremlin Nob","floor":12.0,"turns":3.0},{"damage":0.0,"enemies":"3 Louse","floor":13.0,"turns":2.0},{"damage":0.0,"enemies":"Blue Slaver","floor":14.0,"turns":3.0},{"damage":6.0,"enemies":"Hexaghost","floor":16.0,"turns":11.0},{"damage":1.0,"enemies":"Shell Parasite","floor":18.0,"turns":6.0},{"damage":0.0,"enemies":"Chosen","floor":19.0,"turns":6.0},{"damage":0.0,"enemies":"Centurion and Healer","floor":21.0,"turns":8.0},{"damage":0.0,"enemies":"Shelled Parasite and Fungi","floor":23.0,"turns":6.0},{"damage":6.0,"enemies":"Book of Stabbing","floor":24.0,"turns":5.0},{"damage":0.0,"enemies":"Gremlin Leader","floor":27.0,"turns":6.0},{"damage":0.0,"enemies":"Chosen and Byrds","floor":29.0,"turns":4.0},{"damage":16.0,"enemies":"Sentry and Sphere","floor":30.0,"turns":4.0},{"damage":0.0,"enemies":"Cultist and Chosen","floor":31.0,"turns":4.0},{"damage":0.0,"enemies":"Automaton","floor":33.0,"turns":11.0},{"damage":0,"enemies":"Orb Walker","floor":35,"turns":2},{"damage":0,"enemies":"3 Shapes","floor":38,"turns":6},{"damage":13,"enemies":"Spire Growth","floor":39,"turns":5},{"damage":0,"enemies":"Reptomancer","floor":40,"turns":6},{"damage":14,"enemies":"2 Orb Walkers","floor":41,"turns":5},{"damage":0,"enemies":"3 Darklings","floor":42,"turns":6},{"damage":0,"enemies":"Maw","floor":46,"turns":6},{"damage":7,"enemies":"Nemesis","floor":47,"turns":5},{"damage":39,"enemies":"Awakened One","floor":50,"turns":13},{"damage":55,"enemies":"Shield and Spear","floor":54,"turns":7},{"damage":18,"enemies":"The Heart","floor":55,"turns":2}],"seed_played":"4592786556369203186","potions_obtained":[{"floor":4.0,"key":"BlessingOfTheForge"},{"floor":7.0,"key":"FearPotion"},{"floor":8.0,"key":"SteroidPotion"},{"floor":13.0,"key":"Fire Potion"}],"is_trial":false,"path_per_floor":["M","?","M","M","M","R","M","E","T","R","?","E","M","M","R","B",null,"M","M","$","M","?","M","E","?","T","E","$","M","M","M","R","B",null,"M","?","$","M","M","E","?","M","T","R","T","M","E","$","R","B",null,"R","$","E","B"],"character_chosen":"DEFECT","items_purchased":["Apotheosis","Medical Kit","Seek+1","Panacea+1","Good Instincts+1"],"campfire_rested":2,"item_purchase_floors":[20,28,48,48,53],"current_hp_per_floor":[40,40,40,33,26,26,24,18,18,18,35,35,35,35,35,29,61,60,60,60,60,60,60,54,54,54,54,54,54,38,38,38,38,63,63,63,63,63,50,50,36,36,36,36,36,36,29,29,50,11,56,71,71,16,0,0],"gold":71,"neow_bonus":"ONE_RARE_RELIC","is_daily":false,"chose_seed":false,"campfire_upgraded":4,"win_rate":0.0,"timestamp":1610852942,"path_taken":["M","?","M","M","M","R","M","E","T","R","?","E","M","M","R","BOSS","M","M","$","M","?","?","E","?","T","E","$","M","M","M","R","BOSS","BOSS","M","?","$","M","M","E","?","M","T","R","?","M","E","$","R","BOSS","R","$","E","BOSS"],"items_purchased_type":["Card","Relic","Card","Card","Card"],"build_version":"2020-12-22","purchased_purges":2,"victory":false,"max_hp_per_floor":[71,71,71,71,71,71,71,71,71,71,71,71,71,71,71,71,71,71,71,71,71,71,71,71,71,71,71,71,71,71,71,71,71,71,71,71,71,71,71,71,71,71,71,71,71,71,71,71,71,71,71,71,71,71,71,71],"relic_stats":{"counters":[31,166],"Blue Candle":[0],"PreservedInsect":300,"Letter Opener":[146],"Medical Kit":[13],"Mercury Hourglass":[397],"Sozu":9,"Emotion Chip":[12,7,5,0,0],"Nunchaku":[0],"Busted Crown":28,"Mummified Hand":[113],"Prayer Wheel":19,"obtain_stats":[{"Blue Candle":12,"PreservedInsect":9,"Letter Opener":45,"Medical Kit":28,"Mercury Hourglass":26,"Sozu":17,"Anchor":25,"DataDisk":27,"Emotion Chip":40,"Nunchaku":54,"Busted Crown":34,"Mummified Hand":24,"Prayer Wheel":0,"Toxic Egg 2":47,"Cracked Core":0,"FossilizedHelix":8,"Pocketwatch":41},{"Blue Candle":7,"PreservedInsect":6,"Letter Opener":26,"Medical Kit":16,"Mercury Hourglass":15,"Sozu":10,"Anchor":15,"DataDisk":16,"Emotion Chip":24,"Nunchaku":30,"Busted Crown":20,"Mummified Hand":15,"Prayer Wheel":0,"Toxic Egg 2":28,"Cracked Core":0,"FossilizedHelix":6,"Pocketwatch":25},{"Blue Candle":27,"PreservedInsect":24,"Letter Opener":133,"Medical Kit":80,"Mercury Hourglass":74,"Sozu":43,"Anchor":74,"DataDisk":80,"Emotion Chip":122,"Nunchaku":164,"Busted Crown":103,"Mummified Hand":74,"Prayer Wheel":0,"Toxic Egg 2":144,"Cracked Core":0,"FossilizedHelix":24,"Pocketwatch":127}],"Pocketwatch":[12]},"card_choices":[{"not_picked":["Darkness","Loop"],"picked":"Ball Lightning","floor":1.0},{"not_picked":["Chaos","Steam"],"picked":"Beam Cell","floor":1.0},{"not_picked":["Stack","Gash"],"picked":"Coolheaded","floor":3.0},{"not_picked":["Stack","Ball Lightning"],"picked":"Leap","floor":3.0},{"not_picked":["Blizzard","Turbo"],"picked":"Sweeping Beam","floor":4.0},{"not_picked":["Leap","Chaos"],"picked":"Cold Snap","floor":4.0},{"not_picked":["Compile Driver","Coolheaded"],"picked":"Conserve Battery","floor":5.0},{"not_picked":["Fusion","Loop","Leap"],"picked":"SKIP","floor":5.0},{"not_picked":["Sweeping Beam","Conserve Battery"],"picked":"Capacitor","floor":7.0},{"not_picked":["Blizzard","Conserve Battery","Double Energy"],"picked":"SKIP","floor":7.0},{"not_picked":["Go for the Eyes","White Noise"],"picked":"Genetic Algorithm","floor":8.0},{"not_picked":["Rebound","Hyperbeam","Stack"],"picked":"SKIP","floor":12.0},{"not_picked":["Go for the Eyes","Tempest"],"picked":"Defragment","floor":13.0},{"not_picked":["Chill","Sweeping Beam","Rebound"],"picked":"SKIP","floor":13.0},{"not_picked":["Fusion","Stack"],"picked":"Glacier","floor":14.0},{"not_picked":["Darkness","Ball Lightning"],"picked":"Skim","floor":14.0},{"not_picked":["Fission","Amplify"],"picked":"Core Surge","floor":16.0},{"not_picked":["Rebound","Steam"],"picked":"Barrage","floor":18.0},{"not_picked":["Sweeping Beam","Barrage+1"],"picked":"Undo","floor":18.0},{"not_picked":["Hologram","Compile Driver"],"picked":"Reinforced Body","floor":19.0},{"not_picked":["Storm","Beam Cell","Coolheaded"],"picked":"SKIP","floor":19.0},{"not_picked":["Conserve Battery","Chaos"],"picked":"Biased Cognition","floor":21.0},{"not_picked":["Heatsinks","Darkness","Redo"],"picked":"SKIP","floor":21.0},{"not_picked":["Turbo","Stack"],"picked":"Melter+1","floor":23.0},{"not_picked":["Conserve Battery","Rebound","Compile Driver"],"picked":"SKIP","floor":23.0},{"not_picked":["Capacitor","Defragment"],"picked":"Steam Power","floor":24.0},{"not_picked":["Chaos","Cold Snap"],"picked":"Thunder Strike","floor":27.0},{"not_picked":["Streamline","Gash","Beam Cell"],"picked":"SKIP","floor":29.0},{"not_picked":["Hyperbeam","Redo","Barrage"],"picked":"SKIP","floor":29.0},{"not_picked":["Steam","Coolheaded"],"picked":"Stack","floor":30.0},{"not_picked":["Barrage","Leap"],"picked":"Force Field","floor":30.0},{"not_picked":["Hello World","Redo+1","Defragment"],"picked":"SKIP","floor":31.0},{"not_picked":["Reinforced Body","Steam+1","Ball Lightning+1"],"picked":"SKIP","floor":31.0},{"not_picked":["Electrodynamics","Meteor Strike"],"picked":"Creative AI","floor":33},{"not_picked":["Stack+1"],"picked":"SKIP","floor":35},{"not_picked":["Turbo"],"picked":"SKIP","floor":35},{"not_picked":[],"picked":"Skim","floor":38},{"not_picked":["Steam Power+1"],"picked":"SKIP","floor":38},{"not_picked":[],"picked":"White Noise+1","floor":39},{"not_picked":[],"picked":"Barrage","floor":39},{"not_picked":["Doom and Gloom"],"picked":"SKIP","floor":40},{"not_picked":["Chaos"],"picked":"SKIP","floor":42},{"not_picked":["Redo+1"],"picked":"SKIP","floor":42},{"not_picked":["Cold Snap"],"picked":"SKIP","floor":46},{"not_picked":["Aggregate"],"picked":"SKIP","floor":46},{"not_picked":["Genetic Algorithm+1"],"picked":"SKIP","floor":47},{"not_picked":[],"picked":"Force Field+1","floor":54}],"player_experience":232487,"relics_obtained":[{"floor":8.0,"key":"FossilizedHelix"},{"floor":9.0,"key":"PreservedInsect"},{"floor":12.0,"key":"Blue Candle"},{"floor":24.0,"key":"Mummified Hand"},{"floor":26.0,"key":"Mercury Hourglass"},{"floor":27.0,"key":"DataDisk"},{"floor":40,"key":"Emotion Chip"},{"floor":41,"key":"Pocketwatch"},{"floor":45,"key":"Letter Opener"},{"floor":47,"key":"Toxic Egg 2"},{"floor":54,"key":"Nunchaku"}],"event_choices":[{"damage_healed":0.0,"max_hp_gain":0.0,"max_hp_loss":0.0,"gold_gain":0.0,"event_name":"Upgrade Shrine","player_choice":"Upgraded","floor":2.0,"gold_loss":0.0,"damage_taken":0.0,"cards_upgraded":["Beam Cell"]},{"damage_healed":17.0,"max_hp_gain":0.0,"max_hp_loss":0.0,"gold_gain":0.0,"event_name":"The Cleric","player_choice":"Healed","floor":11.0,"gold_loss":35.0,"damage_taken":0.0},{"cards_removed":["Strike_B"],"damage_healed":0.0,"max_hp_gain":0.0,"max_hp_loss":0.0,"gold_gain":0.0,"event_name":"Back to Basics","player_choice":"Elegance","floor":22.0,"gold_loss":0.0,"damage_taken":0.0},{"damage_healed":0.0,"max_hp_gain":0.0,"max_hp_loss":0.0,"gold_gain":0.0,"event_name":"Addict","player_choice":"Obtained Relic","floor":25.0,"gold_loss":85.0,"damage_taken":0.0,"relics_obtained":["Anchor"]},{"cards_removed":["Barrage"],"damage_healed":0,"gold_gain":0,"player_choice":"Removed Attack","damage_taken":0,"max_hp_gain":0,"max_hp_loss":0,"event_name":"Falling","floor":36,"gold_loss":0},{"damage_healed":0,"gold_gain":0,"player_choice":"Fight","damage_taken":0,"max_hp_gain":0,"max_hp_loss":0,"event_name":"Mysterious Sphere","floor":41,"gold_loss":0}],"is_beta":false,"boss_relics":[{"not_picked":["Black Star","Nuclear Battery"],"picked":"Sozu"},{"not_picked":["Coffee Dripper","Inserter"],"picked":"Busted Crown"}],"items_purged_floors":[20,37],"is_endless":false,"potions_floor_spawned":[4,7,8,13,16,21,23,24,29,30,35,39,40,47],"killed_by":"The Heart","ascension_level":15}}