{"host":"q2j4ef1ti78v4imq","time":1610895113,"event":{"mods":["AchievementEnabler","BaseMod","Better Altar","Better Match","Better Note","Better Sensory Stone","Better Skull","Better Third Choice","Block Reminder","Hermit","Minty Spire (QoL Compilation)","Relic Stats","Replay The Spire","Shade Mod","StSLib"],"gold_per_floor":[117,131,131,13,38,38,72,72,122,134,177,213,240,291,303,315,315],"floor_reached":16,"language":"ENG","playtime":506,"items_purged":["Injury"],"score":228,"play_id":"11b1553d-7ab9-4f54-b404-5a8ad413c00c","local_time":"20210117145153","is_ascension_mode":true,"campfire_choices":[{"data":"Flex","floor":6,"key":"SMITH"},{"data":"Whirlwind","floor":8,"key":"SMITH"},{"data":"Sword Boomerang","floor":10,"key":"SMITH"},{"floor":15,"key":"REST"}],"circlet_count":0,"master_deck":["AscendersBane","Strike_R","Strike_R","Strike_R","Strike_R","Strike_R","Defend_R+1","Defend_R+1","Defend_R+1","Defend_R+1","Bash+1","Perfected Strike","Flex+1","Sword Boomerang+1","Sword Boomerang","Whirlwind+1","Iron Wave","Iron Wave"],"relics":["Burning Blood","Golden Idol","Blood Vial","MawBank","Replay:Bottled Eggs","Juzu Bracelet"],"acts_visited":["Exordium"],"potions_floor_usage":[11,14],"damage_taken":[{"damage":8,"enemies":"Small Slimes","floor":1,"turns":5},{"damage":2,"enemies":"2 Louse","floor":2,"turns":3},{"damage":7,"enemies":"Jaw Worm","floor":5,"turns":3},{"damage":39,"enemies":"Gremlin Nob","floor":7,"turns":4},{"damage":25,"enemies":"3 Sentries","floor":11,"turns":4},{"damage":6,"enemies":"Red Slaver","floor":12,"turns":2},{"damage":11,"enemies":"Large Slime","floor":13,"turns":4},{"damage":18,"enemies":"Gremlin Nob","floor":14,"turns":4},{"damage":45,"enemies":"The Guardian","floor":16,"turns":7}],"seed_played":"8094323357812033836","potions_obtained":[{"floor":2,"key":"Reflective Coating"},{"floor":11,"key":"Fruit Juice"},{"floor":13,"key":"SpeedPotion"},{"floor":14,"key":"Dexterity Potion"}],"is_trial":false,"path_per_floor":["M","M","?","$","M","R","E","R","T","R","E","M","M","E","R","B"],"character_chosen":"IRONCLAD","items_purchased":["Sword Boomerang"],"campfire_rested":1,"item_purchase_floors":[4],"current_hp_per_floor":[66,70,70,70,69,69,36,36,36,36,24,26,23,13,37,0,0],"gold":315,"neow_bonus":"UPGRADE_CARD","is_daily":false,"chose_seed":false,"campfire_upgraded":3,"win_rate":0.0,"timestamp":1610895113,"path_taken":["M","M","?","$","M","R","E","R","T","R","E","M","M","E","R","BOSS"],"items_purchased_type":["Card"],"build_version":"2020-12-22","purchased_purges":1,"victory":false,"max_hp_per_floor":[75,75,75,75,75,75,75,75,75,75,80,80,80,80,80,80,80],"relic_stats":{"Blood Vial":10,"counters":[9,36],"Golden Idol":34,"Juzu Bracelet":0,"MawBank":84,"obtain_stats":[{"Blood Vial":7,"Golden Idol":3,"Juzu Bracelet":14,"Replay:Bottled Eggs":11,"MawBank":9,"Burning Blood":0},{"Blood Vial":4,"Golden Idol":2,"Juzu Bracelet":8,"Replay:Bottled Eggs":5,"MawBank":4,"Burning Blood":0},{"Blood Vial":15,"Golden Idol":8,"Juzu Bracelet":29,"Replay:Bottled Eggs":19,"MawBank":15,"Burning Blood":0}],"Burning Blood":48},"card_choices":[{"not_picked":["Anger","Havoc"],"picked":"Perfected Strike","floor":1},{"not_picked":["Warcry","Headbutt"],"picked":"Flex","floor":2},{"not_picked":["ReplayTheSpireMod:Corrosion Curse","Infernal Blade"],"picked":"Whirlwind","floor":5},{"not_picked":["True Grit","Sever Soul","Clash"],"picked":"SKIP","floor":7},{"not_picked":["Uppercut","Sword Boomerang"],"picked":"Iron Wave","floor":11},{"not_picked":["Eclipse","Thunderclap","True Grit"],"picked":"SKIP","floor":12},{"not_picked":["Clash","Pommel Strike"],"picked":"Iron Wave","floor":13},{"not_picked":["Havoc","Wild Strike","Blood for Blood"],"picked":"SKIP","floor":14}],"player_experience":846328,"relics_obtained":[{"floor":7,"key":"Blood Vial"},{"floor":9,"key":"MawBank"},{"floor":11,"key":"Replay:Bottled Eggs"},{"floor":14,"key":"Juzu Bracelet"}],"event_choices":[{"damage_healed":0,"gold_gain":0,"player_choice":"Take Wound","damage_taken":0,"relics_obtained":["Golden Idol"],"max_hp_gain":0,"max_hp_loss":0,"event_name":"Golden Idol","floor":3,"gold_loss":0,"cards_obtained":["Injury"]}],"is_beta":false,"boss_relics":[],"items_purged_floors":[4],"is_endless":false,"potions_floor_spawned":[2,11,13,14],"killed_by":"The Guardian","ascension_level":18}}