{"host":"ebj6lkgm8suah319","time":1610858616,"event":{"mods":["2.2 Compatiblity","AchievementEnabler","BaseMod","Block Reminder","Colored Map","Colored Powertips","Minty Spire (QoL Compilation)","Quick Restart","Rare Cards Sparkle","Relic Stats","SuperFastMode"],"gold_per_floor":[110,110,70,80,93,119,119,148,148,159,159,234,245,2,2,99,99,116,116,116,41,41,76,76,89,89,89,103,138,138,170,170,269,269,289,300,5,5,19,51,51,79,79,28,28,43,71,87,87,87],"floor_reached":51,"language":"ENG","playtime":2125,"items_purged":["Strike_R","Strike_R"],"score":931,"play_id":"f617429d-6052-45af-a81a-456d76ce79ba","local_time":"20210116234336","is_ascension_mode":true,"campfire_choices":[{"floor":7,"key":"REST"},{"floor":15,"key":"REST"},{"floor":24,"key":"REST"},{"floor":27,"key":"REST"},{"floor":30,"key":"REST"},{"floor":32,"key":"REST"},{"floor":41,"key":"REST"},{"floor":45,"key":"REST"},{"floor":49,"key":"REST"}],"circlet_count":0,"master_deck":["Strike_R+1","Defend_R","Defend_R","Defend_R","Defend_R","Bash","Armaments+1","Clothesline","Battle Trance","Cleave","Shrug It Off","Combust","Apotheosis","Reaper+1","Pommel Strike","J.A.X.","RitualDagger","Disarm+1","Burning Pact+1","Heavy Blade+1","Limit Break","Evolve","Flame Barrier","Combust","Immolate+1","Heavy Blade+1","Power Through+1","Body Slam+1","True Grit+1"],"relics":["Fusion Hammer","Letter Opener","TungstenRod","Pocketwatch","Black Star","Paper Frog","Regal Pillow","Ginger","WingedGreaves","HornCleat","PreservedInsect","Molten Egg 2","Runic Dome","OrangePellets","Prayer Wheel","Red Skull","Ancient Tea Set","Oddly Smooth Stone","Toxic Egg 2","Whetstone","Bag of Marbles"],"acts_visited":["Exordium","TheCity","TheBeyond"],"potions_floor_usage":[6,8,16,25,36,36,38,42,50,50],"damage_taken":[{"damage":3,"enemies":"Small Slimes","floor":1,"turns":4},{"damage":2,"enemies":"Jaw Worm","floor":4,"turns":3},{"damage":0,"enemies":"Cultist","floor":5,"turns":3},{"damage":1,"enemies":"3 Sentries","floor":6,"turns":8},{"damage":13,"enemies":"Lagavulin","floor":8,"turns":6},{"damage":0,"enemies":"3 Louse","floor":10,"turns":2},{"damage":0,"enemies":"Looter","floor":13,"turns":3},{"damage":8,"enemies":"The Guardian","floor":16,"turns":10},{"damage":0,"enemies":"Shell Parasite","floor":18,"turns":7},{"damage":10,"enemies":"Book of Stabbing","floor":23,"turns":7},{"damage":16,"enemies":"3 Byrds","floor":25,"turns":3},{"damage":26,"enemies":"Snecko","floor":28,"turns":4},{"damage":29,"enemies":"Gremlin Leader","floor":29,"turns":5},{"damage":4,"enemies":"Book of Stabbing","floor":31,"turns":6},{"damage":16,"enemies":"Champ","floor":33,"turns":7},{"damage":19,"enemies":"3 Shapes","floor":35,"turns":5},{"damage":28,"enemies":"3 Darklings","floor":36,"turns":5},{"damage":22,"enemies":"Sphere and 2 Shapes","floor":39,"turns":5},{"damage":20,"enemies":"Giant Head","floor":40,"turns":7},{"damage":31,"enemies":"Reptomancer","floor":42,"turns":6},{"damage":21,"enemies":"Maw","floor":46,"turns":7},{"damage":16,"enemies":"Giant Head","floor":47,"turns":7},{"damage":15,"enemies":"Spire Growth","floor":48,"turns":4},{"damage":35,"enemies":"Awakened One","floor":50,"turns":13}],"seed_played":"-7717065740502492724","potions_obtained":[{"floor":3,"key":"FearPotion"},{"floor":3,"key":"Block Potion"},{"floor":3,"key":"EssenceOfSteel"},{"floor":8,"key":"Block Potion"},{"floor":10,"key":"LiquidBronze"},{"floor":13,"key":"AttackPotion"},{"floor":16,"key":"Regen Potion"},{"floor":23,"key":"SkillPotion"},{"floor":25,"key":"Swift Potion"},{"floor":29,"key":"HeartOfIron"},{"floor":36,"key":"GamblersBrew"},{"floor":38,"key":"BloodPotion"},{"floor":38,"key":"Fire Potion"},{"floor":38,"key":"ColorlessPotion"},{"floor":40,"key":"SteroidPotion"}],"is_trial":false,"path_per_floor":["M","?","?","M","M","E","R","E","T","M","?","?","M","$","R","B",null,"M","?","?","?","$","E","R","M","T","R","M","E","R","E","R","B",null,"M","M","$","?","M","E","R","E","T","$","R","M","E","M","R","B",null],"character_chosen":"IRONCLAD","items_purchased":["Apotheosis","OrangePellets","Combust","BloodPotion"],"campfire_rested":9,"item_purchase_floors":[14,37,37,44],"current_hp_per_floor":[77,77,77,75,75,74,80,67,67,67,61,51,51,51,75,67,80,80,80,75,75,75,75,80,66,66,80,54,49,80,76,80,64,80,61,39,39,55,33,31,70,57,57,57,80,80,64,60,80,76],"gold":87,"neow_bonus":"BOSS_RELIC","is_daily":false,"chose_seed":false,"campfire_upgraded":0,"win_rate":0.0,"timestamp":1610858616,"path_taken":["M","?","?","M","M","E","R","E","T","?","?","?","M","?","R","BOSS","M","?","?","?","?","E","R","M","T","R","M","E","R","E","R","BOSS","M","M","$","?","M","E","R","E","T","?","R","M","E","M","R","BOSS"],"items_purchased_type":["Card","Relic","Card","Potion"],"build_version":"2020-12-22","purchased_purges":2,"victory":true,"max_hp_per_floor":[80,80,80,80,80,80,80,80,80,80,80,80,80,80,80,80,80,80,80,80,80,80,80,80,80,80,80,80,80,80,80,80,80,80,80,80,80,80,80,80,80,80,80,80,80,80,80,80,80,80],"relic_stats":{"OrangePellets":[2],"Regal Pillow":22,"counters":[24,137],"Prayer Wheel":2,"PreservedInsect":307,"Black Star":6,"Letter Opener":[302],"Ginger":[9],"Whetstone":["Reaper","Strike_R"],"obtain_stats":[{"Regal Pillow":23,"Oddly Smooth Stone":42,"PreservedInsect":31,"Letter Opener":6,"Ginger":26,"Whetstone":47,"Ancient Tea Set":42,"Burning Blood":0,"Runic Dome":34,"OrangePellets":37,"HornCleat":29,"Molten Egg 2":31,"Prayer Wheel":40,"Fusion Hammer":0,"WingedGreaves":29,"Black Star":17,"Bag of Marbles":47,"Toxic Egg 2":43,"TungstenRod":8,"Red Skull":40,"Pocketwatch":9,"Paper Frog":23},{"Regal Pillow":10,"Oddly Smooth Stone":20,"PreservedInsect":14,"Letter Opener":4,"Ginger":11,"Whetstone":22,"Ancient Tea Set":20,"Burning Blood":0,"Runic Dome":15,"OrangePellets":17,"HornCleat":13,"Molten Egg 2":14,"Prayer Wheel":19,"Fusion Hammer":0,"WingedGreaves":13,"Black Star":8,"Bag of Marbles":22,"Toxic Egg 2":20,"TungstenRod":5,"Red Skull":19,"Pocketwatch":5,"Paper Frog":10},{"Regal Pillow":53,"Oddly Smooth Stone":106,"PreservedInsect":71,"Letter Opener":18,"Ginger":56,"Whetstone":120,"Ancient Tea Set":106,"Burning Blood":0,"Runic Dome":78,"OrangePellets":88,"HornCleat":65,"Molten Egg 2":71,"Prayer Wheel":100,"Fusion Hammer":0,"WingedGreaves":65,"Black Star":39,"Bag of Marbles":120,"Toxic Egg 2":106,"TungstenRod":24,"Red Skull":100,"Pocketwatch":24,"Paper Frog":53}],"TungstenRod":162,"Pocketwatch":[99]},"card_choices":[{"not_picked":["Clash","Body Slam"],"picked":"Armaments","floor":1},{"not_picked":["Feel No Pain","Cleave"],"picked":"Clothesline","floor":4},{"not_picked":["Ghostly Armor","Rupture"],"picked":"Battle Trance","floor":5},{"not_picked":["Wild Strike","Rampage"],"picked":"Cleave","floor":6},{"not_picked":["Warcry","Clothesline"],"picked":"Shrug It Off","floor":8},{"not_picked":["Entrench","Bloodletting"],"picked":"Combust","floor":10},{"not_picked":["Sword Boomerang","Wild Strike","Dropkick"],"picked":"SKIP","floor":13},{"not_picked":["Impervious","Berserk"],"picked":"Reaper","floor":16},{"not_picked":["Headbutt+1","Armaments"],"picked":"Pommel Strike","floor":18},{"not_picked":["Clash","Twin Strike","Ghostly Armor"],"picked":"SKIP","floor":23},{"not_picked":["Warcry","Headbutt"],"picked":"Disarm+1","floor":25},{"not_picked":["Warcry","Bludgeon"],"picked":"Burning Pact+1","floor":28},{"not_picked":["Bloodletting","Sever Soul","Fire Breathing+1"],"picked":"SKIP","floor":29},{"not_picked":["Cleave+1","True Grit"],"picked":"Heavy Blade+1","floor":31},{"not_picked":["Reaper+1","Juggernaut"],"picked":"Limit Break","floor":33},{"not_picked":["Wild Strike+1","Shrug It Off"],"picked":"Evolve","floor":35},{"not_picked":["Iron Wave+1","Flex"],"picked":"Flame Barrier","floor":36},{"not_picked":["Rupture","Armaments","Cleave+1"],"picked":"SKIP","floor":39},{"not_picked":["Hemokinesis+1","Flame Barrier"],"picked":"Immolate+1","floor":40},{"not_picked":["Cleave+1","Intimidate"],"picked":"Heavy Blade+1","floor":42},{"not_picked":["Clothesline+1","Thunderclap+1"],"picked":"Power Through+1","floor":46},{"not_picked":["Whirlwind+1","Body Slam+1","Iron Wave+1"],"picked":"SKIP","floor":46},{"not_picked":["Whirlwind+1","Iron Wave+1"],"picked":"Body Slam+1","floor":46},{"not_picked":["Body Slam+1","Rampage+1","Carnage+1"],"picked":"SKIP","floor":47},{"not_picked":["Bludgeon+1","Infernal Blade+1"],"picked":"True Grit+1","floor":48},{"not_picked":["Carnage+1","Heavy Blade+1","Pommel Strike+1"],"picked":"SKIP","floor":48}],"player_experience":6480,"relics_obtained":[{"floor":6,"key":"Letter Opener"},{"floor":8,"key":"TungstenRod"},{"floor":9,"key":"Pocketwatch"},{"floor":23,"key":"Paper Frog"},{"floor":23,"key":"Regal Pillow"},{"floor":26,"key":"Ginger"},{"floor":29,"key":"WingedGreaves"},{"floor":29,"key":"HornCleat"},{"floor":31,"key":"PreservedInsect"},{"floor":31,"key":"Molten Egg 2"},{"floor":40,"key":"Prayer Wheel"},{"floor":40,"key":"Red Skull"},{"floor":42,"key":"Ancient Tea Set"},{"floor":42,"key":"Oddly Smooth Stone"},{"floor":43,"key":"Toxic Egg 2"},{"floor":47,"key":"Whetstone"},{"floor":47,"key":"Bag of Marbles"}],"event_choices":[{"damage_healed":0,"gold_gain":0,"player_choice":"Grow","damage_taken":0,"max_hp_gain":0,"max_hp_loss":0,"event_name":"Living Wall","floor":2,"gold_loss":0,"cards_upgraded":["Armaments"]},{"damage_healed":0,"gold_gain":0,"player_choice":"Bought 3 Potions","damage_taken":0,"max_hp_gain":0,"max_hp_loss":0,"event_name":"The Woman in Blue","floor":3,"gold_loss":0},{"cards_removed":["Strike_R"],"damage_healed":0,"gold_gain":0,"player_choice":"Card Removal","damage_taken":7,"max_hp_gain":0,"max_hp_loss":0,"event_name":"Golden Wing","floor":11,"gold_loss":0},{"damage_healed":0,"gold_gain":75,"player_choice":"Gather Gold","damage_taken":11,"max_hp_gain":0,"max_hp_loss":0,"event_name":"World of Goop","floor":12,"gold_loss":0},{"damage_healed":0,"gold_gain":0,"player_choice":"Obtain J.A.X.","damage_taken":0,"max_hp_gain":0,"max_hp_loss":0,"event_name":"Drug Dealer","floor":19,"gold_loss":0,"cards_obtained":["J.A.X."]},{"damage_healed":0,"gold_gain":0,"player_choice":"Joined the Cult","damage_taken":6,"max_hp_gain":0,"max_hp_loss":0,"event_name":"Nest","floor":20,"gold_loss":0,"cards_obtained":["RitualDagger"]},{"cards_removed":["Strike_R"],"damage_healed":0,"gold_gain":0,"player_choice":"Gave Gold","damage_taken":0,"max_hp_gain":0,"max_hp_loss":0,"event_name":"Beggar","floor":21,"gold_loss":75},{"damage_healed":0,"gold_gain":0,"player_choice":"Got Potions","damage_taken":0,"max_hp_gain":0,"max_hp_loss":0,"event_name":"Lab","floor":38,"gold_loss":0}],"is_beta":false,"boss_relics":[{"not_picked":["Empty Cage","Busted Crown"],"picked":"Black Star"},{"not_picked":["Velvet Choker","Calling Bell"],"picked":"Runic Dome"}],"items_purged_floors":[14,37],"is_endless":false,"potions_floor_spawned":[8,10,13,16,23,25,29,36,40,46],"ascension_level":2}}