{"host":"kk2i87xhq8q4h0un","time":1610857558,"event":{"mods":["BaseMod","Minty Spire (QoL Compilation)","StSLib"],"gold_per_floor":[111,121,121,121,132,132,174,174,174,12,38,38,72,96,96,177,177,198,198,12,25,45,45,45,88,134,134,134,65,89,129,129,215,215,228,75,93,111,136,136,136,136,182,216,81,108,142,20,20,20],"floor_reached":51,"language":"ENG","playtime":3553,"items_purged":[],"score":1352,"play_id":"2ae12df5-e23a-4a58-8a3c-5775b7bc7fa7","local_time":"20210116202558","is_ascension_mode":true,"campfire_choices":[{"data":"Neutralize","floor":6.0,"key":"SMITH"},{"floor":8.0,"key":"REST"},{"data":"Cloak And Dagger","floor":15.0,"key":"SMITH"},{"data":"Calculated Gamble","floor":23.0,"key":"SMITH"},{"data":"Trip","floor":27.0,"key":"SMITH"},{"data":"Storm of Steel","floor":32.0,"key":"SMITH"},{"data":"Cloak And Dagger","floor":40.0,"key":"SMITH"},{"data":"Acrobatics","floor":49.0,"key":"SMITH"}],"circlet_count":0,"master_deck":["AscendersBane","Strike_G","Strike_G","Strike_G","Strike_G","Defend_G","Defend_G+1","Defend_G+1","Defend_G","Survivor","Neutralize+1","PiercingWail","Backflip","Neutralize+1","Good Instincts","Blur","Calculated Gamble+1","Footwork","Choke+1","Trip+1","Backstab+1","Cloak And Dagger+1","Storm of Steel+1","Underhanded Strike+1","Underhanded Strike+1","Escape Plan","Acrobatics+1","Escape Plan","Cloak And Dagger+1","Eviscerate+1","Corpse Explosion","Unload+1","Madness","Madness","Prepared","Tools of the Trade","Blade Dance","Masterful Stab+1","Cloak And Dagger","Swift Strike+1"],"relics":["WristBlade","Molten Egg 2","CeramicFish","Pantograph","Boot","SlaversCollar","Lee\u0027s Waffle","The Specimen","War Paint","Mercury Hourglass","SacredBark","Potion Belt","StoneCalendar","Bronze Scales","Meat on the Bone","Bird Faced Urn"],"acts_visited":["Exordium","TheCity","TheBeyond"],"potions_floor_usage":[50,50,50],"damage_taken":[{"damage":6.0,"enemies":"Jaw Worm","floor":1.0,"turns":7.0},{"damage":1.0,"enemies":"Cultist","floor":2.0,"turns":4.0},{"damage":3.0,"enemies":"2 Louse","floor":5.0,"turns":4.0},{"damage":30.0,"enemies":"3 Sentries","floor":7.0,"turns":15.0},{"damage":3.0,"enemies":"Red Slaver","floor":11.0,"turns":4.0},{"damage":0.0,"enemies":"Lagavulin","floor":13.0,"turns":7.0},{"damage":0.0,"enemies":"Exordium Thugs","floor":14.0,"turns":3.0},{"damage":23.0,"enemies":"Hexaghost","floor":16.0,"turns":12.0},{"damage":8.0,"enemies":"Chosen","floor":18.0,"turns":3.0},{"damage":5.0,"enemies":"Spheric Guardian","floor":21.0,"turns":3.0},{"damage":17.0,"enemies":"Centurion and Healer","floor":22.0,"turns":6.0},{"damage":15.0,"enemies":"Slavers","floor":25.0,"turns":5.0},{"damage":15.0,"enemies":"Colosseum Slavers","floor":28.0,"turns":4.0},{"damage":0.0,"enemies":"Snake Plant","floor":30.0,"turns":2.0},{"damage":0.0,"enemies":"Book of Stabbing","floor":31.0,"turns":4.0},{"damage":33.0,"enemies":"Automaton","floor":33.0,"turns":9.0},{"damage":1.0,"enemies":"3 Shapes","floor":35.0,"turns":4.0},{"damage":6.0,"enemies":"Orb Walker","floor":38.0,"turns":3.0},{"damage":7.0,"enemies":"Mind Bloom Boss Battle","floor":39.0,"turns":7.0},{"damage":8.0,"enemies":"Nemesis","floor":44.0,"turns":7.0},{"damage":13.0,"enemies":"Writhing Mass","floor":46.0,"turns":5.0},{"damage":13.0,"enemies":"Reptomancer","floor":47.0,"turns":2.0},{"damage":50,"enemies":"Donu and Deca","floor":50,"turns":6}],"seed_played":"-8510754706206215707","potions_obtained":[{"floor":11.0,"key":"Ancient Potion"},{"floor":13.0,"key":"FearPotion"},{"floor":18.0,"key":"EssenceOfSteel"},{"floor":25.0,"key":"SpeedPotion"},{"floor":30.0,"key":"CunningPotion"},{"floor":39.0,"key":"Ancient Potion"},{"floor":47.0,"key":"GamblersBrew"}],"is_trial":false,"path_per_floor":["M","M","?","?","M","R","E","R","T","$","M","?","E","M","R","B",null,"M","?","$","M","M","R","?","E","T","R","?","$","M","E","R","B",null,"M","$","?","M","?","R","?","?","T","E","$","M","E","$","R","B",null],"character_chosen":"THE_SILENT","items_purchased":["Footwork","Choke+1","Trip","Lee\u0027s Waffle","Underhanded Strike+1","Escape Plan","Cloak And Dagger","Potion Belt","Tools of the Trade","Cloak And Dagger","Swift Strike+1"],"campfire_rested":1,"item_purchase_floors":[10,10,10,20,20,29,29,36,45,48,48],"current_hp_per_floor":[57,56,44,44,41,41,11,32,32,32,29,29,29,29,29,31,60,52,52,77,72,55,55,55,40,40,40,25,25,25,25,25,17,62,61,61,51,45,63,63,63,63,63,55,55,42,41,41,41,30],"gold":20,"neow_bonus":"BOSS_RELIC","is_daily":false,"chose_seed":false,"campfire_upgraded":7,"win_rate":0.0,"timestamp":1610857558,"path_taken":["M","M","?","?","?","R","E","R","T","$","M","?","E","?","R","BOSS","M","?","$","M","M","R","?","E","T","R","?","?","M","E","R","BOSS","M","?","?","M","?","R","?","?","T","E","$","?","E","$","R","BOSS"],"items_purchased_type":["Card","Card","Card","Relic","Card","Card","Card","Relic","Card","Card","Card"],"build_version":"2020-12-22","purchased_purges":0,"victory":true,"max_hp_per_floor":[70,70,70,70,70,70,70,70,70,70,70,70,70,70,70,70,70,70,70,77,77,77,77,77,77,77,77,77,77,77,77,77,77,77,77,77,77,77,77,77,77,77,77,77,77,77,77,77,77,77],"card_choices":[{"not_picked":["Acrobatics","Prepared"],"picked":"PiercingWail","floor":1.0},{"not_picked":["Dodge and Roll","Outmaneuver"],"picked":"Backflip","floor":2.0},{"not_picked":["Glass Knife+1","Flying Knee+1"],"picked":"Blur","floor":5.0},{"not_picked":["Dash+1","Poisoned Stab+1"],"picked":"Calculated Gamble","floor":7.0},{"not_picked":["Bane+1","Outmaneuver"],"picked":"Backstab+1","floor":11.0},{"not_picked":["Flying Knee+1","Dagger Throw+1","Finisher+1"],"picked":"SKIP","floor":13.0},{"not_picked":["Leg Sweep","Poisoned Stab+1"],"picked":"Cloak And Dagger","floor":14.0},{"not_picked":["Tools of the Trade","Adrenaline"],"picked":"Storm of Steel","floor":16.0},{"not_picked":["Dagger Throw+1","Backstab+1"],"picked":"Underhanded Strike+1","floor":18.0},{"not_picked":["Quick Slash+1","Prepared","Poisoned Stab+1"],"picked":"SKIP","floor":21.0},{"not_picked":["Skewer+1","Prepared"],"picked":"Escape Plan","floor":22.0},{"not_picked":["Escape Plan","Slice+1"],"picked":"Acrobatics","floor":25.0},{"not_picked":["Sucker Punch+1","Dodge and Roll"],"picked":"Eviscerate+1","floor":30.0},{"not_picked":["Flying Knee+1","Concentrate"],"picked":"Corpse Explosion","floor":31.0},{"not_picked":["Grand Finale+1","Wraith Form v2"],"picked":"Unload+1","floor":33.0},{"not_picked":["All Out Attack+1","Outmaneuver+1","Bane+1"],"picked":"SKIP","floor":35.0},{"not_picked":["Quick Slash+1","Dagger Throw+1","Sucker Punch+1"],"picked":"SKIP","floor":38.0},{"not_picked":["Phantasmal Killer","Bane+1"],"picked":"Prepared","floor":44.0},{"not_picked":["Cloak And Dagger","Distraction+1"],"picked":"Blade Dance","floor":46.0},{"not_picked":["Deflect","Well Laid Plans+1"],"picked":"Masterful Stab+1","floor":47.0}],"player_experience":1001702,"relics_obtained":[{"floor":7.0,"key":"CeramicFish"},{"floor":9.0,"key":"Pantograph"},{"floor":13.0,"key":"Boot"},{"floor":25.0,"key":"The Specimen"},{"floor":26.0,"key":"War Paint"},{"floor":31.0,"key":"Mercury Hourglass"},{"floor":39.0,"key":"StoneCalendar"},{"floor":43.0,"key":"Bronze Scales"},{"floor":44.0,"key":"Meat on the Bone"},{"floor":47.0,"key":"Bird Faced Urn"}],"event_choices":[{"damage_healed":0.0,"max_hp_gain":0.0,"max_hp_loss":0.0,"gold_gain":0.0,"event_name":"Scrap Ooze","player_choice":"Success","floor":3.0,"gold_loss":0.0,"damage_taken":12.0,"relics_obtained":["Molten Egg 2"]},{"damage_healed":0.0,"max_hp_gain":0.0,"max_hp_loss":0.0,"gold_gain":0.0,"event_name":"Match and Keep!","player_choice":"2 cards matched","floor":4.0,"gold_loss":0.0,"damage_taken":0.0,"cards_obtained":["Neutralize","Good Instincts"]},{"cards_removed":["Defend_G"],"damage_healed":0.0,"max_hp_gain":0.0,"max_hp_loss":0.0,"gold_gain":0.0,"event_name":"Purifier","player_choice":"Purged","floor":12.0,"gold_loss":0.0,"damage_taken":0.0},{"damage_healed":0.0,"max_hp_gain":0.0,"max_hp_loss":0.0,"gold_gain":0.0,"event_name":"Ghosts","player_choice":"Ignored","floor":19.0,"gold_loss":0.0,"damage_taken":0.0},{"damage_healed":0.0,"max_hp_gain":0.0,"max_hp_loss":0.0,"gold_gain":0.0,"event_name":"Colosseum","player_choice":"Fight","floor":28.0,"gold_loss":0.0,"damage_taken":0.0},{"damage_healed":0.0,"max_hp_gain":0.0,"max_hp_loss":0.0,"gold_gain":0.0,"event_name":"Colosseum","player_choice":"Fled From Nobs","floor":28.0,"gold_loss":0.0,"damage_taken":0.0},{"damage_healed":0.0,"max_hp_gain":0.0,"max_hp_loss":0.0,"gold_gain":0.0,"event_name":"Winding Halls","player_choice":"Embrace Madness","floor":37.0,"gold_loss":0.0,"damage_taken":10.0,"cards_obtained":["Madness","Madness"]},{"damage_healed":0.0,"max_hp_gain":0.0,"max_hp_loss":0.0,"gold_gain":0.0,"event_name":"MindBloom","player_choice":"Fight","floor":39.0,"gold_loss":0.0,"damage_taken":0.0},{"damage_healed":0.0,"max_hp_gain":0.0,"max_hp_loss":0.0,"gold_gain":0.0,"event_name":"Tomb of Lord Red Mask","player_choice":"Ignored","floor":41.0,"gold_loss":0.0,"damage_taken":0.0},{"cards_removed":["Strike_G"],"damage_healed":0.0,"max_hp_gain":0.0,"max_hp_loss":0.0,"gold_gain":0.0,"event_name":"Purifier","player_choice":"Purged","floor":42.0,"gold_loss":0.0,"damage_taken":0.0}],"is_beta":false,"boss_relics":[{"not_picked":["Sozu","Coffee Dripper"],"picked":"SlaversCollar"},{"not_picked":["Velvet Choker","Empty Cage"],"picked":"SacredBark"}],"items_purged_floors":[],"is_endless":false,"potions_floor_spawned":[11,13,18,21,25,30,39,47],"ascension_level":13}}