{"host":"fkig9nrckec4xsh0","time":1610855940,"event":{"mods":["BaseMod","Colored Map","Minty Spire (QoL Compilation)","Quick Restart","Replay The Spire","StSLib"],"gold_per_floor":[53,53,88,88,48,48,74,114,114,141,195,315,384,21,21,143,243,285,285,285,175,215,215,215],"floor_reached":23,"language":"ENG","playtime":1009,"items_purged":["ReplayTheSpireMod:Doomed"],"score":358,"play_id":"f84995c8-aa95-4f1c-8fbc-39c48d7d1f36","local_time":"20210116225900","is_ascension_mode":true,"campfire_choices":[{"data":"Hemokinesis","floor":6,"key":"SMITH"},{"data":"Battle Trance","floor":15,"key":"SMITH"}],"circlet_count":0,"master_deck":["AscendersBane","Strike_R","Strike_R","Strike_R","Strike_R+1","Defend_R","Defend_R","Defend_R","Defend_R","Bash","HandOfGreed+1","Thunderclap","ReplayTheSpireMod:Muscle Training","Hemokinesis+1","Battle Trance+1","Ghostly Armor","Ghostly Armor","Reaper","Impervious","Flame Barrier"],"relics":["Burning Blood","Counterbalance","Magic Flower","Matryoshka","Quantum Egg","Pen Nib","ReplayTheSpireMod:CursedCoin","Mirror","ReplayTheSpireMod:Spearhead","Replay:Grab Bag","Cursed Key","Replay:Wanted Poster","SlaversCollar","Nilry\u0027s Codex"],"acts_visited":["Exordium","TheCity"],"potions_floor_usage":[7,16,22],"damage_taken":[{"damage":10,"enemies":"2 Louse","floor":1,"turns":4},{"damage":8,"enemies":"Jaw Worm","floor":3,"turns":4},{"damage":13,"enemies":"Lagavulin","floor":7,"turns":3},{"damage":3,"enemies":"Cultist","floor":8,"turns":3},{"damage":10,"enemies":"Gremlin Nob","floor":10,"turns":3},{"damage":20,"enemies":"Lots of Slimes","floor":12,"turns":10},{"damage":0,"enemies":"3 Louse","floor":13,"turns":6},{"damage":17,"enemies":"Slime Boss","floor":16,"turns":8},{"damage":5,"enemies":"Chosen","floor":18,"turns":6},{"damage":21,"enemies":"2 Thieves","floor":22,"turns":4},{"damage":48,"enemies":"Slavers","floor":23,"turns":4}],"seed_played":"2327035283277862940","potions_obtained":[{"floor":3,"key":"DistilledChaos"},{"floor":8,"key":"Milkshake"},{"floor":10,"key":"Energy Potion"},{"floor":12,"key":"Explosive Potion"}],"is_trial":false,"path_per_floor":["M","?","M","?","$","R","E","M","T","E","T","M","M","$","R","B",null,"M","?","?","?","M","E"],"character_chosen":"IRONCLAD","items_purchased":["Hemokinesis","ReplayTheSpireMod:CursedCoin","Mirror","ReplayTheSpireMod:Spearhead"],"campfire_rested":0,"item_purchase_floors":[5,14,14,14],"current_hp_per_floor":[64,64,62,62,62,62,55,58,58,57,57,46,55,55,55,65,73,75,75,54,54,48,0,0],"gold":215,"neow_bonus":"RANDOM_COLORLESS_2","is_daily":false,"chose_seed":false,"campfire_upgraded":2,"win_rate":0.0,"timestamp":1610855940,"path_taken":["M","?","M","?","$","R","E","M","T","E","?","?","M","?","R","BOSS","M","?","?","?","M","E"],"items_purchased_type":["Card","Relic","Relic","Relic"],"build_version":"2020-12-22","purchased_purges":1,"victory":false,"max_hp_per_floor":[75,75,75,75,75,75,75,75,75,75,75,75,75,75,75,75,75,75,75,75,75,75,75,75],"card_choices":[{"not_picked":["Midas Touch","Secret Weapon"],"picked":"HandOfGreed","floor":0},{"not_picked":["Clash","ReplayTheSpireMod:LeadingStrike"],"picked":"Thunderclap","floor":1},{"not_picked":["Sword Boomerang","ReplayTheSpireMod:Limb From Limb"],"picked":"ReplayTheSpireMod:Muscle Training","floor":3},{"not_picked":["Carnage","Rampage"],"picked":"Battle Trance","floor":7},{"not_picked":["True Grit","Flex"],"picked":"Ghostly Armor","floor":8},{"not_picked":["True Grit","Iron Wave"],"picked":"Ghostly Armor","floor":10},{"not_picked":["Anger","Evolve","Clash"],"picked":"SKIP","floor":12},{"not_picked":["Armaments","Flex"],"picked":"Reaper","floor":13},{"not_picked":["Limit Break","Hemogenesis"],"picked":"Impervious","floor":16},{"not_picked":["Whirlwind","Bloodletting"],"picked":"Flame Barrier","floor":18},{"not_picked":["Burning Pact","Life Link","Fire Breathing"],"picked":"SKIP","floor":22}],"player_experience":316959,"relics_obtained":[{"floor":7,"key":"Counterbalance"},{"floor":9,"key":"Magic Flower"},{"floor":10,"key":"Matryoshka"},{"floor":11,"key":"Quantum Egg"},{"floor":11,"key":"Pen Nib"},{"floor":20,"key":"Nilry\u0027s Codex"}],"event_choices":[{"damage_healed":0,"gold_gain":0,"player_choice":"Grow","damage_taken":0,"max_hp_gain":0,"max_hp_loss":0,"event_name":"Living Wall","floor":4,"gold_loss":0,"cards_upgraded":["HandOfGreed"]},{"damage_healed":0,"gold_gain":0,"player_choice":"Ignored","damage_taken":0,"max_hp_gain":0,"max_hp_loss":0,"event_name":"Ghosts","floor":19,"gold_loss":0},{"damage_healed":0,"gold_gain":0,"player_choice":"Obtained Book","damage_taken":21,"max_hp_gain":0,"max_hp_loss":0,"event_name":"Cursed Tome","floor":20,"gold_loss":0},{"cards_removed":["Strike_R"],"damage_healed":0,"gold_gain":0,"player_choice":"Upgrade and Remove","damage_taken":0,"max_hp_gain":0,"max_hp_loss":0,"event_name":"Designer","floor":21,"gold_loss":110,"cards_upgraded":["Strike_R"]}],"is_beta":false,"boss_relics":[{"not_picked":["Fusion Hammer","Abe\u0027s Treasure"],"picked":"Replay:Grab Bag"},{"not_picked":["Ectoplasm","ChewingGum"],"picked":"Cursed Key"},{"not_picked":["Busted Crown","Velvet Choker"],"picked":"Replay:Wanted Poster"},{"not_picked":["Ring of Chaos","Empty Cage"],"picked":"SlaversCollar"}],"items_purged_floors":[14],"is_endless":false,"potions_floor_spawned":[3,8,10,12],"killed_by":"Slavers","ascension_level":16}}