{"host":"8by3m8mve9y2rhh4","time":1610890455,"event":{"mods":["BaseMod","Minty Spire (QoL Compilation)","Quick Restart"],"gold_per_floor":[99,24,24,24,0,0,0,0,0,0,0,0,0,0,0,0,0,0,0,0,0,0,0,0,0,0,0,0,0,0,0,0,0,0,0,0,0,0,0,0,0,0,0,0,0,0,0,0,0,0,0,0,0,0,0,0],"floor_reached":55,"language":"ENG","playtime":2847,"items_purged":["Strike_G"],"score":944,"play_id":"dc0c21e9-92f5-439b-a035-3e8a0f3dc615","local_time":"20210117133415","is_ascension_mode":true,"campfire_choices":[{"data":"Envenom","floor":7,"key":"SMITH"},{"floor":15,"key":"REST"},{"floor":28,"key":"REST"},{"floor":32,"key":"REST"},{"floor":44,"key":"RECALL"},{"data":"Footwork","floor":47,"key":"SMITH"},{"data":"Neutralize","floor":49,"key":"SMITH"},{"data":"Caltrops","floor":52,"key":"SMITH"}],"circlet_count":0,"master_deck":["Strike_G","Strike_G","Defend_G","Defend_G","Defend_G","Defend_G","Defend_G","Survivor","Neutralize+1","All Out Attack","Dagger Throw","Footwork+1","Poisoned Stab","Envenom+1","Dagger Spray","Backflip","Dodge and Roll","Dodge and Roll","Quick Slash","Tools of the Trade","Riddle With Holes","Writhe","Footwork+1","Blade Dance+1","Poisoned Stab","Escape Plan+1","Escape Plan","Caltrops+1","Doppelganger","Terror+1","Footwork+1"],"relics":["Ectoplasm","MealTicket","Bronze Scales","Bag of Preparation","Smiling Mask","Sozu","Ancient Tea Set","Vajra","Blood Vial","Bottled Tornado","Art of War","Tiny Chest","Busted Crown","Shuriken","The Courier","Meat on the Bone","Bag of Marbles","Juzu Bracelet","Kunai"],"acts_visited":["Exordium","TheCity","TheBeyond","TheEnding"],"potions_floor_usage":[6,16,18,38],"damage_taken":[{"damage":0,"enemies":"Small Slimes","floor":1,"turns":4},{"damage":0,"enemies":"Jaw Worm","floor":3,"turns":4},{"damage":0,"enemies":"Cultist","floor":4,"turns":3},{"damage":3,"enemies":"Looter","floor":5,"turns":3},{"damage":12,"enemies":"Gremlin Nob","floor":6,"turns":4},{"damage":7,"enemies":"Blue Slaver","floor":11,"turns":3},{"damage":0,"enemies":"Lots of Slimes","floor":12,"turns":1},{"damage":3,"enemies":"Large Slime","floor":13,"turns":3},{"damage":6,"enemies":"3 Sentries","floor":14,"turns":5},{"damage":0,"enemies":"The Guardian","floor":16,"turns":10},{"damage":0,"enemies":"3 Byrds","floor":18,"turns":3},{"damage":0,"enemies":"Shell Parasite","floor":19,"turns":5},{"damage":10,"enemies":"Snecko","floor":22,"turns":6},{"damage":3,"enemies":"Gremlin Leader","floor":23,"turns":9},{"damage":11,"enemies":"Snake Plant","floor":24,"turns":3},{"damage":15,"enemies":"Slavers","floor":25,"turns":5},{"damage":24,"enemies":"Book of Stabbing","floor":27,"turns":5},{"damage":0,"enemies":"Chosen and Byrds","floor":29,"turns":5},{"damage":0,"enemies":"Gremlin Leader","floor":30,"turns":6},{"damage":15,"enemies":"Collector","floor":33,"turns":10},{"damage":5,"enemies":"Orb Walker","floor":35,"turns":3},{"damage":2,"enemies":"3 Shapes","floor":37,"turns":4},{"damage":4,"enemies":"Sphere and 2 Shapes","floor":38,"turns":5},{"damage":14,"enemies":"4 Shapes","floor":39,"turns":4},{"damage":6,"enemies":"Reptomancer","floor":40,"turns":7},{"damage":2,"enemies":"Giant Head","floor":42,"turns":6},{"damage":0,"enemies":"Nemesis","floor":46,"turns":5},{"damage":0,"enemies":"Maw","floor":48,"turns":6},{"damage":37,"enemies":"Donu and Deca","floor":50,"turns":10},{"damage":59,"enemies":"Shield and Spear","floor":54,"turns":7},{"damage":51,"enemies":"The Heart","floor":55,"turns":2}],"seed_played":"-6281321251894911491","potions_obtained":[{"floor":1,"key":"SmokeBomb"},{"floor":3,"key":"Explosive Potion"},{"floor":5,"key":"DistilledChaos"},{"floor":11,"key":"Ancient Potion"},{"floor":12,"key":"AttackPotion"}],"is_trial":false,"path_per_floor":["M","$","M","M","M","E","R","?","T","?","M","M","M","E","R","B",null,"M","M","?","T","M","E","M","E","T","E","R","M","E","?","R","B",null,"M","?","M","M","M","E","T","E","T","R","$","E","R","M","R","B",null,"R","$","E","B"],"character_chosen":"THE_SILENT","items_purchased":[],"campfire_rested":3,"item_purchase_floors":[],"current_hp_per_floor":[70,70,70,70,67,55,55,55,55,52,45,45,42,36,57,57,70,70,70,70,70,60,57,46,31,31,9,30,32,34,34,55,42,70,65,65,65,63,51,47,47,47,47,47,62,64,64,66,66,43,70,70,70,23,0,0],"gold":0,"neow_bonus":"BOSS_RELIC","is_daily":false,"chose_seed":false,"campfire_upgraded":4,"win_rate":0.0,"timestamp":1610890455,"path_taken":["M","$","M","M","M","E","R","?","T","?","M","M","M","E","R","BOSS","M","M","?","?","M","E","M","E","T","E","R","?","E","?","R","BOSS","M","?","M","M","?","E","?","E","T","R","$","E","R","M","R","BOSS","R","$","E","BOSS"],"items_purchased_type":[],"build_version":"2020-12-22","purchased_purges":1,"victory":false,"max_hp_per_floor":[70,70,70,70,70,70,70,70,70,70,70,70,70,70,70,70,70,70,70,70,70,70,70,70,70,70,70,70,70,70,70,70,70,70,70,70,70,70,70,70,70,70,70,70,70,70,70,70,70,70,70,70,70,70,70,70],"card_choices":[{"not_picked":["Catalyst","Quick Slash"],"picked":"All Out Attack","floor":1},{"not_picked":["Prepared","Setup"],"picked":"Dagger Throw","floor":3},{"not_picked":["Dagger Spray","Envenom"],"picked":"Footwork","floor":4},{"not_picked":["Backflip","Leg Sweep"],"picked":"Poisoned Stab","floor":5},{"not_picked":["Slice","Choke"],"picked":"Envenom","floor":6},{"not_picked":["Outmaneuver","Quick Slash"],"picked":"Backflip","floor":11},{"not_picked":["Heel Hook","Slice"],"picked":"Dodge and Roll","floor":12},{"not_picked":["Deadly Poison","Acrobatics"],"picked":"Dodge and Roll","floor":13},{"not_picked":["Underhanded Strike","Distraction"],"picked":"Quick Slash","floor":14},{"not_picked":["Glass Knife","Grand Finale"],"picked":"Tools of the Trade","floor":16},{"not_picked":["Slice","Reflex","Backflip"],"picked":"SKIP","floor":18},{"not_picked":["Flying Knee","Dagger Throw"],"picked":"Riddle With Holes","floor":19},{"not_picked":["Crippling Poison","Quick Slash"],"picked":"Footwork+1","floor":22},{"not_picked":["Dagger Throw","Outmaneuver"],"picked":"Blade Dance+1","floor":23},{"not_picked":["Flying Knee+1","Dash"],"picked":"Poisoned Stab","floor":24},{"not_picked":["Concentrate","Dagger Spray"],"picked":"Escape Plan+1","floor":25},{"not_picked":["A Thousand Cuts","Dodge and Roll"],"picked":"Escape Plan","floor":27},{"not_picked":["Well Laid Plans","Dagger Throw","Heel Hook"],"picked":"SKIP","floor":29},{"not_picked":["Crippling Poison","Dash"],"picked":"Caltrops","floor":30},{"not_picked":["Storm of Steel","Unload"],"picked":"Doppelganger","floor":33},{"not_picked":[],"picked":"Terror+1","floor":35},{"not_picked":["Tactician+1"],"picked":"SKIP","floor":37},{"not_picked":["Poisoned Stab"],"picked":"SKIP","floor":38},{"not_picked":["Finisher"],"picked":"SKIP","floor":39},{"not_picked":["PiercingWail"],"picked":"SKIP","floor":40},{"not_picked":[],"picked":"Footwork+1","floor":42},{"not_picked":["Tactician"],"picked":"SKIP","floor":46},{"not_picked":["Poisoned Stab+1"],"picked":"SKIP","floor":48},{"not_picked":["PiercingWail"],"picked":"SKIP","floor":54}],"player_experience":707859,"relics_obtained":[{"floor":6,"key":"MealTicket"},{"floor":9,"key":"Bronze Scales"},{"floor":14,"key":"Smiling Mask"},{"floor":23,"key":"Vajra"},{"floor":25,"key":"Blood Vial"},{"floor":26,"key":"Bottled Tornado"},{"floor":27,"key":"Art of War"},{"floor":30,"key":"Tiny Chest"},{"floor":40,"key":"Shuriken"},{"floor":41,"key":"The Courier"},{"floor":42,"key":"Meat on the Bone"},{"floor":43,"key":"Bag of Marbles"},{"floor":46,"key":"Juzu Bracelet"},{"floor":54,"key":"Kunai"}],"event_choices":[{"damage_healed":0,"gold_gain":0,"cards_transformed":["Strike_G"],"player_choice":"Change","damage_taken":0,"max_hp_gain":0,"max_hp_loss":0,"event_name":"Living Wall","floor":8,"gold_loss":0,"cards_obtained":["Dagger Spray"]},{"damage_healed":0,"gold_gain":0,"player_choice":"Success","damage_taken":3,"relics_obtained":["Bag of Preparation"],"max_hp_gain":0,"max_hp_loss":0,"event_name":"Scrap Ooze","floor":10,"gold_loss":0},{"damage_healed":0,"gold_gain":0,"player_choice":"Opened","damage_taken":0,"relics_obtained":["Ancient Tea Set"],"max_hp_gain":0,"max_hp_loss":0,"event_name":"The Mausoleum","floor":20,"gold_loss":0,"cards_obtained":["Writhe"]},{"damage_healed":0,"gold_gain":99,"player_choice":"Stole From Cult","damage_taken":0,"max_hp_gain":0,"max_hp_loss":0,"event_name":"Nest","floor":31,"gold_loss":0},{"cards_removed":["Strike_G"],"damage_healed":0,"gold_gain":0,"player_choice":"Purged","damage_taken":0,"max_hp_gain":0,"max_hp_loss":0,"event_name":"Purifier","floor":36,"gold_loss":0}],"is_beta":false,"boss_relics":[{"not_picked":["Snecko Eye","Pandora\u0027s Box"],"picked":"Sozu"},{"not_picked":["Velvet Choker","HoveringKite"],"picked":"Busted Crown"}],"items_purged_floors":[2],"is_endless":false,"potions_floor_spawned":[1,3,5,11,12,19,25,27,33,38,40,42,48,54],"killed_by":"The Heart","ascension_level":1}}