{"host":"640uue19m79c7wbt","time":1610926618,"event":{"mods":["BaseMod","Colored Map","Googly Eyes","Highlight Path","Minty Spire (QoL Compilation)","Quick Restart","StSLib"],"gold_per_floor":[116,191,191,206,381,410,410,441,441,458,458,473,20,40,40,144,144,160,172,185,196,121,121,151,151,177,177,177,177,208,53,53,156,156,168,218,264,264,279,312,312,324,324,34,34,34,47,65,65,65],"floor_reached":51,"language":"ENG","playtime":2121,"items_purged":["Doubt","Writhe"],"score":1217,"play_id":"a63c0139-1a25-4600-b5db-2261066db458","local_time":"20210117183658","is_ascension_mode":true,"campfire_choices":[{"data":"Accuracy","floor":7.0,"key":"SMITH"},{"floor":15.0,"key":"REST"},{"data":"Envenom","floor":23.0,"key":"SMITH"},{"floor":25,"key":"REST"},{"data":"Cloak And Dagger","floor":29,"key":"SMITH"},{"data":"Well Laid Plans","floor":32,"key":"SMITH"},{"floor":46,"key":"REST"},{"data":"After Image","floor":49,"key":"SMITH"}],"circlet_count":0,"master_deck":["AscendersBane","Strike_G","Defend_G","Defend_G","Defend_G","Defend_G","Defend_G","Survivor","Neutralize","Blade Dance","PiercingWail","Accuracy+1","Blade Dance","Backstab","Cloak And Dagger+1","Burst","Noxious Fumes+1","Bullet Time+1","Accuracy+1","Envenom+1","Accuracy","Well Laid Plans+1","After Image+1","CurseOfTheBell","Terror+1","Storm of Steel","Sadistic Nature","Neutralize","Infinite Blades+1"],"relics":["Ring of the Snake","NeowsBlessing","White Beast Statue","Shuriken","Singing Bowl","Du-Vu Doll","FossilizedHelix","Bag of Marbles","Astrolabe","HornCleat","Centennial Puzzle","Thread and Needle","Snake Skull","Calling Bell","Regal Pillow","Question Card","Torii","The Specimen","Matryoshka","Orichalcum","Oddly Smooth Stone"],"acts_visited":["Exordium","TheCity","TheBeyond"],"potions_floor_usage":[24,24,33,35,40,40,42,47,50,50],"damage_taken":[{"damage":0.0,"enemies":"2 Louse","floor":1.0,"turns":1.0},{"damage":0.0,"enemies":"Jaw Worm","floor":4.0,"turns":1.0},{"damage":0.0,"enemies":"Lagavulin","floor":6.0,"turns":1.0},{"damage":33.0,"enemies":"Gremlin Nob","floor":8.0,"turns":6.0},{"damage":1.0,"enemies":"Cultist","floor":10.0,"turns":3.0},{"damage":0.0,"enemies":"Gremlin Gang","floor":12.0,"turns":2.0},{"damage":0.0,"enemies":"Large Slime","floor":14.0,"turns":1.0},{"damage":17.0,"enemies":"The Guardian","floor":16.0,"turns":10.0},{"damage":0.0,"enemies":"2 Thieves","floor":18.0,"turns":3.0},{"damage":0.0,"enemies":"3 Byrds","floor":19.0,"turns":6.0},{"damage":0.0,"enemies":"Shelled Parasite and Fungi","floor":20.0,"turns":4.0},{"damage":12.0,"enemies":"Snecko","floor":21.0,"turns":4.0},{"damage":22,"enemies":"Book of Stabbing","floor":24,"turns":7},{"damage":13,"enemies":"Gremlin Leader","floor":30,"turns":3},{"damage":3,"enemies":"Champ","floor":33,"turns":6},{"damage":0,"enemies":"3 Shapes","floor":35,"turns":4},{"damage":0,"enemies":"Mind Bloom Boss Battle","floor":36,"turns":7},{"damage":10,"enemies":"2 Orb Walkers","floor":37,"turns":5},{"damage":0,"enemies":"Orb Walker","floor":39,"turns":2},{"damage":28,"enemies":"Reptomancer","floor":40,"turns":5},{"damage":15,"enemies":"Writhing Mass","floor":42,"turns":5},{"damage":0,"enemies":"3 Darklings","floor":47,"turns":3},{"damage":0,"enemies":"Sphere and 2 Shapes","floor":48,"turns":6},{"damage":28,"enemies":"Time Eater","floor":50,"turns":9}],"seed_played":"5851172138137254287","potions_obtained":[{"floor":1.0,"key":"Dexterity Potion"},{"floor":4.0,"key":"Fire Potion"},{"floor":8.0,"key":"DuplicationPotion"},{"floor":12.0,"key":"Dexterity Potion"},{"floor":16.0,"key":"Dexterity Potion"},{"floor":18.0,"key":"GhostInAJar"},{"floor":19.0,"key":"Energy Potion"},{"floor":20.0,"key":"Fruit Juice"},{"floor":21.0,"key":"SpeedPotion"},{"floor":24,"key":"Fire Potion"},{"floor":30,"key":"CultistPotion"},{"floor":33,"key":"DistilledChaos"},{"floor":35,"key":"Explosive Potion"},{"floor":40,"key":"LiquidBronze"},{"floor":42,"key":"CunningPotion"},{"floor":47,"key":"Energy Potion"},{"floor":48,"key":"SpeedPotion"}],"is_trial":false,"path_per_floor":["M","?","?","M","?","E","R","E","T","M","T","M","$","M","R","B",null,"M","M","M","M","$","R","E","R","T","?","?","R","E","$","R","B",null,"M","?","?","?","M","E","?","M","T","$","?","R","M","M","R","B",null],"character_chosen":"THE_SILENT","items_purchased":["FossilizedHelix","Bag of Marbles","Snake Skull","Sadistic Nature"],"campfire_rested":3,"item_purchase_floors":[13,13,31,44],"current_hp_per_floor":[63,52,45,45,45,45,45,12,12,11,11,11,11,13,34,17,58,60,62,69,57,57,57,35,59,59,83,83,83,70,70,70,67,79,81,83,73,73,75,47,69,56,56,56,56,91,93,93,93,65],"gold":65,"neow_bonus":"THREE_ENEMY_KILL","is_daily":false,"chose_seed":false,"campfire_upgraded":5,"win_rate":0.0,"timestamp":1610926618,"path_taken":["M","?","?","M","?","E","R","E","T","?","?","M","?","M","R","BOSS","M","?","M","M","$","R","E","R","T","?","?","R","E","$","R","BOSS","M","?","?","?","?","E","?","M","T","$","?","R","?","M","R","BOSS"],"items_purchased_type":["Relic","Relic","Relic","Card"],"build_version":"2020-12-22","purchased_purges":2,"victory":true,"max_hp_per_floor":[70,70,70,70,70,70,70,70,70,70,70,70,70,72,72,72,72,74,76,83,83,83,83,83,83,83,83,83,83,83,83,83,83,83,85,87,87,87,89,89,89,91,91,91,91,91,93,93,93,93],"card_choices":[{"not_picked":["Slice","Quick Slash"],"picked":"Blade Dance","floor":1.0},{"not_picked":["Bouncing Flask","Outmaneuver"],"picked":"PiercingWail","floor":4.0},{"not_picked":["Dagger Spray","Cloak And Dagger"],"picked":"Accuracy","floor":6.0},{"not_picked":["Noxious Fumes","Bane"],"picked":"Blade Dance","floor":8.0},{"not_picked":["Slice","Bane"],"picked":"Backstab","floor":10.0},{"not_picked":["Dagger Throw","Dagger Spray"],"picked":"Cloak And Dagger","floor":12.0},{"not_picked":["Doppelganger","Slice","Underhanded Strike"],"picked":"Singing Bowl","floor":14.0},{"not_picked":["Night Terror","Malaise"],"picked":"Burst","floor":16.0},{"not_picked":["Distraction+1","Poisoned Stab","Dodge and Roll"],"picked":"Singing Bowl","floor":18.0},{"not_picked":["Deflect+1","Dagger Throw","Acrobatics"],"picked":"Singing Bowl","floor":19.0},{"not_picked":["PiercingWail","Prepared+1","Slice"],"picked":"Singing Bowl","floor":20.0},{"not_picked":["Bane","Dagger Spray"],"picked":"Envenom","floor":21.0},{"not_picked":["Flying Knee","Backflip"],"picked":"Accuracy","floor":24},{"not_picked":["Sucker Punch","Dash+1"],"picked":"Well Laid Plans","floor":30},{"not_picked":["Bullet Time","Phantasmal Killer"],"picked":"After Image","floor":33},{"not_picked":["Backflip+1","Outmaneuver+1","Flying Knee","Heel Hook+1"],"picked":"Singing Bowl","floor":35},{"not_picked":["Quick Slash","Poisoned Stab","Deadly Poison","Deflect+1"],"picked":"Singing Bowl","floor":36},{"not_picked":["Blade Dance","Catalyst","Outmaneuver"],"picked":"Terror+1","floor":37},{"not_picked":["Tools of the Trade","Prepared","Dodge and Roll","Skewer"],"picked":"Singing Bowl","floor":39},{"not_picked":["Die Die Die","Prepared","Cloak And Dagger+1"],"picked":"Storm of Steel","floor":40},{"not_picked":["Prepared","All Out Attack","Dagger Spray","Distraction+1"],"picked":"Singing Bowl","floor":42},{"not_picked":["Backflip","Quick Slash","PiercingWail","Prepared+1"],"picked":"Singing Bowl","floor":47},{"not_picked":["Poisoned Stab","Predator","Dagger Throw"],"picked":"Infinite Blades+1","floor":48}],"player_experience":603044,"relics_obtained":[{"floor":6.0,"key":"White Beast Statue"},{"floor":8.0,"key":"Shuriken"},{"floor":9.0,"key":"Singing Bowl"},{"floor":11.0,"key":"Du-Vu Doll"},{"floor":24,"key":"HornCleat"},{"floor":26,"key":"Centennial Puzzle"},{"floor":30,"key":"Thread and Needle"},{"floor":34,"key":"Regal Pillow"},{"floor":34,"key":"Question Card"},{"floor":34,"key":"Torii"},{"floor":37,"key":"The Specimen"},{"floor":40,"key":"Matryoshka"},{"floor":43,"key":"Orichalcum"},{"floor":43,"key":"Oddly Smooth Stone"}],"event_choices":[{"damage_healed":0.0,"max_hp_gain":0.0,"max_hp_loss":0.0,"gold_gain":75.0,"event_name":"World of Goop","player_choice":"Gather Gold","floor":2.0,"gold_loss":0.0,"damage_taken":11.0},{"cards_removed":["Strike_G"],"damage_healed":0.0,"max_hp_gain":0.0,"max_hp_loss":0.0,"gold_gain":0.0,"event_name":"Golden Wing","player_choice":"Card Removal","floor":3.0,"gold_loss":0.0,"damage_taken":7.0},{"damage_healed":0.0,"max_hp_gain":0.0,"max_hp_loss":0.0,"gold_gain":175.0,"event_name":"Liars Game","player_choice":"AGREE","floor":5.0,"gold_loss":0.0,"damage_taken":0.0,"cards_obtained":["Doubt"]},{"damage_healed":27,"gold_gain":0,"player_choice":"Heal","damage_taken":0,"max_hp_gain":0,"max_hp_loss":0,"event_name":"The Library","floor":27,"gold_loss":0},{"damage_healed":0,"gold_gain":0,"player_choice":"Ignored","damage_taken":0,"max_hp_gain":0,"max_hp_loss":0,"event_name":"Ghosts","floor":28,"gold_loss":0},{"damage_healed":0,"gold_gain":0,"player_choice":"Fight","damage_taken":0,"max_hp_gain":0,"max_hp_loss":0,"event_name":"MindBloom","floor":36,"gold_loss":0},{"damage_healed":0,"gold_gain":0,"player_choice":"Fight","damage_taken":0,"max_hp_gain":0,"max_hp_loss":0,"event_name":"Mysterious Sphere","floor":37,"gold_loss":0},{"damage_healed":0,"gold_gain":0,"player_choice":"Ignored","damage_taken":0,"max_hp_gain":0,"max_hp_loss":0,"event_name":"Tomb of Lord Red Mask","floor":38,"gold_loss":0},{"damage_healed":22,"gold_gain":0,"player_choice":"Writhe","damage_taken":0,"max_hp_gain":0,"max_hp_loss":0,"event_name":"Winding Halls","floor":41,"gold_loss":0,"cards_obtained":["Writhe"]},{"damage_healed":0,"gold_gain":0,"player_choice":"1 cards matched","damage_taken":0,"max_hp_gain":0,"max_hp_loss":0,"event_name":"Match and Keep!","floor":45,"gold_loss":0,"cards_obtained":["Neutralize"]}],"is_beta":false,"boss_relics":[{"not_picked":["Black Star","Cursed Key"],"picked":"Astrolabe"},{"not_picked":["Fusion Hammer","Velvet Choker"],"picked":"Calling Bell"}],"items_purged_floors":[22,44],"is_endless":false,"potions_floor_spawned":[1,4,8,10,12,14,16,18,19,20,21,24,30,33,35,36,37,39,40,42,47,48],"ascension_level":12}}