{"host":"dr5ef424til0p8zn","time":1610915218,"event":{"mods":["2.2 Compatiblity","Act Like it!","BaseMod","Better Skull","Downfall","Gremlin Skip","Hallownest","Hermit","Minty Spire (QoL Compilation)","Shade Mod","StSLib","Td1madao Mod","The Bug Knight","The Hierophant","The Marked"],"gold_per_floor":[115,134,153,153,200,227,227,244,244,263,283,283,313,326,326,326,326],"floor_reached":16,"language":"ENG","playtime":1840,"items_purged":[],"score":114,"play_id":"cda856f2-8abe-4419-aabe-558db3a0d270","local_time":"20210117212658","is_ascension_mode":false,"campfire_choices":[{"data":"1","floor":12,"key":"LIFT"},{"data":"HollowMod:GrimmsGift","floor":15,"key":"SMITH"}],"circlet_count":0,"master_deck":["HollowMod:NailStrikeStart","HollowMod:NailStrikeStart","HollowMod:NailStrikeStart","HollowMod:NailStrikeStart","HollowMod:QuickDashStart","HollowMod:QuickDashStart+1","HollowMod:QuickDashStart+1","HollowMod:QuickDashStart","HollowMod:FocusHealStart","HollowMod:PogoStrike","HollowMod:CloakDash","HollowMod:MothsMistake","HollowMod:TaintedHusks","HollowMod:SoulStrike","HollowMod:MantisMark","HollowMod:GrimmsGift+1","HollowMod:ChannelNail"],"relics":["HollowMod:VesselMask","War Paint","StrikeDummy","Girya","Ginger"],"acts_visited":["Hallownest:Greenpath"],"potions_floor_usage":[6,11,13,16],"damage_taken":[{"damage":0,"enemies":"Hallownest:monsterHuskWarrior","floor":1,"turns":5},{"damage":0,"enemies":"Hallownest:2_MossCreeps","floor":2,"turns":4},{"damage":0,"enemies":"2_ Uuma","floor":3,"turns":5},{"damage":33,"enemies":"Hallownest:eliteCrystalGuardian","floor":6,"turns":9},{"damage":1,"enemies":"Hallownest:2_Tiktiks_1_Baldur_1_Crawlid","floor":8,"turns":5},{"damage":3,"enemies":"Hallownest:Wandering_and_Horned","floor":10,"turns":5},{"damage":5,"enemies":"Hallownest:Guard_and_Warrior","floor":11,"turns":5},{"damage":10,"enemies":"Hallownest:eliteMossKnight","floor":13,"turns":9},{"damage":9,"enemies":"Hallownest:1_Ooma_and_2_Uuma","floor":14,"turns":4},{"damage":68,"enemies":"Hallownest:BossHornet","floor":16,"turns":8}],"seed_played":"8655802124805299599","potions_obtained":[{"floor":2,"key":"Guardian:BlockOnCardUsePotion"},{"floor":10,"key":"Block Potion"},{"floor":11,"key":"champ:CounterPotion"},{"floor":14,"key":"LiquidMemories"}],"is_trial":false,"path_per_floor":["M","M","M","?","?","E","?","M","T","M","M","R","E","M","R","B"],"character_chosen":"THE_BUGKNIGHT","items_purchased":[],"campfire_rested":0,"item_purchase_floors":[],"current_hp_per_floor":[75,75,75,66,66,44,43,48,48,55,56,56,58,55,55,0,0],"gold":326,"neow_bonus":"RANDOM_COMMON_RELIC","is_daily":false,"chose_seed":false,"campfire_upgraded":1,"win_rate":0.0,"timestamp":1610915218,"path_taken":["M","M","M","?","?","E","?","?","T","M","M","R","E","M","R","BOSS"],"items_purchased_type":[],"build_version":"2020-12-22","purchased_purges":0,"victory":false,"max_hp_per_floor":[75,75,75,75,75,75,75,75,75,75,75,75,75,75,75,75,75],"card_choices":[{"not_picked":["HollowMod:SiblingsSouls","HollowMod:VengefulSpirit"],"picked":"HollowMod:CloakDash","floor":1},{"not_picked":["HollowMod:DesolateDive","HollowMod:CoiledNail"],"picked":"HollowMod:MothsMistake","floor":2},{"not_picked":["HollowMod:DashSlash","HollowMod:VengefulVoid"],"picked":"HollowMod:TaintedHusks","floor":3},{"not_picked":["HollowMod:ChannelNail","HollowMod:NewInfectedGuardian"],"picked":"HollowMod:SoulStrike","floor":6},{"not_picked":["HollowMod:SoulVessel","HollowMod:MantisMark","HollowMod:TaintedHusks"],"picked":"SKIP","floor":8},{"not_picked":["HollowMod:WraithStrike","HollowMod:SiblingsShadow"],"picked":"HollowMod:MantisMark","floor":10},{"not_picked":["HollowMod:GreatSlash","HollowMod:SiblingsSouls"],"picked":"HollowMod:GrimmsGift","floor":11},{"not_picked":["HollowMod:WraithStrike","HollowMod:LifebloodCocoon"],"picked":"HollowMod:ChannelNail","floor":13},{"not_picked":["HollowMod:NewLittleFool","HollowMod:CycloneSlash","HollowMod:SoulStrike"],"picked":"SKIP","floor":14}],"player_experience":510330,"relics_obtained":[{"floor":6,"key":"StrikeDummy"},{"floor":9,"key":"Girya"},{"floor":13,"key":"Ginger"}],"event_choices":[{"damage_healed":0,"gold_gain":0,"player_choice":"","damage_taken":1,"relics_obtained":[],"max_hp_gain":0,"max_hp_loss":0,"event_name":"betterSkull:BetterSkull","floor":7,"gold_loss":0,"cards_upgraded":[]}],"is_beta":false,"boss_relics":[],"items_purged_floors":[],"is_endless":false,"potions_floor_spawned":[2,10,11,14],"killed_by":"Hallownest:BossHornet","ascension_level":0}}