{"host":"nj4msrt0z6tj4wtb","time":1610886354,"event":{"mods":["AchievementEnabler","BaseMod","Colored Map","Colored Powertips","DeckTracker","Highlight Path","Minty Spire (QoL Compilation)","Quick Restart","Random Character Button","StSLib","SuperFastMode"],"gold_per_floor":[118,130,146,96,112,112,129,164,217,234,261,95,95,95],"floor_reached":13,"language":"KOR","playtime":510,"items_purged":["Strike_G"],"score":116,"play_id":"d853ffed-3ea9-45b4-908d-9d074d9b618e","local_time":"20210117212554","is_ascension_mode":true,"campfire_choices":[{"data":"Calculated Gamble","floor":6,"key":"SMITH"}],"circlet_count":0,"master_deck":["Strike_G","Strike_G","Strike_G","Defend_G","Defend_G","Defend_G","Defend_G","Defend_G","Survivor","Neutralize","Underhanded Strike","Deadly Poison","Calculated Gamble+1","Backflip","Deadly Poison","Acrobatics","Glass Knife","Deep Breath"],"relics":["Ring of the Snake","NeowsBlessing","Question Card","Lantern","Gremlin Horn"],"acts_visited":["Exordium"],"potions_floor_usage":[11,13],"damage_taken":[{"damage":0,"enemies":"Cultist","floor":1,"turns":1},{"damage":0,"enemies":"Small Slimes","floor":2,"turns":1},{"damage":0,"enemies":"2 Louse","floor":3,"turns":1},{"damage":7,"enemies":"Looter","floor":5,"turns":4},{"damage":0,"enemies":"Blue Slaver","floor":7,"turns":4},{"damage":29,"enemies":"3 Sentries","floor":8,"turns":11},{"damage":7,"enemies":"3 Louse","floor":10,"turns":4},{"damage":25,"enemies":"Lagavulin","floor":11,"turns":6},{"damage":2,"enemies":"3 Sentries","floor":13,"turns":2}],"seed_played":"5071892152544613124","potions_obtained":[{"floor":3,"key":"LiquidBronze"},{"floor":7,"key":"SneckoOil"},{"floor":10,"key":"Weak Potion"}],"is_trial":false,"path_per_floor":["M","M","M","?","M","R","M","E","T","M","E","$","E"],"character_chosen":"THE_SILENT","items_purchased":["Deep Breath"],"campfire_rested":0,"item_purchase_floors":[12],"current_hp_per_floor":[70,70,70,70,63,63,63,34,34,27,2,2,0,0],"gold":95,"neow_bonus":"THREE_ENEMY_KILL","is_daily":false,"chose_seed":false,"campfire_upgraded":1,"win_rate":0.0,"timestamp":1610886354,"path_taken":["M","M","M","?","M","R","M","E","T","M","E","$","E"],"items_purchased_type":["Card"],"build_version":"2020-12-22","purchased_purges":1,"victory":false,"max_hp_per_floor":[70,70,70,70,70,70,70,70,70,70,70,70,70,70],"card_choices":[{"not_picked":["Caltrops","Eviscerate"],"picked":"Underhanded Strike","floor":1},{"not_picked":["Concentrate","Sucker Punch"],"picked":"Deadly Poison","floor":2},{"not_picked":["Outmaneuver","All Out Attack"],"picked":"Calculated Gamble","floor":3},{"not_picked":["Endless Agony","Masterful Stab"],"picked":"Backflip","floor":5},{"not_picked":["Riddle With Holes","Outmaneuver"],"picked":"Deadly Poison","floor":7},{"not_picked":["Well Laid Plans","Cloak And Dagger"],"picked":"Acrobatics","floor":8},{"not_picked":["Backflip","Outmaneuver","Skewer"],"picked":"Glass Knife","floor":10},{"not_picked":["Prepared","Eviscerate","Endless Agony","Dodge and Roll"],"picked":"SKIP","floor":11}],"player_experience":634393,"relics_obtained":[{"floor":8,"key":"Question Card"},{"floor":9,"key":"Lantern"},{"floor":11,"key":"Gremlin Horn"}],"event_choices":[{"cards_removed":["Strike_G"],"damage_healed":0,"gold_gain":0,"player_choice":"Card Removal","damage_taken":0,"max_hp_gain":0,"max_hp_loss":0,"event_name":"The Cleric","floor":4,"gold_loss":50}],"is_beta":false,"boss_relics":[],"items_purged_floors":[12],"is_endless":false,"potions_floor_spawned":[3,7,10],"killed_by":"3 Sentries","ascension_level":4}}