{"host":"h4qgcirtxz6qax9j","time":1610884933,"event":{"mods":["AchievementEnabler","BaseMod","Colored Powertips","Hermit","Minty Spire (QoL Compilation)","StSLib","SuperFastMode","The Servant 0.9.4"],"gold_per_floor":[112,127,138,151,101,101,129,94,141,141,158,171,124,144,144,144,144],"floor_reached":16,"language":"KOR","playtime":484,"items_purged":[],"score":104,"play_id":"565b8287-3956-4ccc-804e-9cb949abffb6","local_time":"20210117210213","is_ascension_mode":false,"campfire_choices":[{"data":"hermit:CalledShot","floor":6,"key":"SMITH"},{"data":"hermit:CalledShot","floor":15,"key":"SMITH"}],"circlet_count":0,"master_deck":["hermit:Strike_Hermit","hermit:Strike_Hermit","hermit:Strike_Hermit","hermit:Strike_Hermit","hermit:Defend_Hermit","hermit:Defend_Hermit","hermit:Defend_Hermit","hermit:Defend_Hermit","hermit:Snapshot","hermit:Covet","hermit:Desperado","hermit:HoleUp","hermit:TrackingShot","hermit:BigShot","hermit:CalledShot+1","hermit:CalledShot+1","hermit:Snipe","hermit:CalledShot"],"relics":["hermit:Momento","NeowsBlessing","HornCleat","Akabeko"],"acts_visited":["Exordium"],"potions_floor_usage":[11],"damage_taken":[{"damage":0,"enemies":"2 Louse","floor":1,"turns":2},{"damage":0,"enemies":"Small Slimes","floor":2,"turns":1},{"damage":0,"enemies":"Cultist","floor":3,"turns":1},{"damage":13,"enemies":"Exordium Thugs","floor":4,"turns":5},{"damage":36,"enemies":"3 Sentries","floor":7,"turns":7},{"damage":0,"enemies":"3 Louse","floor":11,"turns":3},{"damage":0,"enemies":"2 Fungi Beasts","floor":12,"turns":3},{"damage":0,"enemies":"Large Slime","floor":14,"turns":6},{"damage":44,"enemies":"Hexaghost","floor":16,"turns":9}],"seed_played":"-5353792772221164346","potions_obtained":[{"floor":3,"key":"Explosive Potion"},{"floor":10,"key":"hermit:Tonic"},{"floor":10,"key":"AttackPotion"},{"floor":12,"key":"SneckoOil"},{"floor":14,"key":"CultistPotion"}],"is_trial":false,"path_per_floor":["M","M","M","M","$","R","E","?","T","?","M","M","$","M","R","B"],"character_chosen":"HERMIT","items_purchased":["hermit:CalledShot","hermit:Snipe"],"campfire_rested":0,"item_purchase_floors":[5,13],"current_hp_per_floor":[75,75,75,62,62,62,26,44,44,44,44,44,44,44,44,0,0],"gold":144,"neow_bonus":"THREE_ENEMY_KILL","is_daily":false,"chose_seed":false,"campfire_upgraded":2,"win_rate":0.0,"timestamp":1610884933,"path_taken":["M","M","M","M","$","R","E","?","T","?","M","?","$","M","R","BOSS"],"items_purchased_type":["Card","Card"],"build_version":"2020-12-22","purchased_purges":0,"victory":false,"max_hp_per_floor":[75,75,75,75,75,75,75,75,75,75,75,75,75,75,75,75,75],"card_choices":[{"not_picked":["hermit:Coalescence","hermit:Quickdraw"],"picked":"hermit:Desperado","floor":1},{"not_picked":["hermit:Glare","hermit:Virtue"],"picked":"hermit:HoleUp","floor":2},{"not_picked":["hermit:Quickdraw","hermit:Feint"],"picked":"hermit:TrackingShot","floor":3},{"not_picked":["hermit:Grudge","hermit:ShadowCloak"],"picked":"hermit:BigShot","floor":4},{"not_picked":["hermit:Quickdraw","hermit:CursedWeapon","hermit:LowProfile"],"picked":"SKIP","floor":7},{"not_picked":["hermit:Desperado","hermit:Adapt"],"picked":"hermit:CalledShot","floor":11},{"not_picked":["hermit:Spite","hermit:Feint","hermit:Roulette"],"picked":"SKIP","floor":12},{"not_picked":["hermit:Glare","hermit:Roulette"],"picked":"hermit:CalledShot","floor":14}],"player_experience":51322,"relics_obtained":[{"floor":7,"key":"HornCleat"},{"floor":9,"key":"Akabeko"}],"event_choices":[{"damage_healed":18,"gold_gain":0,"player_choice":"Healed","damage_taken":0,"max_hp_gain":0,"max_hp_loss":0,"event_name":"The Cleric","floor":8,"gold_loss":35},{"damage_healed":0,"gold_gain":0,"player_choice":"Got Potions","damage_taken":0,"max_hp_gain":0,"max_hp_loss":0,"event_name":"Lab","floor":10,"gold_loss":0}],"is_beta":false,"boss_relics":[],"items_purged_floors":[],"is_endless":false,"potions_floor_spawned":[3,12,14],"killed_by":"Hexaghost","ascension_level":0}}