{"host":"r9v0g0iwbsx9dzwu","time":1610875135,"event":{"mods":["ATMod(阿瑾Mod)","Aspiration","BaseMod","Minty Spire (QoL Compilation)","MostiFishMod","Replay The Spire","RumiaBox-露米娅的神秘盒子","StSLib","TestMod","[IsaacMod]以撒尖塔","vexMod","【功能Mod】聪明的最终Boss","【遗物卡牌】REMEMod"],"gold_per_floor":[111,124,143,159,159,114,152,152,177,177,0,0],"floor_reached":11,"language":"ZHS","playtime":238,"items_purged":[],"score":196,"play_id":"4c1e755a-c5a9-4b11-994a-96a5e0d9b998","local_time":"20210117171855","is_ascension_mode":true,"campfire_choices":[{"data":"AT_OneInchPunch","floor":8,"key":"SMITH"},{"data":"AT_Desolate","floor":10,"key":"SMITH"}],"circlet_count":0,"master_deck":["AscendersBane","Strike_P","Strike_P","Strike_P","Strike_P","Defend_P","Defend_P","Defend_P","Defend_P","Eruption","Vigilance","BettingIsNotGood","AT_Desolate+1","MostiFishMod:StarWish","AT_OneInchPunch+1"],"relics":["AT_ATBox","DaveBox","testmod-TestBox","HushsDoor","REME_ComplimentaryCards","GuppysPaw","testmod-Register","Brimstone","Sozu","Baka2","Replay:Wax Seal","Toxic Egg 2"],"acts_visited":["Exordium"],"potions_floor_usage":[],"damage_taken":[{"damage":0,"enemies":"Cultist","floor":1,"turns":2},{"damage":3,"enemies":"Small Slimes","floor":2,"turns":2},{"damage":19,"enemies":"2 Louse","floor":3,"turns":3},{"damage":38,"enemies":"2 Fungi Beasts","floor":4,"turns":2},{"damage":0,"enemies":"Lagavulin","floor":6,"turns":2},{"damage":13,"enemies":"3 Sentries","floor":11,"turns":3}],"seed_played":"2561281140942693451","potions_obtained":[],"is_trial":false,"path_per_floor":["M","M","M","M","?","E","?","R","T","R","E"],"character_chosen":"WATCHER","items_purchased":[],"campfire_rested":0,"item_purchase_floors":[],"current_hp_per_floor":[61,66,47,9,9,9,9,9,9,9,0,0],"gold":0,"neow_bonus":"BOSS_RELIC","is_daily":false,"chose_seed":false,"campfire_upgraded":2,"win_rate":0.0,"timestamp":1610875135,"path_taken":["M","M","M","M","?","E","?","R","T","R","E"],"items_purchased_type":[],"build_version":"2020-12-22","purchased_purges":0,"victory":false,"max_hp_per_floor":[68,68,68,68,68,68,68,68,68,68,65,65],"card_choices":[{"not_picked":[],"picked":"BettingIsNotGood","floor":0.0},{"not_picked":["PathToVictory","Vengeance","Replay:DivineShield"],"picked":"SKIP","floor":1},{"not_picked":["Replay:DivineShield","Replay:AtTheReady","Protect"],"picked":"SKIP","floor":2},{"not_picked":["Meditate","AT_ChampionStep"],"picked":"MostiFishMod:StarWish","floor":3},{"not_picked":["EmptyFist","ThirdEye"],"picked":"AT_OneInchPunch","floor":4},{"not_picked":["Crescendo+1","ClearTheMind+1","WaveOfTheHand+1"],"picked":"SKIP","floor":6}],"player_experience":28277,"relics_obtained":[{"floor":1,"key":"Baka"},{"floor":2,"key":"Baka2"},{"floor":6,"key":"Replay:Wax Seal"},{"floor":6,"key":"Toxic Egg 2"}],"event_choices":[],"is_beta":false,"boss_relics":[],"items_purged_floors":[],"is_endless":false,"potions_floor_spawned":[2,3,4,6],"killed_by":"3 Sentries","ascension_level":20}}