{"host":"6h0diz2ap0m56grs","time":1610926539,"event":{"mods":["2.2 Compatiblity","BaseMod","Colored Map","Marisa????????","Minty Spire (QoL Compilation)","Quick Restart","Replay The Spire","Shop Mod","StSLib","The Servant 0.9.4"],"gold_per_floor":[109,123,123,123,41,85,85,119,119,157,180,216,216,251,251,370,370,386,51,66,165,165,206,241,241,241],"floor_reached":25,"language":"ENG","playtime":757,"items_purged":[],"score":420,"play_id":"02eea5a1-cda3-4e31-9877-68ea2cb6d52f","local_time":"20210117173539","daily_mods":["SealedDeck","Heirloom","Time Dilation","Flight"],"is_ascension_mode":true,"campfire_choices":[{"data":"SilverBlades","floor":7,"key":"SMITH"},{"data":"SilverBlades","floor":13,"key":"SMITH"},{"data":"SurpressingFire","floor":15,"key":"SMITH"}],"circlet_count":0,"master_deck":["Starlight","Defy","Defy+1","Desolation","Desolation","SurpressingFire+1","SilverBlades+1","Moonlight","Misdirection","SilverBlades+1","Orbit","GearUp+1","GearUp","DancingSilver+1","FlawlessForm","Moondial+1","Orbit+1","Apotheosis","Luminosity+1","SilverBlades","SurpressingFire+1"],"relics":["Uniform","replay:Trail_Library","Turnip","Golden Idol","Molten Egg 2","Ice Cream","Replay:Wax Seal","Replay:Bottled Eggs","Coffee Dripper","MerchantsRug","MealTicket","Regal Pillow"],"acts_visited":["Exordium","TheCity"],"potions_floor_usage":[12],"damage_taken":[{"damage":0,"enemies":"Small Slimes","floor":1,"turns":2},{"damage":2,"enemies":"2 Louse","floor":2,"turns":2},{"damage":8,"enemies":"Lagavulin","floor":6,"turns":5},{"damage":2,"enemies":"Gremlin Nob","floor":8,"turns":3},{"damage":0,"enemies":"Lagavulin","floor":10,"turns":5},{"damage":0,"enemies":"Cultist","floor":11,"turns":2},{"damage":3,"enemies":"3 Sentries","floor":12,"turns":5},{"damage":0,"enemies":"Lagavulin","floor":14,"turns":4},{"damage":0,"enemies":"Fading Forest","floor":16,"turns":8},{"damage":0,"enemies":"3 Byrds","floor":18,"turns":3},{"damage":0,"enemies":"Spheric Guardian","floor":20,"turns":5},{"damage":0,"enemies":"Replay:Snechameleon","floor":23,"turns":4},{"damage":6,"enemies":"Book of Stabbing","floor":24,"turns":4},{"damage":0,"enemies":"Replay:Snechameleon","floor":25,"turns":2}],"seed_played":"8635311558593644094","potions_obtained":[{"floor":2,"key":"SteroidPotion"},{"floor":8,"key":"Block Potion"},{"floor":12,"key":"Dexterity Potion"},{"floor":14,"key":"Adrenaline Potion"}],"is_trial":true,"path_per_floor":["M","M","?","?","$","E","R","E","T","E","M","E","R","E","R","B",null,"M","$","M","?","$","E","E","E"],"character_chosen":"THE_SERVANT","items_purchased":["Orbit","MerchantsRug","Orbit+1","Apotheosis"],"campfire_rested":0,"item_purchase_floors":[5,19,19,19],"current_hp_per_floor":[65,63,47,52,52,44,44,42,42,42,42,39,39,39,39,39,65,65,65,65,65,65,65,59,59,59],"gold":241,"neow_bonus":"","is_daily":false,"chose_seed":false,"campfire_upgraded":3,"win_rate":0.0,"timestamp":1610926539,"path_taken":["M","M","?","?","$","E","R","E","T","E","?","E","R","E","R","BOSS","M","?","M","?","$","E","E","E"],"items_purchased_type":["Card","Relic","Card","Card"],"build_version":"2020-12-22","purchased_purges":0,"victory":false,"max_hp_per_floor":[65,65,65,65,65,65,65,65,65,65,65,65,65,65,65,65,65,65,65,65,65,65,65,65,65,65],"card_choices":[{"not_picked":["ReturningBlade","DualDimension"],"picked":"SilverBlades","floor":1},{"not_picked":["SpecialFormula","Alleviate","RealityMarble"],"picked":"SKIP","floor":2},{"not_picked":["ShatteredReality+1","FastForward"],"picked":"GearUp","floor":6},{"not_picked":["WasteNot","TimeWarp+1","FastForward"],"picked":"SKIP","floor":8},{"not_picked":["ShiftingGears","ShatteredReality+1","DoubleEdge+1"],"picked":"SKIP","floor":10},{"not_picked":["Potential+1","DoubleEdge+1","Alleviate"],"picked":"SKIP","floor":11},{"not_picked":["Contraction","Deadline"],"picked":"GearUp","floor":12},{"not_picked":["Replace","Foresight","MoonPhase"],"picked":"SKIP","floor":14},{"not_picked":["Dilation","Duplication"],"picked":"FlawlessForm","floor":16},{"not_picked":["Ricochet+1","Starlight+1"],"picked":"Moondial+1","floor":18},{"not_picked":["FanOfKnives+1","Alleviate"],"picked":"Luminosity+1","floor":20},{"not_picked":["Defy","Desolation+1"],"picked":"SilverBlades","floor":23},{"not_picked":["StarChef","Starlight+1"],"picked":"SurpressingFire+1","floor":24}],"player_experience":204711,"relics_obtained":[{"floor":6,"key":"Molten Egg 2"},{"floor":8,"key":"Ice Cream"},{"floor":9,"key":"Blue Candle"},{"floor":10,"key":"Replay:Wax Seal"},{"floor":12,"key":"War Paint"},{"floor":14,"key":"Replay:Bottled Eggs"},{"floor":23,"key":"MealTicket"},{"floor":24,"key":"Regal Pillow"}],"event_choices":[{"damage_healed":0,"gold_gain":0,"player_choice":"Take Damage","damage_taken":16,"relics_obtained":["Golden Idol"],"max_hp_gain":0,"max_hp_loss":0,"event_name":"Golden Idol","floor":3,"gold_loss":0},{"cards_removed":["Rearm"],"damage_healed":5,"gold_gain":0,"player_choice":"Offered Common","damage_taken":0,"max_hp_gain":0,"max_hp_loss":0,"event_name":"Bonfire Elementals","floor":4,"gold_loss":0},{"cards_removed":["Rearm"],"damage_healed":5,"gold_gain":0,"player_choice":"Offered Special","damage_taken":0,"max_hp_gain":0,"max_hp_loss":0,"event_name":"Bonfire Elementals","floor":4,"gold_loss":0},{"damage_healed":0,"gold_gain":99,"player_choice":"Stole From Cult","damage_taken":0,"max_hp_gain":0,"max_hp_loss":0,"event_name":"Nest","floor":21,"gold_loss":0}],"is_beta":false,"boss_relics":[{"not_picked":["ReplayTheSpireMod:DimensionalGlitch","SplendidAttire"],"picked":"Coffee Dripper"}],"items_purged_floors":[],"is_endless":false,"potions_floor_spawned":[2,8,12,14,16],"killed_by":"Replay:Snechameleon","ascension_level":1}}