{"host":"hxqmxu97ax4h93y4","time":1610906266,"event":{"mods":["BaseMod","Downfall","Hermit","Marisa????????","Minty Spire (QoL Compilation)","Random Character Button","StSLib","The Cursed","The Necromancer","The Runesmith"],"gold_per_floor":[99,116,216,228,245,119,201,217,233,233,247,267,88,118,138,138,138,138],"floor_reached":16,"language":"ENG","playtime":1126,"items_purged":["Slimebound:Strike_Slimebound"],"score":106,"play_id":"c41a465f-4494-4494-8f31-b7f36011861a","local_time":"20210117095746","is_ascension_mode":false,"campfire_choices":[{"data":"Slimebound:CorrosiveSpit","floor":1,"key":"SMITH"},{"data":"Slimebound:RollThrough","floor":10,"key":"SMITH"}],"circlet_count":0,"master_deck":["Slimebound:Strike_Slimebound","Slimebound:Strike_Slimebound","Slimebound:Tackle","Slimebound:Defend_Slimebound","Slimebound:Defend_Slimebound","Slimebound:Defend_Slimebound","Slimebound:Defend_Slimebound","Slimebound:Split","Slimebound:CorrosiveSpit+1","Slimebound:Equalize","Slimebound:SamplingLick","Slimebound:LevelUp","Slimebound:SlimeSpikes","Slimebound:RejuvenatingLick","Slimebound:RallyTheTroops","Slimebound:RollThrough+1","Slimebound:SplitMire","Slimebound:SplitMire","Slimebound:Grow","Magnetism","Slimebound:SlimeTap","Slimebound:SamplingLick"],"relics":["Slimebound:AbsorbEndCombat","Kunai","Omamori"],"acts_visited":["Exordium"],"potions_floor_usage":[11,14,16],"damage_taken":[{"damage":4,"enemies":"Jaw Worm","floor":2,"turns":3},{"damage":1,"enemies":"Cultist","floor":4,"turns":3},{"damage":3,"enemies":"Small Slimes","floor":5,"turns":4},{"damage":8,"enemies":"downfall:FleeingMerchant","floor":6,"turns":4},{"damage":3,"enemies":"Blue Slaver","floor":8,"turns":4},{"damage":9,"enemies":"Large Slime","floor":9,"turns":5},{"damage":18,"enemies":"Exordium Wildlife","floor":11,"turns":4},{"damage":8,"enemies":"Blue Slaver","floor":12,"turns":2},{"damage":8,"enemies":"downfall:FleeingMerchant","floor":13,"turns":4},{"damage":25,"enemies":"3 Sentries","floor":14,"turns":7},{"damage":8,"enemies":"Red Slaver","floor":15,"turns":3},{"damage":61,"enemies":"SI_SHIV_ARCHETYPE","floor":16,"turns":7}],"seed_played":"-5033568069311966505","potions_obtained":[{"floor":5,"key":"FairyPotion"},{"floor":8,"key":"Energy Potion"},{"floor":9,"key":"Guardian:BlockOnCardUsePotion"},{"floor":14,"key":"hexamod:SoulburnPotion"},{"floor":15,"key":"FearPotion"}],"is_trial":false,"path_per_floor":["R","M","?","M","M","$","T","M","M","R","M","M","$","E","M","B"],"character_chosen":"SLIMEBOUND","items_purchased":["Slimebound:RejuvenatingLick","Magnetism"],"campfire_rested":0,"item_purchase_floors":[6,13],"current_hp_per_floor":[71,68,68,71,71,68,68,71,71,71,55,51,52,38,32,0,0,0],"gold":138,"neow_bonus":"TEN_PERCENT_HP_BONUS","is_daily":false,"chose_seed":false,"campfire_upgraded":2,"win_rate":0.0,"timestamp":1610906266,"path_taken":["R","M","?","M","M","?","T","M","?","R","M","M","$","E","M","BOSS"],"items_purchased_type":["Card","Card"],"build_version":"2020-12-22","purchased_purges":1,"victory":false,"max_hp_per_floor":[71,71,71,71,71,71,71,71,71,71,71,71,71,71,71,71,71,71],"card_choices":[{"not_picked":["Slimebound:GoopTackle","Slimebound:FinishingTackle"],"picked":"Slimebound:Equalize","floor":2},{"not_picked":["Slimebound:GrowthPunch","Slimebound:FinishingTackle"],"picked":"Slimebound:SamplingLick","floor":4},{"not_picked":["Slimebound:DisruptingSlam","Slimebound:SamplingLick"],"picked":"Slimebound:LevelUp","floor":5},{"not_picked":["Slimebound:ComboTackle","Slimebound:LevelUp"],"picked":"Slimebound:SlimeSpikes","floor":6},{"not_picked":["Slimebound:ItLooksTasty","Slimebound:GoopTackle"],"picked":"Slimebound:RallyTheTroops","floor":8},{"not_picked":["Slimebound:FinishingTackle","Slimebound:RainOfGoop"],"picked":"Slimebound:RollThrough","floor":9},{"not_picked":["Slimebound:HauntingLick","Slimebound:ItLooksTasty"],"picked":"Slimebound:SplitMire","floor":11},{"not_picked":["Slimebound:Prepare","Slimebound:RollThrough"],"picked":"Slimebound:SplitMire","floor":12},{"not_picked":["Slimebound:RollThrough","Slimebound:SplitBruiser"],"picked":"Slimebound:Grow","floor":13},{"not_picked":["Slimebound:ForwardTackle","Slimebound:LivingWall"],"picked":"Slimebound:SlimeTap","floor":14},{"not_picked":["Slimebound:ViciousTackle","Slimebound:SplitAcid"],"picked":"Slimebound:SamplingLick","floor":15}],"player_experience":58177,"relics_obtained":[{"floor":7,"key":"Kunai"},{"floor":14,"key":"Omamori"}],"event_choices":[],"is_beta":false,"boss_relics":[],"items_purged_floors":[6],"is_endless":false,"potions_floor_spawned":[5,8,9,14,15],"killed_by":"SI_SHIV_ARCHETYPE","ascension_level":0}}