{"host":"vyjryxuuuxkt43k4","time":1610885809,"event":{"mods":["AchievementEnabler","BaseMod","Colored Map","DeckTracker","Keyboard Shortcuts","Minty Spire (QoL Compilation)","Permanent Neow","Quick Restart","StSLib","SuperFastMode","everything is the same but u backflip on backflip"],"gold_per_floor":[115,127,138,63,73,73,106,106,132,120,295,363,32,43,43,141,141,153,153,166,182,281,281,281],"floor_reached":23,"language":"KOR","playtime":1837,"items_purged":["Strike_R","Doubt"],"score":290,"play_id":"870507d4-fe88-41d2-baba-cf17d8eb4d61","local_time":"20210117211649","is_ascension_mode":true,"campfire_choices":[{"floor":6.0,"key":"REST"},{"data":"Armaments","floor":15.0,"key":"SMITH"}],"circlet_count":0,"master_deck":["AscendersBane","Strike_R","Strike_R","Defend_R","Defend_R","Defend_R","Defend_R","Bash","Shrug It Off","Feel No Pain","Wild Strike","True Grit","Armaments+1","Offering","Trip","Dark Embrace","Corruption","Perfected Strike","Battle Trance","Perfected Strike"],"relics":["Burning Blood","Ice Cream","Potion Belt","Akabeko","Bronze Scales","Sozu"],"acts_visited":["Exordium","TheCity"],"potions_floor_usage":[],"damage_taken":[{"damage":14.0,"enemies":"Cultist","floor":1.0,"turns":5.0},{"damage":5.0,"enemies":"Small Slimes","floor":2.0,"turns":6.0},{"damage":9.0,"enemies":"2 Louse","floor":3.0,"turns":4.0},{"damage":24.0,"enemies":"2 Fungi Beasts","floor":5.0,"turns":5.0},{"damage":44.0,"enemies":"Gremlin Nob","floor":7.0,"turns":5.0},{"damage":12.0,"enemies":"Exordium Thugs","floor":10.0,"turns":4.0},{"damage":6.0,"enemies":"Looter","floor":14.0,"turns":2.0},{"damage":14.0,"enemies":"Hexaghost","floor":16.0,"turns":9.0},{"damage":13.0,"enemies":"Chosen","floor":18.0,"turns":6.0},{"damage":17.0,"enemies":"2 Thieves","floor":20.0,"turns":3.0},{"damage":13.0,"enemies":"Cultist and Chosen","floor":21.0,"turns":5.0},{"damage":40,"enemies":"Gremlin Leader","floor":23,"turns":7}],"seed_played":"-4172004659944202083","potions_obtained":[{"floor":2.0,"key":"FearPotion"},{"floor":5.0,"key":"SmokeBomb"},{"floor":10.0,"key":"Strength Potion"}],"is_trial":false,"path_per_floor":["M","M","M","$","M","R","E","?","T","M","?","?","$","M","R","B",null,"M","?","M","M","?","E"],"character_chosen":"IRONCLAD","items_purchased":["Bronze Scales","Trip"],"campfire_rested":1,"item_purchase_floors":[13,13],"current_hp_per_floor":[43,44,41,41,23,47,9,35,35,29,29,29,29,29,29,21,65,58,58,47,40,40,0,0],"gold":281,"neow_bonus":"ONE_RARE_RELIC","is_daily":false,"chose_seed":false,"campfire_upgraded":1,"win_rate":0.0,"timestamp":1610885809,"path_taken":["M","?","M","$","M","R","E","?","T","M","?","?","$","M","R","BOSS","M","?","M","M","?","E"],"items_purchased_type":["Relic","Card"],"build_version":"2020-12-22","purchased_purges":2,"victory":false,"max_hp_per_floor":[80,80,80,80,80,80,80,80,80,80,80,80,80,80,80,80,80,80,80,80,80,80,80,80],"card_choices":[{"not_picked":["Pommel Strike","Clash"],"picked":"Shrug It Off","floor":1.0},{"not_picked":["Iron Wave","Havoc"],"picked":"Feel No Pain","floor":2.0},{"not_picked":["Twin Strike","Clash"],"picked":"Wild Strike","floor":3.0},{"not_picked":["Seeing Red","Searing Blow"],"picked":"True Grit","floor":5.0},{"not_picked":["Pommel Strike","Blood for Blood"],"picked":"Armaments","floor":7.0},{"not_picked":["Searing Blow","Anger"],"picked":"Offering","floor":10.0},{"not_picked":["Pummel","Seeing Red"],"picked":"Dark Embrace","floor":14.0},{"not_picked":["Barricade","Exhume"],"picked":"Corruption","floor":16.0},{"not_picked":["Sentinel","Iron Wave","Bloodletting"],"picked":"SKIP","floor":18.0},{"not_picked":["Searing Blow","Pommel Strike"],"picked":"Perfected Strike","floor":20.0},{"not_picked":["Heavy Blade","True Grit","Blood for Blood"],"picked":"SKIP","floor":21.0}],"player_experience":411153,"relics_obtained":[{"floor":7.0,"key":"Potion Belt"},{"floor":9.0,"key":"Akabeko"}],"event_choices":[{"damage_healed":26.0,"max_hp_gain":0.0,"max_hp_loss":0.0,"gold_gain":0.0,"event_name":"Big Fish","player_choice":"Banana","floor":8.0,"gold_loss":0.0,"damage_taken":0.0},{"damage_healed":0.0,"max_hp_gain":0.0,"max_hp_loss":0.0,"gold_gain":175.0,"event_name":"Liars Game","player_choice":"AGREE","floor":11.0,"gold_loss":0.0,"damage_taken":0.0,"cards_obtained":["Doubt"]},{"damage_healed":0.0,"max_hp_gain":0.0,"max_hp_loss":0.0,"gold_gain":68.0,"event_name":"Golden Wing","player_choice":"Gained Gold","floor":12.0,"gold_loss":0.0,"damage_taken":0.0},{"damage_healed":0.0,"max_hp_gain":0.0,"max_hp_loss":0.0,"gold_gain":0.0,"cards_transformed":["Strike_R","Strike_R"],"event_name":"Drug Dealer","player_choice":"Became Test Subject","floor":19.0,"gold_loss":0.0,"damage_taken":0.0,"cards_obtained":["Perfected Strike","Battle Trance"]},{"damage_healed":0.0,"max_hp_gain":0.0,"max_hp_loss":0.0,"gold_gain":99.0,"event_name":"Nest","player_choice":"Stole From Cult","floor":22.0,"gold_loss":0.0,"damage_taken":0.0}],"is_beta":false,"boss_relics":[{"not_picked":["Ectoplasm","Fusion Hammer"],"picked":"Sozu"}],"items_purged_floors":[4,13],"is_endless":false,"potions_floor_spawned":[2,5,10,18,21],"killed_by":"Gremlin Leader","ascension_level":10}}