{"host":"te4ihy0orbpglf07","time":1610889927,"event":{"mods":["Act Like it!","Arknights The Spire","BaseMod","BetterRewards","Chen","Friendly Minions","Gensokyo","Hubris","Infinite Spire","Marisa????????","Minty Spire (QoL Compilation)","Onozuka Komachi Mod","Reimu??????","Remilia??????","RumiaBox-????????","Small Relic Pack","StSLib","SuperFastMode","Td1madao Mod","The Servant 0.9.4"],"gold_per_floor":[111,111,124,54,69,69,99,99,99,117,94,94,129,156,156,156,156],"floor_reached":16,"language":"ENG","playtime":688,"items_purged":[],"score":110,"play_id":"d89ce94a-77bc-4861-9bd6-ea4c293a046a","local_time":"20210117162527","is_ascension_mode":false,"campfire_choices":[{"data":"ats:Emotion Absorption","floor":6,"key":"SMITH"},{"floor":8,"key":"REST"},{"data":"ats:Composite Medical Shells","floor":15,"key":"SMITH"}],"circlet_count":0,"master_deck":["ats:Strike C","ats:Strike G","ats:Strike S","ats:Strike V","ats:Armor Crushing Shot","ats:Defend","ats:Defend","ats:Defend","ats:Defend+1","ats:Emotion Absorption+1","ats:Red Shift","ats:Magnetic Hammer+1","ats:Blood Oath","ats:Composite Medical Shells+1","ats:Thorns","ats:Apocalypse","ats:Spore Proliferation","ats:Childhood Dance"],"relics":["ats:Sanity","ChaoDraw","Gensokyo:Justice","ats:Originium","Peace Pipe","relicPack:OneForAll","ats:Gyao"],"acts_visited":["Exordium"],"potions_floor_usage":[16,16],"damage_taken":[{"damage":25,"enemies":"Gensokyo:Gryphon","floor":1,"turns":7},{"damage":6,"enemies":"Gensokyo:2_Kodama","floor":3,"turns":2},{"damage":2,"enemies":"Gensokyo:3_Fairies","floor":5,"turns":3},{"damage":36,"enemies":"Gensokyo:Aya","floor":7,"turns":4},{"damage":0,"enemies":"Gensokyo:Gryphon_and_Rabbit","floor":10,"turns":3},{"damage":26,"enemies":"Gensokyo:Cirno","floor":13,"turns":5},{"damage":0,"enemies":"Gensokyo:LivingMonolith","floor":14,"turns":3},{"damage":81,"enemies":"Gensokyo:Kokoro","floor":16,"turns":13}],"seed_played":"-2193480658905330389","potions_obtained":[{"floor":3,"key":"LiquidMemories"},{"floor":13,"key":"Block Potion"}],"is_trial":false,"path_per_floor":["M","?","M","?","M","R","E","R","T","M","$","?","?","M","R","B"],"character_chosen":"DOCTOR_CLASS","items_purchased":["ats:Apocalypse","ats:Apocalypse"],"campfire_rested":1,"item_purchase_floors":[0,11],"current_hp_per_floor":[55,55,49,49,47,47,17,38,38,44,44,44,25,32,32,0,0],"gold":156,"neow_bonus":"","is_daily":false,"chose_seed":false,"campfire_upgraded":2,"win_rate":0.0,"timestamp":1610889927,"path_taken":["M","?","M","?","M","R","E","R","T","M","$","?","?","?","R","BOSS"],"items_purchased_type":["Card","Card"],"build_version":"2020-12-22","purchased_purges":0,"victory":false,"max_hp_per_floor":[72,72,72,72,72,72,72,72,72,72,72,72,72,72,72,72,72],"card_choices":[{"not_picked":["ats:Soul Absorption","ats:Charging Defense"],"picked":"ats:Red Shift","floor":1},{"not_picked":["ats:Curse Doll","ats:Explosion Area Strengthen"],"picked":"ats:Magnetic Hammer","floor":3},{"not_picked":["ats:Shell Defense","ats:Spore Proliferation"],"picked":"ats:Blood Oath","floor":5},{"not_picked":["ats:Counter Healing Mode","ats:Encircling Forest"],"picked":"ats:Composite Medical Shells","floor":7},{"not_picked":["ats:Leaping Hammer","ats:Consecutive Shot Auto"],"picked":"ats:Thorns","floor":10},{"not_picked":["ats:Explosion Area Strengthen","ats:Poison Spread"],"picked":"ats:Spore Proliferation","floor":13},{"not_picked":["ats:Assault Order","ats:Rapid Magazine"],"picked":"ats:Childhood Dance","floor":14}],"player_experience":119999,"relics_obtained":[{"floor":7,"key":"ats:Originium"},{"floor":7,"key":"Peace Pipe"},{"floor":13,"key":"ats:Originium"},{"floor":13,"key":"ats:Gyao"}],"event_choices":[],"is_beta":false,"boss_relics":[],"items_purged_floors":[],"is_endless":false,"potions_floor_spawned":[3,13],"killed_by":"Gensokyo:Kokoro","ascension_level":0}}