{"host":"8c7ixdz8x9d2d2wv","time":1610846259,"event":{"mods":["AYAYA","BaseMod","Better Altar","Better Sensory Stone","Better-Laid Plans","BetterRewards","Colored Map","Colored Powertips","Curses Come First","Dark Map","Defuse TimeMaze Blight","Emptier Cage","Highlight Path","Minty Spire (QoL Compilation)","Quick Restart","Rare Cards Sparkle","Relic Sorter","Shop Mod","StSLib","Transform Curses","Uncapped"],"gold_per_floor":[115,115,66,66,82,82,98,98,123,123,157,157,182,182,182,305,305,329,8,8,8,8,8,52,52,121,137,137,13,13,34,34,157,157,176,239,258,274,274,290,313,313,360,398,398,418,418,418],"floor_reached":47,"language":"ENG","playtime":2138,"items_purged":["Strike_G"],"score":471,"play_id":"241aa129-cc4b-4f78-a13f-5a3bf56297bc","local_time":"20210117021739","is_ascension_mode":false,"campfire_choices":[{"data":"Cloak And Dagger","floor":6,"key":"SMITH"},{"data":"Blur","floor":8,"key":"SMITH"},{"data":"Neutralize","floor":10,"key":"SMITH"},{"floor":12,"key":"RECALL"},{"data":"Noxious Fumes","floor":15,"key":"SMITH"},{"data":"1","floor":23,"key":"LIFT"},{"data":"Mayhem","floor":25,"key":"SMITH"},{"data":"2","floor":32,"key":"LIFT"},{"data":"3","floor":42,"key":"LIFT"}],"circlet_count":0,"master_deck":["Strike_G","Strike_G","Strike_G","Strike_G","Defend_G","Defend_G","Defend_G","Defend_G","Survivor","Neutralize+1","Cloak And Dagger+1","Blur+1","Noxious Fumes+1","CurseOfTheBell","Sadistic Nature","Mayhem+1","Blur+1","Dodge and Roll+1","Deflect+1","Adrenaline+1","Backflip+1","Parasite","Bouncing Flask+1","Noxious Fumes","Decay","Cloak And Dagger+1"],"relics":["Ring of the Snake","NeowsBlessing","Golden Idol","PreservedInsect","Calling Bell","Centennial Puzzle","Mercury Hourglass","Girya","Toxic Egg 2","Bottled Tornado","Strawberry","The Courier","Gremlin Horn","Blood Vial","Snake Skull","WristBlade","Turnip","Regal Pillow","MealTicket","Orichalcum"],"acts_visited":["Exordium","TheCity","TheBeyond"],"potions_floor_usage":[11,24,33,33,40,44,44],"damage_taken":[{"damage":0,"enemies":"2 Louse","floor":1,"turns":1},{"damage":0,"enemies":"Cultist","floor":5,"turns":1},{"damage":0,"enemies":"Jaw Worm","floor":7,"turns":1},{"damage":19,"enemies":"Gremlin Nob","floor":11,"turns":6},{"damage":4,"enemies":"Blue Slaver","floor":13,"turns":4},{"damage":37,"enemies":"Hexaghost","floor":16,"turns":12},{"damage":0,"enemies":"3 Byrds","floor":18,"turns":6},{"damage":3,"enemies":"Gremlin Leader","floor":24,"turns":5},{"damage":2,"enemies":"Shell Parasite","floor":27,"turns":5},{"damage":5,"enemies":"Centurion and Healer","floor":31,"turns":8},{"damage":26,"enemies":"Collector","floor":33,"turns":11},{"damage":0,"enemies":"Orb Walker","floor":35,"turns":4},{"damage":1,"enemies":"Mind Bloom Boss Battle","floor":36,"turns":5},{"damage":11,"enemies":"3 Darklings","floor":37,"turns":5},{"damage":11,"enemies":"4 Shapes","floor":38,"turns":3},{"damage":0,"enemies":"Writhing Mass","floor":40,"turns":7},{"damage":12,"enemies":"Jaw Worm Horde","floor":41,"turns":4},{"damage":39,"enemies":"Giant Head","floor":44,"turns":7},{"damage":22,"enemies":"Spire Growth","floor":46,"turns":5},{"damage":6,"enemies":"Nemesis","floor":47,"turns":1}],"seed_played":"619221072214935489","potions_obtained":[{"floor":5,"key":"Block Potion"},{"floor":13,"key":"Block Potion"},{"floor":24,"key":"LiquidMemories"},{"floor":27,"key":"Weak Potion"},{"floor":31,"key":"Strength Potion"},{"floor":38,"key":"Weak Potion"},{"floor":40,"key":"Strength Potion"},{"floor":41,"key":"Regen Potion"},{"floor":44,"key":"Swift Potion"}],"is_trial":false,"path_per_floor":["M","?","$","?","M","R","M","R","T","R","E","R","M","?","R","B",null,"M","$","?","?","T","R","E","R","T","M","T","$","?","M","R","B",null,"M","?","M","M","T","M","M","R","T","E","?","M","E"],"character_chosen":"THE_SILENT","items_purchased":["Cloak And Dagger","Toxic Egg 2","Blood Vial"],"campfire_rested":0,"item_purchase_floors":[3,19,29],"current_hp_per_floor":[70,65,65,65,65,65,65,65,65,65,46,46,42,47,47,10,70,70,70,70,70,70,70,74,74,74,72,72,72,72,69,69,45,77,77,76,66,57,57,59,49,49,49,24,24,4,0,0],"gold":418,"neow_bonus":"THREE_ENEMY_KILL","is_daily":false,"chose_seed":false,"campfire_upgraded":5,"win_rate":0.0,"timestamp":1610846259,"path_taken":["M","?","$","?","?","R","M","R","T","R","E","R","M","?","R","BOSS","M","$","?","?","?","R","E","R","T","?","?","$","?","?","R","BOSS","M","?","M","M","?","M","M","R","T","E","?","M","E"],"items_purchased_type":["Card","Relic","Relic"],"build_version":"2020-12-22","purchased_purges":1,"victory":false,"max_hp_per_floor":[70,65,65,65,65,65,65,65,65,65,65,65,65,70,70,70,70,70,70,70,70,70,70,77,77,77,77,77,77,77,77,77,77,77,77,77,77,77,77,77,77,77,77,77,77,77,77,77],"card_choices":[{"not_picked":["Deadly Poison","Prepared","Crippling Poison"],"picked":"SKIP","floor":1},{"not_picked":["Setup","Flying Knee","Acrobatics"],"picked":"SKIP","floor":5},{"not_picked":["Deadly Poison","Outmaneuver"],"picked":"Blur","floor":7},{"not_picked":["Terror","Deadly Poison","Quick Slash"],"picked":"SKIP","floor":11},{"not_picked":["Backflip","Heel Hook"],"picked":"Noxious Fumes","floor":13},{"not_picked":["Calculated Gamble","Finisher","Riddle With Holes"],"picked":"SKIP","floor":18},{"not_picked":["Master of Strategy+1","Jack Of All Trades+1"],"picked":"Sadistic Nature","floor":21},{"not_picked":["Jack Of All Trades+1","Deep Breath+1"],"picked":"Mayhem","floor":21},{"not_picked":["Reflex+1","Underhanded Strike"],"picked":"Blur+1","floor":24},{"not_picked":["Leg Sweep+1","Bane"],"picked":"Dodge and Roll+1","floor":27},{"not_picked":["All Out Attack+1","Finisher"],"picked":"Deflect+1","floor":31},{"not_picked":["Night Terror+1","Corpse Explosion+1"],"picked":"Adrenaline+1","floor":33},{"not_picked":["Flechettes+1","Backstab"],"picked":"Backflip+1","floor":35},{"not_picked":["Underhanded Strike","Reflex+1","Poisoned Stab"],"picked":"SKIP","floor":37},{"not_picked":["Flying Knee+1","Deadly Poison+1","Acrobatics+1"],"picked":"SKIP","floor":38},{"not_picked":["Acrobatics+1","All Out Attack+1"],"picked":"Bouncing Flask+1","floor":40},{"not_picked":["Backflip+1","Slice"],"picked":"Noxious Fumes","floor":41},{"not_picked":["Sucker Punch","Calculated Gamble+1","All Out Attack"],"picked":"SKIP","floor":44},{"not_picked":["Reflex+1","Dodge and Roll+1"],"picked":"Cloak And Dagger+1","floor":46}],"player_experience":646365,"relics_obtained":[{"floor":11,"key":"PreservedInsect"},{"floor":17,"key":"Centennial Puzzle"},{"floor":17,"key":"Mercury Hourglass"},{"floor":17,"key":"Girya"},{"floor":22,"key":"Bottled Tornado"},{"floor":24,"key":"Strawberry"},{"floor":26,"key":"The Courier"},{"floor":28,"key":"Gremlin Horn"},{"floor":36,"key":"Turnip"},{"floor":39,"key":"Regal Pillow"},{"floor":43,"key":"MealTicket"},{"floor":44,"key":"Orichalcum"}],"event_choices":[{"damage_healed":0,"gold_gain":0,"player_choice":"Lose Max HP","damage_taken":0,"relics_obtained":["Golden Idol"],"max_hp_gain":0,"max_hp_loss":5,"event_name":"Golden Idol","floor":2,"gold_loss":0},{"cards_removed":["Defend_G"],"damage_healed":0,"gold_gain":0,"player_choice":"Purged","damage_taken":0,"max_hp_gain":0,"max_hp_loss":0,"event_name":"Purifier","floor":4,"gold_loss":0},{"damage_healed":0,"gold_gain":0,"player_choice":"Donut","damage_taken":0,"max_hp_gain":5,"max_hp_loss":0,"event_name":"Big Fish","floor":14,"gold_loss":0},{"damage_healed":0,"gold_gain":0,"player_choice":"Ignored","damage_taken":0,"max_hp_gain":0,"max_hp_loss":0,"event_name":"Cursed Tome","floor":20,"gold_loss":0},{"damage_healed":0,"gold_gain":2,"player_choice":"1","damage_taken":0,"max_hp_gain":0,"max_hp_loss":0,"event_name":"betterStone:BetterStone","floor":21,"gold_loss":0},{"damage_healed":0,"gold_gain":0,"player_choice":"Gave Potion","damage_taken":0,"relics_obtained":["Snake Skull"],"max_hp_gain":0,"max_hp_loss":0,"event_name":"WeMeetAgain","floor":30,"gold_loss":0},{"damage_healed":0,"gold_gain":0,"player_choice":"Fight","damage_taken":0,"max_hp_gain":0,"max_hp_loss":0,"event_name":"MindBloom","floor":36,"gold_loss":0},{"damage_healed":0,"gold_gain":0,"player_choice":"Cursed","damage_taken":0,"max_hp_gain":0,"max_hp_loss":0,"event_name":"Wheel of Change","floor":45,"gold_loss":0,"cards_obtained":["Decay"]}],"is_beta":false,"boss_relics":[{"not_picked":["Astrolabe","Busted Crown"],"picked":"Calling Bell"},{"not_picked":["Cursed Key","Black Star"],"picked":"WristBlade"}],"items_purged_floors":[19],"is_endless":false,"potions_floor_spawned":[5,13,24,27,31,38,40,41,44],"killed_by":"Nemesis","ascension_level":0}}