{"host":"r4r4helli6evr3pz","time":1610927659,"event":{"mods":["A Magickal Journey","AchievementEnabler","Act Like it!","Aspiration","BaseMod","Better Note","BetterRewards","Challenge The Spire","Conspire","Curses Come First","DeckTracker","Evolution","GifTheSpireLib","Gold Saver","GungeonMod","Hermit","Hubris","Hyrulean Relics","Infinite Spire","JesterMod","Lobotomy","Mimic Mod","Minty Spire (QoL Compilation)","Quick Restart","Random Character Button","Relic Sorter","Relic Stats","Replay The Spire","Reworked Bosses","Shop Mod","Somnambulant","StSLib","Stuff the Spire","The Blackbeard","The Bug Knight","The Clintock","The Construct","The Cursed","The Druid","The Forsaken","The Hierophant","The Necromancer","The Poker Player","The Problem Sleuth","The Runesmith","vexMod"],"gold_per_floor":[498,473,473,20,39,78,104,147,191,191,191,191],"floor_reached":10,"language":"RUS","playtime":773,"items_purged":[],"score":78,"play_id":"dbd9a8fd-e9fb-4d65-9766-57139f5787bf","local_time":"20210118035419","is_ascension_mode":true,"campfire_choices":[],"circlet_count":0,"master_deck":["blackbeard:BlackbeardStrike","blackbeard:BlackbeardStrike","blackbeard:BlackbeardStrike","blackbeard:BlackbeardStrike","blackbeard:IntimidatingStrike","blackbeard:BlackbeardDefend","blackbeard:BlackbeardDefend","blackbeard:BlackbeardDefend","blackbeard:BlackbeardDefend","blackbeard:Cutlass","QueenBee","blackbeard:Rum","Bandage Up","Scarecrow","blackbeard:Fencing","CherryBlossoms","blackbeard:Upgrade","FairyFestival","blackbeard:BeatUp","Murderer","blackbeard:RemoveScurvy"],"relics":["blackbeard:LoadTheCannons","EVO:Axolotl","CogitoBucket","Golden Idol","DemoMod:MeatBun","infinitespire:Lucky Rock","vexMod:ScavengeHelm","Odd Mushroom","Pet Ghost","aspiration:Lifesprig"],"acts_visited":["Exordium"],"potions_floor_usage":[8],"damage_taken":[{"damage":0,"enemies":"Cultist","floor":1,"turns":3},{"damage":0,"enemies":"Small Slimes","floor":5,"turns":1},{"damage":9,"enemies":"3 Sentries","floor":6,"turns":5},{"damage":10,"enemies":"The Mushroom Lair","floor":7,"turns":4},{"damage":29,"enemies":"Lagavulin","floor":8,"turns":5},{"damage":21,"enemies":"Jaw Worm","floor":9,"turns":6},{"damage":52,"enemies":"3 Sentries","floor":10,"turns":8}],"seed_played":"-5635602915218280668","potions_obtained":[{"floor":6,"key":"Swift Potion"},{"floor":7,"key":"FearPotion"}],"is_trial":false,"path_per_floor":["M","?","?","$","M","E","?","E","MIM","E"],"character_chosen":"BLACKBEARD_CLASS","items_purchased":["blackbeard:Rum","DemoMod:MeatBun","infinitespire:Lucky Rock","Bandage Up"],"campfire_rested":0,"item_purchase_floors":[4,4,4,4],"current_hp_per_floor":[75,75,57,71,71,66,64,44,29,0,0,0],"gold":191,"neow_bonus":"","is_daily":false,"chose_seed":false,"campfire_upgraded":0,"win_rate":0.0,"timestamp":1610927659,"path_taken":["M","?","?","$","M","E","?","E","MIM","E"],"items_purchased_type":["Card","Relic","Relic","Card"],"build_version":"2020-12-22","purchased_purges":0,"victory":false,"max_hp_per_floor":[75,75,75,75,75,75,75,75,75,75,75,75],"relic_stats":{"counters":[7,32],"Golden Idol":35,"obtain_stats":[{"CogitoBucket":0,"aspiration:Lifesprig":9,"Golden Idol":3,"DemoMod:MeatBun":4,"vexMod:ScavengeHelm":6,"blackbeard:LoadTheCannons":0,"DemoMod:GlassGuonStoneRelic":6,"EVO:Axolotl":0,"infinitespire:Lucky Rock":4,"Odd Mushroom":7,"Pet Ghost":8},{"CogitoBucket":0,"aspiration:Lifesprig":6,"Golden Idol":1,"DemoMod:MeatBun":1,"vexMod:ScavengeHelm":3,"blackbeard:LoadTheCannons":0,"DemoMod:GlassGuonStoneRelic":3,"EVO:Axolotl":0,"infinitespire:Lucky Rock":1,"Odd Mushroom":4,"Pet Ghost":5},{"CogitoBucket":0,"aspiration:Lifesprig":24,"Golden Idol":3,"DemoMod:MeatBun":3,"vexMod:ScavengeHelm":9,"blackbeard:LoadTheCannons":0,"DemoMod:GlassGuonStoneRelic":9,"EVO:Axolotl":0,"infinitespire:Lucky Rock":3,"Odd Mushroom":13,"Pet Ghost":18}]},"card_choices":[{"not_picked":["MeatLantern","NakedNest"],"picked":"QueenBee","floor":1},{"not_picked":["blackbeard:PiratesWill","blackbeard:JollyRoger","blackbeard:Sharpening"],"picked":"SKIP","floor":1},{"not_picked":["SpiderBud","MeatLantern","MeltingLove"],"picked":"Singing Bowl","floor":5},{"not_picked":["RedShoes","LittleHelper"],"picked":"Scarecrow","floor":5},{"not_picked":["blackbeard:InfiniteBarrage","blackbeard:Revenge"],"picked":"blackbeard:Fencing","floor":5},{"not_picked":["LaLuna","MeatLantern"],"picked":"CherryBlossoms","floor":6},{"not_picked":["blackbeard:SwordDance","blackbeard:DoubleBottom"],"picked":"blackbeard:Upgrade","floor":6},{"not_picked":["SpiderBud","MeatLantern"],"picked":"FairyFestival","floor":7},{"not_picked":["blackbeard:Sharpening","blackbeard:CloakAndCannonball"],"picked":"blackbeard:BeatUp","floor":7},{"not_picked":["OldLady","Murderer","MHz"],"picked":"Singing Bowl","floor":8},{"not_picked":["blackbeard:PiratesWill","blackbeard:Recklessness","blackbeard:Sharpening"],"picked":"SKIP","floor":8},{"not_picked":["WhitesApple","MeatLantern"],"picked":"Murderer","floor":9},{"not_picked":["blackbeard:FieryDefense","blackbeard:Fencing"],"picked":"blackbeard:RemoveScurvy","floor":9}],"player_experience":671026,"relics_obtained":[{"floor":6,"key":"vexMod:ScavengeHelm"},{"floor":7,"key":"Odd Mushroom"},{"floor":8,"key":"Pet Ghost"},{"floor":9,"key":"aspiration:Lifesprig"}],"event_choices":[{"damage_healed":0,"gold_gain":0,"player_choice":"Take Damage","damage_taken":18,"relics_obtained":["Golden Idol"],"max_hp_gain":0,"max_hp_loss":0,"event_name":"Golden Idol","floor":3,"gold_loss":0},{"damage_healed":0,"gold_gain":0,"player_choice":"Fought Mushrooms","damage_taken":0,"max_hp_gain":0,"max_hp_loss":0,"event_name":"Mushrooms","floor":7,"gold_loss":0}],"is_beta":false,"boss_relics":[],"items_purged_floors":[],"is_endless":false,"potions_floor_spawned":[6,7],"killed_by":"3 Sentries","ascension_level":1}}