{"host":"skr63qsdfgeey3it","time":1610871496,"event":{"mods":["BaseMod","Hubris","Minty Spire (QoL Compilation)","Replay The Spire","Spicy Shops","StSLib"],"gold_per_floor":[115,130,130,130,144,144,174,204,239,251,278,325,356,368,380,497,509,540,569,221,241,441,441,458,488,488,504,113,133,147,50,50,50,50],"floor_reached":33,"language":"ENG","playtime":1966,"items_purged":["Defend_R","Defend_R"],"score":450,"play_id":"65750b27-c204-477d-b74e-7a81ee3983b9","local_time":"20210117021816","is_ascension_mode":true,"campfire_choices":[{"data":"hubris:SharpeningStone","floor":6,"key":"SMITH"},{"floor":15,"key":"REST"},{"data":"Juggernaut","floor":23,"key":"SMITH"},{"data":"Enlightenment","floor":32,"key":"SMITH"}],"circlet_count":0,"master_deck":["AscendersBane","Strike_R","Strike_R","Strike_R+1","Strike_R+1","Defend_R","Defend_R","Bash","hubris:SharpeningStone+1","Metallicize","Juggernaut+1","ReplayTheSpireMod:Muscle Training","True Grit","Sever Soul","Immolate","Clash","Rage","Burning Pact","Finesse","Carnage","Immolate","Shockwave+1","Infernal Blade+1","Defy Death","Disarm","Fire Breathing","Fire Breathing+1","Enlightenment+1"],"relics":["Burning Blood","NeowsBlessing","MawBank","Orichalcum","hubris:MedicalManual","Painkiller Herb","Toy Ornithopter","Red Skull","Replay:Bottled Steam"],"acts_visited":["Exordium","TheCity"],"potions_floor_usage":[7,7,16,21,25,25],"damage_taken":[{"damage":0,"enemies":"Cultist","floor":1,"turns":1},{"damage":0,"enemies":"Small Slimes","floor":2,"turns":1},{"damage":0,"enemies":"2 Louse","floor":5,"turns":1},{"damage":29,"enemies":"Gremlin Nob","floor":7,"turns":5},{"damage":10,"enemies":"2 Fungi Beasts","floor":8,"turns":5},{"damage":13,"enemies":"Large Slime","floor":11,"turns":7},{"damage":20,"enemies":"3 Sentries","floor":12,"turns":7},{"damage":16,"enemies":"3 Louse","floor":13,"turns":5},{"damage":12,"enemies":"Hexaghost","floor":16,"turns":9},{"damage":0,"enemies":"Spheric Guardian","floor":18,"turns":1},{"damage":4,"enemies":"Chosen","floor":19,"turns":4},{"damage":10,"enemies":"Snecko","floor":21,"turns":3},{"damage":13,"enemies":"Cultist and Chosen","floor":24,"turns":4},{"damage":30,"enemies":"Gremlin Leader","floor":25,"turns":5},{"damage":24,"enemies":"Sentry and Sphere","floor":27,"turns":5},{"damage":4,"enemies":"Snake Plant","floor":29,"turns":3},{"damage":3,"enemies":"3 Cultists","floor":30,"turns":4},{"damage":47,"enemies":"Automaton","floor":33,"turns":4}],"seed_played":"4394417623053625596","potions_obtained":[{"floor":2,"key":"Dexterity Potion"},{"floor":5,"key":"SpeedPotion"},{"floor":12,"key":"Ancient Potion"},{"floor":18,"key":"Energy Potion"},{"floor":19,"key":"Swift Potion"},{"floor":24,"key":"Adrenaline Potion"},{"floor":29,"key":"SpeedPotion"}],"is_trial":false,"path_per_floor":["M","M","?","?","M","R","E","M","T","?","M","E","M","?","R","B",null,"?","?","T","?","?","T","?","E","T","?","T","?","?","T","T","B"],"character_chosen":"IRONCLAD","items_purchased":["Toy Ornithopter","Burning Pact","Finesse","Carnage","Disarm","Enlightenment"],"campfire_rested":1,"item_purchase_floors":[20,20,20,20,28,31],"current_hp_per_floor":[78,80,64,64,70,70,47,43,43,43,36,22,12,12,36,30,68,74,76,76,76,76,76,69,55,55,37,37,39,42,42,42,0,0],"gold":50,"neow_bonus":"THREE_ENEMY_KILL","is_daily":false,"chose_seed":false,"campfire_upgraded":3,"win_rate":0.0,"timestamp":1610871496,"path_taken":["M","?","?","?","M","R","E","M","T","?","M","E","M","?","R","BOSS","?","?","T","?","?","T","?","E","T","?","?","?","?","T","T","BOSS"],"items_purchased_type":["Relic","Card","Card","Card","Card","Card"],"build_version":"2020-12-22","purchased_purges":2,"victory":false,"max_hp_per_floor":[80,80,80,80,80,80,80,80,80,80,80,80,80,80,80,80,80,80,80,80,80,80,80,80,80,80,80,80,80,80,80,80,80,80],"card_choices":[{"not_picked":["Clash","True Grit","Burning Pact"],"picked":"SKIP","floor":1},{"not_picked":["Shrug It Off","Body Slam","Warcry"],"picked":"SKIP","floor":2},{"not_picked":["ReplayTheSpireMod:Strike From Hell","Run Through"],"picked":"Metallicize","floor":5},{"not_picked":["Pommel Strike","Heavy Blade","Sword Boomerang"],"picked":"SKIP","floor":7},{"not_picked":["Run Through","Entrench","Perfected Strike"],"picked":"SKIP","floor":8},{"not_picked":["Rupture","ReplayReversal"],"picked":"ReplayTheSpireMod:Muscle Training","floor":11},{"not_picked":["Demonic Infusion","Combust"],"picked":"True Grit","floor":12},{"not_picked":["Uppercut","Body Slam"],"picked":"Sever Soul","floor":13},{"not_picked":["Fiend Fire","Limit Break"],"picked":"Immolate","floor":16},{"not_picked":["Sword Boomerang+1","Anger"],"picked":"Clash","floor":18},{"not_picked":["Heavy Blade","Entrench+1"],"picked":"Rage","floor":19},{"not_picked":["ReplayTheSpireMod:LeadingStrike","Body Slam"],"picked":"Immolate","floor":21},{"not_picked":["Life Link+1","Searing Blow"],"picked":"Shockwave+1","floor":24},{"not_picked":["Warcry","Blood for Blood"],"picked":"Infernal Blade+1","floor":25},{"not_picked":["Thunderclap","Power Through"],"picked":"Defy Death","floor":27},{"not_picked":["Run Through","Clothesline"],"picked":"Fire Breathing","floor":29},{"not_picked":["Sever Soul+1","Ghostly Armor"],"picked":"Fire Breathing+1","floor":30}],"player_experience":742889,"relics_obtained":[{"floor":7,"key":"MawBank"},{"floor":9,"key":"Orichalcum"},{"floor":12,"key":"hubris:MedicalManual"},{"floor":25,"key":"Red Skull"},{"floor":26,"key":"Replay:Bottled Steam"}],"event_choices":[{"damage_healed":0,"gold_gain":0,"player_choice":"Entered Light","damage_taken":16,"max_hp_gain":0,"max_hp_loss":0,"event_name":"Shining Light","floor":3,"gold_loss":0,"cards_upgraded":["Strike_R","Strike_R"]},{"damage_healed":0,"gold_gain":0,"cards_transformed":["Strike_R"],"player_choice":"Change","damage_taken":0,"max_hp_gain":0,"max_hp_loss":0,"event_name":"Living Wall","floor":10,"gold_loss":0,"cards_obtained":["Juggernaut"]},{"damage_healed":0,"gold_gain":0,"player_choice":"Searched \u00270\u0027 times","damage_taken":0,"max_hp_gain":0,"max_hp_loss":0,"event_name":"Dead Adventurer","floor":14,"gold_loss":0},{"damage_healed":0,"gold_gain":250,"player_choice":"Bet on Owner","damage_taken":0,"max_hp_gain":0,"max_hp_loss":0,"event_name":"The Joust","floor":22,"gold_loss":50}],"is_beta":false,"boss_relics":[{"not_picked":["Busted Crown","Honey Jar"],"picked":"Painkiller Herb"}],"items_purged_floors":[28,28],"is_endless":false,"potions_floor_spawned":[2,5,12,18,19,24,29],"killed_by":"Automaton","ascension_level":12}}