{"host":"oigynbtg272c19pw","time":1610879709,"event":{"mods":["BaseMod","Colored Map","Minty Spire (QoL Compilation)","Relic Stats","Slay the Relics Exporter","StSLib"],"gold_per_floor":[112,5,5,17,31,31,31,57,128,128,128],"floor_reached":10,"playtime":570,"items_purged":[],"score":132,"play_id":"5490c09a-ae6d-46f3-9510-629105d72eb4","local_time":"20210117113509","is_ascension_mode":true,"campfire_choices":[{"data":"True Grit","floor":6,"key":"SMITH"}],"circlet_count":0,"master_deck":["AscendersBane","Strike_R","Strike_R","Strike_R","Strike_R","Strike_R","Defend_R","Defend_R","Defend_R","Defend_R","Bash","Reaper","True Grit+1","Feel No Pain","True Grit","Shockwave","Uppercut","Infernal Blade"],"relics":["Burning Blood","The Courier","Tiny Chest"],"acts_visited":["Exordium"],"potions_floor_usage":[8,8,10,10],"damage_taken":[{"damage":11,"enemies":"2 Louse","floor":1,"turns":3},{"damage":36,"enemies":"Jaw Worm","floor":4,"turns":8},{"damage":24,"enemies":"Cultist","floor":5,"turns":6},{"damage":35,"enemies":"3 Sentries","floor":8,"turns":15},{"damage":11,"enemies":"Lagavulin","floor":10,"turns":7}],"seed_played":"-5946610108636836610","potions_obtained":[{"floor":5,"key":"EntropicBrew"},{"floor":8,"key":"AttackPotion"}],"is_trial":false,"path_per_floor":["M","$","?","M","M","R","T","E","T","E"],"character_chosen":"IRONCLAD","items_purchased":["Feel No Pain","True Grit"],"campfire_rested":0,"item_purchase_floors":[2,2],"current_hp_per_floor":[71,71,64,38,26,26,26,9,9,0,0],"gold":128,"neow_bonus":"THREE_RARE_CARDS","is_daily":false,"chose_seed":false,"campfire_upgraded":1,"win_rate":0.0,"timestamp":1610879709,"path_taken":["M","$","?","M","M","R","?","E","T","E"],"items_purchased_type":["Card","Card"],"build_version":"2020-12-13","purchased_purges":0,"victory":false,"max_hp_per_floor":[75,75,75,75,75,75,75,75,75,75,75],"relic_stats":{"counters":[5,39],"Tiny Chest":0,"obtain_stats":[{"Tiny Chest":8,"The Courier":7,"Burning Blood":0},{"Tiny Chest":4,"The Courier":3,"Burning Blood":0},{"Tiny Chest":32,"The Courier":17,"Burning Blood":0}],"Burning Blood":24},"card_choices":[{"not_picked":["Berserk","Limit Break"],"picked":"Reaper","floor":0},{"not_picked":["Iron Wave","Entrench"],"picked":"True Grit","floor":1},{"not_picked":["Body Slam","Warcry"],"picked":"Shockwave","floor":4},{"not_picked":["Rage","Warcry"],"picked":"Uppercut","floor":5},{"not_picked":["Wild Strike","Rupture"],"picked":"Infernal Blade","floor":8}],"player_experience":1425144,"relics_obtained":[{"floor":7,"key":"The Courier"},{"floor":8,"key":"Tiny Chest"}],"event_choices":[{"cards_removed":["Clumsy"],"damage_healed":0,"gold_gain":0,"player_choice":"Card Removal","damage_taken":7,"max_hp_gain":0,"max_hp_loss":0,"event_name":"Golden Wing","floor":3,"gold_loss":0}],"is_beta":false,"boss_relics":[],"items_purged_floors":[],"is_endless":false,"potions_floor_spawned":[5,8],"killed_by":"Lagavulin","ascension_level":20}}