{"host":"9jj9tzo2iym4bpat","time":1610902782,"event":{"mods":["Act Like it!","BaseMod","CapriCore","Colored Map","Dark Map","Luminous","Minty Spire (QoL Compilation)","Permanent Neow","StSLib","Td1madao Mod","The Animator","The Immortal","The Marked","The Servant 0.9.4","Yakumo Yukari mod"],"gold_per_floor":[110,130,130,130,130,130,62,75,102,121,121,136,155,175,175,175,175],"floor_reached":16,"language":"ENG","playtime":551,"items_purged":[],"score":94,"play_id":"1d3a4b93-a7af-4f51-9ccc-aaedc86d0305","local_time":"20210117105942","is_ascension_mode":false,"campfire_choices":[{"data":"Eruption","floor":6,"key":"SMITH"},{"data":"LessonLearned","floor":11,"key":"SMITH"},{"floor":15,"key":"REST"}],"circlet_count":0,"master_deck":["Strike_P","Strike_P+1","Strike_P","Strike_P","Defend_P","Defend_P","Defend_P","Defend_P","Eruption+1","Vigilance","Wallop","FollowUp+1","Evaluate+1","SpiritShield","LessonLearned+1","FollowUp","EmptyFist","FollowUp+1","Protect"],"relics":["PureWater","Bag of Marbles","Pen Nib","Potion Belt"],"acts_visited":["Exordium"],"potions_floor_usage":[14,16],"damage_taken":[{"damage":0,"enemies":"Cultist","floor":1,"turns":1},{"damage":3,"enemies":"Jaw Worm","floor":2,"turns":2},{"damage":4,"enemies":"2 Louse","floor":8,"turns":3},{"damage":0,"enemies":"Looter","floor":10,"turns":5},{"damage":10,"enemies":"Lots of Slimes","floor":12,"turns":7},{"damage":0,"enemies":"3 Louse","floor":13,"turns":3},{"damage":6,"enemies":"Large Slime","floor":14,"turns":2},{"damage":68,"enemies":"Hexaghost","floor":16,"turns":12}],"seed_played":"5457925938071350355","potions_obtained":[{"floor":2,"key":"Ancient Potion"},{"floor":8,"key":"Energy Potion"},{"floor":14,"key":"EssenceOfSteel"}],"is_trial":false,"path_per_floor":["M","M","?","?","?","R","$","M","T","M","R","M","M","M","R","B"],"character_chosen":"WATCHER","items_purchased":["LessonLearned"],"campfire_rested":1,"item_purchase_floors":[7],"current_hp_per_floor":[72,69,69,66,66,66,66,62,62,62,62,52,52,46,67,0,0],"gold":175,"neow_bonus":"RANDOM_COMMON_RELIC","is_daily":false,"chose_seed":false,"campfire_upgraded":2,"win_rate":0.0,"timestamp":1610902782,"path_taken":["M","?","?","?","?","R","$","M","T","M","R","M","M","M","R","BOSS"],"items_purchased_type":["Card"],"build_version":"2020-12-22","purchased_purges":0,"victory":false,"max_hp_per_floor":[72,72,72,72,72,72,72,72,72,72,72,72,72,72,72,72,72],"card_choices":[{"not_picked":["Protect","CutThroughFate"],"picked":"Wallop","floor":1},{"not_picked":["CarveReality","Meditate"],"picked":"FollowUp","floor":2},{"not_picked":["Swivel","MentalFortress"],"picked":"FollowUp","floor":8},{"not_picked":["ThirdEye","FlyingSleeves"],"picked":"EmptyFist","floor":10},{"not_picked":["Adaptation","Wireheading","Weave"],"picked":"SKIP","floor":12},{"not_picked":["ClearTheMind","ThirdEye"],"picked":"FollowUp","floor":13},{"not_picked":["Crescendo","FollowUp"],"picked":"Protect","floor":14}],"player_experience":269471,"relics_obtained":[{"floor":9,"key":"Potion Belt"}],"event_choices":[{"damage_healed":0,"gold_gain":0,"player_choice":"Leave","damage_taken":0,"max_hp_gain":0,"max_hp_loss":0,"event_name":"The Cleric","floor":3,"gold_loss":0},{"damage_healed":0,"gold_gain":0,"player_choice":"Success","damage_taken":3,"relics_obtained":["Pen Nib"],"max_hp_gain":0,"max_hp_loss":0,"event_name":"Scrap Ooze","floor":4,"gold_loss":0},{"damage_healed":0,"gold_gain":0,"player_choice":"2 cards matched","damage_taken":0,"max_hp_gain":0,"max_hp_loss":0,"event_name":"Match and Keep!","floor":5,"gold_loss":0,"cards_obtained":["Evaluate","SpiritShield"]}],"is_beta":false,"boss_relics":[],"items_purged_floors":[],"is_endless":false,"potions_floor_spawned":[2,8,14],"killed_by":"Hexaghost","ascension_level":0}}