{"host":"rmxeoilydwnfa1ap","time":1610894152,"event":{"mods":["2.2 Compatiblity","Act Like it!","BaseMod","Better Third Choice","BetterRewards","Defuse TimeMaze Blight","Hallownest","Hubris","Humility","KinomotoSakuraMod(Ä¾Ö®±¾Ó£)","Minty Spire (QoL Compilation)","Prisma Mod","Rare Cards Sparkle","Remove Card Discount Mod","Shop Mod","Spicy Shops","StSLib","¡¾ÒÅÎï¿¨ÅÆ¡¿REMEMod"],"gold_per_floor":[110,63,63,63,80,80,80,80,80,80,80,80,80,92,92,190,190,206,129,129,129,129,129,129,129,154,154,124,124,150,150,150],"floor_reached":31,"language":"ZHS","playtime":808,"items_purged":["PrismaMod:IllyaCarnivalPrismaAstolfo","PrismaMod:MiyuDefenseAbsorbMinor","PrismaMod:MiyuChannelAttackEvoke","PrismaMod:MiyuChannelDefendEvoke"],"score":313,"play_id":"617e9645-eb71-40d2-a2f0-7721ffabaa13","local_time":"20210117223552","daily_mods":["SealedDeck","Shiny","Vintage","Heirloom","Time Dilation","Flight","Elite Swarm"],"is_ascension_mode":false,"campfire_choices":[{"data":"PrismaMod:IllyaUberPoisonChannel","floor":6,"key":"SMITH"},{"data":"PrismaMod:IllyaUberDefendChannel","floor":7,"key":"SMITH"},{"data":"PrismaMod:IllyaCarnivalOrbs","floor":8,"key":"SMITH"},{"data":"PrismaMod:IllyaUberAttackChannel","floor":12,"key":"SMITH"},{"data":"PrismaMod:MiyuCheapStrBuff","floor":15,"key":"SMITH"},{"data":"PrismaMod:IllyaDetonatingBlow","floor":23,"key":"SMITH"},{"data":"PrismaMod:MiyuCheapDefend1","floor":24,"key":"SMITH"},{"data":"PrismaMod:MiyuBride","floor":25,"key":"SMITH"},{"data":"PrismaMod:IllyaPoisonBomb","floor":27,"key":"SMITH"}],"circlet_count":0,"master_deck":["PrismaMod:IllyaCarnivalAttack","PrismaMod:IllyaUberPoisonChannel+1","PrismaMod:IllyaCarnivalDefend","PrismaMod:IllyaUberDefendChannel+1","PrismaMod:IllyaCarnivalOrbs+1","PrismaMod:IllyaUberAttackChannel+1","PrismaMod:IllyaZwei","PrismaMod:MiyuEvokeAllAttack","PrismaMod:MiyuEvokeAllDefend","PrismaMod:MiyuCheapDefend2","PrismaMod:MiyuUberDefend","PrismaMod:MiyuBride+1","PrismaMod:MiyuCarnivalDefend","PrismaMod:MiyuDefendChannelDefend","PrismaMod:IllyaPoisonBomb+1","PrismaMod:IllyaMinorReinForce","PrismaMod:IllyaRapidFire","PrismaMod:MiyuUncommonDefend","PrismaMod:IllyaDetonatingBlow+1","PrismaMod:MiyuCarnivalAttack","PrismaMod:IllyaBoysLove","PrismaMod:MiyuUncommonStrBuff","PrismaMod:IllyaFriendMaker","PrismaMod:MiyuCheapDefend1+1","PrismaMod:MiyuCheapStrBuff+1","PrismaMod:MiyuCheapDexBuff","PrismaMod:MiyuUncommonDexBuff","PrismaMod:IllyaPoisonTippedWeapons","PrismaMod:IllyaBlindPoisonToss"],"relics":["PrismaMod:PrismaSapphire","REME_ComplimentaryCards","hubris:CuriousFeather","Tiny Chest","Hallownest:DreamNailRelic","Bronze Scales","Vajra","MealTicket","hubris:Towel","hubris:CrystalStatue","Smiling Mask","Ancient Tea Set","Hallownest:NailmastersGloryRelic","Nunchaku","Bag of Preparation"],"acts_visited":["Exordium","Hallownest:Greenpath"],"potions_floor_usage":[],"damage_taken":[{"damage":0,"enemies":"Hallownest:monsterHuskWarrior","floor":1,"turns":3},{"damage":8,"enemies":"2_ Uuma","floor":5,"turns":4},{"damage":0,"enemies":"Hallownest:2_Tiktiks_and_1_Crawlid","floor":14,"turns":1},{"damage":3,"enemies":"Hallownest:BossBrokenVessel","floor":16,"turns":5},{"damage":0,"enemies":"Hallownest:2_Mistakes","floor":18,"turns":2},{"damage":8,"enemies":"Hallownest:2_Mistakes","floor":22,"turns":5},{"damage":0,"enemies":"Hallownest:3_Youths","floor":31,"turns":2}],"seed_played":"1410208844815524039","potions_obtained":[{"floor":1,"key":"FearPotion"},{"floor":14,"key":"PowerPotion"},{"floor":18,"key":"LiquidBronze"}],"is_trial":true,"path_per_floor":["M","$","?","?","M","R","R","R","T","T","?","R","?","M","R","B",null,"M","$","T","?","?","R","R","R","T","R","$","?","T","M"],"character_chosen":"MIYU","items_purchased":["PrismaMod:MiyuCheapStrBuff","PrismaMod:MiyuCheapDexBuff","PrismaMod:MiyuUncommonDexBuff"],"campfire_rested":0,"item_purchase_floors":[2,19,28],"current_hp_per_floor":[75,75,75,75,67,67,67,67,67,67,67,67,58,58,58,55,75,75,75,75,75,67,67,67,67,67,67,75,75,75,75,75],"gold":150,"neow_bonus":"","is_daily":false,"chose_seed":false,"campfire_upgraded":9,"win_rate":0.0,"timestamp":1610894152,"path_taken":["M","$","?","?","?","R","R","R","T","?","?","R","?","?","R","BOSS","M","$","?","?","?","R","R","R","T","R","$","?","?","?"],"items_purchased_type":["Card","Card","Card"],"build_version":"2020-12-22","purchased_purges":4,"victory":false,"max_hp_per_floor":[75,75,75,75,75,75,75,75,75,75,75,75,75,75,75,75,75,75,75,75,75,75,75,75,75,75,75,75,75,75,75,75],"card_choices":[{"not_picked":["PrismaMod:IllyaMinorRapidFire+1","PrismaMod:MiyuMaid"],"picked":"PrismaMod:IllyaPoisonTippedWeapons","floor":29},{"not_picked":["PrismaMod:IllyaPoisonBomb+1","PrismaMod:IllyaGun+1"],"picked":"PrismaMod:IllyaBlindPoisonToss","floor":29}],"player_experience":38774,"relics_obtained":[{"floor":1,"key":"Tiny Chest"},{"floor":5,"key":"Bronze Scales"},{"floor":9,"key":"Vajra"},{"floor":10,"key":"MealTicket"},{"floor":14,"key":"hubris:CrystalStatue"},{"floor":18,"key":"Smiling Mask"},{"floor":20,"key":"Ancient Tea Set"},{"floor":26,"key":"Nunchaku"},{"floor":30,"key":"Bag of Preparation"}],"event_choices":[],"is_beta":false,"boss_relics":[{"not_picked":["Velvet Choker","Empty Cage","Busted Crown"]}],"items_purged_floors":[2,2,2,2],"is_endless":true,"potions_floor_spawned":[1,14,18],"killed_by":"Hallownest:3_Youths","ascension_level":0}}