{"host":"mku5fdaoqz3qihec","time":1610860971,"event":{"mods":["2.2 Compatiblity","AchievementEnabler","Arknights The Spire","BaseMod","Colored Map","Colored Powertips","Minty Spire (QoL Compilation)","Rare Cards Sparkle","StSLib","SuperFastMode"],"gold_per_floor":[114,189,189,200,76,107,121,121,148,148,174,174,204,222,222,319,319],"floor_reached":16,"language":"KOR","playtime":475,"items_purged":["ats:Strike C"],"score":218,"play_id":"9df68a57-9dc0-4da5-9239-66a851b4e605","local_time":"20210117142251","is_ascension_mode":false,"campfire_choices":[{"data":"ats:Neurotoxin","floor":8,"key":"SMITH"},{"data":"ats:Thorns","floor":10,"key":"SMITH"},{"data":"ats:Armor Crushing Shot","floor":15,"key":"SMITH"}],"circlet_count":0,"master_deck":["ats:Strike G","ats:Strike S","ats:Armor Crushing Shot+1","ats:Defend","ats:Defend","ats:Defend","ats:Defend","ats:Emotion Absorption","ats:Powerful Strike","ats:Neurotoxin+1","ats:Flexible Camouflage","ats:Thorns+1","ats:Poison Spread","ats:Leaping Hammer","ats:Song Of Battle","ats:Shadow Raid"],"relics":["ats:Sanity","NeowsBlessing","ats:Originium","Pear","Ancient Tea Set","Bottled Flame","Bronze Scales","Bag of Marbles"],"acts_visited":["Exordium"],"potions_floor_usage":[],"damage_taken":[{"damage":0.0,"enemies":"Small Slimes","floor":1.0,"turns":1.0},{"damage":0.0,"enemies":"2 Louse","floor":4.0,"turns":1.0},{"damage":0.0,"enemies":"Gremlin Nob","floor":6.0,"turns":1.0},{"damage":0,"enemies":"Jaw Worm","floor":7,"turns":1},{"damage":0,"enemies":"Replay:BlueRogue","floor":11,"turns":2},{"damage":29,"enemies":"Lagavulin","floor":13,"turns":6},{"damage":8,"enemies":"Gremlin Gang","floor":14,"turns":3},{"damage":25,"enemies":"The Guardian","floor":16,"turns":8}],"seed_played":"2172495017019422454","potions_obtained":[{"floor":1.0,"key":"Swift Potion"},{"floor":7,"key":"GamblersBrew"},{"floor":16,"key":"LiquidBronze"}],"is_trial":false,"path_per_floor":["M","?","?","M","$","E","M","R","T","R","E","?","E","M","R","B"],"character_chosen":"DOCTOR_CLASS","items_purchased":["ats:Flexible Camouflage"],"campfire_rested":0,"item_purchase_floors":[5],"current_hp_per_floor":[72,61,54,54,54,64,64,64,64,64,64,64,35,27,27,2,2],"gold":319,"neow_bonus":"THREE_ENEMY_KILL","is_daily":false,"chose_seed":false,"campfire_upgraded":3,"win_rate":0.0,"timestamp":1610860971,"path_taken":["M","?","?","M","$","E","M","R","T","R","E","?","E","M","R","BOSS"],"items_purchased_type":["Card"],"build_version":"2020-12-22","purchased_purges":1,"victory":false,"max_hp_per_floor":[72,72,72,72,72,82,82,82,82,82,82,82,82,82,82,82,82],"card_choices":[{"not_picked":["ats:Directed Diagnosis","ats:Beaten Up"],"picked":"ats:Powerful Strike","floor":1.0},{"not_picked":["ats:Revitalization","ats:Curse Doll"],"picked":"ats:Neurotoxin","floor":4.0},{"not_picked":["ats:Flexible Camouflage","ats:Assault Order"],"picked":"ats:Thorns","floor":6},{"not_picked":["ats:Powerful Strike","ats:Revitalization"],"picked":"ats:Poison Spread","floor":7},{"not_picked":["ats:Collapsing Strike","ats:Thermite Blade"],"picked":"ats:Leaping Hammer","floor":11},{"not_picked":["ats:Ignite","ats:Beaten Up"],"picked":"ats:Song Of Battle","floor":13},{"not_picked":["ats:Shell Defense","ats:Healing Strengthening"],"picked":"ats:Shadow Raid","floor":14}],"player_experience":246156,"relics_obtained":[{"floor":6,"key":"ats:Originium"},{"floor":6,"key":"Pear"},{"floor":9,"key":"Ancient Tea Set"},{"floor":11,"key":"ats:Originium"},{"floor":11,"key":"Bottled Flame"},{"floor":13,"key":"ats:Originium"},{"floor":13,"key":"Bag of Marbles"}],"event_choices":[{"damage_healed":0.0,"max_hp_gain":0.0,"max_hp_loss":0.0,"gold_gain":75.0,"event_name":"World of Goop","player_choice":"Gather Gold","floor":2.0,"gold_loss":0.0,"damage_taken":11.0},{"cards_removed":["ats:Strike V"],"damage_healed":0.0,"max_hp_gain":0.0,"max_hp_loss":0.0,"gold_gain":0.0,"event_name":"Golden Wing","player_choice":"Card Removal","floor":3.0,"gold_loss":0.0,"damage_taken":7.0},{"damage_healed":0,"gold_gain":0,"player_choice":"Gave Potion","damage_taken":0,"relics_obtained":["Bronze Scales"],"max_hp_gain":0,"max_hp_loss":0,"event_name":"WeMeetAgain","floor":12,"gold_loss":0}],"is_beta":false,"boss_relics":[],"items_purged_floors":[5],"is_endless":false,"potions_floor_spawned":[1,7,16],"killed_by":"The Guardian","ascension_level":0}}