{"host":"tgr1xoidyjfo4u0n","time":1610899098,"event":{"mods":["Act Like it!","Alarm Clock","BaseMod","CapriCore","Colored Powertips","GifTheSpireLib","Highlight Path","Minty Spire (QoL Compilation)","StSLib"],"gold_per_floor":[10,30,45,56,74,74,149,149,173,188,188,188,202,223,223,323,323,337,89,105,121,137,168,168,168,168],"floor_reached":25,"language":"ZHS","playtime":898,"items_purged":["Strike_B"],"score":260,"play_id":"9fb25615-6566-4334-b86f-828b3863d524","local_time":"20210117235818","is_ascension_mode":true,"campfire_choices":[{"data":"Electrodynamics","floor":6,"key":"SMITH"},{"data":"Zap","floor":8,"key":"SMITH"},{"data":"Go for the Eyes","floor":11,"key":"SMITH"},{"floor":15,"key":"REST"},{"data":"Biased Cognition","floor":24,"key":"SMITH"}],"circlet_count":0,"master_deck":["Strike_B","Defend_B","Defend_B","Defend_B","Defend_B","Zap+1","Dualcast","Lockon","Loop","Redo","Ball Lightning","Electrodynamics+1","Recycle","Go for the Eyes+1","Rainbow","Conserve Battery","Chill","Biased Cognition+1","Coolheaded+1","Turbo","Tempest","Turbo","Aggregate","Force Field+1"],"relics":["Cracked Core","Odd Mushroom","Coffee Dripper","Runic Capacitor","Akabeko"],"acts_visited":["Exordium","TheCity"],"potions_floor_usage":[18],"damage_taken":[{"damage":4,"enemies":"Jaw Worm","floor":1,"turns":3},{"damage":7,"enemies":"Small Slimes","floor":2,"turns":3},{"damage":4,"enemies":"2 Louse","floor":3,"turns":3},{"damage":15,"enemies":"Large Slime","floor":4,"turns":5},{"damage":0,"enemies":"3 Louse","floor":5,"turns":1},{"damage":6,"enemies":"Looter","floor":10,"turns":2},{"damage":14,"enemies":"Exordium Thugs","floor":13,"turns":2},{"damage":0,"enemies":"The Mushroom Lair","floor":14,"turns":2},{"damage":12,"enemies":"The Guardian","floor":16,"turns":9},{"damage":2,"enemies":"2 Thieves","floor":18,"turns":3},{"damage":0,"enemies":"3 Byrds","floor":20,"turns":4},{"damage":2,"enemies":"Cultist and Chosen","floor":21,"turns":3},{"damage":9,"enemies":"Centurion and Healer","floor":22,"turns":2},{"damage":29,"enemies":"Book of Stabbing","floor":23,"turns":5},{"damage":39,"enemies":"Shelled Parasite and Fungi","floor":25,"turns":2}],"seed_played":"-1591138613880211096","potions_obtained":[{"floor":1,"key":"PotionOfCapacity"},{"floor":4,"key":"SteroidPotion"},{"floor":13,"key":"SpeedPotion"},{"floor":14,"key":"AttackPotion"},{"floor":16,"key":"Dexterity Potion"},{"floor":18,"key":"LiquidMemories"},{"floor":22,"key":"Energy Potion"}],"is_trial":false,"path_per_floor":["M","M","M","M","M","R","?","R","T","M","R","?","M","?","R","B",null,"M","$","M","M","M","E","R","M"],"character_chosen":"DEFECT","items_purchased":["Runic Capacitor","Turbo"],"campfire_rested":1,"item_purchase_floors":[19,19],"current_hp_per_floor":[71,64,60,45,45,45,34,34,34,28,28,28,14,14,36,24,75,73,73,73,71,62,33,33,0,0],"gold":168,"neow_bonus":"TRANSFORM_TWO_CARDS","is_daily":false,"chose_seed":false,"campfire_upgraded":4,"win_rate":0.0,"timestamp":1610899098,"path_taken":["M","M","M","M","M","R","?","R","T","M","R","?","M","?","R","BOSS","M","$","M","M","M","E","R","M"],"items_purchased_type":["Relic","Card"],"build_version":"2020-12-22","purchased_purges":1,"victory":false,"max_hp_per_floor":[75,75,75,75,75,75,75,75,75,75,75,75,75,75,75,75,75,75,75,75,75,75,75,75,75,75],"card_choices":[{"not_picked":["Melter","Compile Driver"],"picked":"Sunder","floor":1},{"not_picked":["Streamline","Loop"],"picked":"Redo","floor":2},{"not_picked":["Static Discharge","Stack"],"picked":"Ball Lightning","floor":3},{"not_picked":["Sweeping Beam","Go for the Eyes"],"picked":"Electrodynamics","floor":4},{"not_picked":["Redo","Gash"],"picked":"Recycle","floor":5},{"not_picked":["Lockon","Streamline"],"picked":"Go for the Eyes","floor":10},{"not_picked":["Barrage","Turbo"],"picked":"Conserve Battery","floor":13},{"not_picked":["Stack","Compile Driver"],"picked":"Chill","floor":14},{"not_picked":["Multi-Cast","Echo Form"],"picked":"Biased Cognition","floor":16},{"not_picked":["Turbo+1","Stack"],"picked":"Coolheaded+1","floor":18},{"not_picked":["Compile Driver","Steam+1"],"picked":"Tempest","floor":20},{"not_picked":["Fusion","Beam Cell"],"picked":"Turbo","floor":21},{"not_picked":["Hologram","Sunder"],"picked":"Aggregate","floor":22},{"not_picked":["Chaos","Streamline+1"],"picked":"Force Field+1","floor":23}],"player_experience":394138,"relics_obtained":[{"floor":14,"key":"Odd Mushroom"},{"floor":23,"key":"Akabeko"}],"event_choices":[{"damage_healed":0,"gold_gain":75,"player_choice":"Gather Gold","damage_taken":11,"max_hp_gain":0,"max_hp_loss":0,"event_name":"World of Goop","floor":7,"gold_loss":0},{"damage_healed":0,"gold_gain":0,"cards_transformed":["Sunder"],"player_choice":"Change","damage_taken":0,"max_hp_gain":0,"max_hp_loss":0,"event_name":"Living Wall","floor":12,"gold_loss":0,"cards_obtained":["Rainbow"]},{"damage_healed":0,"gold_gain":0,"player_choice":"Fought Mushrooms","damage_taken":0,"max_hp_gain":0,"max_hp_loss":0,"event_name":"Mushrooms","floor":14,"gold_loss":0}],"is_beta":false,"boss_relics":[{"not_picked":["SlaversCollar","Fusion Hammer"],"picked":"Coffee Dripper"}],"items_purged_floors":[19],"is_endless":false,"potions_floor_spawned":[1,4,13,14,16,18,22,23],"killed_by":"Shelled Parasite and Fungi","ascension_level":4}}