{"host":"684z1xpuwaoqmmh1","time":1610896050,"event":{"mods":["Bard","BaseMod","Downfall","Hermit","Jorbs\u0027s Wanderer Trilogy","Marisa????????","Minty Spire (QoL Compilation)","Robot Space Explorer","Shade Mod","StSLib","The Bug Knight","The Cursed","The Hayseed","The Hierophant","The Marked","The Mystic","The Runesmith","The Senshi","The Spell Scribe"],"gold_per_floor":[111,126,126,141,155,189,189,218,218,238,188,188,201,234,234,336,336,354,31,106,122,138,138,63,97,148,148,164,175,275,308,308,405,405,418,428,438,0,0,0],"floor_reached":39,"language":"ENG","playtime":3068,"items_purged":["HollowMod:QuickDashStart"],"score":532,"play_id":"bdae3188-d464-4e05-b425-794db5f4f6da","local_time":"20210117170730","is_ascension_mode":true,"campfire_choices":[{"data":"HollowMod:RecoilStrike","floor":7,"key":"SMITH"},{"data":"HollowMod:RecoilStrike","floor":15,"key":"SMITH"},{"data":"HollowMod:LifebloodCore","floor":23,"key":"SMITH"},{"data":"HollowMod:QuirrelsAssistance","floor":27,"key":"SMITH"},{"floor":32,"key":"REST"}],"circlet_count":0,"master_deck":["HollowMod:QuickDashStart","HollowMod:FocusHealStart","HollowMod:PogoStrike","HollowMod:DoubleDash","HollowMod:FallenFury","HollowMod:NewLittleFool","HollowMod:RecoilStrike+1","HollowMod:CycloneSlash","HollowMod:CornifersMapStart","HollowMod:RecoilStrike+1","HollowMod:SoulVessel","HollowMod:SoulStrike","HollowMod:LifebloodCore+1","HollowMod:LifebloodCocoon","HollowMod:DashSlash","HollowMod:QuirrelsAssistance+1","HollowMod:DashSlash+1","HollowMod:PureVessel","HollowMod:MonarchWings+1","HollowMod:LifebloodCore","HollowMod:Weaversong+1","HollowMod:HowlingWraiths+1","HollowMod:SiblingsShadow+1","HollowMod:MantisMark","HollowMod:DashSlash","HollowMod:SoulMaster"],"relics":["HollowMod:VesselMask","champ:DuelingGlove","Question Card","Bird Faced Urn","Turnip","SlaversCollar","hexamod:CandleOfCauterizing","Calipers","Runesmith:Locket","Runesmith:Nanobots","White Beast Statue","Astrolabe","Incense Burner","OrangePellets"],"acts_visited":["Exordium","TheCity","TheBeyond"],"potions_floor_usage":[14,14,30,30,31,37],"damage_taken":[{"damage":2.0,"enemies":"Jaw Worm","floor":1.0,"turns":4.0},{"damage":1.0,"enemies":"Cultist","floor":2.0,"turns":3.0},{"damage":1.0,"enemies":"Small Slimes","floor":4.0,"turns":4.0},{"damage":3.0,"enemies":"Blue Slaver","floor":5.0,"turns":5.0},{"damage":32,"enemies":"Gremlin Nob","floor":6,"turns":4},{"damage":7,"enemies":"3 Sentries","floor":8,"turns":5},{"damage":9,"enemies":"Gremlin Gang","floor":10,"turns":5},{"damage":4,"enemies":"Large Slime","floor":13,"turns":5},{"damage":17,"enemies":"Lagavulin","floor":14,"turns":6},{"damage":38,"enemies":"The Guardian","floor":16,"turns":15},{"damage":12,"enemies":"2 Thieves","floor":18,"turns":5},{"damage":0,"enemies":"Spheric Guardian","floor":21,"turns":6},{"damage":7,"enemies":"Centurion and Healer","floor":22,"turns":5},{"damage":25,"enemies":"Book of Stabbing","floor":25,"turns":5},{"damage":28,"enemies":"Snecko","floor":28,"turns":5},{"damage":0,"enemies":"Cultist and Chosen","floor":29,"turns":4},{"damage":24,"enemies":"Colosseum Slavers","floor":30,"turns":4},{"damage":16,"enemies":"Colosseum Nobs","floor":30,"turns":4},{"damage":16,"enemies":"Gremlin Leader","floor":31,"turns":3},{"damage":6,"enemies":"Automaton","floor":33,"turns":9},{"damage":0,"enemies":"Orb Walker","floor":35,"turns":4},{"damage":7,"enemies":"3 Shapes","floor":36,"turns":4},{"damage":21,"enemies":"3 Darklings","floor":37,"turns":6},{"damage":66,"enemies":"2 Orb Walkers","floor":39,"turns":5}],"seed_played":"331217608095342989","potions_obtained":[{"floor":4.0,"key":"sneckomod:MuddlingPotion"},{"floor":13,"key":"AttackPotion"},{"floor":16,"key":"Strength Potion"},{"floor":29,"key":"AttackPotion"},{"floor":30,"key":"Slimebound:ThreeZeroPotion"},{"floor":33,"key":"LiquidMemories"},{"floor":35,"key":"Ancient Potion"},{"floor":36,"key":"PowerPotion"},{"floor":37,"key":"Fire Potion"}],"is_trial":false,"path_per_floor":["M","M","?","M","M","E","R","E","T","M","?","?","M","E","R","B",null,"M","$","?","M","M","R","$","E","T","R","M","M","?","E","R","B",null,"M","M","M","$","?"],"character_chosen":"THE_BUGKNIGHT","items_purchased":["hexamod:CandleOfCauterizing","HollowMod:LifebloodCocoon","HollowMod:DashSlash","Incense Burner","OrangePellets"],"campfire_rested":1,"item_purchase_floors":[19,24,24,38,38],"current_hp_per_floor":[82,82,82,82,82,56,56,55,55,52,52,52,54,45,45,21,82,76,76,68,80,81,81,81,64,64,64,36,36,12,4,28,24,82,82,75,58,58,0,0],"gold":0,"neow_bonus":"TEN_PERCENT_HP_BONUS","is_daily":false,"chose_seed":false,"campfire_upgraded":4,"win_rate":0.0,"timestamp":1610896050,"path_taken":["M","M","?","M","M","E","R","E","T","M","?","?","M","E","R","BOSS","M","$","?","M","M","R","$","E","T","R","?","M","?","E","R","BOSS","M","M","M","$","?"],"items_purchased_type":["Relic","Card","Card","Relic","Relic"],"build_version":"2020-12-22","purchased_purges":1,"victory":false,"max_hp_per_floor":[82,82,82,82,82,82,82,82,82,82,82,82,82,82,82,82,82,82,82,82,82,82,82,82,82,82,82,82,82,82,82,82,82,82,82,82,82,82,82,82],"card_choices":[{"not_picked":["HollowMod:InfectedAttack","HollowMod:VengefulVoid"],"picked":"HollowMod:DoubleDash","floor":1.0},{"not_picked":["HollowMod:SharpenedNail","HollowMod:NewInfectedGuardian"],"picked":"HollowMod:FallenFury","floor":2.0},{"not_picked":["HollowMod:SharpenedNail","HollowMod:DoubleDash"],"picked":"HollowMod:NewLittleFool","floor":4.0},{"not_picked":["HollowMod:SharpenedNail","HollowMod:HowlingWraiths"],"picked":"HollowMod:RecoilStrike","floor":5},{"not_picked":["HollowMod:InfectedAttack","HollowMod:SharpenedShadows"],"picked":"HollowMod:CycloneSlash","floor":6},{"not_picked":["HollowMod:InfectedAttack","HollowMod:NewJinnsSoul"],"picked":"HollowMod:CornifersMapStart","floor":8},{"not_picked":["HollowMod:CycloneSlash","HollowMod:SoulStrike","HollowMod:SoulEater"],"picked":"HollowMod:RecoilStrike","floor":10},{"not_picked":["HollowMod:ShapeofUnn","HollowMod:NewJinnsSoul","HollowMod:GreatSlash"],"picked":"HollowMod:SoulVessel","floor":13},{"not_picked":["HollowMod:WraithStrike","HollowMod:SharpenedShadows","HollowMod:SiblingsSouls"],"picked":"HollowMod:SoulStrike","floor":14},{"not_picked":["HollowMod:HerrahsAnger","HollowMod:WhiteLadysBlessing","HollowMod:Weaversong"],"picked":"HollowMod:LifebloodCore","floor":16},{"not_picked":["HollowMod:InfectionAssault","HollowMod:TaintedHusks","HollowMod:MawleksShell","HollowMod:SharpenedNail+1"],"picked":"SKIP","floor":18},{"not_picked":["HollowMod:WraithStrike","HollowMod:AbyssShriek","HollowMod:CycloneSlash+1","HollowMod:GoodIntentions"],"picked":"SKIP","floor":21},{"not_picked":["HollowMod:TaintedHusks","HollowMod:InfectionAssault","HollowMod:NewLittleFool","HollowMod:SharpenedNail"],"picked":"SKIP","floor":22},{"not_picked":["HollowMod:HowlingWraiths+1","HollowMod:theNailsmith","HollowMod:InfectionAssault"],"picked":"HollowMod:QuirrelsAssistance","floor":25},{"not_picked":["HollowMod:GoodIntentions","HollowMod:WraithStrike","HollowMod:DesolateDive"],"picked":"HollowMod:DashSlash+1","floor":28},{"not_picked":["HollowMod:SoulSplash+1","HollowMod:WraithStrike","HollowMod:DashSlash"],"picked":"HollowMod:PureVessel","floor":29},{"not_picked":["HollowMod:SiblingsShadow","HollowMod:ElderbugsWisdom","HollowMod:SoulVessel"],"picked":"HollowMod:MonarchWings+1","floor":31},{"not_picked":["HollowMod:PaleKingsBlessing","HollowMod:HerrahsAnger","HollowMod:ElderbugsWisdom"],"picked":"HollowMod:LifebloodCore","floor":33},{"not_picked":["HollowMod:DescendingDark+1","HollowMod:WraithStrike","HollowMod:ShadowDash"],"picked":"HollowMod:MantisMark","floor":35},{"not_picked":["HollowMod:FastStrike+1","HollowMod:CornifersMapStart+1","HollowMod:SoulStrike"],"picked":"HollowMod:DashSlash","floor":36},{"not_picked":["HollowMod:WraithStrike+1","HollowMod:GoodIntentions+1","HollowMod:MantisMark+1"],"picked":"HollowMod:SoulMaster","floor":37}],"player_experience":2858586,"relics_obtained":[{"floor":6,"key":"champ:DuelingGlove"},{"floor":8,"key":"Question Card"},{"floor":9,"key":"Bird Faced Urn"},{"floor":14,"key":"Turnip"},{"floor":25,"key":"Calipers"},{"floor":30,"key":"Runesmith:Locket"},{"floor":30,"key":"Runesmith:Nanobots"},{"floor":31,"key":"White Beast Statue"}],"event_choices":[{"cards_removed":["HollowMod:QuickDashStart"],"damage_healed":0.0,"max_hp_gain":0.0,"max_hp_loss":0.0,"gold_gain":0.0,"event_name":"Wheel of Change","player_choice":"Card Removal","floor":3.0,"gold_loss":0.0,"damage_taken":0.0},{"cards_removed":["HollowMod:NailStrikeStart"],"damage_healed":0,"gold_gain":0,"player_choice":"Card Removal","damage_taken":0,"max_hp_gain":0,"max_hp_loss":0,"event_name":"The Cleric","floor":11,"gold_loss":50},{"damage_healed":0,"gold_gain":75,"player_choice":"Touch","damage_taken":8,"max_hp_gain":0,"max_hp_loss":0,"event_name":"FaceTrader","floor":20,"gold_loss":0},{"damage_healed":0,"gold_gain":0,"player_choice":"Fight","damage_taken":0,"max_hp_gain":0,"max_hp_loss":0,"event_name":"Colosseum","floor":30,"gold_loss":0},{"damage_healed":0,"gold_gain":0,"player_choice":"Fought Nobs","damage_taken":0,"max_hp_gain":0,"max_hp_loss":0,"event_name":"Colosseum","floor":30,"gold_loss":0},{"damage_healed":0,"gold_gain":0,"player_choice":"Fight","damage_taken":0,"max_hp_gain":0,"max_hp_loss":0,"event_name":"Mysterious Sphere","floor":39,"gold_loss":0}],"is_beta":false,"boss_relics":[{"not_picked":["Busted Crown","HollowMod:VoidIdolRelic"],"picked":"SlaversCollar"},{"not_picked":["Sozu","Velvet Choker"],"picked":"Astrolabe"}],"items_purged_floors":[19],"is_endless":false,"potions_floor_spawned":[4,13,16,29,30,33,35,36,37],"killed_by":"2 Orb Walkers","ascension_level":4}}