{"host":"usrgk25etjl0nf5i","time":1610862349,"event":{"mods":["2.2 Compatiblity","BaseMod","Downfall","Hubris","Minty Spire (QoL Compilation)","StSLib","SuperFastMode"],"gold_per_floor":[113,126,126,146,157,190,190,224,224,224,237,251,251,291,291,291,291],"floor_reached":16,"language":"ENG","playtime":452,"items_purged":[],"score":189,"play_id":"2eb36d3e-ff93-4fbe-8416-8efd390add36","local_time":"20210116214549","is_ascension_mode":true,"campfire_choices":[{"floor":13,"key":"REST"},{"data":"Zap","floor":15,"key":"SMITH"}],"circlet_count":0,"master_deck":["AscendersBane","Strike_B","Strike_B","Strike_B","Defend_B","Defend_B","Defend_B","Defend_B","Zap+1","Dualcast","Amplify","Ball Lightning","Sunder","Lockon","Conserve Battery","Ball Lightning","Regret","Undo+1","Injury","Thunder Strike","Auto Shields+1"],"relics":["Cracked Core","PreservedInsect","Toxic Egg 2","Meat on the Bone","hubris:ToyBattleship","Golden Idol","Peace Pipe"],"acts_visited":["Exordium"],"potions_floor_usage":[8,14,16],"damage_taken":[{"damage":1,"enemies":"Cultist","floor":1,"turns":3},{"damage":9,"enemies":"Small Slimes","floor":2,"turns":3},{"damage":0,"enemies":"2 Louse","floor":4,"turns":1},{"damage":11,"enemies":"Blue Slaver","floor":5,"turns":3},{"damage":22,"enemies":"Lagavulin","floor":6,"turns":7},{"damage":12,"enemies":"3 Sentries","floor":8,"turns":4},{"damage":11,"enemies":"Looter","floor":11,"turns":3},{"damage":13,"enemies":"3 Louse","floor":12,"turns":3},{"damage":6,"enemies":"Gremlin Nob","floor":14,"turns":3},{"damage":50,"enemies":"Slime Boss","floor":16,"turns":8}],"seed_played":"-5305539751487062455","potions_obtained":[{"floor":4,"key":"Energy Potion"},{"floor":5,"key":"Dexterity Potion"},{"floor":12,"key":"AttackPotion"},{"floor":14,"key":"Weak Potion"}],"is_trial":false,"path_per_floor":["M","M","?","M","M","E","?","E","T","?","M","M","R","E","R","B"],"character_chosen":"DEFECT","items_purchased":[],"campfire_rested":1,"item_purchase_floors":[],"current_hp_per_floor":[67,58,58,58,47,25,25,13,13,13,14,13,35,41,41,0,0],"gold":291,"neow_bonus":"ONE_RANDOM_RARE_CARD","is_daily":false,"chose_seed":false,"campfire_upgraded":1,"win_rate":0.0,"timestamp":1610862349,"path_taken":["M","M","?","M","M","E","?","E","T","?","M","M","R","E","R","BOSS"],"items_purchased_type":[],"build_version":"2020-12-22","purchased_purges":0,"victory":false,"max_hp_per_floor":[75,75,75,75,75,75,75,75,75,75,75,75,75,75,75,75,75],"card_choices":[{"not_picked":["FTL","Sweeping Beam"],"picked":"Ball Lightning","floor":1},{"not_picked":["Steam","Streamline","Turbo"],"picked":"SKIP","floor":2},{"not_picked":["Coolheaded","Barrage"],"picked":"Lockon","floor":4},{"not_picked":["Reprogram","Fusion"],"picked":"Conserve Battery","floor":5},{"not_picked":["Sweeping Beam","Rebound"],"picked":"Ball Lightning","floor":6},{"not_picked":["Streamline","Steam+1"],"picked":"Undo+1","floor":8},{"not_picked":["Storm","BootSequence+1"],"picked":"Thunder Strike","floor":11},{"not_picked":["Reinforced Body+1","Scrape"],"picked":"Auto Shields+1","floor":12},{"not_picked":["Coolheaded+1","Fusion+1","Rainbow+1"],"picked":"SKIP","floor":14}],"player_experience":643747,"relics_obtained":[{"floor":6,"key":"PreservedInsect"},{"floor":8,"key":"Meat on the Bone"},{"floor":9,"key":"hubris:ToyBattleship"},{"floor":14,"key":"Peace Pipe"}],"event_choices":[{"damage_healed":0,"gold_gain":0,"cards_transformed":["Strike_B"],"player_choice":"Change","damage_taken":0,"max_hp_gain":0,"max_hp_loss":0,"event_name":"Living Wall","floor":3,"gold_loss":0,"cards_obtained":["Sunder"]},{"damage_healed":0,"gold_gain":0,"player_choice":"Box","damage_taken":0,"relics_obtained":["Toxic Egg 2"],"max_hp_gain":0,"max_hp_loss":0,"event_name":"Big Fish","floor":7,"gold_loss":0,"cards_obtained":["Regret"]},{"damage_healed":0,"gold_gain":0,"player_choice":"Take Wound","damage_taken":0,"relics_obtained":["Golden Idol"],"max_hp_gain":0,"max_hp_loss":0,"event_name":"Golden Idol","floor":10,"gold_loss":0,"cards_obtained":["Injury"]}],"is_beta":false,"boss_relics":[],"items_purged_floors":[],"is_endless":false,"potions_floor_spawned":[4,5,12,14],"killed_by":"Slime Boss","ascension_level":11}}