{"host":"f5gffvlv6a66yqkd","time":1610878179,"event":{"mods":["2.2 Compatiblity","Alarm Clock","BaseMod","Colored Map","Custom Start","DeckTracker","Keyboard Shortcuts","Minty Spire (QoL Compilation)","Permanent Neow","Quick Restart","Relic Stats","Replay The Spire","StSLib","SuperFastMode"],"gold_per_floor":[211,225,245,395,414,38,38,38,38,66,66,80,104,104,104],"floor_reached":14,"language":"KOR","playtime":286,"items_purged":["Doubt"],"score":164,"play_id":"5d5da5fd-c4ba-413c-9dd9-92fb6a62c525","local_time":"20210117190939","is_ascension_mode":true,"campfire_choices":[{"data":"Zap","floor":7.0,"key":"SMITH"},{"data":"Dualcast","floor":11.0,"key":"SMITH"}],"circlet_count":0,"master_deck":["AscendersBane","Strike_B","Strike_B","Strike_B","Strike_B","Defend_B","Defend_B","Defend_B","Defend_B","Zap+1","Dualcast+1","Defragment+1","Ball Lightning+1","Cold Snap","Panic Button","Self Repair","Turbo","BootSequence","Steam","Conserve Battery"],"relics":["Cracked Core","Guide Book","Golden Idol","Bottled Tornado","Odd Mushroom"],"acts_visited":["Exordium"],"potions_floor_usage":[],"damage_taken":[{"damage":4.0,"enemies":"Jaw Worm","floor":1.0,"turns":4.0},{"damage":12.0,"enemies":"2 Louse","floor":2.0,"turns":3.0},{"damage":0.0,"enemies":"Small Slimes","floor":3.0,"turns":2.0},{"damage":13.0,"enemies":"Blue Slaver","floor":5.0,"turns":4.0},{"damage":18.0,"enemies":"The Mushroom Lair","floor":10.0,"turns":3.0},{"damage":13.0,"enemies":"2 Fungi Beasts","floor":12.0,"turns":4.0},{"damage":1.0,"enemies":"Looter","floor":13.0,"turns":2.0},{"damage":20,"enemies":"3 Sentries","floor":14,"turns":5}],"seed_played":"-343780224538616747","potions_obtained":[{"floor":1.0,"key":"ColorlessPotion"},{"floor":3.0,"key":"Languid Potion"}],"is_trial":false,"path_per_floor":["M","M","M","?","M","$","R","?","T","?","R","M","M","E"],"character_chosen":"DEFECT","items_purchased":["Guide Book","Self Repair","Turbo"],"campfire_rested":0,"item_purchase_floors":[6,6,6],"current_hp_per_floor":[60,48,48,48,35,35,35,35,35,24,24,18,17,0,0],"gold":104,"neow_bonus":"HUNDRED_GOLD","is_daily":false,"chose_seed":false,"campfire_upgraded":2,"win_rate":0.0,"timestamp":1610878179,"path_taken":["M","M","M","?","M","$","R","?","T","?","R","M","M","E"],"items_purchased_type":["Relic","Card","Card"],"build_version":"2020-12-22","purchased_purges":1,"victory":false,"max_hp_per_floor":[71,71,71,71,71,71,71,64,64,64,64,64,64,64,64],"relic_stats":{"counters":[8,27],"Golden Idol":14,"obtain_stats":[{"Golden Idol":8,"Guide Book":6,"Bottled Tornado":9,"Odd Mushroom":10,"Cracked Core":0},{"Golden Idol":4,"Guide Book":4,"Bottled Tornado":4,"Odd Mushroom":5,"Cracked Core":0},{"Golden Idol":13,"Guide Book":13,"Bottled Tornado":13,"Odd Mushroom":16,"Cracked Core":0}]},"card_choices":[{"not_picked":["Genetic Algorithm","ReplayTheSpireMod:System Scan"],"picked":"Defragment","floor":1.0},{"not_picked":["Steam","Compile Driver"],"picked":"Ball Lightning","floor":2.0},{"not_picked":["Gash","Beam Cell"],"picked":"Cold Snap","floor":3.0},{"not_picked":["Loop","Static Discharge"],"picked":"Panic Button","floor":5.0},{"not_picked":["Leap","Go for the Eyes"],"picked":"BootSequence","floor":10.0},{"not_picked":["Recycle","Stack"],"picked":"Steam","floor":12.0},{"not_picked":["Loop","Double Energy"],"picked":"Conserve Battery","floor":13.0}],"player_experience":1584413,"relics_obtained":[{"floor":9.0,"key":"Bottled Tornado"},{"floor":10.0,"key":"Odd Mushroom"}],"event_choices":[{"damage_healed":0.0,"max_hp_gain":0.0,"max_hp_loss":0.0,"gold_gain":150.0,"event_name":"Liars Game","player_choice":"AGREE","floor":4.0,"gold_loss":0.0,"damage_taken":0.0,"cards_obtained":["Doubt"]},{"damage_healed":0.0,"max_hp_gain":0.0,"max_hp_loss":7.0,"gold_gain":0.0,"event_name":"Golden Idol","player_choice":"Lose Max HP","floor":8.0,"gold_loss":0.0,"damage_taken":0.0,"relics_obtained":["Golden Idol"]},{"damage_healed":0.0,"max_hp_gain":0.0,"max_hp_loss":0.0,"gold_gain":0.0,"event_name":"Mushrooms","player_choice":"Fought Mushrooms","floor":10.0,"gold_loss":0.0,"damage_taken":0.0}],"is_beta":false,"boss_relics":[],"items_purged_floors":[6],"is_endless":false,"potions_floor_spawned":[1,3,12,13],"killed_by":"3 Sentries","ascension_level":20}}