{"host":"leop","time":1610892096,"event":{"mods":["ATMod(°¢èªMod)","Act Like it!","BaseMod","GifTheSpireLib","Minty Spire (QoL Compilation)","MostiFishMod","Shop Mod","Spicy Shops","StSLib","TestMod","[IsaacMod]ÒÔÈö¼âËþ","¡¾ÒÅÎï¿¨ÅÆ¡¿REMEMod"],"gold_per_floor":[115,134,59,134,145,145,145,175,252,10837,10855,10894,10417,10433,10433,10514,10514,10539,10555,10555,10569,10050,10084,10084,10449,10449,10477,10477,9393,9420,9448,9448,9540,9540,9552,9575,9575,9593,9614,9650,9694,9736,9762,9799,9860,9896,9922,9939,9939,9945,9952,9952,9952,9393,9427,9446],"floor_reached":57,"language":"ZHS","playtime":4586,"items_purged":["Strike_R","Strike_R","Strike_R","Defend_R","Defend_R","Injury","Defend_R","Strike_R"],"score":4359,"play_id":"a5c7e5cb-3528-4bd0-afbf-a7998e1cd682","local_time":"20210117220136","is_ascension_mode":true,"campfire_choices":[{"data":"Rupture","floor":6.0,"key":"SMITH"},{"floor":15.0,"key":"RECALL"},{"data":"MostiFishMod:WinterMarkForm","floor":24.0,"key":"SMITH"},{"data":"Rupture","floor":32.0,"key":"SMITH"},{"data":"Dark Embrace","floor":49,"key":"SMITH"},{"data":"Shockwave","floor":53,"key":"SMITH"}],"circlet_count":0,"master_deck":["AscendersBane","Bash","AT_FamilyPortrait+1","MostiFishMod:FrostNova","MostiFishMod:WinterMarkForm+1","Second Wind+1","Rupture+1","AT_ShrugMaster","Juggernaut+1","Feel No Pain+1","Feed+1","MostiFishMod:RacingGame+1","REME_Fury+1","Spot Weakness","AT_DiedThrough","Bloodletting+1","Berserk+1","Burning Pact+1","Master of Strategy+1","Ghostly+1","Ghostly","Ghostly","Rupture+1","Offering+1","Dark Embrace+1","Shockwave+1","Bloodletting+1","REME_ACTH+1"],"relics":["Burning Blood","testmod-TestBox","DaveBox","REME_ComplimentaryCards","AT_ATBox","HushsDoor","NeowsBlessing","SteamSale","testmod-DeterminationOfClimber","FrostBlade","SynthV:TestCard","AT_SeraphEmbrace","AT_SilvercatRing","Bag of Marbles","TheBattery","Kunai","testmod-OneHitWonder","PreservedInsect","Bronze Scales","SatanicBible","PatriotShield","GuppysCollar","AT_BellDemon","DeadEye","MostiFishMod:AdaptiveDefenses","BrkXgEgg","Gambling Chip","InkBottle","REME_IWantAll","CeramicFish","Regal Pillow","TungstenRod","BelialBook","Self Forming Clay","Ornamental Fan","Nunchaku","Nilry\u0027s Codex","MetatronsCube","MerchantsRug","Sundial","EdensBlessing","AT_ForceNature","BirthdayGift-Icosahedron","PillsDrop","Runic Cube","Potion Belt","Anchor","DeathBook","Red Skull","Toy Ornithopter","BookofShadows","HowToJump","Pantograph","Omamori","HornCleat","Paper Frog","Art of War","Ginger","MealTicket","AT_SpeedBoots","Orrery","Vajra","Orichalcum","Lee\u0027s Waffle","AT_DeathDance","Nilry\u0027s Codex","testmod-IndustrialRevolution","testmod-Fortitude"],"acts_visited":["Exordium","TheCity","TheBeyond","TheEnding"],"potions_floor_usage":[41],"damage_taken":[{"damage":0.0,"enemies":"Jaw Worm","floor":1.0,"turns":1.0},{"damage":0.0,"enemies":"Small Slimes","floor":2.0,"turns":1.0},{"damage":0.0,"enemies":"2 Louse","floor":5.0,"turns":1.0},{"damage":0.0,"enemies":"Lagavulin","floor":8.0,"turns":4.0},{"damage":5.0,"enemies":"Lots of Slimes","floor":11.0,"turns":4.0},{"damage":10.0,"enemies":"3 Sentries","floor":12.0,"turns":3.0},{"damage":6.0,"enemies":"Exordium Wildlife","floor":14.0,"turns":3.0},{"damage":48.0,"enemies":"Hexaghost","floor":16.0,"turns":4.0},{"damage":0.0,"enemies":"Spheric Guardian","floor":18.0,"turns":3.0},{"damage":0.0,"enemies":"Chosen","floor":19.0,"turns":3.0},{"damage":0.0,"enemies":"Snake Plant","floor":21.0,"turns":2.0},{"damage":39.0,"enemies":"Slavers","floor":23.0,"turns":2.0},{"damage":1.00000008E8,"enemies":"Gremlin Leader","floor":25.0,"turns":1.0},{"damage":0.0,"enemies":"Slavers","floor":27.0,"turns":2.0},{"damage":0.0,"enemies":"Snecko","floor":31.0,"turns":1.0},{"damage":0.0,"enemies":"Automaton","floor":33.0,"turns":2.0},{"damage":0.0,"enemies":"3 Shapes","floor":35.0,"turns":1.0},{"damage":0,"enemies":"3 Darklings","floor":36,"turns":1},{"damage":0,"enemies":"Jaw Worm Horde","floor":38,"turns":2},{"damage":0,"enemies":"Writhing Mass","floor":39,"turns":1},{"damage":0,"enemies":"Reptomancer","floor":40,"turns":1},{"damage":0,"enemies":"3 Darklings","floor":41,"turns":1},{"damage":0,"enemies":"Nemesis","floor":42,"turns":1},{"damage":0,"enemies":"Reptomancer","floor":44,"turns":1},{"damage":0,"enemies":"Nemesis","floor":46,"turns":1},{"damage":0,"enemies":"4 Shapes","floor":47,"turns":2},{"damage":0,"enemies":"Sphere and 2 Shapes","floor":48,"turns":1},{"damage":0,"enemies":"Donu and Deca","floor":50,"turns":1},{"damage":0,"enemies":"Time Eater","floor":51,"turns":2},{"damage":0,"enemies":"Shield and Spear","floor":55,"turns":1},{"damage":0,"enemies":"Delirium","floor":56,"turns":2}],"seed_played":"1816579842925944022","potions_obtained":[{"floor":1.0,"key":"Dexterity Potion"},{"floor":8.0,"key":"DistilledChaos"},{"floor":39,"key":"Dexterity Potion"},{"floor":40,"key":"REME_GoldPotion"},{"floor":41,"key":"EssenceOfSteel"}],"is_trial":false,"path_per_floor":["M","M","?","?","M","R","?","E","T","$","M","E","$","M","R","B",null,"M","M","?","M","$","E","R","E","T","E","?","$","?","M","R","B",null,"M","M","?","M","M","E","M","E","T","E","?","E","M","M","R","B","B",null,"R","$","E","B",null],"character_chosen":"IRONCLAD","items_purchased":["AT_SilvercatRing","Feed","Bag of Marbles","TheBattery","testmod-OneHitWonder","MostiFishMod:RacingGame","PreservedInsect","Bronze Scales","SatanicBible","FairyPotion","GuppysCollar","AT_BellDemon","DeadEye","MostiFishMod:AdaptiveDefenses","BrkXgEgg","Gambling Chip","MetatronsCube","MerchantsRug","Burning Pact","Sundial","EdensBlessing","AT_ForceNature","BirthdayGift-Icosahedron","Master of Strategy+1","Orrery","Vajra","Orichalcum","Lee\u0027s Waffle","AT_DeathDance"],"campfire_rested":0,"item_purchase_floors":[10,10,10,10,13,13,13,13,13,17,17,22,22,22,22,22,29,29,29,29,29,29,29,29,54,54,54,54,54],"current_hp_per_floor":[74,75,75,64,70,70,70,75,75,75,79,83,83,87,87,50,61,69,73,73,73,73,44,44,11,11,24,7,7,7,16,16,38,37,41,45,43,47,46,46,50,54,54,58,52,62,66,65,65,69,69,69,69,76,83,83],"gold":9446,"neow_bonus":"THREE_ENEMY_KILL","is_daily":false,"chose_seed":false,"campfire_upgraded":5,"win_rate":0.0,"timestamp":1610892096,"path_taken":["M","M","?","?","?","R","?","E","T","?","?","E","$","M","R","BOSS","M","M","?","M","?","E","R","E","T","E","?","$","?","?","R","BOSS","M","M","?","M","M","E","M","E","T","E","?","E","M","M","R","BOSS","BOSS","R","$","E","BOSS"],"items_purchased_type":["Relic","Card","Relic","Relic","Relic","Card","Relic","Relic","Relic","Potion","Relic","Relic","Relic","Relic","Relic","Relic","Relic","Relic","Card","Relic","Relic","Relic","Relic","Card","Relic","Relic","Relic","Relic","Relic"],"build_version":"2020-12-18","purchased_purges":8,"victory":true,"max_hp_per_floor":[75,75,75,75,75,75,75,75,75,75,79,83,83,87,87,87,65,69,73,73,73,73,77,77,77,77,81,81,81,40,40,40,44,37,41,45,43,47,46,46,50,54,54,58,58,62,66,65,65,69,69,69,69,76,83,83],"card_choices":[{"not_picked":[],"picked":"SuicideKing","floor":0.0},{"not_picked":["True Grit","Disarm"],"picked":"Second Wind","floor":1.0},{"not_picked":["Headbutt","Sword Boomerang","AT_BodySlamDance","Armaments"],"picked":"Rupture","floor":2.0},{"not_picked":["Heavy Blade","Ghostly Armor","Twin Strike","Shrug It Off"],"picked":"AT_ShrugMaster","floor":5.0},{"not_picked":["Warcry","Perfected Strike","Cleave","Disarm"],"picked":"Feel No Pain","floor":8.0},{"not_picked":["AT_IchimonjiDouble","Clothesline","Armaments","Shrug It Off","Cleave"],"picked":"SKIP","floor":11.0},{"not_picked":["Thunderclap","Wild Strike","Seeing Red","Warcry","Twin Strike"],"picked":"SKIP","floor":12.0},{"not_picked":["Uppercut","Entrench","MostiFishMod:WingOfPhoenix","Wild Strike","Perfected Strike"],"picked":"SKIP","floor":14.0},{"not_picked":["Feed","MostiFishMod:Chiaki","Barricade","MostiFishMod:404NotFound"],"picked":"REME_Fury","floor":16.0},{"not_picked":["Heavy Blade","Pommel Strike","Sentinel","True Grit","Body Slam"],"picked":"SKIP","floor":18.0},{"not_picked":["AT_CaressingTears","Spot Weakness+1","Combust","Thunderclap+1","Heavy Blade"],"picked":"SKIP","floor":19.0},{"not_picked":["Armaments","Havoc","Sentinel","Wild Strike"],"picked":"Bloodletting","floor":21.0},{"not_picked":["Bloodletting","MostiFishMod:#F4004+1","Pommel Strike","Sword Boomerang"],"picked":"Berserk+1","floor":23.0},{"not_picked":["Sentinel","Heavy Blade","Havoc","Flex","Reckless Charge"],"picked":"SKIP","floor":25.0},{"not_picked":["AT_CaressingTears+1","Sever Soul","Warcry","Iron Wave","MostiFishMod:#F4004"],"picked":"SKIP","floor":25.0},{"not_picked":["Flex","True Grit","Bloodletting","REME_Cut","Headbutt"],"picked":"SKIP","floor":25.0},{"not_picked":["AT_GerminateFire","Anger+1","AT_BodySlamDance","Perfected Strike","Iron Wave"],"picked":"SKIP","floor":27.0},{"not_picked":["Anger","Clothesline+1","True Grit","MostiFishMod:BrandingRite"],"picked":"Rupture","floor":31.0},{"not_picked":["MostiFishMod:RacingGame+1","Fiend Fire+1","MostiFishMod:404NotFound+1","REME_TheLastStrike+1"],"picked":"Offering+1","floor":33.0},{"not_picked":["Flex","Rampage","Evolve","Sentinel","AT_BodySlamDance+1"],"picked":"SKIP","floor":35.0},{"not_picked":["Sword Boomerang","Pommel Strike","True Grit","Searing Blow"],"picked":"Dark Embrace","floor":36},{"not_picked":["Warcry","Clash","Iron Wave+1","Flex","MostiFishMod:FlyOverUtopia+1"],"picked":"SKIP","floor":38},{"not_picked":["Body Slam","Havoc","Cleave","Warcry","Thunderclap+1"],"picked":"SKIP","floor":39},{"not_picked":["Evolve","Wild Strike","Pommel Strike","Disarm","Clash+1"],"picked":"SKIP","floor":40},{"not_picked":["MostiFishMod:FireWorks+1","AT_BodySlamDance","Pommel Strike","Perfected Strike","REME_Cut+1"],"picked":"SKIP","floor":41},{"not_picked":["Wild Strike","Fiend Fire+1","MostiFishMod:BrandingRite+1","Warcry"],"picked":"Shockwave","floor":42},{"not_picked":["MostiFishMod:Chiaki+1","Clash","Twin Strike+1","Body Slam","Perfected Strike"],"picked":"SKIP","floor":44},{"not_picked":["Cleave","Iron Wave","True Grit+1","AT_ManFootWork"],"picked":"Bloodletting+1","floor":46},{"not_picked":["Clothesline","Iron Wave+1","REME_Fury+1","Reckless Charge","Perfected Strike"],"picked":"SKIP","floor":47},{"not_picked":["Rage","Clothesline","Armaments+1","Pummel","Body Slam+1"],"picked":"SKIP","floor":48},{"not_picked":["Wild Strike","Warcry","Hemokinesis","Fire Breathing"],"picked":"REME_ACTH+1","floor":54},{"not_picked":["AT_GerminateFire","Headbutt+1","Hemokinesis","AT_DrawKnifeCut+1","Wild Strike"],"picked":"SKIP","floor":55}],"player_experience":1105535,"relics_obtained":[{"floor":1.0,"key":"SynthV:TestCard"},{"floor":8.0,"key":"AT_ArchangelStaff"},{"floor":12.0,"key":"Kunai"},{"floor":23.0,"key":"InkBottle"},{"floor":23.0,"key":"testmod-ObsoleteBoomerang"},{"floor":25.0,"key":"AT_SunfireAegis"},{"floor":25.0,"key":"REME_IWantAll"},{"floor":25.0,"key":"CeramicFish"},{"floor":25.0,"key":"Regal Pillow"},{"floor":25.0,"key":"TungstenRod"},{"floor":25.0,"key":"BelialBook"},{"floor":25.0,"key":"Self Forming Clay"},{"floor":26.0,"key":"testmod-BouquetWithThorns"},{"floor":27.0,"key":"Ornamental Fan"},{"floor":27.0,"key":"Nunchaku"},{"floor":28.0,"key":"Nilry\u0027s Codex"},{"floor":33.0,"key":"PillsDrop"},{"floor":35.0,"key":"Potion Belt"},{"floor":36,"key":"Anchor"},{"floor":38,"key":"Diplopia"},{"floor":39,"key":"DeathBook"},{"floor":40,"key":"Red Skull"},{"floor":40,"key":"Toy Ornithopter"},{"floor":41,"key":"BookofShadows"},{"floor":42,"key":"HowToJump"},{"floor":42,"key":"Pantograph"},{"floor":43,"key":"Omamori"},{"floor":44,"key":"HornCleat"},{"floor":44,"key":"Paper Frog"},{"floor":46,"key":"Art of War"},{"floor":46,"key":"Ginger"},{"floor":47,"key":"MealTicket"},{"floor":48,"key":"AT_SpeedBoots"},{"floor":55,"key":"testmod-IndustrialRevolution"},{"floor":55,"key":"testmod-Fortitude"}],"event_choices":[{"damage_healed":0.0,"max_hp_gain":0.0,"max_hp_loss":0.0,"gold_gain":75.0,"event_name":"World of Goop","player_choice":"Gather Gold","floor":4.0,"gold_loss":0.0,"damage_taken":11.0},{"damage_healed":0.0,"max_hp_gain":0.0,"max_hp_loss":0.0,"gold_gain":0.0,"cards_transformed":["Strike_R"],"event_name":"Living Wall","player_choice":"Change","floor":7.0,"gold_loss":0.0,"damage_taken":0.0,"cards_obtained":["Juggernaut"]},{"damage_healed":0.0,"max_hp_gain":0.0,"max_hp_loss":0.0,"gold_gain":0.0,"cards_transformed":["Defend_R","Strike_R"],"event_name":"Drug Dealer","player_choice":"Became Test Subject","floor":20.0,"gold_loss":0.0,"damage_taken":0.0,"cards_obtained":["Spot Weakness","AT_DiedThrough"]},{"damage_healed":0.0,"max_hp_gain":0.0,"max_hp_loss":0.0,"gold_gain":0.0,"event_name":"Cursed Tome","player_choice":"Obtained Book","floor":28.0,"gold_loss":0.0,"damage_taken":21.0},{"damage_healed":0.0,"max_hp_gain":0.0,"max_hp_loss":41.0,"gold_gain":0.0,"event_name":"Ghosts","player_choice":"Became a Ghost","floor":30.0,"gold_loss":0.0,"damage_taken":0.0,"cards_obtained":["Ghostly","Ghostly","Ghostly"]},{"damage_healed":0,"gold_gain":0,"player_choice":"Max HP","damage_taken":0,"max_hp_gain":0,"max_hp_loss":2,"event_name":"Winding Halls","floor":37,"gold_loss":0}],"is_beta":true,"boss_relics":[{"not_picked":["testmod-Nine","Tiny House"],"picked":"PatriotShield"},{"not_picked":[]},{"not_picked":["OneHitWonderSystem","RhineCircuit"],"picked":"Runic Cube"},{"not_picked":[]}],"items_purged_floors":[10,13,17,22,29,29,34,54],"is_endless":false,"potions_floor_spawned":[1,8,11,14,16,19,21,27,38,39,40,41,42,48,55],"ascension_level":20}}