{"host":"3a1ypf1irl30q4k8","time":1610902881,"event":{"mods":["AchievementEnabler","BaseMod","Bestiary","Colored Map","Minty Spire (QoL Compilation)","Relic Stats"],"gold_per_floor":[118,129,148,167,180,180,67,97,97,97,122,122,141,106,106,207,207,222,222,236,236,236,236,269,269,296,62,62,62,62,94,94,190,190,208,222,222,222,222,286,286,5,32,88,98,9,37,37,37,67,67,67,18,43,43,43],"floor_reached":55,"language":"ENG","playtime":3376,"items_purged":["Strike_G","Strike_G+1","Strike_G+1"],"score":967,"play_id":"9bae4c37-ad59-493b-b39e-c82e54f1eeeb","local_time":"20210117170121","is_ascension_mode":true,"campfire_choices":[{"data":"Dagger Spray","floor":6,"key":"SMITH"},{"data":"Dash","floor":15,"key":"SMITH"},{"data":"Crippling Poison","floor":23,"key":"SMITH"},{"data":"Tools of the Trade","floor":28,"key":"SMITH"},{"data":"Predator","floor":32,"key":"SMITH"},{"data":"Blur","floor":41,"key":"SMITH"},{"floor":49,"key":"RECALL"},{"data":"Survivor","floor":52,"key":"SMITH"}],"circlet_count":0,"master_deck":["Defend_G+1","Defend_G+1","Defend_G+1","Defend_G+1","Defend_G+1","Survivor+1","Neutralize","Bullet Time","Deadly Poison","Crippling Poison","Predator+1","Dagger Spray+1","Crippling Poison+1","Dash+1","Blur+1","Prepared","Tools of the Trade+1","Dagger Throw+1","PiercingWail+1","Deadly Poison+1","Wish+1","Tactician+1","Dagger Throw","Ghostly+1","Ghostly+1","Ghostly+1","Ghostly+1","Ghostly+1","Poisoned Stab","Setup+1","Wraith Form v2","Venomology+1","Choke+1","Panacea+1","Eviscerate+1","Bandage Up+1","Deadly Poison+1"],"relics":["Ring of the Snake","Juzu Bracelet","Happy Flower","PreservedInsect","HoveringKite","Nilry\u0027s Codex","Pear","Toxic Egg 2","Bronze Scales","Shuriken","SacredBark","Ancient Tea Set","Art of War","Gambling Chip","Bottled Flame","Centennial Puzzle"],"acts_visited":["Exordium","TheCity","TheBeyond","TheEnding"],"potions_floor_usage":[4,20,20,20,24,33,36,40,44,44,47,47,50,54,54,55,55],"damage_taken":[{"damage":0,"enemies":"Small Slimes","floor":1,"turns":4},{"damage":0,"enemies":"2 Louse","floor":2,"turns":2},{"damage":0,"enemies":"Jaw Worm","floor":3,"turns":4},{"damage":8,"enemies":"3 Louse","floor":4,"turns":3},{"damage":7,"enemies":"Blue Slaver","floor":5,"turns":3},{"damage":16,"enemies":"3 Sentries","floor":8,"turns":5},{"damage":12,"enemies":"Gremlin Nob","floor":11,"turns":3},{"damage":8,"enemies":"Exordium Thugs","floor":13,"turns":3},{"damage":27,"enemies":"Hexaghost","floor":16,"turns":12},{"damage":13,"enemies":"Spheric Guardian","floor":18,"turns":4},{"damage":1,"enemies":"3 Byrds","floor":20,"turns":5},{"damage":0,"enemies":"Gremlin Leader","floor":24,"turns":6},{"damage":1,"enemies":"Book of Stabbing","floor":31,"turns":5},{"damage":3,"enemies":"Collector","floor":33,"turns":11},{"damage":3,"enemies":"Orb Walker","floor":35,"turns":4},{"damage":3,"enemies":"3 Darklings","floor":36,"turns":5},{"damage":6,"enemies":"Reptomancer","floor":40,"turns":6},{"damage":0,"enemies":"Nemesis","floor":44,"turns":7},{"damage":2,"enemies":"Transient","floor":45,"turns":5},{"damage":9,"enemies":"Reptomancer","floor":47,"turns":4},{"damage":36,"enemies":"Donu and Deca","floor":50,"turns":9},{"damage":8,"enemies":"Shield and Spear","floor":54,"turns":7},{"damage":97,"enemies":"The Heart","floor":55,"turns":14}],"seed_played":"7303798342181327543","potions_obtained":[{"floor":1,"key":"SteroidPotion"},{"floor":5,"key":"FairyPotion"},{"floor":8,"key":"AttackPotion"},{"floor":16,"key":"Weak Potion"},{"floor":18,"key":"EntropicBrew"},{"floor":31,"key":"LiquidBronze"},{"floor":35,"key":"Fire Potion"},{"floor":45,"key":"Regen Potion"}],"is_trial":false,"path_per_floor":["M","M","M","M","M","R","$","E","T","?","E","?","M","?","R","B",null,"M","?","M","?","T","R","E","?","T","$","R","?","?","E","R","B",null,"M","M","?","?","?","E","R","$","T","E","M","$","E","?","R","B",null,"R","$","E","B"],"character_chosen":"THE_SILENT","items_purchased":["Crippling Poison","Tactician+1","Dagger Throw","Art of War","Bandage Up+1","Strength Potion"],"campfire_rested":0,"item_purchase_floors":[7,27,27,42,46,53],"current_hp_per_floor":[70,70,70,62,55,55,55,39,39,39,27,27,19,36,36,9,70,57,57,56,40,50,50,50,50,50,50,50,40,40,39,39,36,40,37,34,34,34,34,28,28,28,28,28,26,26,38,38,38,8,38,38,38,30,0,0],"gold":43,"neow_bonus":"ONE_RANDOM_RARE_CARD","is_daily":false,"chose_seed":false,"campfire_upgraded":7,"win_rate":0.0,"timestamp":1610902881,"path_taken":["M","M","M","M","M","R","$","E","T","?","E","?","M","?","R","BOSS","M","?","M","?","?","R","E","?","T","$","R","?","?","E","R","BOSS","M","M","?","?","?","E","R","$","T","E","M","?","E","?","R","BOSS","R","$","E","BOSS"],"items_purchased_type":["Card","Card","Card","Relic","Card","Potion"],"build_version":"2020-12-22","purchased_purges":3,"victory":false,"max_hp_per_floor":[70,70,70,70,70,70,70,70,70,70,70,70,70,70,70,70,70,70,70,70,70,80,80,80,80,80,80,80,40,40,40,40,40,40,40,40,40,40,38,38,38,38,38,38,38,38,38,38,38,38,38,38,38,38,38,38],"relic_stats":{"Centennial Puzzle":[3],"Happy Flower":[36],"counters":[23,131],"Shuriken":[8],"Bronze Scales":[387],"Gambling Chip":[13],"HoveringKite":[64],"PreservedInsect":318,"Juzu Bracelet":2,"Art of War":[9],"obtain_stats":[{"Pear":22,"Happy Flower":9,"Nilry\u0027s Codex":21,"SacredBark":34,"HoveringKite":17,"PreservedInsect":11,"Juzu Bracelet":8,"Ancient Tea Set":40,"Bottled Flame":47,"Centennial Puzzle":54,"Shuriken":31,"Bronze Scales":26,"Gambling Chip":44,"Art of War":42,"Toxic Egg 2":24,"Ring of the Snake":0},{"Pear":11,"Happy Flower":6,"Nilry\u0027s Codex":11,"SacredBark":14,"HoveringKite":9,"PreservedInsect":7,"Juzu Bracelet":6,"Ancient Tea Set":17,"Bottled Flame":20,"Centennial Puzzle":22,"Shuriken":13,"Bronze Scales":12,"Gambling Chip":18,"Art of War":17,"Toxic Egg 2":12,"Ring of the Snake":0},{"Pear":48,"Happy Flower":21,"Nilry\u0027s Codex":48,"SacredBark":70,"HoveringKite":39,"PreservedInsect":24,"Juzu Bracelet":21,"Ancient Tea Set":85,"Bottled Flame":101,"Centennial Puzzle":117,"Shuriken":59,"Bronze Scales":54,"Gambling Chip":92,"Art of War":85,"Toxic Egg 2":54,"Ring of the Snake":0}],"Ring of the Snake":[46]},"card_choices":[{"not_picked":["Deflect","Terror"],"picked":"Calculated Gamble","floor":1},{"not_picked":["Slice","Concentrate"],"picked":"Deadly Poison","floor":2},{"not_picked":["Acrobatics","Corpse Explosion"],"picked":"Crippling Poison","floor":3},{"not_picked":["Dodge and Roll","Cloak And Dagger"],"picked":"Predator","floor":4},{"not_picked":["Underhanded Strike","PiercingWail"],"picked":"Dagger Spray","floor":5},{"not_picked":["Deflect","Venomology"],"picked":"Dash","floor":8},{"not_picked":["Cloak And Dagger","Dagger Spray"],"picked":"Blur","floor":11},{"not_picked":["Endless Agony","Poisoned Stab"],"picked":"Prepared","floor":13},{"not_picked":["Bullet Time","Night Terror"],"picked":"Tools of the Trade","floor":16},{"not_picked":["Concentrate","Leg Sweep"],"picked":"Dagger Throw+1","floor":18},{"not_picked":["Prepared","Escape Plan+1"],"picked":"PiercingWail+1","floor":20},{"not_picked":["Quick Slash+1","Outmaneuver+1"],"picked":"Deadly Poison+1","floor":24},{"not_picked":["PiercingWail+1","Acrobatics+1"],"picked":"Wraith Form v2","floor":31},{"not_picked":["Doppelganger+1","Wraith Form v2"],"picked":"Venomology+1","floor":33},{"not_picked":["Outmaneuver+1","Deadly Poison+1"],"picked":"Footwork+1","floor":35},{"not_picked":["Concentrate+1","Deadly Poison+1"],"picked":"Choke+1","floor":36},{"not_picked":["Blind+1","Madness+1"],"picked":"Panacea+1","floor":37},{"not_picked":["Skewer","Bouncing Flask+1","Footwork"],"picked":"SKIP","floor":40},{"not_picked":["Outmaneuver+1","Blade Dance+1"],"picked":"Eviscerate+1","floor":44},{"not_picked":["Poisoned Stab","Dagger Throw+1","Dagger Spray"],"picked":"SKIP","floor":45},{"not_picked":["Concentrate+1","Bullet Time+1"],"picked":"Deadly Poison+1","floor":47},{"not_picked":["Quick Slash+1","Expertise+1","Blade Dance+1"],"picked":"SKIP","floor":54}],"player_experience":1097318,"relics_obtained":[{"floor":8,"key":"Juzu Bracelet"},{"floor":9,"key":"Happy Flower"},{"floor":11,"key":"PreservedInsect"},{"floor":21,"key":"Nilry\u0027s Codex"},{"floor":22,"key":"Pear"},{"floor":24,"key":"Toxic Egg 2"},{"floor":26,"key":"Bronze Scales"},{"floor":31,"key":"Shuriken"},{"floor":40,"key":"Ancient Tea Set"},{"floor":44,"key":"Gambling Chip"},{"floor":47,"key":"Bottled Flame"},{"floor":54,"key":"Centennial Puzzle"}],"event_choices":[{"damage_healed":0,"gold_gain":0,"player_choice":"Fled","damage_taken":0,"max_hp_gain":0,"max_hp_loss":0,"event_name":"Scrap Ooze","floor":10,"gold_loss":0},{"damage_healed":0,"gold_gain":0,"player_choice":"Searched \u00270\u0027 times","damage_taken":0,"max_hp_gain":0,"max_hp_loss":0,"event_name":"Dead Adventurer","floor":12,"gold_loss":0},{"damage_healed":17,"gold_gain":0,"player_choice":"Healed","damage_taken":0,"max_hp_gain":0,"max_hp_loss":0,"event_name":"The Cleric","floor":14,"gold_loss":35},{"damage_healed":0,"gold_gain":0,"player_choice":"Simplicity","damage_taken":0,"max_hp_gain":0,"max_hp_loss":0,"event_name":"Back to Basics","floor":19,"gold_loss":0,"cards_upgraded":["Strike_G","Strike_G","Strike_G","Strike_G","Defend_G","Defend_G","Defend_G","Defend_G","Defend_G"]},{"damage_healed":0,"gold_gain":0,"player_choice":"Obtained Book","damage_taken":16,"max_hp_gain":0,"max_hp_loss":0,"event_name":"Cursed Tome","floor":21,"gold_loss":0},{"cards_removed":["Calculated Gamble"],"damage_healed":0,"gold_gain":0,"player_choice":"Took Card","damage_taken":0,"max_hp_gain":0,"max_hp_loss":0,"event_name":"NoteForYourself","floor":25,"gold_loss":0,"cards_obtained":["Wish"]},{"damage_healed":0,"gold_gain":0,"player_choice":"Became a Ghost","damage_taken":0,"max_hp_gain":0,"max_hp_loss":40,"event_name":"Ghosts","floor":29,"gold_loss":0,"cards_obtained":["Ghostly","Ghostly","Ghostly","Ghostly","Ghostly"]},{"damage_healed":0,"gold_gain":0,"cards_transformed":["Strike_G","Strike_G"],"player_choice":"Became Test Subject","damage_taken":0,"max_hp_gain":0,"max_hp_loss":0,"event_name":"Drug Dealer","floor":30,"gold_loss":0,"cards_obtained":["Poisoned Stab","Setup"]},{"damage_healed":0,"gold_gain":0,"player_choice":"Memory 1","damage_taken":0,"max_hp_gain":0,"max_hp_loss":0,"event_name":"SensoryStone","floor":37,"gold_loss":0},{"cards_removed":["Footwork"],"damage_healed":0,"gold_gain":0,"player_choice":"Removed Power","damage_taken":0,"max_hp_gain":0,"max_hp_loss":0,"event_name":"Falling","floor":38,"gold_loss":0},{"damage_healed":0,"gold_gain":0,"player_choice":"Max HP","damage_taken":0,"max_hp_gain":0,"max_hp_loss":2,"event_name":"Winding Halls","floor":39,"gold_loss":0},{"damage_healed":0,"gold_gain":0,"player_choice":"Ignored","damage_taken":0,"max_hp_gain":0,"max_hp_loss":0,"event_name":"Mysterious Sphere","floor":48,"gold_loss":0}],"is_beta":false,"boss_relics":[{"not_picked":["Fusion Hammer","Tiny House"],"picked":"HoveringKite"},{"not_picked":["Astrolabe","Calling Bell"],"picked":"SacredBark"}],"items_purged_floors":[7,27,42],"is_endless":false,"potions_floor_spawned":[1,5,8,16,18,31,35,45],"killed_by":"The Heart","ascension_level":3}}