{"host":"i0avyit1s6jb1siw","time":1610895227,"event":{"mods":["BaseMod","DeckTracker","Dota2Spire","Highlight Path","Minty Spire (QoL Compilation)","Quick Restart","StSLib","SuperFastMode"],"gold_per_floor":[112,112,112,127,47,78,94,94,94,94,132,207,34,53,53,142,142,156,156,431,450,212,212,245,245,245,288,303,318,337,337,337,431,431,456,456,356,379,379,415,436,479,479,479,514,514,514,514,514,514,514,514,514,22,63,63],"floor_reached":57,"language":"ENG","playtime":1514,"items_purged":["Regret","Strike_G","Strike_G"],"score":3143,"play_id":"8bc3af37-2da1-4624-b33a-6324a6a1968e","local_time":"20210117155347","is_ascension_mode":true,"campfire_choices":[{"data":"Neutralize","floor":10.0,"key":"SMITH"},{"data":"Noxious Fumes","floor":15.0,"key":"SMITH"},{"data":"Blade Dance","floor":23.0,"key":"SMITH"},{"data":"Blade Dance","floor":25.0,"key":"SMITH"},{"data":"After Image","floor":32.0,"key":"SMITH"},{"floor":44.0,"key":"RECALL"},{"floor":47,"key":"REST"},{"data":"Phantasmal Killer","floor":49,"key":"SMITH"},{"data":"Burst","floor":53,"key":"SMITH"}],"circlet_count":0,"master_deck":["AscendersBane","Defend_G","Defend_G","Defend_G","Defend_G","Defend_G","Survivor","Neutralize+1","Backstab","Flying Knee","Accuracy","Noxious Fumes+1","Tactician","Escape Plan","Blade Dance+1","After Image+1","Infinite Blades","Finisher","Burst+1","Cloak And Dagger","Accuracy","Blade Dance+1","Backflip","Footwork+1","Prepared","Tactician","Escape Plan+1","Corpse Explosion","Die Die Die","Phantasmal Killer+1","PiercingWail+1","After Image+1","Acrobatics+1"],"relics":["Ring of the Snake","NeowsBlessing","Golden Idol","Dota2Spire:ShivaGuard","Dota2Spire:Dagon","HornCleat","Dota2Spire:HeartOfTarrasque","Orrery","SlaversCollar","Bag of Marbles","Calipers","WristBlade","War Paint","Dota2Spire:Desolator","Dota2Spire:LinkenSphere","Pear","The Courier","ClockworkSouvenir","Unceasing Top"],"acts_visited":["Exordium","TheCity","TheBeyond","TheEnding"],"potions_floor_usage":[45,56],"damage_taken":[{"damage":0.0,"enemies":"2 Louse","floor":1.0,"turns":1.0},{"damage":0.0,"enemies":"Jaw Worm","floor":4.0,"turns":1.0},{"damage":0.0,"enemies":"3 Sentries","floor":6.0,"turns":1.0},{"damage":0.0,"enemies":"Small Slimes","floor":7.0,"turns":4.0},{"damage":4.0,"enemies":"Lagavulin","floor":11.0,"turns":10.0},{"damage":1.0,"enemies":"3 Louse","floor":14.0,"turns":3.0},{"damage":0.0,"enemies":"Hexaghost","floor":16.0,"turns":9.0},{"damage":2.0,"enemies":"Chosen","floor":18.0,"turns":5.0},{"damage":0.0,"enemies":"3 Byrds","floor":21.0,"turns":5.0},{"damage":16.0,"enemies":"Book of Stabbing","floor":24.0,"turns":5.0},{"damage":6.0,"enemies":"Gremlin Leader","floor":27.0,"turns":6.0},{"damage":0.0,"enemies":"Centurion and Healer","floor":28.0,"turns":8.0},{"damage":7.0,"enemies":"Snake Plant","floor":29.0,"turns":5.0},{"damage":12.0,"enemies":"Shelled Parasite and Fungi","floor":30.0,"turns":5.0},{"damage":0.0,"enemies":"Automaton","floor":33.0,"turns":9.0},{"damage":0.0,"enemies":"Orb Walker","floor":35.0,"turns":3.0},{"damage":3.0,"enemies":"3 Shapes","floor":38.0,"turns":4.0},{"damage":0.0,"enemies":"Giant Head","floor":40.0,"turns":9.0},{"damage":0.0,"enemies":"Sphere and 2 Shapes","floor":41.0,"turns":4.0},{"damage":0.0,"enemies":"Nemesis","floor":42.0,"turns":7.0},{"damage":49,"enemies":"Reptomancer","floor":45,"turns":5},{"damage":48,"enemies":"Time Eater","floor":50,"turns":14},{"damage":5,"enemies":"Donu and Deca","floor":51,"turns":6},{"damage":27,"enemies":"Shield and Spear","floor":55,"turns":8},{"damage":11,"enemies":"The Heart","floor":56,"turns":10}],"seed_played":"-8010784952088326116","potions_obtained":[{"floor":7.0,"key":"EssenceOfSteel"},{"floor":14.0,"key":"FearPotion"},{"floor":16.0,"key":"SpeedPotion"},{"floor":24.0,"key":"SmokeBomb"},{"floor":27.0,"key":"PowerPotion"},{"floor":33.0,"key":"DistilledChaos"},{"floor":42.0,"key":"CultistPotion"}],"is_trial":false,"path_per_floor":["M","?","?","M","$","E","M","?","T","R","E","?","$","M","R","B",null,"M","?","?","M","$","R","E","R","T","E","M","M","M","?","R","B",null,"M","?","$","M","?","E","M","E","T","R","E","?","R","T","R","B","B",null,"R","$","E","B",null],"character_chosen":"THE_SILENT","items_purchased":["Accuracy","Orrery","Accuracy","Blade Dance","Backflip","ClockworkSouvenir","Unceasing Top"],"campfire_rested":1,"item_purchase_floors":[5,13,22,22,22,54,54],"current_hp_per_floor":[59,59,52,52,52,52,52,26,26,26,30,19,19,18,18,42,62,60,60,60,68,68,68,52,52,52,46,66,63,51,51,51,68,68,68,68,68,65,65,68,68,68,68,68,29,29,51,51,51,26,29,63,63,63,48,45],"gold":63,"neow_bonus":"THREE_ENEMY_KILL","is_daily":false,"chose_seed":false,"campfire_upgraded":7,"win_rate":0.0,"timestamp":1610895227,"path_taken":["M","?","?","M","$","E","M","?","T","R","E","?","$","?","R","BOSS","M","?","?","M","$","R","E","R","T","E","?","M","M","?","R","BOSS","M","?","$","?","?","E","M","E","T","R","E","?","R","?","R","BOSS","BOSS","R","$","E","BOSS"],"items_purchased_type":["Card","Relic","Card","Card","Card","Relic","Relic"],"build_version":"2020-12-22","purchased_purges":3,"victory":true,"max_hp_per_floor":[66,60,60,60,60,60,60,60,60,60,68,68,68,68,68,68,68,68,68,68,68,68,68,68,68,68,68,68,68,68,68,68,68,68,68,68,68,68,68,68,68,68,68,68,78,74,74,74,74,74,74,74,74,74,74,74],"card_choices":[{"not_picked":["Dagger Throw","Tactician"],"picked":"Backstab","floor":1.0},{"not_picked":["Sucker Punch","Deadly Poison"],"picked":"Flying Knee","floor":4.0},{"not_picked":["Concentrate","Eviscerate"],"picked":"Noxious Fumes","floor":6.0},{"not_picked":["Dodge and Roll","Underhanded Strike"],"picked":"Tactician","floor":7.0},{"not_picked":["Sucker Punch","Bane"],"picked":"Escape Plan","floor":11.0},{"not_picked":["Bane","Choke"],"picked":"Blade Dance","floor":13.0},{"not_picked":["Storm of Steel","Poisoned Stab"],"picked":"After Image","floor":13.0},{"not_picked":["Predator","Calculated Gamble"],"picked":"Infinite Blades","floor":13.0},{"not_picked":["Glass Knife","Quick Slash"],"picked":"Finisher","floor":13.0},{"not_picked":["Dodge and Roll","Quick Slash","Outmaneuver"],"picked":"SKIP","floor":14.0},{"not_picked":["Venomology","Wraith Form v2"],"picked":"Burst","floor":16.0},{"not_picked":["Deflect","Flying Knee"],"picked":"Cloak And Dagger","floor":18.0},{"not_picked":["Deadly Poison","Bane+1","Endless Agony"],"picked":"SKIP","floor":21.0},{"not_picked":["Backflip","Escape Plan"],"picked":"Footwork+1","floor":24.0},{"not_picked":["Noxious Fumes","Masterful Stab","Riddle With Holes"],"picked":"SKIP","floor":27.0},{"not_picked":["Outmaneuver","PiercingWail"],"picked":"Prepared","floor":28.0},{"not_picked":["Predator","Setup+1"],"picked":"Tactician","floor":29.0},{"not_picked":["Poisoned Stab","Bane"],"picked":"Escape Plan","floor":30.0},{"not_picked":["Burst","Die Die Die"],"picked":"Phantasmal Killer","floor":33.0},{"not_picked":["All Out Attack+1","Dodge and Roll","PiercingWail"],"picked":"SKIP","floor":35.0},{"not_picked":["All Out Attack+1","Dodge and Roll"],"picked":"PiercingWail","floor":35.0},{"not_picked":["Underhanded Strike+1","Dagger Throw","PiercingWail+1"],"picked":"SKIP","floor":38.0},{"not_picked":["Cloak And Dagger","Backflip","Slice"],"picked":"SKIP","floor":40.0},{"not_picked":["Backflip","Deflect"],"picked":"Acrobatics+1","floor":41.0},{"not_picked":["Endless Agony","Crippling Poison","Slice"],"picked":"SKIP","floor":42.0},{"not_picked":["Burst","Bane","Deflect"],"picked":"SKIP","floor":45},{"not_picked":["Cloak And Dagger","Concentrate","Dodge and Roll"],"picked":"SKIP","floor":55}],"player_experience":2271436,"relics_obtained":[{"floor":6.0,"key":"Dota2Spire:ShivaGuard"},{"floor":9.0,"key":"HornCleat"},{"floor":11.0,"key":"Dota2Spire:HeartOfTarrasque"},{"floor":24.0,"key":"Bag of Marbles"},{"floor":27.0,"key":"Calipers"},{"floor":40.0,"key":"War Paint"},{"floor":42.0,"key":"Dota2Spire:Desolator"},{"floor":43.0,"key":"Dota2Spire:LinkenSphere"},{"floor":45,"key":"Pear"},{"floor":48,"key":"The Courier"}],"event_choices":[{"damage_healed":0.0,"max_hp_gain":0.0,"max_hp_loss":6.0,"gold_gain":0.0,"event_name":"Golden Idol","player_choice":"Lose Max HP","floor":2.0,"gold_loss":0.0,"damage_taken":0.0,"relics_obtained":["Golden Idol"]},{"cards_removed":["Strike_G"],"damage_healed":0.0,"max_hp_gain":0.0,"max_hp_loss":0.0,"gold_gain":0.0,"event_name":"Golden Wing","player_choice":"Card Removal","floor":3.0,"gold_loss":0.0,"damage_taken":7.0},{"damage_healed":0.0,"max_hp_gain":0.0,"max_hp_loss":0.0,"gold_gain":0.0,"event_name":"Scrap Ooze","player_choice":"Success","floor":8.0,"gold_loss":0.0,"damage_taken":26.0,"relics_obtained":["Dota2Spire:Dagon"]},{"damage_healed":0.0,"max_hp_gain":0.0,"max_hp_loss":0.0,"gold_gain":75.0,"event_name":"World of Goop","player_choice":"Gather Gold","floor":12.0,"gold_loss":0.0,"damage_taken":11.0},{"damage_healed":0.0,"max_hp_gain":0.0,"max_hp_loss":0.0,"gold_gain":0.0,"event_name":"Ghosts","player_choice":"Ignored","floor":19.0,"gold_loss":0.0,"damage_taken":0.0},{"damage_healed":0.0,"max_hp_gain":0.0,"max_hp_loss":0.0,"gold_gain":275.0,"event_name":"Golden Shrine","player_choice":"Desecrate","floor":20.0,"gold_loss":0.0,"damage_taken":0.0,"cards_obtained":["Regret"]},{"damage_healed":0.0,"max_hp_gain":0.0,"max_hp_loss":0.0,"gold_gain":0.0,"cards_transformed":["Strike_G","Strike_G"],"event_name":"Drug Dealer","player_choice":"Became Test Subject","floor":31.0,"gold_loss":0.0,"damage_taken":0.0,"cards_obtained":["Corpse Explosion","Die Die Die"]},{"damage_healed":0.0,"max_hp_gain":0.0,"max_hp_loss":0.0,"gold_gain":0.0,"event_name":"Duplicator","player_choice":"Copied","floor":36.0,"gold_loss":0.0,"damage_taken":0.0,"cards_obtained":["After Image"]},{"damage_healed":0.0,"max_hp_gain":0.0,"max_hp_loss":0.0,"gold_gain":0.0,"event_name":"Tomb of Lord Red Mask","player_choice":"Ignored","floor":39.0,"gold_loss":0.0,"damage_taken":0.0},{"damage_healed":0,"gold_gain":0,"player_choice":"Max HP","damage_taken":0,"max_hp_gain":0,"max_hp_loss":4,"event_name":"Winding Halls","floor":46,"gold_loss":0}],"is_beta":false,"boss_relics":[{"not_picked":["SacredBark","Cursed Key"],"picked":"SlaversCollar"},{"not_picked":["Velvet Choker","HoveringKite"],"picked":"WristBlade"}],"items_purged_floors":[22,37,54],"is_endless":false,"potions_floor_spawned":[7,14,16,24,27,28,33,35,38,40,42],"ascension_level":20}}