{"host":"d5i1qeb9dejicw1z","time":1610857130,"event":{"mods":["AchievementEnabler","BaseMod","Better Note","BetterRewards","Downfall","Gold Saver","Hermit","Minty Spire (QoL Compilation)","StSLib"],"gold_per_floor":[148,148,148,148,167,226,295,295,58,93,93,122,122,135,154,154,154,154],"floor_reached":16,"language":"ENG","playtime":1090,"items_purged":[],"score":106,"play_id":"cc55d5d0-514e-4d10-96b7-4dcdaf51ab44","local_time":"20210116201850","is_ascension_mode":false,"campfire_choices":[{"data":"Slimebound:CorrosiveSpit","floor":1,"key":"SMITH"},{"floor":11,"key":"REST"}],"circlet_count":0,"master_deck":["Slimebound:Strike_Slimebound+1","Slimebound:Strike_Slimebound","Slimebound:Tackle","Slimebound:Defend_Slimebound","Slimebound:Defend_Slimebound","Slimebound:Defend_Slimebound","Slimebound:Defend_Slimebound","Slimebound:Split","Slimebound:CorrosiveSpit+1","Slimebound:SamplingLick","Slimebound:RollThrough","Slimebound:SlimeSpikes","Slimebound:Recollect","Slimebound:ItLooksTasty","expansioncontent:DashGenerateEvil+1","Slimebound:SpikyOuterGoop","Slimebound:GrowthPunch","Slimebound:RainOfGoop","Slimebound:LeadByExample","Slimebound:AcidTongue"],"relics":["Slimebound:AbsorbEndCombat","downfall:HeartsMalice","Whetstone","Shuriken","HornCleat","StrikeDummy"],"acts_visited":["Exordium"],"potions_floor_usage":[6,9,16,16],"damage_taken":[{"damage":0,"enemies":"Jaw Worm","floor":2,"turns":1},{"damage":0,"enemies":"Small Slimes","floor":3,"turns":1},{"damage":0,"enemies":"2 Louse","floor":4,"turns":1},{"damage":10,"enemies":"Lots of Slimes","floor":5,"turns":3},{"damage":36,"enemies":"Gremlin Nob","floor":6,"turns":5},{"damage":0,"enemies":"downfall:FleeingMerchant","floor":9,"turns":4},{"damage":11,"enemies":"Lagavulin","floor":10,"turns":6},{"damage":13,"enemies":"3 Sentries","floor":12,"turns":7},{"damage":0,"enemies":"Exordium Thugs","floor":14,"turns":3},{"damage":0,"enemies":"Blue Slaver","floor":15,"turns":4},{"damage":84,"enemies":"SI_SHIV_ARCHETYPE","floor":16,"turns":10}],"seed_played":"-6341907762924269563","potions_obtained":[{"floor":5,"key":"Explosive Potion"},{"floor":6,"key":"DistilledChaos"},{"floor":12,"key":"champ:CounterPotion"},{"floor":15,"key":"SkillPotion"}],"is_trial":false,"path_per_floor":["R","M","M","M","M","?","T","?","$","E","R","E","?","M","M","B"],"character_chosen":"SLIMEBOUND","items_purchased":["expansioncontent:DashGenerateEvil","Slimebound:SpikyOuterGoop"],"campfire_rested":1,"item_purchase_floors":[9,9],"current_hp_per_floor":[65,65,65,65,57,23,23,23,27,20,39,27,27,30,32,0,0,0],"gold":154,"neow_bonus":"THREE_ENEMY_KILL","is_daily":false,"chose_seed":false,"campfire_upgraded":1,"win_rate":0.0,"timestamp":1610857130,"path_taken":["R","M","M","M","M","?","T","?","$","E","R","E","?","?","M","BOSS"],"items_purchased_type":["Card","Card"],"build_version":"2020-12-22","purchased_purges":0,"victory":false,"max_hp_per_floor":[65,65,65,65,65,65,65,65,65,65,65,65,65,65,65,65,65,65],"card_choices":[{"not_picked":["Slimebound:SplitBruiser","Slimebound:Repurpose","Slimebound:LeechEnergy"],"picked":"SKIP","floor":2},{"not_picked":["Slimebound:Schlurp","Slimebound:SplitBruiser"],"picked":"Slimebound:SamplingLick","floor":3},{"not_picked":["Slimebound:SplitLeeching","Slimebound:SplitAcid"],"picked":"Slimebound:RollThrough","floor":4},{"not_picked":["Slimebound:DivideAndConquer","Slimebound:GoopTackle"],"picked":"Slimebound:SlimeSpikes","floor":5},{"not_picked":["Slimebound:LeechingTouch","Slimebound:Schlurp"],"picked":"Slimebound:Recollect","floor":6},{"not_picked":["Slimebound:Prepare","Slimebound:SplitAcid"],"picked":"Slimebound:ItLooksTasty","floor":9},{"not_picked":["Slimebound:SplitBruiser","Slimebound:SlimeBrawl"],"picked":"Slimebound:GrowthPunch","floor":10},{"not_picked":["Slimebound:SlimeBrawl","Slimebound:FormOfPuddle"],"picked":"Slimebound:RainOfGoop","floor":12},{"not_picked":["Slimebound:MassRepurpose","Slimebound:SlimeBarrage"],"picked":"Slimebound:LeadByExample","floor":14},{"not_picked":["Slimebound:SplitAcid","Slimebound:GoopSpray"],"picked":"Slimebound:AcidTongue","floor":15}],"player_experience":1205112,"relics_obtained":[{"floor":6,"key":"Whetstone"},{"floor":7,"key":"Shuriken"},{"floor":10,"key":"HornCleat"},{"floor":12,"key":"StrikeDummy"}],"event_choices":[{"damage_healed":0,"gold_gain":0,"player_choice":"Forge","damage_taken":0,"max_hp_gain":0,"max_hp_loss":0,"event_name":"Accursed Blacksmith","floor":13,"gold_loss":0,"cards_upgraded":["expansioncontent:DashGenerateEvil"]}],"is_beta":false,"boss_relics":[],"items_purged_floors":[],"is_endless":false,"potions_floor_spawned":[5,6,12,15],"killed_by":"SI_SHIV_ARCHETYPE","ascension_level":0}}