{"host":"kvq1t47bkvtg8ho9","time":1610906778,"event":{"mods":["Aspiration","Bard","BaseMod","Beaked The Cultist","Better Sensory Stone","Better Third Choice","BetterRewards","Clockwork Mod","Colored Map","Conspire","Downfall","Energized Spire","Friendly Minions","Hermit","HexUI Lib","Highlight Path","Hubris","Infinite Spire","Minty Spire (QoL Compilation)","READ ME - Guardian Mod","Relic Stats","Somnambulant","StSLib","The Bladedancer","The Bug Knight","The Cursed","The Disciple","The Forsaken","The Jungle","The Marked","The Necromancer","The Runesmith"],"gold_per_floor":[99,99,99,99,99,127,182,182,182,194,194,30,48,33,46,46,46,46],"floor_reached":16,"language":"ENG","playtime":1057,"items_purged":[],"score":121,"play_id":"3e8b3b46-c698-4bf9-bc81-b6c9a35d5ddb","local_time":"20210117130618","is_ascension_mode":false,"campfire_choices":[{"data":"Guardian:CurlUp","floor":1,"key":"SMITH"},{"floor":9,"key":"REST"}],"circlet_count":0,"master_deck":["Guardian:Strike_Guardian","Guardian:Strike_Guardian","Guardian:Strike_Guardian","Guardian:Strike_Guardian","Guardian:Defend_Guardian","Guardian:Defend_Guardian","Guardian:Defend_Guardian","Guardian:Defend_Guardian","Guardian:CurlUp+1","Guardian:TwinSlam","Guardian:Gem_Yellow","hubris:DuctTapeCard","Guardian:TemporalStrike","Guardian:BronzeOrb","Guardian:Gem_Synthetic","Guardian:BronzeOrb","Guardian:BronzeOrb","Guardian:TemporalStrike"],"relics":["Guardian:ModeShifter","downfall:HeartsMalice","conspire:GlowingRock","Orichalcum","Bag of Marbles","hubris:DuctTape"],"acts_visited":["Exordium"],"potions_floor_usage":[15,16],"damage_taken":[{"damage":0,"enemies":"conspire:RoseBush","floor":2,"turns":1},{"damage":0,"enemies":"2 Louse","floor":5,"turns":1},{"damage":0,"enemies":"Lagavulin","floor":6,"turns":1},{"damage":10,"enemies":"Small Slimes","floor":10,"turns":5},{"damage":4,"enemies":"downfall:FleeingMerchant","floor":12,"turns":4},{"damage":1,"enemies":"2 Fungi Beasts","floor":13,"turns":4},{"damage":8,"enemies":"downfall:FleeingMerchant","floor":14,"turns":4},{"damage":0,"enemies":"Exordium Thugs","floor":15,"turns":3},{"damage":72,"enemies":"WA_ARCHETYPE_RETAIN","floor":16,"turns":10}],"seed_played":"7631096657163780545","potions_obtained":[{"floor":6,"key":"Fire Potion"},{"floor":15,"key":"SkillPotion"}],"is_trial":false,"path_per_floor":["R","M","?","?","M","E","T","?","R","M","?","$","M","$","M","B"],"character_chosen":"GUARDIAN","items_purchased":["Guardian:Gem_Synthetic"],"campfire_rested":1,"item_purchase_floors":[12],"current_hp_per_floor":[80,80,80,80,80,80,80,49,73,63,63,59,58,50,50,0,0,0],"gold":46,"neow_bonus":"THREE_ENEMY_KILL","is_daily":false,"chose_seed":false,"campfire_upgraded":1,"win_rate":0.0,"timestamp":1610906778,"path_taken":["R","M","?","?","M","E","T","?","R","M","?","$","?","?","M","BOSS"],"items_purchased_type":["Card"],"build_version":"2020-12-22","purchased_purges":0,"victory":false,"max_hp_per_floor":[80,80,80,80,80,80,80,80,80,80,80,80,80,80,80,80,80,80],"relic_stats":{"counters":[9,30],"Orichalcum":[24],"obtain_stats":[{"conspire:GlowingRock":6,"hubris:DuctTape":8,"Guardian:ModeShifter":0,"downfall:HeartsMalice":0,"Bag of Marbles":8,"Orichalcum":7},{"conspire:GlowingRock":3,"hubris:DuctTape":3,"Guardian:ModeShifter":0,"downfall:HeartsMalice":0,"Bag of Marbles":3,"Orichalcum":3},{"conspire:GlowingRock":0,"hubris:DuctTape":0,"Guardian:ModeShifter":0,"downfall:HeartsMalice":0,"Bag of Marbles":0,"Orichalcum":0}]},"card_choices":[{"not_picked":["Guardian:Repulse","Guardian:Recover"],"picked":"Guardian:ShieldCharger","floor":2},{"not_picked":["Guardian:Gem_Lightblue","Guardian:RollAttack"],"picked":"Guardian:Gem_Yellow","floor":5},{"not_picked":["Guardian:DonusPower","Guardian:MultiBeam"],"picked":"Guardian:StasisField","floor":6},{"not_picked":["Guardian:RefractedBeam","Guardian:Incinerate"],"picked":"Guardian:TemporalStrike","floor":10},{"not_picked":["Guardian:CrystalBeam","Guardian:ChargeCore"],"picked":"Guardian:BronzeOrb","floor":12},{"not_picked":["Guardian:ChargeCore","Guardian:Incinerate"],"picked":"Guardian:BronzeOrb","floor":13},{"not_picked":["Guardian:ChargeCore","Guardian:MultiBeam"],"picked":"Guardian:BronzeOrb","floor":14},{"not_picked":["Guardian:ShieldSpikes","Guardian:ArmoredProtocol"],"picked":"Guardian:TemporalStrike","floor":15}],"player_experience":769301,"relics_obtained":[{"floor":6,"key":"conspire:GlowingRock"},{"floor":7,"key":"Orichalcum"}],"event_choices":[{"damage_healed":0,"gold_gain":1,"player_choice":"Relic Relic ","damage_taken":31,"max_hp_gain":0,"max_hp_loss":0,"event_name":"betterThird:BetterScrap","floor":8,"gold_loss":0,"cards_obtained":["Dark Embrace"]}],"is_beta":false,"boss_relics":[],"items_purged_floors":[],"is_endless":false,"potions_floor_spawned":[6,15],"killed_by":"WA_ARCHETYPE_RETAIN","ascension_level":0}}