{"host":"kq2g769nefmuyn7c","time":1610850353,"event":{"mods":["ATMod(∞¢Ë™Mod)","Act Like it!","BaseMod","Gensokyo","Koishi","Minty Spire (QoL Compilation)","Remilia£®¿Ÿ√◊¿Ú—«£©","Replay The Spire","StSLib","The Servant 0.9.4","Youmu£®ªÍ∆«—˝√Œ£©"],"gold_per_floor":[115,115,115,115,9,40,59,59,59,59,95,428,45,377,377,480,480,500,515,495,495,197,231,1,29,29,29,58,91,109,129,129,232,232,245,260,260,260,39,70,96,116,116,149,167,16,16,51,51,101,101,101,51,127,152],"floor_reached":56,"language":"ZHS","playtime":3586,"items_purged":["Amnesia","Looming Evil","Sickly","Strike_RM","Hallucinations"],"score":2129,"play_id":"eaf51640-9aa4-478b-90e4-b2fd4c61c766","local_time":"20210117102553","is_ascension_mode":true,"campfire_choices":[{"data":"RedMoon","floor":10.0,"key":"SMITH"},{"data":"EternalNight","floor":27.0,"key":"SMITH"},{"data":"BloodyHallows","floor":32.0,"key":"SMITH"},{"floor":49,"key":"RECALL"},{"data":"BloodAndWine","floor":52,"key":"SMITH"}],"circlet_count":0,"master_deck":["Defend_RM","Defend_RM","Defend_RM","Defend_RM","RedMoon+1","RedRainbow+1","BloodyHallows+1","EternalNight+1","FitfulNightmare","Ultimatum+1","BloodAndWine+1","BloodyHallows+1","BloodyCatastrophe","Gensokyo:AllTheWorldsEvil","BloodAndWine+1","QueenOfMidnight+1","Gensokyo:AllTheWorldsEvil","DiffusionOfMisfortune+1","VampireKiss+1","HunterOfTheNight+1","EndlessAdversity+1","BadLadyScramble+1","HeartBreak+1","ScarletMeister+1","ReplayUltimateDefense+1","KillingBlow+1","NightLord+1","Gensokyo:AllTheWorldsEvil","HellCatastrophe+1","RedRainbow+1","UnderTheZenith+1","CurseOfVladTepes+1"],"relics":["ScarletHat","AT_ATBox","NeowsBlessing","Ring of Peace","Ring of Fury","Happy Flower","Dream Catcher","Oddly Smooth Stone","HornCleat","Molten Egg 2","Old Coin","Akabeko","Replay:Ancient Bell","AT_ChloranthyRing","Golden Egg","Dead Branch","OrangePellets","Smiling Mask","PreservedInsect","Art of War","Frozen Egg 2","Replay:Mystery Machine","Pear","Cursed Key","AT_RabadonDeathcap","AT_BellDemon","Bottled Tornado","Bag of Preparation","Whetstone","Incense Burner","AT_MibuBalloonWealth","Boot","ScarletDevilRocket","Nunchaku"],"acts_visited":["Gensokyo:Gensokyo","Gensokyo:Gensokyoer","Gensokyo:Gensokyoest","TheEnding"],"potions_floor_usage":[55,55],"damage_taken":[{"damage":0.0,"enemies":"Gensokyo:Gryphon","floor":1.0,"turns":1.0},{"damage":0.0,"enemies":"Gensokyo:Aya","floor":6.0,"turns":3.0},{"damage":0.0,"enemies":"Gensokyo:2_Kodama","floor":7.0,"turns":2.0},{"damage":47.0,"enemies":"Gensokyo:Python","floor":11.0,"turns":3.0},{"damage":21.0,"enemies":"Gensokyo:Mamizou","floor":12.0,"turns":5.0},{"damage":8.0,"enemies":"Gensokyo:Cirno","floor":14.0,"turns":6.0},{"damage":40.0,"enemies":"Gensokyo:Reimu","floor":16.0,"turns":6.0},{"damage":18.0,"enemies":"Gensokyo:CosmicMonolith","floor":18.0,"turns":2.0},{"damage":12.0,"enemies":"Gensokyo:3_Dogs","floor":19.0,"turns":2.0},{"damage":44.0,"enemies":"Gensokyo:Koishi","floor":23.0,"turns":2.0},{"damage":0.0,"enemies":"Gensokyo:Reisen","floor":25.0,"turns":3.0},{"damage":44.0,"enemies":"Gensokyo:Koishi","floor":28.0,"turns":3.0},{"damage":51.0,"enemies":"Gensokyo:Wraith","floor":29.0,"turns":4.0},{"damage":19.0,"enemies":"Gensokyo:Slime_Group","floor":30.0,"turns":1.0},{"damage":70.0,"enemies":"Gensokyo:Swordslinger","floor":31.0,"turns":4.0},{"damage":68.0,"enemies":"Gensokyo:Eternal_Rivals","floor":33.0,"turns":5.0},{"damage":0,"enemies":"Gensokyo:3_Bats","floor":35,"turns":1},{"damage":6,"enemies":"Gensokyo:3_Boulders","floor":36,"turns":2},{"damage":26,"enemies":"Gensokyo:Marisa","floor":40,"turns":2},{"damage":20,"enemies":"Gensokyo:Sharpion","floor":42,"turns":3},{"damage":8,"enemies":"Gensokyo:Doremy","floor":44,"turns":3},{"damage":8,"enemies":"Gensokyo:Dusk_and_Dawn","floor":45,"turns":3},{"damage":0,"enemies":"Gensokyo:SeedOfUnknown","floor":48,"turns":2},{"damage":40,"enemies":"Gensokyo:Shinki","floor":50,"turns":5},{"damage":22,"enemies":"Shield and Spear","floor":54,"turns":3},{"damage":56,"enemies":"The Heart","floor":55,"turns":4}],"seed_played":"953283728626208291","potions_obtained":[{"floor":11.0,"key":"FearPotion"},{"floor":12.0,"key":"Elixir"},{"floor":14.0,"key":"Weak Potion"},{"floor":18.0,"key":"Dexterity Potion"},{"floor":35,"key":"Milkshake"}],"is_trial":false,"path_per_floor":["M","?","?","?","COS","E","M","?","T","R","M","E","$","E","R","B",null,"M","M","?","?","$","E","$","E","T","R","E","M","M","M","R","B",null,"M","M","?","?","$","E","T","M","T","E","M","$","?","M","R","B",null,"R","$","E","B",null],"character_chosen":"REMILIA","items_purchased":["Molten Egg 2","Ultimatum+1","OrangePellets","DiffusionOfMisfortune+1","PreservedInsect","HunterOfTheNight+1","ReplayUltimateDefense+1","AT_MibuBalloonWealth"],"campfire_rested":0,"item_purchase_floors":[13,13,22,22,24,24,39,46],"current_hp_per_floor":[68,75,75,75,75,75,75,75,75,75,75,77,77,69,69,44,73,57,48,64,64,64,70,70,75,75,75,82,81,82,82,82,92,92,92,92,92,92,92,92,92,92,92,92,92,92,92,92,92,92,92,92,92,78,75],"gold":152,"neow_bonus":"THREE_ENEMY_KILL","is_daily":false,"chose_seed":false,"campfire_upgraded":4,"win_rate":0.0,"timestamp":1610850353,"path_taken":["M","?","?","?","COS","E","?","?","T","R","M","E","$","E","R","BOSS","M","M","?","?","?","E","$","E","T","R","E","M","M","M","R","BOSS","M","M","?","?","$","E","?","?","T","E","M","$","?","M","R","BOSS","R","$","E","BOSS"],"items_purchased_type":["Relic","Card","Relic","Card","Relic","Card","Card","Relic"],"build_version":"2020-12-22","purchased_purges":5,"victory":true,"max_hp_per_floor":[75,82,82,82,82,82,82,82,82,82,82,82,82,82,82,82,82,82,82,82,82,82,82,82,82,82,82,82,82,82,82,82,92,92,92,92,92,92,92,92,92,92,92,92,92,92,92,92,92,92,92,92,92,92,92],"card_choices":[{"not_picked":["EndlessAdversity","UnderTheZenith"],"picked":"RedRainbow","floor":1.0},{"not_picked":["RedMagic","BloodHunter"],"picked":"BloodyHallows","floor":6.0},{"not_picked":["BloodHunter","MastersStateliness","RedRainbow"],"picked":"SKIP","floor":7.0},{"not_picked":["DiffusionOfMisfortune","FavorOfDestiny"],"picked":"EternalNight","floor":11.0},{"not_picked":["HellCatastrophe","MastersStateliness"],"picked":"FitfulNightmare","floor":11.0},{"not_picked":["CurseOfVladTepes","FavorOfDestiny","BloodRain"],"picked":"SKIP","floor":12.0},{"not_picked":["CharismaGuard","StarOfDavid+1"],"picked":"BloodAndWine","floor":14.0},{"not_picked":["ChaoticDestiny","CeilingFear"],"picked":"BloodyCatastrophe","floor":16.0},{"not_picked":["Doubt","AbeCurse"],"picked":"Sickly","floor":17.0},{"not_picked":["Regret","Looming Evil"],"picked":"Gensokyo:AllTheWorldsEvil","floor":17.0},{"not_picked":["Shame","Spreading Infection"],"picked":"Looming Evil","floor":17.0},{"not_picked":["EndlessAdversity+1","SuperhumanBloodyKnife+1"],"picked":"BloodAndWine+1","floor":18.0},{"not_picked":["BloodHunter","EndlessAdversity+1"],"picked":"ScarletDevilSign+1","floor":18.0},{"not_picked":["ScarletDevil+1","ScarletImprint+1"],"picked":"QueenOfMidnight","floor":19.0},{"not_picked":["RedRainbow+1","UnstableMagic"],"picked":"VampireKiss+1","floor":23.0},{"not_picked":["NightDance+1","DiffusionOfMisfortune+1"],"picked":"EndlessAdversity+1","floor":25.0},{"not_picked":["StarOfDavid+1","BombardNight+1"],"picked":"BadLadyScramble+1","floor":28.0},{"not_picked":["NightDance+1","ScarletDream"],"picked":"HeartBreak+1","floor":29.0},{"not_picked":["EndlessAdversity+1","BloodAndWine","BlasphemousPunishment"],"picked":"SKIP","floor":29.0},{"not_picked":["FavorOfDestiny+1","VampireKiss+1","ScarletImprint+1"],"picked":"SKIP","floor":30.0},{"not_picked":["ChainGang+1","EndlessAdversity+1","ScarletNetherworld+1"],"picked":"SKIP","floor":31.0},{"not_picked":["NightDance+1","BombardNight+1","ScarletImprint+1"],"picked":"SKIP","floor":31.0},{"not_picked":["BloodyHallows","DemonKingCradle+1"],"picked":"ScarletMeister+1","floor":33.0},{"not_picked":["ScarletImprint+1","DiffusionOfMisfortune+1","StarOfDavid+1"],"picked":"SKIP","floor":35},{"not_picked":["FavorOfDestiny+1","BlasphemousPunishment","BloodHunter+1"],"picked":"SKIP","floor":36},{"not_picked":["MillenniumVampire+1","BadLadyScramble"],"picked":"KillingBlow+1","floor":40},{"not_picked":["HunterOfTheNight+1","UnstableMagic+1"],"picked":"NightLord+1","floor":40},{"not_picked":["BombardNight+1","MastersStateliness+1","UnstableMagic"],"picked":"SKIP","floor":42},{"not_picked":["BlasphemousPunishment","BadLadyScramble"],"picked":"HellCatastrophe+1","floor":44},{"not_picked":["ScarletImprint+1","NightDance+1"],"picked":"RedRainbow+1","floor":44},{"not_picked":["ScarletDevilSign+1","Maim+1","GlobalNightmare"],"picked":"SKIP","floor":45},{"not_picked":["UltimateOffering+1","StarOfDavid+1"],"picked":"UnderTheZenith+1","floor":48},{"not_picked":["ScarletDevil+1","BombardNight+1"],"picked":"CurseOfVladTepes+1","floor":54},{"not_picked":["VampireSweep+1","NightDance+1","RedRainbow+1"],"picked":"SKIP","floor":54}],"player_experience":256110,"relics_obtained":[{"floor":3.0,"key":"Ring of Peace"},{"floor":3.0,"key":"Ring of Fury"},{"floor":6.0,"key":"Dream Catcher"},{"floor":9.0,"key":"Oddly Smooth Stone"},{"floor":12.0,"key":"HornCleat"},{"floor":14.0,"key":"Akabeko"},{"floor":23.0,"key":"Smiling Mask"},{"floor":25.0,"key":"Art of War"},{"floor":26.0,"key":"Frozen Egg 2"},{"floor":28.0,"key":"Replay:Mystery Machine"},{"floor":33.0,"key":"Pear"},{"floor":40,"key":"AT_RabadonDeathcap"},{"floor":41,"key":"AT_BellDemon"},{"floor":42,"key":"Bottled Tornado"},{"floor":44,"key":"Bag of Preparation"},{"floor":44,"key":"Whetstone"},{"floor":45,"key":"Incense Burner"},{"floor":48,"key":"Boot"},{"floor":54,"key":"ScarletDevilRocket"},{"floor":54,"key":"Nunchaku"}],"event_choices":[],"is_beta":false,"boss_relics":[{"not_picked":["Replay:Drink Me","Philosopher\u0027s Stone"],"picked":"Replay:Ancient Bell"},{"not_picked":["Potion Belt","Vajra"],"picked":"AT_ChloranthyRing"},{"not_picked":["Divine Protection","AT_TimeSand"],"picked":"Golden Egg"},{"not_picked":["Pocketwatch","CaptainsWheel"],"picked":"Dead Branch"},{"not_picked":["Replay:Grab Bag","Runic Dome"],"picked":"Cursed Key"}],"items_purged_floors":[13,22,24,39,53],"is_endless":false,"potions_floor_spawned":[11,12,14,18,19,29,31,35,36,54],"ascension_level":9}}