{"host":"ccw6t0i2dpm5wyxf","time":1610894063,"event":{"mods":["BaseMod","Colored Map","Minty Spire (QoL Compilation)","Permanent Neow"],"gold_per_floor":[118,68,68,85,98,98,98,98,98,142,167,167,40,83,83,214,214,233,48,64,64,79,79,99,99,99,224,245,77,77,112,112,232,295,318,332,332,332,332],"floor_reached":38,"language":"ENG","playtime":1786,"items_purged":["Strike_R"],"score":635,"play_id":"3c3202ab-506e-43a5-8ec8-22e21f8e4788","local_time":"20210117083423","is_ascension_mode":true,"campfire_choices":[{"data":"True Grit","floor":6,"key":"SMITH"},{"floor":8,"key":"REST"},{"data":"Dual Wield","floor":12,"key":"SMITH"},{"data":"Barricade","floor":15,"key":"SMITH"},{"floor":23,"key":"REST"},{"data":"True Grit","floor":25,"key":"SMITH"},{"data":"Armaments","floor":30,"key":"SMITH"},{"floor":32,"key":"REST"}],"circlet_count":0,"master_deck":["Defend_R","Defend_R","Defend_R","Bash","Body Slam+1","Pommel Strike+1","Flame Barrier+1","True Grit+1","Spot Weakness","Body Slam","Dark Embrace+1","Dual Wield+1","True Grit+1","Barricade+1","Iron Wave+1","Second Wind","Flame Barrier","Bite","Bite","Bite","Bite","Bite","Iron Wave","Shockwave+1","Armaments+1","Flame Barrier+1","Exhume","Havoc","Intimidate+1","Madness","Madness"],"relics":["Astrolabe","Happy Flower","Golden Idol","Regal Pillow","Art of War","PreservedInsect","SlaversCollar","Orichalcum","Calipers","Thread and Needle","Gremlin Horn","Oddly Smooth Stone","Ginger","Tiny House"],"acts_visited":["Exordium","TheCity","TheBeyond"],"potions_floor_usage":[16,16,22,27,27,33,35,38,38],"damage_taken":[{"damage":0,"enemies":"Jaw Worm","floor":1,"turns":4},{"damage":0,"enemies":"Small Slimes","floor":4,"turns":3},{"damage":3,"enemies":"2 Louse","floor":5,"turns":4},{"damage":4,"enemies":"Lagavulin","floor":10,"turns":5},{"damage":2,"enemies":"Large Slime","floor":11,"turns":8},{"damage":6,"enemies":"3 Sentries","floor":14,"turns":5},{"damage":7,"enemies":"Hexaghost","floor":16,"turns":8},{"damage":27,"enemies":"Shell Parasite","floor":18,"turns":6},{"damage":2,"enemies":"3 Byrds","floor":20,"turns":2},{"damage":43,"enemies":"Snake Plant","floor":22,"turns":6},{"damage":15,"enemies":"Snecko","floor":24,"turns":6},{"damage":18,"enemies":"Colosseum Slavers","floor":27,"turns":6},{"damage":17,"enemies":"Colosseum Nobs","floor":27,"turns":4},{"damage":7,"enemies":"Cultist and Chosen","floor":28,"turns":8},{"damage":0,"enemies":"Book of Stabbing","floor":31,"turns":5},{"damage":1,"enemies":"Collector","floor":33,"turns":8},{"damage":15,"enemies":"3 Darklings","floor":35,"turns":6},{"damage":1,"enemies":"3 Shapes","floor":36,"turns":10},{"damage":85,"enemies":"Transient","floor":38,"turns":5}],"seed_played":"8395652641341404349","potions_obtained":[{"floor":1,"key":"PowerPotion"},{"floor":5,"key":"Energy Potion"},{"floor":11,"key":"Swift Potion"},{"floor":20,"key":"BloodPotion"},{"floor":24,"key":"Energy Potion"},{"floor":27,"key":"SteroidPotion"},{"floor":31,"key":"EssenceOfSteel"},{"floor":34,"key":"LiquidBronze"},{"floor":35,"key":"BloodPotion"}],"is_trial":false,"path_per_floor":["M","?","?","M","M","R","?","R","T","E","M","R","$","E","R","B",null,"M","$","M","?","M","R","M","R","T","?","M","$","R","E","R","B",null,"M","M","?","M"],"character_chosen":"IRONCLAD","items_purchased":["True Grit","Orichalcum","Second Wind","Oddly Smooth Stone","Armaments"],"campfire_rested":3,"item_purchase_floors":[13,19,19,29,29],"current_hp_per_floor":[72,72,65,65,62,62,42,66,66,62,60,60,60,54,54,47,72,45,45,43,43,25,56,44,44,44,19,24,24,24,33,56,56,61,46,61,53,0,0],"gold":332,"neow_bonus":"BOSS_RELIC","is_daily":false,"chose_seed":false,"campfire_upgraded":5,"win_rate":0.0,"timestamp":1610894063,"path_taken":["M","?","?","M","M","R","?","R","T","E","M","R","$","E","R","BOSS","M","$","M","?","M","R","M","R","T","?","M","?","R","E","R","BOSS","M","?","?","M"],"items_purchased_type":["Card","Relic","Card","Relic","Card"],"build_version":"2020-12-22","purchased_purges":1,"victory":false,"max_hp_per_floor":[80,80,80,80,80,80,80,80,80,80,80,80,80,80,80,80,80,80,80,80,56,56,56,56,56,56,56,56,56,56,56,56,56,61,61,61,61,61,61],"card_choices":[{"not_picked":["Reckless Charge","Cleave"],"picked":"True Grit","floor":1},{"not_picked":["Clash","Warcry"],"picked":"Spot Weakness","floor":4},{"not_picked":["Clash","Heavy Blade"],"picked":"Body Slam","floor":5},{"not_picked":["Headbutt","Pommel Strike"],"picked":"Dark Embrace","floor":10},{"not_picked":["Cleave","Shockwave"],"picked":"Dual Wield","floor":11},{"not_picked":["Clothesline","Dark Embrace"],"picked":"Barricade","floor":14},{"not_picked":["Havoc","Body Slam"],"picked":"Iron Wave+1","floor":18},{"not_picked":["Heavy Blade","Dual Wield+1"],"picked":"Flame Barrier","floor":20},{"not_picked":["Combust","Thunderclap","Cleave"],"picked":"SKIP","floor":22},{"not_picked":["Spot Weakness+1","Rupture"],"picked":"Iron Wave","floor":24},{"not_picked":["Clash+1","Heavy Blade"],"picked":"Shockwave+1","floor":28},{"not_picked":["Combust","Bloodletting+1"],"picked":"Flame Barrier+1","floor":31},{"not_picked":["Bludgeon","Barricade"],"picked":"Exhume","floor":33},{"not_picked":["Warcry","Headbutt+1"],"picked":"Havoc","floor":34},{"not_picked":["Clash+1","Pommel Strike+1"],"picked":"Intimidate+1","floor":35},{"not_picked":["Sword Boomerang+1","Fire Breathing","Bloodletting"],"picked":"SKIP","floor":36}],"player_experience":278700,"relics_obtained":[{"floor":9,"key":"Regal Pillow"},{"floor":10,"key":"Art of War"},{"floor":14,"key":"PreservedInsect"},{"floor":26,"key":"Calipers"},{"floor":27,"key":"Thread and Needle"},{"floor":27,"key":"Gremlin Horn"},{"floor":31,"key":"Ginger"}],"event_choices":[{"cards_removed":["Defend_R"],"damage_healed":0,"gold_gain":0,"player_choice":"Card Removal","damage_taken":0,"max_hp_gain":0,"max_hp_loss":0,"event_name":"The Cleric","floor":2,"gold_loss":50},{"damage_healed":0,"gold_gain":0,"player_choice":"Success","damage_taken":7,"relics_obtained":["Happy Flower"],"max_hp_gain":0,"max_hp_loss":0,"event_name":"Scrap Ooze","floor":3,"gold_loss":0},{"damage_healed":0,"gold_gain":0,"player_choice":"Take Damage","damage_taken":20,"relics_obtained":["Golden Idol"],"max_hp_gain":0,"max_hp_loss":0,"event_name":"Golden Idol","floor":7,"gold_loss":0},{"damage_healed":0,"gold_gain":0,"player_choice":"Became a vampire","damage_taken":0,"max_hp_gain":0,"max_hp_loss":24,"event_name":"Vampires","floor":21,"gold_loss":0,"cards_obtained":["Bite","Bite","Bite","Bite","Bite"]},{"damage_healed":0,"gold_gain":0,"player_choice":"Fight","damage_taken":0,"max_hp_gain":0,"max_hp_loss":0,"event_name":"Colosseum","floor":27,"gold_loss":0},{"damage_healed":0,"gold_gain":0,"player_choice":"Fought Nobs","damage_taken":0,"max_hp_gain":0,"max_hp_loss":0,"event_name":"Colosseum","floor":27,"gold_loss":0},{"damage_healed":0,"gold_gain":0,"player_choice":"Embrace Madness","damage_taken":8,"max_hp_gain":0,"max_hp_loss":0,"event_name":"Winding Halls","floor":37,"gold_loss":0,"cards_obtained":["Madness","Madness"]}],"is_beta":false,"boss_relics":[{"not_picked":["SacredBark","Empty Cage"],"picked":"SlaversCollar"},{"not_picked":["Runic Dome","Fusion Hammer"],"picked":"Tiny House"}],"items_purged_floors":[13],"is_endless":false,"potions_floor_spawned":[1,5,11,20,24,27,31,35],"killed_by":"Transient","ascension_level":7}}