{"host":"00tqcjwpycel7e54","time":1610876804,"event":{"mods":["ATMod(阿瑾Mod)","Act Like it!","BaseMod","Colored Powertips","Decade(王小明)","Hermit","Highlight Path","Hubris","Luminous","Marisa（F雨　魔理沙）","Minty Spire (QoL Compilation)","Reimu（博丽灵梦）","Remilia（蕾米莉亚）","Robot Space Explorer","SOS（斯巴达之子）","Shop Mod","Spicy Shops","StSLib","The Administrix","The Animator","The Bug Knight","The Construct","The Cursed","The Gatherer","The Hierophant","The Mystic","The Runesmith","The Servant 0.9.4","WarShipGirlsR/战舰少女R mod","Youmu（魂魄妖梦）","Yuyuko","vexMod","【遗物卡牌】REMEMod"],"gold_per_floor":[112,112,112,128,12,40,51,84,84,84,98,18,18,51,51,130,130,144,144,158,175,192,224,181,200,200,211,242,242,275,275,353,353,363,363,122,133,146,176,211,234,266,266,266,316,316,316,316],"floor_reached":51,"language":"ZHS","playtime":2259,"items_purged":["Regret"],"score":1949,"play_id":"0604e724-ca65-46d8-aebb-92d5392179b6","local_time":"20210117174644","is_ascension_mode":true,"campfire_choices":[{"data":"AT_TwilightShroud","floor":13.0,"key":"SMITH"},{"data":"Crippling Poison","floor":15.0,"key":"SMITH"},{"data":"Noxious Fumes","floor":29.0,"key":"SMITH"},{"data":"Noxious Fumes","floor":32.0,"key":"SMITH"},{"data":"Night Terror","floor":46,"key":"SMITH"},{"floor":49,"key":"REST"}],"circlet_count":0,"master_deck":["AscendersBane","Strike_G","Strike_G","Strike_G","Strike_G","Strike_G","Defend_G","Defend_G","Defend_G","Defend_G","Defend_G","Survivor","Neutralize","AT_TwilightShroud+1","mysticmod:Disintegrate","Deflect","Crippling Poison+1","Noxious Fumes+1","Caltrops","Masterful Stab+1","Caltrops","AT_EmpoweredMortalDraw+1","Expertise","AT_TwilightShroud","Catalyst","Burst","REME_GreenPollution","Acrobatics","AT_ShadowStep+1","Noxious Fumes+1","Night Terror+1","Crippling Poison","Backflip","Regret","Calculated Gamble"],"relics":["Ring of the Snake","AT_ATBox","REME_ComplimentaryCards","NeowsBlessing","REME_PoisonedDagger","Molten Egg 2","hubris:PeanutButter","Tea:ReiMu","Runesmith:Locket","AT_BladeRuinedKing","AT_MortalBlade","hubris:CrystalStatue","hubris:SlimyHat","hubris:Teleporter","The Specimen","Cursed Key","vexMod:Spyglass","AT_SunfireAegis","Bronze Scales","Girya","Omamori","AT_SilverBalance","CatCart"],"acts_visited":["Exordium","TheCity","TheBeyond"],"potions_floor_usage":[40,50,50],"damage_taken":[{"damage":0.0,"enemies":"Jaw Worm","floor":1.0,"turns":1.0},{"damage":0.0,"enemies":"2 Louse","floor":4.0,"turns":1.0},{"damage":0.0,"enemies":"3 Sentries","floor":6.0,"turns":2.0},{"damage":0.0,"enemies":"Small Slimes","floor":7.0,"turns":3.0},{"damage":25.0,"enemies":"Lagavulin","floor":8.0,"turns":8.0},{"damage":0.0,"enemies":"Red Slaver","floor":11.0,"turns":5.0},{"damage":1.0,"enemies":"Gremlin Nob","floor":14.0,"turns":7.0},{"damage":12.0,"enemies":"Hexaghost","floor":16.0,"turns":9.0},{"damage":0.0,"enemies":"3 Byrds","floor":18.0,"turns":4.0},{"damage":0.0,"enemies":"Chosen","floor":20.0,"turns":4.0},{"damage":0.0,"enemies":"Centurion and Healer","floor":21.0,"turns":2.0},{"damage":0.0,"enemies":"Cultist and Chosen","floor":22.0,"turns":5.0},{"damage":0.0,"enemies":"Gremlin Leader","floor":23.0,"turns":6.0},{"damage":0.0,"enemies":"Chosen and Byrds","floor":25.0,"turns":3.0},{"damage":0.0,"enemies":"Centurion and Healer","floor":27.0,"turns":5.0},{"damage":0.0,"enemies":"Slavers","floor":28.0,"turns":3.0},{"damage":0.0,"enemies":"Book of Stabbing","floor":31.0,"turns":7.0},{"damage":7.0,"enemies":"Champ","floor":33.0,"turns":11.0},{"damage":0,"enemies":"3 Darklings","floor":35,"turns":2},{"damage":0,"enemies":"Orb Walker","floor":38,"turns":3},{"damage":18,"enemies":"Spire Growth","floor":39,"turns":7},{"damage":5,"enemies":"Giant Head","floor":40,"turns":9},{"damage":0,"enemies":"HollowMod:StalkingDevout","floor":42,"turns":5},{"damage":0,"enemies":"Nemesis","floor":44,"turns":3},{"damage":0,"enemies":"Orin","floor":47,"turns":6},{"damage":36,"enemies":"Time Eater","floor":50,"turns":13}],"seed_played":"9212712735339144077","potions_obtained":[{"floor":1.0,"key":"Dexterity Potion"},{"floor":6.0,"key":"DistilledChaos"},{"floor":16.0,"key":"Weak Potion"},{"floor":18.0,"key":"DistilledChaos"},{"floor":35,"key":"Block Potion"},{"floor":39,"key":"DistilledChaos"},{"floor":40,"key":"ColorlessPotion"}],"is_trial":false,"path_per_floor":["M","?","?","M","$","E","M","E","T","T","M","$","R","E","R","B",null,"M","?","M","M","M","E","$","M","T","M","E","R","E","R","B",null,"M","?","$","M","M","E","E","T","E","?","R","?","?","R","B",null],"character_chosen":"THE_SILENT","items_purchased":["Noxious Fumes","Masterful Stab+1","REME_GreenPollution","vexMod:Spyglass","AT_SunfireAegis"],"campfire_rested":1,"item_purchase_floors":[5,12,24,37,37],"current_hp_per_floor":[59,59,59,59,59,59,59,34,34,34,34,34,53,52,52,40,60,60,60,60,60,60,60,60,60,60,60,60,60,60,60,53,63,63,63,63,63,45,40,40,40,40,53,53,33,33,52,12],"gold":316,"neow_bonus":"THREE_ENEMY_KILL","is_daily":false,"chose_seed":false,"campfire_upgraded":5,"win_rate":0.0,"timestamp":1610876804,"path_taken":["M","?","?","M","$","E","M","E","T","?","M","?","R","E","R","BOSS","M","?","M","?","M","E","?","M","T","M","E","R","E","R","BOSS","M","?","$","M","M","E","E","T","E","?","R","?","?","R","BOSS"],"items_purchased_type":["Card","Card","Card","Relic","Relic"],"build_version":"2020-12-22","purchased_purges":1,"victory":true,"max_hp_per_floor":[66,66,66,66,66,66,66,66,66,66,66,66,66,66,66,66,66,66,66,66,66,66,66,66,66,66,66,66,66,66,66,66,66,66,66,66,66,66,66,66,66,66,66,66,66,66,66,66],"card_choices":[{"not_picked":["Eviscerate","Flying Knee"],"picked":"Deflect","floor":1.0},{"not_picked":["Outmaneuver","Distraction"],"picked":"Crippling Poison","floor":4.0},{"not_picked":["Dash+1","AT_WindFlip+1","Bane+1"],"picked":"SKIP","floor":6.0},{"not_picked":["Slice+1","Bane+1"],"picked":"Caltrops","floor":7.0},{"not_picked":["Dagger Throw+1","AT_Desolate","AT_WomanClash"],"picked":"SKIP","floor":8.0},{"not_picked":["Dodge and Roll","Quick Slash+1","Riddle With Holes+1"],"picked":"SKIP","floor":11.0},{"not_picked":["Dodge and Roll","Prepared"],"picked":"Caltrops","floor":14.0},{"not_picked":["Dagger Throw+1","AT_WindFlip+1","Cloak And Dagger"],"picked":"SKIP","floor":18.0},{"not_picked":[],"picked":"Expertise","floor":19.0},{"not_picked":["Deflect","Quick Slash+1","Dodge and Roll"],"picked":"SKIP","floor":20.0},{"not_picked":["Cloak And Dagger","Slice+1"],"picked":"AT_TwilightShroud","floor":21.0},{"not_picked":["Underhanded Strike+1","AT_WindFlip+1"],"picked":"Catalyst","floor":22.0},{"not_picked":["Cloak And Dagger","Dagger Spray+1"],"picked":"Burst","floor":23.0},{"not_picked":["Predator+1","Deflect+1"],"picked":"Acrobatics","floor":25.0},{"not_picked":["Sucker Punch+1","Backflip","hubris:TrickCloak"],"picked":"SKIP","floor":27.0},{"not_picked":["AT_WindFlip+1","Poisoned Stab+1"],"picked":"AT_ShadowStep+1","floor":28.0},{"not_picked":["Doppelganger","Dagger Throw+1"],"picked":"Noxious Fumes","floor":31.0},{"not_picked":["Storm of Steel","Die Die Die+1"],"picked":"Night Terror","floor":33.0},{"not_picked":["Sucker Punch+1","Choke+1"],"picked":"Crippling Poison","floor":35},{"not_picked":["AT_WomanClash","AT_WindFlip+1","PiercingWail"],"picked":"SKIP","floor":38},{"not_picked":["AT_WomanClash","AT_WindFlip+1","PiercingWail"],"picked":"SKIP","floor":38},{"not_picked":["Deadly Poison","Endless Agony+1","Sucker Punch+1"],"picked":"SKIP","floor":39},{"not_picked":["Setup","Cloak And Dagger","Unload+1"],"picked":"SKIP","floor":40},{"not_picked":["AT_WindFlip+1","Sucker Punch+1"],"picked":"Backflip","floor":42},{"not_picked":["Distraction","Backflip"],"picked":"Calculated Gamble","floor":44}],"player_experience":730194,"relics_obtained":[{"floor":6.0,"key":"Molten Egg 2"},{"floor":8.0,"key":"hubris:PeanutButter"},{"floor":9.0,"key":"Tea:ReiMu"},{"floor":10.0,"key":"Runesmith:Locket"},{"floor":14.0,"key":"AT_BladeRuinedKing"},{"floor":23.0,"key":"hubris:CrystalStatue"},{"floor":26.0,"key":"hubris:SlimyHat"},{"floor":28.0,"key":"hubris:Teleporter"},{"floor":31.0,"key":"The Specimen"},{"floor":40,"key":"Bronze Scales"},{"floor":42,"key":"Girya"},{"floor":43,"key":"Omamori"},{"floor":44,"key":"AT_SilverBalance"},{"floor":47,"key":"CatCart"}],"event_choices":[{"damage_healed":0.0,"max_hp_gain":0.0,"max_hp_loss":0.0,"gold_gain":0.0,"event_name":"Shining Light","player_choice":"Ignored","floor":2.0,"gold_loss":0.0,"damage_taken":0.0},{"damage_healed":0.0,"max_hp_gain":0.0,"max_hp_loss":0.0,"gold_gain":0.0,"event_name":"Big Fish","player_choice":"Box","floor":3.0,"gold_loss":0.0,"damage_taken":0.0,"relics_obtained":["REME_PoisonedDagger"],"cards_obtained":["Regret"]},{"damage_healed":0,"gold_gain":0,"player_choice":"Ignored","damage_taken":0,"max_hp_gain":0,"max_hp_loss":0,"event_name":"Tomb of Lord Red Mask","floor":36,"gold_loss":0},{"damage_healed":13,"gold_gain":0,"player_choice":"Writhe","damage_taken":0,"max_hp_gain":0,"max_hp_loss":0,"event_name":"Winding Halls","floor":45,"gold_loss":0,"cards_obtained":["Writhe"]},{"damage_healed":0,"gold_gain":0,"player_choice":"Fight","damage_taken":0,"max_hp_gain":0,"max_hp_loss":0,"event_name":"OrinTheCat","floor":47,"gold_loss":0},{"damage_healed":0,"gold_gain":0,"player_choice":"0 cards matched","damage_taken":0,"max_hp_gain":0,"max_hp_loss":0,"event_name":"Match and Keep!","floor":48,"gold_loss":0,"cards_obtained":[]}],"is_beta":false,"boss_relics":[{"not_picked":["Fusion Hammer","Ectoplasm"],"picked":"AT_MortalBlade"},{"not_picked":["Runesmith:UraniumAnvil","Sozu"],"picked":"Cursed Key"}],"items_purged_floors":[5],"is_endless":false,"potions_floor_spawned":[1,6,16,18,23,27,35,39,40],"ascension_level":19}}