{"host":"oc9z8cublggqyfxu","time":1610877778,"event":{"mods":["AchievementEnabler","Act Like it!","Aspiration","BaseMod","Colored Map","Colored Powertips","Dota2Spire","Friendly Minions","Gensokyo","GifTheSpireLib","Hallownest","Hermit","Highlight Path","KinomotoSakuraMod(木之本樱)","Koishi","Lobotomy","LobotomyExtend","Marisa（F雨　魔理沙）","Minty Spire (QoL Compilation)","Quick Restart","Rare Cards Sparkle","Reimu（博丽灵梦）","Relic Stats","Remilia（蕾米莉亚）","Replay The Spire","RumiaBox-露米娅的神秘盒子","Spicy Shops","StSLib","The Administrix","The Animator","The Blackbeard","The Bug Knight","The Cursed","The Hierophant","The Mystic","The Runesmith","The Servant 0.9.4","Yakumo Yukari mod","Youmu（魂魄妖梦）","Yuyuko","vexMod","【功能Mod】混沌之环修复补丁","【功能Mod】聪明的最终Boss"],"gold_per_floor":[117,117,47,47,66,66,66,66,66,66,66],"floor_reached":10,"language":"ZHS","playtime":310,"items_purged":[],"score":54,"play_id":"5367715e-2f76-4673-b900-2caba6147346","local_time":"20210117180258","is_ascension_mode":false,"campfire_choices":[{"data":"Eruption","floor":6.0,"key":"SMITH"},{"data":"Nirvana","floor":8.0,"key":"SMITH"}],"circlet_count":0,"master_deck":["Strike_P","Strike_P","Strike_P","Strike_P","Defend_P","Defend_P","Defend_P","Defend_P","Eruption+1","Vigilance","Laetitia","Evaluate","Nirvana+1","Languid","MeatLantern","Brilliance"],"relics":["PureWater","CogitoBucket","AddBug","SecretRecord"],"acts_visited":["Gensokyo:Gensokyo"],"potions_floor_usage":[],"damage_taken":[{"damage":0.0,"enemies":"Gensokyo:3_Fairies","floor":1.0,"turns":3.0},{"damage":6.0,"enemies":"Gensokyo:Python","floor":5.0,"turns":5.0},{"damage":50,"enemies":"Gensokyo:Cirno","floor":10,"turns":5}],"seed_played":"-4422666681507739473","potions_obtained":[],"is_trial":false,"path_per_floor":["M","?","$","?","M","R","?","R","T","E"],"character_chosen":"WATCHER","items_purchased":["Nirvana"],"campfire_rested":0,"item_purchase_floors":[3],"current_hp_per_floor":[72,67,67,67,61,61,61,61,61,11,11],"gold":66,"neow_bonus":"","is_daily":false,"chose_seed":false,"campfire_upgraded":2,"win_rate":0.0,"timestamp":1610877778,"path_taken":["M","?","?","?","M","R","?","R","T","E"],"items_purchased_type":["Card"],"build_version":"2020-12-22","purchased_purges":0,"victory":false,"max_hp_per_floor":[72,82,82,82,82,82,74,74,74,74,74],"relic_stats":{"counters":[3,13],"obtain_stats":[{"CogitoBucket":0,"AddBug":1,"SecretRecord":1,"PureWater":0},{"CogitoBucket":0,"AddBug":1,"SecretRecord":1,"PureWater":0},{"CogitoBucket":0,"AddBug":3,"SecretRecord":3,"PureWater":0}]},"card_choices":[{"not_picked":["FairyFestival","GreedKing"],"picked":"Laetitia","floor":1.0},{"not_picked":["ForeignInfluence","EmptyBody"],"picked":"Evaluate","floor":1.0},{"not_picked":["OSAHOGD","Porccubus"],"picked":"MeatLantern","floor":5.0},{"not_picked":["FlurryOfBlows","Replay:Vibes"],"picked":"Brilliance","floor":5.0}],"player_experience":285467,"relics_obtained":[{"floor":1.0,"key":"AddBug"},{"floor":1.0,"key":"LetterFromLob"},{"floor":4.0,"key":"ReplayTheSpireMod:Ring of Challenge"},{"floor":4.0,"key":"Ring of Fangs"},{"floor":5.0,"key":"LetterFromLob"}],"event_choices":[],"is_beta":false,"boss_relics":[],"items_purged_floors":[],"is_endless":false,"potions_floor_spawned":[],"killed_by":"Gensokyo:Cirno","ascension_level":0}}