{"host":"ttgbaqegq96hv5uv","time":1610849716,"event":{"mods":["2.2 Compatiblity","AchievementEnabler","Aspiration","BaseMod","Beaked The Cultist","Better Synergies","Better Vampires","BetterRewards","ChefMod","Clawfect","Colored Map","Colored Powertips","Conspire","Defuse TimeMaze Blight","Displayed Cursed Tome","Emptier Cage","Friendly Minions","Gold Saver","GungeonMod","Hermit","Hubris","Infinite Spire","JesterMod","Marked Mod","Minty Spire (QoL Compilation)","Poor People Problems","QueenMod","Relic Stats","Replay The Spire","Robot Space Explorer","Shop Mod","Spicy Shops","StSLib","The Blackbeard","The Cursed","The Dragon Tamer","The Factory","The Marked","The Mystic","TheHero","TheVacant","egg"],"gold_per_floor":[946,946,1021,1021,1041,1041,1061,1061,1086,1086,707,723,512,512,512,609,609,621,221,221,232,232,232,265,280,358,370,370,370,370,387,387,492,492,512,512,512,528,554,554,569,598,598,618,635,407,425,436,436,436],"floor_reached":51,"language":"ENG","playtime":2871,"items_purged":["theMarked:Strike","theMarked:Strike","theMarked:Strike","theMarked:Strike+1","theMarked:Defend"],"score":1112,"play_id":"9e3158bf-0a89-4848-b6c2-b59b45fa7ca8","local_time":"20210117021516","is_ascension_mode":false,"campfire_choices":[{"floor":6,"key":"REST"},{"data":"theMarked:WardOff","floor":8,"key":"SMITH"},{"floor":15,"key":"REST"},{"data":"theMarked:MysticalArsenal","floor":23,"key":"SMITH"},{"floor":29,"key":"DIG"},{"data":"Pot Of Greed","floor":32,"key":"SMITH"},{"floor":40,"key":"REST"},{"floor":49,"key":"REST"}],"circlet_count":0,"master_deck":["theMarked:Defend","theMarked:Defend","theMarked:Defend+1","theMarked:SoldierOfQuellstein+1","theMarked:BanishingWave+1","theMarked:BanishingStrike+1","theMarked:WardOff+1","theMarked:BanishingStrike+1","theMarked:WastefulAttack+1","Pot Of Greed","Pot Of Greed+1","theMarked:BanishingStrike+1","theMarked:MysticalArsenal+1","theMarked:MysticalArsenal+1","theMarked:FavorableWinds","CurseOfTheBell","theMarked:ChainLightning+1","theMarked:Frustration+1","theMarked:Frustration+1","theMarked:BanishingStrike+1","theMarked:RepellingDischarge","theMarked:ChainLightning+1","Pot Of Greed+1","Looming Evil","theMarked:EternalStudent+1","CurseOfTheBell","Doubt","ReplayTheSpireMod:Restless Dread","Languid","Voices","infinitespire:Collect","Madness","Madness","theMarked:BanishingWave+1","theMarked:Vacuum+1","Pot Of Greed"],"relics":["theMarked:ArtifactOfAir","Molten Egg 2","BargainBundle","DemoMod:GnawedKey","DemoMod:DecoyRelic","Nunchaku","Grinning Jar","Gremlin Food","Calling Bell","Blue Doll","infinitespire:Bottled Soul","Shovel","theMarked:DemonDagger","Membership Card","Anchor","DemoMod:PinkGuonStone","infinitespire:Lychee Nut","StrikeDummy","Ring of Fangs","Ring of Fury","infinitespire:CursedDice","Replay:Ancient Bell","Boot","Gremlin Horn","Du-Vu Doll","Chameleon Ring","MealTicket","hubris:SphereOfDissonance","Oddly Smooth Stone","Sling","Juzu Bracelet"],"acts_visited":["Exordium","TheCity","TheBeyond"],"potions_floor_usage":[16,16,33,33,33,41,50,50,50],"damage_taken":[{"damage":0,"enemies":"Small Slimes","floor":1,"turns":2},{"damage":0,"enemies":"conspire:RoseBush","floor":5,"turns":3},{"damage":12,"enemies":"infinitespire:Voidling","floor":7,"turns":2},{"damage":7,"enemies":"Blue Slaver","floor":12,"turns":3},{"damage":9,"enemies":"Fading Forest","floor":16,"turns":11},{"damage":13,"enemies":"Spheric Guardian","floor":18,"turns":5},{"damage":0,"enemies":"3 Byrds","floor":21,"turns":3},{"damage":12,"enemies":"Slavers","floor":24,"turns":3},{"damage":0,"enemies":"Cultist and Chosen","floor":25,"turns":2},{"damage":2,"enemies":"Centurion and Healer","floor":27,"turns":2},{"damage":0,"enemies":"Shelled Parasite and Fungi","floor":31,"turns":3},{"damage":26,"enemies":"Automaton","floor":33,"turns":6},{"damage":0,"enemies":"3 Shapes","floor":35,"turns":2},{"damage":23,"enemies":"3 Darklings","floor":38,"turns":4},{"damage":25,"enemies":"conspire:MimicChest","floor":39,"turns":4},{"damage":1,"enemies":"Writhing Mass","floor":41,"turns":3},{"damage":6,"enemies":"R_Hoarder","floor":42,"turns":5},{"damage":31,"enemies":"Spire Growth","floor":44,"turns":4},{"damage":0,"enemies":"3 Darklings","floor":45,"turns":2},{"damage":0,"enemies":"Sphere and 2 Shapes","floor":47,"turns":3},{"damage":0,"enemies":"Spire Growth","floor":48,"turns":2},{"damage":53,"enemies":"Donu and Deca","floor":50,"turns":7}],"seed_played":"-5551770412627574954","potions_obtained":[{"floor":16,"key":"Energy Potion"},{"floor":24,"key":"ColorlessPotion"},{"floor":33,"key":"Ancient Potion"},{"floor":35,"key":"PowerPotion"},{"floor":38,"key":"SkillPotion"},{"floor":41,"key":"Dexterity Potion"}],"is_trial":false,"path_per_floor":["M","?","?","?","M","R","M","R","T","?","$","M","$","?","R","B",null,"M","$","?","M","?","R","E","M","T","M","?","R","?","M","R","B",null,"M","?","?","M","?","R","M","E","T","M","M","$","M","M","R_BF","B",null],"character_chosen":"THE_DEFAULT","items_purchased":["Molten Egg 2","BargainBundle","theMarked:BanishingWave+1","theMarked:BanishingStrike+1","theMarked:WardOff","DemoMod:GnawedKey","SkillPotion","Explosive Potion","Weak Potion","Grinning Jar","Gremlin Food","theMarked:MysticalArsenal","theMarked:DemonDagger","Membership Card","theMarked:Frustration+1","Oddly Smooth Stone","Sling","Juzu Bracelet"],"campfire_rested":4,"item_purchase_floors":[0,0,0,0,0,0,0,0,0,11,13,13,19,19,19,46,46,46],"current_hp_per_floor":[56,56,45,45,45,66,54,54,54,54,54,47,47,33,54,55,70,57,57,50,50,57,57,45,48,48,49,49,49,49,54,54,32,57,57,57,50,33,14,31,35,35,35,10,13,28,33,36,53,5],"gold":436,"neow_bonus":"","is_daily":false,"chose_seed":false,"campfire_upgraded":3,"win_rate":0.0,"timestamp":1610849716,"path_taken":["M","?","?","?","?","R","M","R","T","?","$","?","$","?","R","BOSS","M","$","?","M","?","R","E","M","T","?","?","R","?","M","R","BOSS","M","?","?","M","?","R","M","E","T","M","M","?","M","M","R_BF","BOSS"],"items_purchased_type":["Relic","Relic","Card","Card","Card","Relic","Potion","Potion","Potion","Relic","Relic","Card","Relic","Relic","Card","Relic","Relic","Relic"],"build_version":"2020-12-22","purchased_purges":5,"victory":true,"max_hp_per_floor":[70,70,70,70,70,70,70,70,70,70,70,70,70,70,70,70,70,70,70,70,70,77,77,57,57,57,57,57,57,57,57,57,57,57,57,57,57,57,57,57,57,57,57,57,57,57,57,57,57,57],"relic_stats":{"Nunchaku":[15],"Shovel":1,"Gremlin Horn":[8,8],"counters":[63,265],"MealTicket":15,"Juzu Bracelet":0,"Boot":[17],"obtain_stats":[{"Tiny House":17,"Gremlin Horn":34,"Vajra":34,"DemoMod:GlassGuonStoneRelic":3,"Ginger":42,"hubris:MysteriousPyramids":26,"Sling":30,"Boot":34,"Centennial Puzzle":23,"DemoMod:MeltedRock":9,"MealTicket":42,"HandDrill":45,"DemoMod:ClearGuonStone":48,"hubris:MobiusCoin":34,"theMarked:DemonDagger":19,"Ring of Hypnosis":41,"hubris:SphereOfDissonance":43,"Oddly Smooth Stone":46,"Replay:Ancient Bell":34,"War Paint":5,"aspiration:HiddenCompartment":5,"infinitespire:EvilPickle":37,"Du-Vu Doll":34,"infinitespire:Lychee Nut":24,"DemoMod:DecoyRelic":2,"Molten Egg 2":0,"Grinning Jar":11,"StrikeDummy":26,"Unceasing Top":34,"Regal Pillow":5,"aspiration:Lifesprig":11,"Torii":5,"Blue Doll":17,"Juzu Bracelet":28,"Incense Burner":0,"DemoMod:WhiteGuonStone":38,"aspiration:StickyExplosives_weak":42,"Replay:Bandana":0,"Dream Catcher":38,"Nunchaku":9,"Shovel":17,"Ring of Fangs":28,"Chameleon Ring":39,"infinitespire:Bottled Soul":17,"Toolbox":5,"Red Mask":30,"DemoMod:GnawedKey":0,"Replay:Bottled Eggs":42,"InkBottle":43,"Potion Belt":10,"Gremlin Food":13,"hubris:DisguiseKit":13,"BargainBundle":0,"infinitespire:CursedDice":29,"Guide Book":5,"DemoMod:PinkGuonStone":22,"Frozen Egg 2":0,"Calling Bell":34,"theMarked:ArtifactOfAir":0,"Strange Spoon":20,"Anchor":20,"Busted Crown":17,"Ring of Fury":28,"Turnip":30,"Snack Pack":26,"Membership Card":5,"Bottled Lightning":45,"theMarked:Winder":42,"DemoMod:Bottle":9,"TungstenRod":6,"Toy Ornithopter":3},{"Tiny House":7,"Gremlin Horn":53,"Vajra":33,"DemoMod:GlassGuonStoneRelic":2,"Ginger":37,"hubris:MysteriousPyramids":11,"Sling":32,"Boot":53,"Centennial Puzzle":30,"DemoMod:MeltedRock":3,"MealTicket":58,"HandDrill":38,"DemoMod:ClearGuonStone":40,"hubris:MobiusCoin":33,"theMarked:DemonDagger":47,"Ring of Hypnosis":37,"hubris:SphereOfDissonance":58,"Oddly Smooth Stone":60,"Replay:Ancient Bell":53,"War Paint":20,"aspiration:HiddenCompartment":20,"infinitespire:EvilPickle":36,"Du-Vu Doll":53,"infinitespire:Lychee Nut":49,"DemoMod:DecoyRelic":42,"Molten Egg 2":41,"Grinning Jar":44,"StrikeDummy":50,"Unceasing Top":33,"Regal Pillow":20,"aspiration:Lifesprig":24,"Torii":2,"Blue Doll":46,"Juzu Bracelet":13,"Incense Burner":17,"DemoMod:WhiteGuonStone":36,"aspiration:StickyExplosives_weak":37,"Replay:Bandana":0,"Dream Catcher":36,"Nunchaku":44,"Shovel":46,"Ring of Fangs":51,"Chameleon Ring":56,"infinitespire:Bottled Soul":46,"Toolbox":2,"Red Mask":15,"DemoMod:GnawedKey":41,"Replay:Bottled Eggs":37,"InkBottle":37,"Potion Belt":24,"Gremlin Food":45,"hubris:DisguiseKit":5,"BargainBundle":41,"infinitespire:CursedDice":51,"Guide Book":20,"DemoMod:PinkGuonStone":48,"Frozen Egg 2":17,"Calling Bell":33,"theMarked:ArtifactOfAir":0,"Strange Spoon":9,"Anchor":47,"Busted Crown":25,"Ring of Fury":51,"Turnip":32,"Snack Pack":31,"Membership Card":20,"Bottled Lightning":38,"theMarked:Winder":37,"DemoMod:Bottle":23,"TungstenRod":3,"Toy Ornithopter":19},{"Tiny House":28,"Gremlin Horn":229,"Vajra":141,"DemoMod:GlassGuonStoneRelic":7,"Ginger":160,"hubris:MysteriousPyramids":44,"Sling":127,"Boot":229,"Centennial Puzzle":118,"DemoMod:MeltedRock":14,"MealTicket":247,"HandDrill":165,"DemoMod:ClearGuonStone":173,"hubris:MobiusCoin":141,"theMarked:DemonDagger":210,"Ring of Hypnosis":160,"hubris:SphereOfDissonance":247,"Oddly Smooth Stone":253,"Replay:Ancient Bell":229,"War Paint":78,"aspiration:HiddenCompartment":78,"infinitespire:EvilPickle":155,"Du-Vu Doll":229,"infinitespire:Lychee Nut":216,"DemoMod:DecoyRelic":186,"Molten Egg 2":184,"Grinning Jar":191,"StrikeDummy":218,"Unceasing Top":141,"Regal Pillow":78,"aspiration:Lifesprig":92,"Torii":7,"Blue Doll":205,"Juzu Bracelet":54,"Incense Burner":69,"DemoMod:WhiteGuonStone":155,"aspiration:StickyExplosives_weak":160,"Replay:Bandana":0,"Dream Catcher":155,"Nunchaku":191,"Shovel":205,"Ring of Fangs":220,"Chameleon Ring":239,"infinitespire:Bottled Soul":205,"Toolbox":7,"Red Mask":59,"DemoMod:GnawedKey":184,"Replay:Bottled Eggs":160,"InkBottle":160,"Potion Belt":92,"Gremlin Food":194,"hubris:DisguiseKit":19,"BargainBundle":184,"infinitespire:CursedDice":220,"Guide Book":78,"DemoMod:PinkGuonStone":213,"Frozen Egg 2":69,"Calling Bell":141,"theMarked:ArtifactOfAir":0,"Strange Spoon":36,"Anchor":210,"Busted Crown":99,"Ring of Fury":220,"Turnip":127,"Snack Pack":122,"Membership Card":78,"Bottled Lightning":165,"theMarked:Winder":160,"DemoMod:Bottle":88,"TungstenRod":14,"Toy Ornithopter":75}]},"card_choices":[{"not_picked":["theMarked:WardOff","theMarked:HeightenedSenses"],"picked":"theMarked:BanishingStrike+1","floor":1},{"not_picked":["theMarked:Reabsorb","theMarked:ResourceFulStrike+1","theMarked:Aftermath"],"picked":"SKIP","floor":5},{"not_picked":["theMarked:MaelstromOfLightning","theMarked:ReduceFriction"],"picked":"theMarked:WastefulAttack+1","floor":7},{"not_picked":["theMarked:ReduceFriction","theMarked:WardOff"],"picked":"theMarked:BanishingStrike+1","floor":12},{"not_picked":["theMarked:MagicAdept","theMarked:ChannelForce"],"picked":"theMarked:FavorableWinds","floor":16},{"not_picked":["theMarked:ContemptForTheProud+1","theMarked:ResourceFulStrike+1"],"picked":"theMarked:ChainLightning+1","floor":18},{"not_picked":["theMarked:ContemptForTheProud+1","theMarked:Improvise+1","theMarked:ResourceFulStrike+1"],"picked":"SKIP","floor":21},{"not_picked":["theMarked:Reabsorb+1","theMarked:EmpowerWeapon"],"picked":"theMarked:BanishingStrike+1","floor":24},{"not_picked":["theMarked:EmpowerWeapon","theMarked:TakeCover+1"],"picked":"theMarked:RepellingDischarge","floor":25},{"not_picked":["theMarked:Electrify","theMarked:TunnelVision+1"],"picked":"theMarked:ChainLightning+1","floor":27},{"not_picked":["theMarked:WastefulAttack+1","theMarked:ReduceFriction+1","theMarked:Challenge"],"picked":"SKIP","floor":31},{"not_picked":["theMarked:SuspiciousRaven","theMarked:ThrowWeapon+1"],"picked":"theMarked:EternalStudent","floor":33},{"not_picked":["Shame","Overencumbered"],"picked":"CurseOfTheBell","floor":34},{"not_picked":["hubris:Gluttony","ReplayTheSpireMod:Faulty Equipment"],"picked":"Doubt","floor":34},{"not_picked":["ReplayTheSpireMod:Doomed","Amnesia"],"picked":"ReplayTheSpireMod:Restless Dread","floor":34},{"not_picked":["theMarked:Improvise","theMarked:ResourceFulStrike+1","theMarked:HeritageOfTheMarked+1"],"picked":"SKIP","floor":35},{"not_picked":["infinitespire:Punishment","infinitespire:FinalStrike"],"picked":"infinitespire:Collect","floor":36},{"not_picked":["theMarked:Static","theMarked:Improvise+1","theMarked:HeightenedSenses"],"picked":"SKIP","floor":38},{"not_picked":["theMarked:Convert+1","theMarked:Electrocute+1","theMarked:WastefulAttack+1"],"picked":"SKIP","floor":41},{"not_picked":["theMarked:WastefulAttack+1","theMarked:Static+1"],"picked":"theMarked:BanishingWave+1","floor":42},{"not_picked":["theMarked:TakeOffHeels","theMarked:Aftermath","theMarked:ChainLightning+1"],"picked":"SKIP","floor":44},{"not_picked":["theMarked:Parry","theMarked:WastefulAttack+1","theMarked:Frustration+1"],"picked":"SKIP","floor":45},{"not_picked":["theMarked:Static+1","theMarked:ResourceFulStrike+1"],"picked":"theMarked:Vacuum+1","floor":47},{"not_picked":["theMarked:Polarize+1","theMarked:RepellingDischarge+1","theMarked:RogueSparks+1"],"picked":"SKIP","floor":48}],"player_experience":649423,"relics_obtained":[{"floor":2,"key":"DemoMod:DecoyRelic"},{"floor":9,"key":"Nunchaku"},{"floor":17,"key":"Blue Doll"},{"floor":17,"key":"infinitespire:Bottled Soul"},{"floor":17,"key":"Shovel"},{"floor":22,"key":"DemoMod:PinkGuonStone"},{"floor":24,"key":"infinitespire:Lychee Nut"},{"floor":26,"key":"StrikeDummy"},{"floor":28,"key":"Ring of Fangs"},{"floor":28,"key":"Ring of Fury"},{"floor":29,"key":"infinitespire:CursedDice"},{"floor":39,"key":"Chameleon Ring"},{"floor":42,"key":"MealTicket"},{"floor":43,"key":"hubris:SphereOfDissonance"}],"event_choices":[{"damage_healed":0,"gold_gain":75,"player_choice":"Gather Gold","damage_taken":11,"max_hp_gain":0,"max_hp_loss":0,"event_name":"World of Goop","floor":3,"gold_loss":0},{"cards_removed":["theMarked:Strike"],"damage_healed":0,"gold_gain":0,"player_choice":"Purged","damage_taken":0,"max_hp_gain":0,"max_hp_loss":0,"event_name":"Purifier","floor":4,"gold_loss":0},{"damage_healed":0,"gold_gain":0,"player_choice":"Upgraded","damage_taken":0,"max_hp_gain":0,"max_hp_loss":0,"event_name":"Upgrade Shrine","floor":10,"gold_loss":0,"cards_upgraded":["theMarked:SoldierOfQuellstein"]},{"damage_healed":0,"gold_gain":0,"player_choice":"Entered Light","damage_taken":14,"max_hp_gain":0,"max_hp_loss":0,"event_name":"Shining Light","floor":14,"gold_loss":0,"cards_upgraded":["theMarked:Defend","theMarked:MysticalArsenal"]},{"damage_healed":0,"gold_gain":0,"player_choice":"Anchor","damage_taken":0,"relics_obtained":["Anchor"],"max_hp_gain":0,"max_hp_loss":0,"event_name":"blackbeard:ShipwreckEvent","floor":20,"gold_loss":0},{"damage_healed":0,"gold_gain":0,"player_choice":"Relic","damage_taken":0,"max_hp_gain":0,"max_hp_loss":0,"event_name":"Wheel of Change","floor":22,"gold_loss":0},{"damage_healed":0,"gold_gain":0,"player_choice":"Embrace Madness","damage_taken":7,"max_hp_gain":0,"max_hp_loss":0,"event_name":"Winding Halls","floor":37,"gold_loss":0,"cards_obtained":["Madness","Madness"]}],"is_beta":false,"boss_relics":[{"not_picked":["jesterMod:MachoBrace","Ectoplasm"],"picked":"Calling Bell"},{"not_picked":["ChewingGum","Runic Dome"],"picked":"Replay:Ancient Bell"},{"not_picked":["DemoMod:Metronome","Orichalcum"],"picked":"Boot"},{"not_picked":["Sundial","DemoMod:BlueGuonStone"],"picked":"Gremlin Horn"},{"not_picked":["hubris:CuriousFeather","Replay:Arrowhead"],"picked":"Du-Vu Doll"}],"items_purged_floors":[0,11,11,19,19],"is_endless":false,"potions_floor_spawned":[1,12,16,24,31,33,35,38,41,47],"ascension_level":0}}