{"host":"kda2p2afd6bvz6qo","time":1610842733,"event":{"mods":["BaseMod","Colored Map","Minty Spire (QoL Compilation)","Relic Stats"],"gold_per_floor":[159,159,178,32,82,115,178,178,178],"floor_reached":8,"language":"ENG","playtime":412,"items_purged":[],"score":112,"play_id":"d62de9e7-f40d-41a7-bbea-5c1cc3b1e9bd","local_time":"20210117001853","is_ascension_mode":true,"campfire_choices":[],"circlet_count":0,"master_deck":["AscendersBane","Strike_G","Strike_G+1","Strike_G","Strike_G","Strike_G","Defend_G","Defend_G","Defend_G","Defend_G","Defend_G","Survivor","Neutralize","Dagger Spray","Heel Hook","Bouncing Flask","Backflip","Heel Hook","Sucker Punch"],"relics":["Tiny House","SsserpentHead","Frozen Eye","Question Card","Mummified Hand"],"acts_visited":["Exordium"],"potions_floor_usage":[6,6,8],"damage_taken":[{"damage":9.0,"enemies":"Jaw Worm","floor":1.0,"turns":7.0},{"damage":1.0,"enemies":"Cultist","floor":3.0,"turns":4.0},{"damage":22,"enemies":"3 Sentries","floor":6,"turns":8},{"damage":0,"enemies":"2 Louse","floor":7,"turns":2},{"damage":10,"enemies":"Lagavulin","floor":8,"turns":5}],"seed_played":"4422105702579019411","potions_obtained":[{"floor":0.0,"key":"Strength Potion"},{"floor":1.0,"key":"Strength Potion"},{"floor":3.0,"key":"Block Potion"},{"floor":6,"key":"SpeedPotion"}],"is_trial":false,"path_per_floor":["M","?","M","$","?","E","M","E"],"character_chosen":"THE_SILENT","items_purchased":["Frozen Eye","Backflip"],"campfire_rested":0,"item_purchase_floors":[4,4],"current_hp_per_floor":[55,55,54,54,28,6,6,0,0],"gold":178,"neow_bonus":"BOSS_RELIC","is_daily":false,"chose_seed":false,"campfire_upgraded":0,"win_rate":0.0,"timestamp":1610842733,"path_taken":["M","?","M","?","?","E","?","E"],"items_purchased_type":["Relic","Card"],"build_version":"2020-12-22","purchased_purges":0,"victory":false,"max_hp_per_floor":[71,71,71,71,71,71,71,71,71],"relic_stats":{"SsserpentHead":150,"counters":[5,26],"Mummified Hand":[0],"Question Card":2,"obtain_stats":[{"SsserpentHead":2,"Frozen Eye":4,"Tiny House":0,"Mummified Hand":6,"Question Card":5,"Ring of the Snake":0},{"SsserpentHead":1,"Frozen Eye":2,"Tiny House":0,"Mummified Hand":3,"Question Card":2,"Ring of the Snake":0},{"SsserpentHead":7,"Frozen Eye":11,"Tiny House":0,"Mummified Hand":19,"Question Card":11,"Ring of the Snake":0}]},"card_choices":[{"not_picked":["Reflex","Flechettes"],"picked":"Dagger Spray","floor":0.0},{"not_picked":["Poisoned Stab","Flying Knee"],"picked":"Heel Hook","floor":1.0},{"not_picked":["Infinite Blades","Backstab"],"picked":"Bouncing Flask","floor":3.0},{"not_picked":["Calculated Gamble","Skewer","Terror"],"picked":"Heel Hook","floor":6},{"not_picked":["Reflex","Outmaneuver","Cloak And Dagger"],"picked":"Sucker Punch","floor":7}],"player_experience":138215,"relics_obtained":[{"floor":6,"key":"Mummified Hand"}],"event_choices":[{"damage_healed":0.0,"max_hp_gain":0.0,"max_hp_loss":0.0,"gold_gain":0.0,"event_name":"FaceTrader","player_choice":"Trade","floor":2.0,"gold_loss":0.0,"damage_taken":0.0,"relics_obtained":["SsserpentHead"]},{"damage_healed":0.0,"max_hp_gain":0.0,"max_hp_loss":0.0,"gold_gain":0.0,"event_name":"Scrap Ooze","player_choice":"Success","floor":5.0,"gold_loss":0.0,"damage_taken":26.0,"relics_obtained":["Question Card"]}],"is_beta":false,"boss_relics":[],"items_purged_floors":[],"is_endless":false,"potions_floor_spawned":[1,3,6],"killed_by":"Lagavulin","ascension_level":20}}