{"host":"dpbezu80jg8zk7un","time":1610891699,"event":{"mods":["BaseMod","Colored Map","Colored Powertips","Custom Start","DeckTracker","Minty Spire (QoL Compilation)","Quick Restart","StSLib","SuperFastMode"],"gold_per_floor":[12,22,37,52,52,52,80,80,151,176,176,194,194,194,194,292,292,305,305,325,349,349,349,363,363,390,429,443,443,199,234,234,323,323,348,248,269,269,144,144,205,221,247,247,247,86,107,147,147,147,147],"floor_reached":50,"language":"KOR","playtime":1420,"items_purged":["Strike_P","FlyingSleeves+1","FollowUp"],"score":1286,"play_id":"840fa3b4-8e50-454f-9e98-9e04b14a8314","local_time":"20210117225459","is_ascension_mode":true,"campfire_choices":[{"data":"Eruption","floor":6.0,"key":"SMITH"},{"floor":8.0,"key":"REST"},{"data":"Tantrum","floor":11.0,"key":"SMITH"},{"data":"EmptyFist","floor":15.0,"key":"SMITH"},{"data":"CrushJoints","floor":23.0,"key":"SMITH"},{"data":"Vault","floor":25.0,"key":"SMITH"},{"floor":29.0,"key":"RECALL"},{"data":"FlyingSleeves","floor":32.0,"key":"SMITH"},{"data":"Scrawl","floor":40,"key":"SMITH"},{"data":"TalkToTheHand","floor":44,"key":"SMITH"},{"floor":49,"key":"REST"}],"circlet_count":0,"master_deck":["AscendersBane","Defend_P+1","Eruption+1","Vigilance+1","EmptyFist+1","Tantrum+1","Vault+1","CrushJoints+1","LessonLearned+1","Scrawl+1","Vault+1","TalkToTheHand+1","Meditate+1"],"relics":["PureWater","Thread and Needle","Meat on the Bone","Happy Flower","Golden Idol","Empty Cage","Prayer Wheel","PreservedInsect","Strawberry","Omamori","Orichalcum","VioletLotus","Pocketwatch","Bag of Preparation","Pen Nib"],"acts_visited":["Exordium","TheCity","TheBeyond"],"potions_floor_usage":[33],"damage_taken":[{"damage":0.0,"enemies":"Small Slimes","floor":1.0,"turns":2.0},{"damage":0.0,"enemies":"Cultist","floor":2.0,"turns":2.0},{"damage":0.0,"enemies":"Jaw Worm","floor":3.0,"turns":2.0},{"damage":37.0,"enemies":"Exordium Thugs","floor":4.0,"turns":6.0},{"damage":3.0,"enemies":"Gremlin Nob","floor":7.0,"turns":3.0},{"damage":3.0,"enemies":"Lagavulin","floor":10.0,"turns":7.0},{"damage":0.0,"enemies":"Red Slaver","floor":12.0,"turns":2.0},{"damage":0.0,"enemies":"The Guardian","floor":16.0,"turns":10.0},{"damage":0.0,"enemies":"Chosen","floor":18.0,"turns":3.0},{"damage":0.0,"enemies":"2 Thieves","floor":20.0,"turns":3.0},{"damage":16.0,"enemies":"Shelled Parasite and Fungi","floor":21.0,"turns":4.0},{"damage":0.0,"enemies":"Snake Plant","floor":24.0,"turns":3.0},{"damage":0.0,"enemies":"Slavers","floor":27.0,"turns":2.0},{"damage":0.0,"enemies":"Cultist and Chosen","floor":28.0,"turns":3.0},{"damage":0.0,"enemies":"Book of Stabbing","floor":31.0,"turns":2.0},{"damage":46,"enemies":"Collector","floor":33,"turns":8},{"damage":0,"enemies":"Orb Walker","floor":35,"turns":2},{"damage":10,"enemies":"3 Shapes","floor":37,"turns":5},{"damage":3,"enemies":"2 Orb Walkers","floor":41,"turns":5},{"damage":0,"enemies":"Spire Growth","floor":42,"turns":3},{"damage":12,"enemies":"Sphere and 2 Shapes","floor":47,"turns":6},{"damage":0,"enemies":"Giant Head","floor":48,"turns":5},{"damage":63,"enemies":"Donu and Deca","floor":50,"turns":8}],"seed_played":"-553190641173657484","potions_obtained":[{"floor":5.0,"key":"DistilledChaos"},{"floor":5.0,"key":"SkillPotion"},{"floor":7.0,"key":"Strength Potion"},{"floor":16.0,"key":"Explosive Potion"},{"floor":24.0,"key":"SteroidPotion"},{"floor":27.0,"key":"Ambrosia"},{"floor":28.0,"key":"AttackPotion"},{"floor":31.0,"key":"Ancient Potion"},{"floor":35,"key":"Block Potion"}],"is_trial":false,"path_per_floor":["M","M","M","M","?","R","E","R","T","E","R","M","?","?","R","B",null,"M","?","M","M","T","R","M","R","T","E","M","R","$","E","R","B",null,"M","$","M","?","$","R","?","M","T","R","?","$","M","E","R","B"],"character_chosen":"WATCHER","items_purchased":["Omamori","Bag of Preparation"],"campfire_rested":2,"item_purchase_floors":[30,46],"current_hp_per_floor":[61,61,61,24,24,24,21,41,41,38,38,38,38,31,31,43,57,57,57,57,41,41,41,41,41,41,48,48,48,48,48,48,14,55,55,55,45,45,45,45,42,42,42,42,42,42,42,42,61,0,0],"gold":147,"neow_bonus":"REMOVE_TWO","is_daily":false,"chose_seed":false,"campfire_upgraded":8,"win_rate":0.0,"timestamp":1610891699,"path_taken":["M","M","M","M","?","R","E","R","T","E","R","?","?","?","R","BOSS","M","?","?","M","?","R","M","R","T","E","M","R","?","E","R","BOSS","M","$","M","?","$","R","?","M","T","R","?","$","M","E","R","BOSS"],"items_purchased_type":["Relic","Relic"],"build_version":"2020-12-22","purchased_purges":3,"victory":false,"max_hp_per_floor":[68,68,68,68,68,68,68,68,68,68,68,68,62,62,62,62,62,62,62,62,62,62,62,62,62,62,69,69,69,69,69,69,69,69,69,69,69,66,66,66,66,66,66,66,66,66,66,66,66,66,66],"card_choices":[{"not_picked":["CutThroughFate","WreathOfFlame"],"picked":"EmptyFist","floor":1.0},{"not_picked":["Pray","EmptyBody"],"picked":"Tantrum","floor":2.0},{"not_picked":["ClearTheMind","Protect"],"picked":"FollowUp","floor":3.0},{"not_picked":["Prostrate","EmptyBody","Wallop"],"picked":"SKIP","floor":4.0},{"not_picked":["FlurryOfBlows","ConjureBlade","Wallop"],"picked":"SKIP","floor":7.0},{"not_picked":["CutThroughFate","EmptyFist","Protect"],"picked":"SKIP","floor":10.0},{"not_picked":["Perseverance","EmptyBody","FlyingSleeves"],"picked":"SKIP","floor":12.0},{"not_picked":["Judgement","ConjureBlade"],"picked":"Vault","floor":16.0},{"not_picked":["JustLucky","FollowUp"],"picked":"CrushJoints","floor":18.0},{"not_picked":["Protect","FlurryOfBlows","CrushJoints"],"picked":"SKIP","floor":20.0},{"not_picked":["SandsOfTime+1","Worship","ThirdEye"],"picked":"SKIP","floor":21.0},{"not_picked":["Wallop","Nirvana","JustLucky"],"picked":"SKIP","floor":24.0},{"not_picked":["JustLucky","FollowUp","FlurryOfBlows"],"picked":"SKIP","floor":24.0},{"not_picked":["SandsOfTime+1","Sanctity","EmptyBody"],"picked":"SKIP","floor":27.0},{"not_picked":["Wireheading","FlyingSleeves"],"picked":"LessonLearned","floor":28.0},{"not_picked":["Protect+1","Evaluate","Vengeance"],"picked":"SKIP","floor":28.0},{"not_picked":["FollowUp+1","Protect","DevaForm"],"picked":"SKIP","floor":31.0},{"not_picked":["Alpha","Vault"],"picked":"Scrawl","floor":33},{"not_picked":["CarveReality","WheelKick","PathToVictory+1"],"picked":"SKIP","floor":35},{"not_picked":["BowlingBash","Consecrate","ForeignInfluence"],"picked":"SKIP","floor":35},{"not_picked":["FollowUp","ClearTheMind"],"picked":"Vault","floor":37},{"not_picked":["ThirdEye","Conclude","Protect"],"picked":"SKIP","floor":37},{"not_picked":["Wallop","FlyingSleeves"],"picked":"TalkToTheHand","floor":42},{"not_picked":["Crescendo","Evaluate","Study"],"picked":"SKIP","floor":42},{"not_picked":["Consecrate","FlurryOfBlows"],"picked":"Meditate","floor":47},{"not_picked":["BowlingBash","CrushJoints","Weave"],"picked":"SKIP","floor":47},{"not_picked":["DeceiveReality","PathToVictory+1","TalkToTheHand+1"],"picked":"SKIP","floor":48}],"player_experience":2884024,"relics_obtained":[{"floor":7.0,"key":"Thread and Needle"},{"floor":9.0,"key":"Meat on the Bone"},{"floor":10.0,"key":"Happy Flower"},{"floor":22.0,"key":"Prayer Wheel"},{"floor":26.0,"key":"PreservedInsect"},{"floor":27.0,"key":"Strawberry"},{"floor":31.0,"key":"Orichalcum"},{"floor":41,"key":"Pocketwatch"},{"floor":48,"key":"Pen Nib"}],"event_choices":[{"damage_healed":0.0,"max_hp_gain":0.0,"max_hp_loss":0.0,"gold_gain":0.0,"event_name":"Lab","player_choice":"Got Potions","floor":5.0,"gold_loss":0.0,"damage_taken":0.0},{"damage_healed":0.0,"max_hp_gain":0.0,"max_hp_loss":6.0,"gold_gain":0.0,"event_name":"Golden Idol","player_choice":"Lose Max HP","floor":13.0,"gold_loss":0.0,"damage_taken":0.0,"relics_obtained":["Golden Idol"]},{"cards_removed":["Strike_P"],"damage_healed":0.0,"max_hp_gain":0.0,"max_hp_loss":0.0,"gold_gain":0.0,"event_name":"Golden Wing","player_choice":"Card Removal","floor":14.0,"gold_loss":0.0,"damage_taken":7.0},{"damage_healed":0.0,"max_hp_gain":0.0,"max_hp_loss":0.0,"gold_gain":0.0,"cards_transformed":["Defend_P"],"event_name":"Transmorgrifier","player_choice":"Transformed","floor":19.0,"gold_loss":0.0,"damage_taken":0.0,"cards_obtained":["FlyingSleeves"]},{"damage_healed":0,"gold_gain":0,"player_choice":"Max HP","damage_taken":0,"max_hp_gain":0,"max_hp_loss":3,"event_name":"Winding Halls","floor":38,"gold_loss":0},{"damage_healed":0,"gold_gain":0,"player_choice":"Fight","damage_taken":0,"max_hp_gain":0,"max_hp_loss":0,"event_name":"Mysterious Sphere","floor":41,"gold_loss":0},{"damage_healed":0,"gold_gain":0,"player_choice":"Ignored","damage_taken":0,"max_hp_gain":0,"max_hp_loss":0,"event_name":"Tomb of Lord Red Mask","floor":45,"gold_loss":0}],"is_beta":false,"boss_relics":[{"not_picked":["Calling Bell","Tiny House"],"picked":"Empty Cage"},{"not_picked":["Black Star","Astrolabe"],"picked":"VioletLotus"}],"items_purged_floors":[30,36,39],"is_endless":false,"potions_floor_spawned":[7,10,16,24,27,28,31,35,47],"killed_by":"Donu and Deca","ascension_level":20}}