{"host":"9tdk3zzhmpo6o3dg","time":1610858619,"event":{"mods":["AchievementEnabler","BaseMod","Downfall","Marisa£®ÏF”Í°°ƒß¿Ì…≥£©","Minty Spire (QoL Compilation)","Shop Mod","StSLib","The Cursed","The Marked","The Servant 0.9.4"],"gold_per_floor":[99,119,219,211,234,261,261,285,48,119,133,26,26,46,62,170,170,170,197,224,174,34,134,186,21,21,21,21,21],"floor_reached":27,"language":"ZHS","playtime":3140,"items_purged":["Parasite","Writhe","downfall:Aged","Pain"],"score":228,"play_id":"4436d955-80df-4feb-a9d9-80affd717964","local_time":"20210117124339","is_ascension_mode":false,"campfire_choices":[{"floor":1,"key":"RECALL"},{"data":"hexamod:CatchUp","floor":13,"key":"SMITH"},{"data":"hexamod:GhostflameInferno","floor":18,"key":"SMITH"},{"data":"hexamod:Again","floor":26,"key":"SMITH"}],"circlet_count":0,"master_deck":["hexamod:Strike","hexamod:Strike+1","hexamod:Strike","hexamod:Strike+1","hexamod:Defend+1","hexamod:Defend+1","hexamod:Defend","hexamod:Defend","hexamod:Float","Doubt","Doubt","hexamod:HexaLevel","hexamod:FirstSeal","hexamod:SecondSeal","hexamod:ThirdSeal","hexamod:SixthSeal","hexamod:BurningTouch","hexamod:ExtraCrispy","hexamod:RadiantFlame","downfall:Icky","hexamod:AdvancingGuard","hexamod:RetreatToShadows","hexamod:HeatMetal+1","hexamod:ForkedFlame","hexamod:ShieldOfDarkness","hexamod:CatchUp+1","hexamod:NecessarySacrifice+1","hexamod:GhostflameInferno+1","hexamod:SearingWound","hexamod:FastForward","hexamod:FifthSeal","hexamod:HeatCrush","hexamod:StepThrough","hexamod:FourthSeal","hexamod:Again+1","hexamod:FastForward+1"],"relics":["hexamod:SpiritBrand","Cursed Key","Bottled Lightning","Bag of Preparation","hexamod:InflammatoryLetter","Empty Cage","Juzu Bracelet"],"acts_visited":["Exordium","TheCity"],"potions_floor_usage":[14,16,16,16],"damage_taken":[{"damage":0,"enemies":"Small Slimes","floor":2,"turns":3},{"damage":7,"enemies":"2 Louse","floor":5,"turns":4},{"damage":10,"enemies":"Jaw Worm","floor":6,"turns":3},{"damage":34,"enemies":"Large Slime","floor":8,"turns":9},{"damage":0,"enemies":"downfall:FleeingMerchant","floor":9,"turns":4},{"damage":21,"enemies":"Lagavulin Event","floor":10,"turns":6},{"damage":9,"enemies":"2 Fungi Beasts","floor":11,"turns":4},{"damage":2,"enemies":"downfall:FleeingMerchant","floor":12,"turns":4},{"damage":12,"enemies":"Exordium Thugs","floor":14,"turns":5},{"damage":18,"enemies":"Exordium Wildlife","floor":15,"turns":4},{"damage":15,"enemies":"IC_STATUS_ARCHETYPE","floor":16,"turns":6},{"damage":5,"enemies":"Chosen","floor":19,"turns":5},{"damage":25,"enemies":"Spheric Guardian","floor":20,"turns":5},{"damage":15,"enemies":"downfall:FleeingMerchant","floor":22,"turns":4},{"damage":12,"enemies":"downfall:FleeingMerchant","floor":25,"turns":4},{"damage":59,"enemies":"Gremlin Leader","floor":27,"turns":6}],"seed_played":"338833170705137835","potions_obtained":[{"floor":8,"key":"LiquidMemories"},{"floor":10,"key":"hexamod:EctoCoolerPotion"},{"floor":14,"key":"BlessingOfTheForge"},{"floor":15,"key":"DistilledChaos"}],"is_trial":false,"path_per_floor":["R","M","?","?","M","M","T","M","$","?","M","$","R","M","M","B",null,"R","M","M","?","$","?","T","$","R","E"],"character_chosen":"THE_SPIRIT","items_purchased":["Bag of Preparation"],"campfire_rested":0,"item_purchase_floors":[9],"current_hp_per_floor":[77,77,77,70,70,67,67,40,47,33,31,36,36,31,20,5,74,74,74,49,74,59,59,59,54,54,0,0,0],"gold":21,"neow_bonus":"TEN_PERCENT_HP_BONUS","is_daily":false,"chose_seed":false,"campfire_upgraded":3,"win_rate":0.0,"timestamp":1610858619,"path_taken":["R","M","?","?","M","M","T","M","$","?","?","$","R","M","M","BOSS","R","M","M","?","$","?","T","$","R","E"],"items_purchased_type":["Relic"],"build_version":"2020-12-22","purchased_purges":4,"victory":false,"max_hp_per_floor":[77,77,77,77,77,77,77,77,74,74,74,74,74,74,74,74,74,74,74,74,74,74,74,74,74,74,74,74,74],"card_choices":[{"not_picked":["hexamod:SpectersWail","hexamod:NightmareStrike"],"picked":"hexamod:SwordOfDarkness","floor":2},{"not_picked":["hexamod:BurningTouch","hexamod:GhostShield"],"picked":"hexamod:SixthSeal","floor":5},{"not_picked":["hexamod:NightmareGuise","hexamod:FastForward"],"picked":"hexamod:BurningTouch","floor":5},{"not_picked":["hexamod:FastForward","hexamod:HauntingEcho"],"picked":"hexamod:ExtraCrispy","floor":6},{"not_picked":["hexamod:Firestarter","hexamod:RetreatToShadows"],"picked":"hexamod:RadiantFlame","floor":6},{"not_picked":["hexamod:HeatMetal","hexamod:ThermalTransfer"],"picked":"hexamod:AdvancingGuard","floor":8},{"not_picked":["hexamod:NightmareGuise","hexamod:ShieldOfDarkness"],"picked":"hexamod:RetreatToShadows","floor":8},{"not_picked":["hexamod:NightmareGuise","hexamod:GhostShield"],"picked":"hexamod:HeatMetal","floor":9},{"not_picked":["hexamod:GhostShield","hexamod:NightmareGuise","hexamod:HeatMetal"],"picked":"SKIP","floor":9},{"not_picked":["hexamod:RecurringNightmare","hexamod:SpectersWail"],"picked":"hexamod:ForkedFlame","floor":10},{"not_picked":["hexamod:ExtraCrispy","hexamod:NightmareGuise"],"picked":"hexamod:ShieldOfDarkness","floor":11},{"not_picked":["hexamod:Firestarter","hexamod:FourthSeal"],"picked":"hexamod:CatchUp","floor":11},{"not_picked":["hexamod:RadiantFlame","hexamod:FastForward","hexamod:RainOfEmbers"],"picked":"SKIP","floor":12},{"not_picked":["hexamod:NightmareStrike","hexamod:ExtraCrispy","hexamod:RetreatToShadows"],"picked":"SKIP","floor":14},{"not_picked":["hexamod:GhostLash","hexamod:InspiringFlames"],"picked":"hexamod:NecessarySacrifice","floor":15},{"not_picked":["hexamod:SearingWound","hexamod:GhostOfSpirePresent"],"picked":"hexamod:GhostflameInferno","floor":16},{"not_picked":["hexamod:VolcanoVisage","hexamod:UnleashSpirits"],"picked":"hexamod:SearingWound","floor":16},{"not_picked":["hexamod:PhantomFireball","hexamod:GhostShield+1"],"picked":"hexamod:FastForward","floor":19},{"not_picked":["hexamod:HeatCrush+1","hexamod:Hexaguard+1"],"picked":"hexamod:FifthSeal","floor":19},{"not_picked":["hexamod:Hexaguard","hexamod:GhostShield"],"picked":"hexamod:HeatCrush","floor":20},{"not_picked":["hexamod:SixthSeal","hexamod:SecondSeal","hexamod:ThirdSeal"],"picked":"SKIP","floor":20},{"not_picked":["hexamod:BacktrackSmack+1","hexamod:HauntingEcho"],"picked":"hexamod:StepThrough","floor":22},{"not_picked":["hexamod:GhostShield","hexamod:BacktrackSmack","hexamod:NightmareStrike"],"picked":"SKIP","floor":22},{"not_picked":["hexamod:ThirdSeal","hexamod:SixthSeal"],"picked":"hexamod:FourthSeal","floor":25},{"not_picked":["hexamod:SecondSeal","hexamod:SoulSteal+1"],"picked":"hexamod:Again","floor":25},{"not_picked":["hexamod:Hexaguard","hexamod:SecondSeal"],"picked":"hexamod:FastForward+1","floor":25}],"player_experience":155447,"relics_obtained":[{"floor":7,"key":"Bottled Lightning"},{"floor":24,"key":"Juzu Bracelet"}],"event_choices":[],"is_beta":false,"boss_relics":[{"not_picked":["Fusion Hammer","Velvet Choker"],"picked":"Empty Cage"}],"items_purged_floors":[9,12,22,25],"is_endless":false,"potions_floor_spawned":[8,10,14,15],"killed_by":"Gremlin Leader","ascension_level":0}}