{"host":"jwbw4f4imxd0v0b0","time":1610871492,"event":{"mods":["BaseMod","Colored Map","Highlight Path","Minty Spire (QoL Compilation)","Relic Stats","StSLib"],"gold_per_floor":[144,144,189,1,1,1,91,136,136,181,226,271,271,361,361,661,661,706,751,319,244,73,163,163,253,253,253,298,343,388,487,487,787,787,832,316,316,24,69,159,159,204,204,204,204,54,99,144,144,144],"floor_reached":51,"language":"ENG","playtime":2902,"items_purged":[],"score":1052,"play_id":"b2eba909-a4e5-407b-bc4b-afb3c6d506ed","local_time":"20210117021812","daily_mods":["SealedDeck","Hoarder","Midas"],"is_ascension_mode":false,"campfire_choices":[{"floor":6.0,"key":"REST"},{"floor":15.0,"key":"REST"},{"floor":27.0,"key":"REST"},{"floor":32.0,"key":"REST"},{"floor":41,"key":"REST"},{"floor":44,"key":"REST"},{"floor":49,"key":"REST"}],"circlet_count":0,"master_deck":["Barrage","Barrage","Barrage","Leap","Leap","Leap","Beam Cell","Beam Cell","Recycle","Recycle","Go for the Eyes","Conserve Battery","Conserve Battery","Conserve Battery","Turbo","Turbo","Turbo","Turbo","Turbo","Barrage","Barrage","Barrage","Reprogram","Reprogram","Reprogram","Cold Snap","Cold Snap","Cold Snap","Core Surge","Core Surge","Core Surge","Bandage Up","Bandage Up","Bandage Up","Tempest","Tempest","Tempest","Undo","Undo","Undo","Rainbow","Rainbow","Rainbow","Ball Lightning","Ball Lightning","Ball Lightning","Double Energy","Double Energy","Double Energy","Panacea","Panacea","Panacea","Compile Driver","Compile Driver","Reboot","Reboot","Reboot","Glacier","Glacier","Glacier","Loop","Loop","Loop","Capacitor","Capacitor","Capacitor","Biased Cognition","Biased Cognition","Biased Cognition","Defragment","Defragment","Defragment","Capacitor+1","Capacitor+1","Capacitor+1","Skim+1","Skim+1","Skim+1","Fission+1","Fission+1","Fission+1","Darkness+1","Darkness+1","Darkness+1","Steam Power+1","Steam Power+1","Steam Power+1","Hologram+1","Hologram+1","Hologram+1","Bandage Up+1","Bandage Up+1","Bandage Up+1","Secret Weapon+1","Secret Weapon+1","Secret Weapon+1","Defragment","Defragment","Defragment","Double Energy+1","Double Energy+1","Double Energy+1","Tempest+1","Tempest+1","Tempest+1","Tempest+1","Tempest+1","Tempest+1","Glacier+1","Glacier+1","Glacier+1","Compile Driver","Compile Driver","Compile Driver","Parasite","Parasite","Parasite","Defragment+1","Defragment+1","Defragment+1","Defragment+1","Defragment+1","Defragment+1"],"relics":["Cracked Core","Membership Card","Pear","Darkstone Periapt","Potion Belt","Fusion Hammer","Mango","Medical Kit","OrangePellets","Orichalcum","Bottled Flame","Toxic Egg 2","Matryoshka","Astrolabe","FossilizedHelix","Ice Cream","Chemical X","Ancient Tea Set","Eternal Feather","Orrery","Vajra","PreservedInsect","Shuriken","Thread and Needle"],"acts_visited":["Exordium","TheCity","TheBeyond"],"potions_floor_usage":[50,50,50,50,50],"damage_taken":[{"damage":0.0,"enemies":"2 Louse","floor":1.0,"turns":3.0},{"damage":4.0,"enemies":"Cultist","floor":3.0,"turns":3.0},{"damage":22.0,"enemies":"3 Sentries","floor":7.0,"turns":7.0},{"damage":0.0,"enemies":"Small Slimes","floor":8.0,"turns":1.0},{"damage":1.0,"enemies":"Looter","floor":10.0,"turns":2.0},{"damage":0.0,"enemies":"2 Fungi Beasts","floor":11.0,"turns":3.0},{"damage":9.0,"enemies":"Large Slime","floor":12.0,"turns":5.0},{"damage":11.0,"enemies":"Lagavulin","floor":14.0,"turns":5.0},{"damage":20.0,"enemies":"Slime Boss","floor":16.0,"turns":7.0},{"damage":36.0,"enemies":"Spheric Guardian","floor":18.0,"turns":6.0},{"damage":5.0,"enemies":"Chosen","floor":19.0,"turns":3.0},{"damage":5.0,"enemies":"Slavers","floor":23.0,"turns":3.0},{"damage":17.0,"enemies":"Gremlin Leader","floor":25.0,"turns":8.0},{"damage":0.0,"enemies":"3 Cultists","floor":28.0,"turns":5.0},{"damage":15.0,"enemies":"Snake Plant","floor":29.0,"turns":4.0},{"damage":3.0,"enemies":"Sentry and Sphere","floor":30.0,"turns":6.0},{"damage":9.0,"enemies":"Automaton","floor":33.0,"turns":8.0},{"damage":29.0,"enemies":"3 Darklings","floor":35.0,"turns":6.0},{"damage":7.0,"enemies":"3 Shapes","floor":39.0,"turns":2.0},{"damage":26,"enemies":"Reptomancer","floor":40,"turns":7},{"damage":0,"enemies":"Transient","floor":42,"turns":5},{"damage":1,"enemies":"Writhing Mass","floor":47,"turns":5},{"damage":4,"enemies":"Jaw Worm Horde","floor":48,"turns":4},{"damage":12,"enemies":"Awakened One","floor":50,"turns":6}],"seed_played":"7372172642885907109","potions_obtained":[{"floor":8.0,"key":"SteroidPotion"},{"floor":10.0,"key":"FearPotion"},{"floor":12.0,"key":"SpeedPotion"},{"floor":16.0,"key":"BlessingOfTheForge"},{"floor":19.0,"key":"SteroidPotion"},{"floor":25.0,"key":"CultistPotion"},{"floor":29.0,"key":"LiquidBronze"},{"floor":39.0,"key":"PotionOfCapacity"},{"floor":45,"key":"LiquidMemories"},{"floor":45,"key":"LiquidMemories"},{"floor":47,"key":"SpeedPotion"}],"is_trial":false,"path_per_floor":["M","?","M","$","?","R","E","M","T","M","M","M","?","E","R","B",null,"M","M","$","?","$","E","?","E","T","R","M","M","M","?","R","B",null,"M","$","?","$","M","E","R","M","T","R","?","$","M","M","R","B",null],"character_chosen":"DEFECT","items_purchased":["Membership Card","Core Surge","Mango","Panacea","Medical Kit","Compile Driver","Reboot","Glacier","Loop","OrangePellets","Capacitor","Orichalcum","Bandage Up+1","FossilizedHelix","Ice Cream","Chemical X","Secret Weapon+1","Ancient Tea Set","Eternal Feather","Defragment","Orrery","Thread and Needle"],"campfire_rested":7,"item_purchase_floors":[4,4,20,20,20,20,20,20,20,22,22,22,36,36,36,36,36,38,38,38,38,46],"current_hp_per_floor":[75,68,64,64,64,75,75,75,75,78,85,76,76,73,85,77,85,57,56,70,70,70,65,98,89,89,99,99,84,89,89,99,90,99,70,70,70,70,63,45,99,99,99,99,99,99,116,117,117,105],"gold":144,"neow_bonus":"","is_daily":true,"chose_seed":false,"campfire_upgraded":0,"win_rate":0.0,"timestamp":1610871492,"path_taken":["M","?","M","$","?","R","E","M","T","M","?","M","?","E","R","BOSS","M","M","$","?","$","E","?","E","T","R","M","M","M","?","R","BOSS","M","$","?","$","M","E","R","M","T","R","?","$","M","M","R","BOSS"],"items_purchased_type":["Relic","Card","Relic","Card","Relic","Card","Card","Card","Card","Relic","Card","Relic","Card","Relic","Relic","Relic","Card","Relic","Relic","Card","Relic","Relic"],"build_version":"2020-12-22","purchased_purges":0,"victory":true,"max_hp_per_floor":[75,75,75,75,75,75,85,85,85,85,85,85,85,85,85,85,85,85,85,99,99,99,99,99,99,99,99,99,99,99,99,99,99,99,99,99,99,99,99,99,99,99,99,99,99,99,117,117,117,117],"relic_stats":{"Darkstone Periapt":18,"OrangePellets":[5],"counters":[24,114],"Shuriken":[4],"Astrolabe":["Darkness","Steam Power","Hologram"],"Eternal Feather":54,"PreservedInsect":0,"Chemical X":[13],"Orichalcum":[108],"Medical Kit":[0],"obtain_stats":[{"Darkstone Periapt":9,"Potion Belt":14,"Ice Cream":36,"Pear":7,"Astrolabe":34,"Vajra":40,"Mango":20,"Eternal Feather":38,"Thread and Needle":46,"PreservedInsect":43,"Orichalcum":22,"Medical Kit":20,"Ancient Tea Set":38,"OrangePellets":22,"Bottled Flame":23,"Matryoshka":26,"Shuriken":43,"Orrery":38,"Fusion Hammer":17,"Membership Card":4,"Chemical X":36,"Toxic Egg 2":25,"Cracked Core":0,"FossilizedHelix":36},{"Darkstone Periapt":4,"Potion Belt":8,"Ice Cream":18,"Pear":3,"Astrolabe":17,"Vajra":20,"Mango":11,"Eternal Feather":18,"Thread and Needle":21,"PreservedInsect":21,"Orichalcum":11,"Medical Kit":11,"Ancient Tea Set":18,"OrangePellets":11,"Bottled Flame":12,"Matryoshka":13,"Shuriken":21,"Orrery":18,"Fusion Hammer":9,"Membership Card":2,"Chemical X":18,"Toxic Egg 2":13,"Cracked Core":0,"FossilizedHelix":18},{"Darkstone Periapt":14,"Potion Belt":29,"Ice Cream":85,"Pear":13,"Astrolabe":79,"Vajra":94,"Mango":45,"Eternal Feather":85,"Thread and Needle":99,"PreservedInsect":99,"Orichalcum":45,"Medical Kit":45,"Ancient Tea Set":85,"OrangePellets":45,"Bottled Flame":48,"Matryoshka":56,"Shuriken":99,"Orrery":85,"Fusion Hammer":36,"Membership Card":6,"Chemical X":85,"Toxic Egg 2":56,"Cracked Core":0,"FossilizedHelix":85}]},"card_choices":[{"not_picked":["Leap","Scrape","Streamline"],"picked":"SKIP","floor":1.0},{"not_picked":["Streamline","Double Energy"],"picked":"Cold Snap","floor":3.0},{"not_picked":["Rebound","Static Discharge"],"picked":"Tempest","floor":7.0},{"not_picked":["Turbo","Barrage"],"picked":"Undo","floor":8.0},{"not_picked":["Go for the Eyes","Machine Learning","Consume"],"picked":"SKIP","floor":10.0},{"not_picked":["FTL","Redo","Chill"],"picked":"SKIP","floor":11.0},{"not_picked":["Compile Driver","Go for the Eyes","Conserve Battery"],"picked":"SKIP","floor":12.0},{"not_picked":["Go for the Eyes","Cold Snap","Beam Cell"],"picked":"SKIP","floor":14.0},{"not_picked":["Amplify","Multi-Cast"],"picked":"Rainbow","floor":16.0},{"not_picked":["Streamline","Storm"],"picked":"Ball Lightning","floor":18.0},{"not_picked":["Static Discharge","Genetic Algorithm"],"picked":"Double Energy","floor":19.0},{"not_picked":["FTL","BootSequence"],"picked":"Biased Cognition","floor":23.0},{"not_picked":["Rebound","Heatsinks+1"],"picked":"Defragment","floor":25.0},{"not_picked":["Hello World","Sweeping Beam+1"],"picked":"Capacitor+1","floor":28.0},{"not_picked":["Rebound+1","Gash"],"picked":"Skim+1","floor":29.0},{"not_picked":["Rebound+1","Streamline+1","Stack+1"],"picked":"SKIP","floor":30.0},{"not_picked":["Meteor Strike","Amplify+1"],"picked":"Fission+1","floor":33.0},{"not_picked":["Redo+1","Conserve Battery+1","Barrage"],"picked":"SKIP","floor":35.0},{"not_picked":["Cold Snap+1","Compile Driver+1"],"picked":"Double Energy+1","floor":38.0},{"not_picked":["Leap+1","Auto Shields+1"],"picked":"Tempest+1","floor":38.0},{"not_picked":["Doom and Gloom+1","Reprogram+1"],"picked":"Tempest+1","floor":38.0},{"not_picked":["Conserve Battery+1","Consume+1"],"picked":"Glacier+1","floor":38.0},{"not_picked":["Beam Cell","Rip and Tear"],"picked":"Compile Driver","floor":39.0},{"not_picked":["Redo+1","Compile Driver","Barrage+1"],"picked":"SKIP","floor":40},{"not_picked":["Fusion+1","Gash","Sweeping Beam"],"picked":"SKIP","floor":42},{"not_picked":["Recycle+1","Electrodynamics"],"picked":"Defragment+1","floor":47},{"not_picked":["Self Repair","Coolheaded+1"],"picked":"Defragment+1","floor":48}],"player_experience":1081307,"relics_obtained":[{"floor":7.0,"key":"Pear"},{"floor":9.0,"key":"Darkstone Periapt"},{"floor":14.0,"key":"Potion Belt"},{"floor":23.0,"key":"Bottled Flame"},{"floor":25.0,"key":"Toxic Egg 2"},{"floor":26.0,"key":"Matryoshka"},{"floor":40,"key":"Vajra"},{"floor":43,"key":"PreservedInsect"},{"floor":43,"key":"Shuriken"}],"event_choices":[{"cards_removed":["Turbo"],"damage_healed":0.0,"max_hp_gain":0.0,"max_hp_loss":0.0,"gold_gain":0.0,"event_name":"Golden Wing","player_choice":"Card Removal","floor":2.0,"gold_loss":0.0,"damage_taken":7.0},{"damage_healed":0.0,"max_hp_gain":0.0,"max_hp_loss":0.0,"gold_gain":0.0,"event_name":"Match and Keep!","player_choice":"1 cards matched","floor":5.0,"gold_loss":0.0,"damage_taken":0.0,"cards_obtained":["Bandage Up"]},{"damage_healed":0.0,"max_hp_gain":0.0,"max_hp_loss":0.0,"gold_gain":0.0,"event_name":"Liars Game","player_choice":"Ignored","floor":13.0,"gold_loss":0.0,"damage_taken":0.0},{"cards_removed":["Recycle"],"damage_healed":0.0,"max_hp_gain":0.0,"max_hp_loss":0.0,"gold_gain":0.0,"event_name":"Beggar","player_choice":"Gave Gold","floor":21.0,"gold_loss":75.0,"damage_taken":0.0},{"damage_healed":33.0,"max_hp_gain":0.0,"max_hp_loss":0.0,"gold_gain":0.0,"event_name":"The Library","player_choice":"Heal","floor":24.0,"gold_loss":0.0,"damage_taken":0.0},{"damage_healed":0.0,"max_hp_gain":0.0,"max_hp_loss":0.0,"gold_gain":99.0,"event_name":"Nest","player_choice":"Stole From Cult","floor":31.0,"gold_loss":0.0,"damage_taken":0.0},{"cards_removed":["Compile Driver"],"damage_healed":0.0,"max_hp_gain":0.0,"max_hp_loss":0.0,"gold_gain":0.0,"event_name":"Falling","player_choice":"Removed Attack","floor":37.0,"gold_loss":0.0,"damage_taken":0.0},{"damage_healed":0,"gold_gain":0,"player_choice":"Got Potions","damage_taken":0,"max_hp_gain":0,"max_hp_loss":0,"event_name":"Lab","floor":45,"gold_loss":0}],"is_beta":false,"boss_relics":[{"not_picked":["SlaversCollar","Philosopher\u0027s Stone"],"picked":"Fusion Hammer"},{"not_picked":["Nuclear Battery","Black Star"],"picked":"Astrolabe"}],"items_purged_floors":[],"is_endless":false,"potions_floor_spawned":[8,10,12,16,19,25,29,39,47],"ascension_level":0}}