{"host":"e5u7qs1emxzejr12","time":1610893914,"event":{"mods":["2.2 Compatiblity","Act Like it!","Arknights The Spire","BaseMod","CapriCore","Card Forge","Colored Powertips","Custom Start","Duelist Mod","GifTheSpireLib","Highlight Path","Luminous","Marisa£¨ìFÓê¡¡Ä§ÀíÉ³£©","Minty Spire (QoL Compilation)","Quick Restart","Replay The Spire","StSLib","SuperFastMode","Td1madao Mod","The Alterego","The Immortal","The Servant 0.9.4","UnlockEverythingMod","óô»ðÖ¸ÄÏ"],"gold_per_floor":[142,142,142,155,77,108,123,149,149,164,181,193,193,210,210,315,315,325,325,344,118,138,138,169,169,169,179,199,217,248,265,265,364,364,379,379,379,398,409,444,489,517,517,550,578,598,615,633,407,422],"floor_reached":51,"language":"ZHS","playtime":2791,"items_purged":[],"score":1146,"play_id":"384f53ec-1c0e-44a3-8f85-ad293f102e24","local_time":"20210117223154","is_ascension_mode":true,"campfire_choices":[{"floor":13.0,"key":"REST"},{"floor":15.0,"key":"REST"},{"floor":23.0,"key":"RECALL"},{"floor":32.0,"key":"REST"}],"circlet_count":0,"master_deck":["theDuelist:SliferSky+1","theDuelist:MiraculousDescent+1","theDuelist:AncientRules+1","CurseOfTheBell","Madness+1","Madness+1","theDuelist:FiveHeaded+1","theDuelist:BattleguardKing+1","theDuelist:BattleguardKing+1","theDuelist:BattleguardKing+1","theDuelist:BusterDrake+1","theDuelist:CyberDragonCore+1","theDuelist:DragonRavine+1","theDuelist:WaterDragon+1","theDuelist:AncientRules+1","theDuelist:Scapegoat+1","theDuelist:Scapegoat+1","theDuelist:TyrantWing+1"],"relics":["theDuelist:MillenniumPuzzle","theDuelist:CardPoolRelic","theDuelist:CardPoolBasicRelic","theDuelist:BoosterPackPoolRelic","theDuelist:CardPoolAddRelic","theDuelist:CardPoolMinusRelic","theDuelist:CardPoolSaveRelic","theDuelist:CardPoolOptionsRelic","Hammer of Thor","Seething Fire","Anvil of the Gods","theDuelist:MillenniumPrayerbook","Nunchaku","theDuelist:BoosterPackMonsterEgg","theDuelist:MerchantNecklace","Snecko Eye","theDuelist:MerchantNecklace","theDuelist:BlessingAnubis","CaptainsWheel","Pen Nib","Replay:Grab Bag","SlaversCollar","Philosopher\u0027s Stone","Calling Bell","Pet Ghost","Paper Crane","Champion Belt","Pondfish Scales","Oddly Smooth Stone","CatCart","Lizard Tail","Replay:Bottled Flurry","Ginger","Charon\u0027s Ashes"],"acts_visited":["Exordium","TheCity","TheBeyond"],"potions_floor_usage":[],"damage_taken":[{"damage":0.0,"enemies":"2 Louse","floor":1.0,"turns":2.0},{"damage":6.0,"enemies":"Jaw Worm","floor":4.0,"turns":2.0},{"damage":6.0,"enemies":"3 Sentries","floor":6.0,"turns":4.0},{"damage":6.0,"enemies":"Cultist","floor":7.0,"turns":3.0},{"damage":7.0,"enemies":"Gremlin Nob","floor":8.0,"turns":3.0},{"damage":7.0,"enemies":"3 Louse","floor":10.0,"turns":3.0},{"damage":0.0,"enemies":"Looter","floor":11.0,"turns":4.0},{"damage":16.0,"enemies":"Red Slaver","floor":12.0,"turns":5.0},{"damage":0.0,"enemies":"Large Slime","floor":14.0,"turns":4.0},{"damage":15.0,"enemies":"Slime Boss","floor":16.0,"turns":7.0},{"damage":10.0,"enemies":"Spheric Guardian","floor":18.0,"turns":4.0},{"damage":0.0,"enemies":"3 Byrds","floor":20.0,"turns":3.0},{"damage":0.0,"enemies":"3 Cultists","floor":22.0,"turns":4.0},{"damage":2.0,"enemies":"Gremlin Leader","floor":24.0,"turns":6.0},{"damage":0.0,"enemies":"Sentry and Sphere","floor":27.0,"turns":5.0},{"damage":0.0,"enemies":"Snecko","floor":28.0,"turns":3.0},{"damage":13.0,"enemies":"Shelled Parasite and Fungi","floor":29.0,"turns":4.0},{"damage":20.0,"enemies":"Slavers","floor":30.0,"turns":3.0},{"damage":0.0,"enemies":"Sentry and Sphere","floor":31.0,"turns":4.0},{"damage":19.0,"enemies":"Pondfish","floor":33.0,"turns":6.0},{"damage":3.0,"enemies":"3 Darklings","floor":35.0,"turns":5.0},{"damage":17.0,"enemies":"Orb Walker","floor":38.0,"turns":4.0},{"damage":19.0,"enemies":"Jaw Worm Horde","floor":39.0,"turns":5.0},{"damage":0.0,"enemies":"R_Hoarder","floor":40.0,"turns":4.0},{"damage":0.0,"enemies":"Orin","floor":41.0,"turns":3.0},{"damage":32.0,"enemies":"Reptomancer","floor":42.0,"turns":4.0},{"damage":0.0,"enemies":"R_Hoarder","floor":44.0,"turns":9.0},{"damage":0.0,"enemies":"Transient","floor":46.0,"turns":5.0},{"damage":7.0,"enemies":"Sphere and 2 Shapes","floor":47.0,"turns":3.0},{"damage":15.0,"enemies":"Maw","floor":48.0,"turns":4.0},{"damage":15,"enemies":"Donu and Deca","floor":50,"turns":4}],"seed_played":"5784537141317668058","potions_obtained":[{"floor":1.0,"key":"theDuelist:BurningPotion"},{"floor":6.0,"key":"Fire Potion"},{"floor":11.0,"key":"theDuelist:FreezingPotion"}],"is_trial":false,"path_per_floor":["M","?","?","M","$","E","M","E","T","M","M","M","R","M","R","B",null,"M","?","M","?","M","R","E","$","T","M","M","M","E","M","R","B",null,"M","?","T","M","M","E","?","E","T","E","?","M","M","M","R","B",null],"character_chosen":"THE_DUELIST","items_purchased":["theDuelist:CyberLaserDragon","theDuelist:Scapegoat","theDuelist:TyrantWing"],"campfire_rested":3,"item_purchase_floors":[5,49,49],"current_hp_per_floor":[80,80,80,74,74,68,62,55,55,48,48,32,56,56,80,65,80,70,82,82,82,82,82,80,80,80,80,80,67,47,47,74,55,92,89,77,77,60,41,41,41,9,9,9,9,9,2,46,46,31],"gold":422,"neow_bonus":"TRANSFORM_TWO_CARDS","is_daily":false,"chose_seed":false,"campfire_upgraded":0,"win_rate":0.0,"timestamp":1610893914,"path_taken":["M","?","?","M","?","E","M","E","T","M","M","M","R","M","R","BOSS","M","?","M","?","M","R","E","?","T","?","M","M","E","M","R","BOSS","M","?","?","M","?","E","?","E","T","E","?","M","M","M","R","BOSS"],"items_purchased_type":["Card","Card","Card"],"build_version":"2020-12-22","purchased_purges":0,"victory":true,"max_hp_per_floor":[80,80,80,80,80,80,80,80,80,80,80,80,80,80,80,80,80,80,92,92,92,92,92,92,92,92,92,92,92,92,92,92,92,92,92,92,92,92,92,92,92,92,92,92,92,92,92,92,92,92],"card_choices":[{"not_picked":["theDuelist:InfernityDoomDragon","theDuelist:DefenseZone","theDuelist:DarkDriceratops","theDuelist:WaterDragonCluster"],"picked":"theDuelist:AncientPixieDragon","floor":1.0},{"not_picked":["theDuelist:BattleguardKing","theDuelist:ReinforcementsArmy","theDuelist:DianKeto","theDuelist:RainbowBridge"],"picked":"theDuelist:RainbowOverdragon","floor":4.0},{"not_picked":["theDuelist:WaterDragon","theDuelist:ChimeratechOverdragon","theDuelist:ArmedProtectorDragon","theDuelist:GravityLash"],"picked":"theDuelist:SliferSky","floor":6.0},{"not_picked":["theDuelist:BlackTyranno","theDuelist:GravityLash"],"picked":"theDuelist:FiveHeaded","floor":7.0},{"not_picked":["theDuelist:Kabazauls","theDuelist:BlackBrachios","theDuelist:TrihornedDragon","theDuelist:CyberTwinDragon"],"picked":"theDuelist:BarrelDragon","floor":8.0},{"not_picked":["theDuelist:DarkHorus+1","theDuelist:DarkDriceratops+1","theDuelist:BlackTyranno+1","theDuelist:EvilMind","theDuelist:DreadnoughtDreadnoid+1"],"picked":"SKIP","floor":10.0},{"not_picked":["theDuelist:YamataDragon+1","theDuelist:ViceDragon+1","theDuelist:SnowDragon+1","theDuelist:MadSwordBeast+1"],"picked":"theDuelist:CyberDragonCore+1","floor":11.0},{"not_picked":["theDuelist:BattleguardKing+1","theDuelist:ReinforcementsArmy","theDuelist:YellowBelliedOni+1","theDuelist:TheCreator+1"],"picked":"theDuelist:ObeliskTormentor+1","floor":12.0},{"not_picked":["theDuelist:TwinHeadedFire+1","theDuelist:CyberDinosaur+1","theDuelist:MegafleetDragon+1","theDuelist:YamataDragon+1"],"picked":"theDuelist:CyberDragonDrei+1","floor":14.0},{"not_picked":["theDuelist:WingedDragonRa+1","theDuelist:Lancephorhynchus+1","theDuelist:GaiaDragonChamp+1","theDuelist:DragonMastery"],"picked":"theDuelist:WaterDragon+1","floor":16.0},{"not_picked":["theDuelist:TwinHeadedFire+1","theDuelist:DefenseDraw+1","theDuelist:CoralDragon+1","theDuelist:DefenseZone","theDuelist:Duoterion+1"],"picked":"SKIP","floor":18.0},{"not_picked":["theDuelist:AncientRules","theDuelist:HymnOfLight","theDuelist:SuperStridentBlaze","theDuelist:PowerWall"],"picked":"SKIP","floor":20.0},{"not_picked":["theDuelist:WhiteHornDragon+1","theDuelist:SilverWing","theDuelist:BoosterDragon+1"],"picked":"theDuelist:DragonRavine","floor":22.0},{"not_picked":["theDuelist:WhiteNightDragon+1","theDuelist:Pyrorex+1","theDuelist:Frostosaurus+1","theDuelist:LesserDragon+1"],"picked":"theDuelist:CyberDragonNachster+1","floor":24.0},{"not_picked":["theDuelist:BlueEyes+1","theDuelist:ArmedDragon5+1","theDuelist:SoulCharge+1","theDuelist:CloudianGhost+1","theDuelist:StampingDestruction"],"picked":"SKIP","floor":27.0},{"not_picked":["theDuelist:SnowDragon+1","theDuelist:CyberDragonVier+1","theDuelist:FrostflameDragon+1","theDuelist:EyeTimaeus"],"picked":"theDuelist:TwinBarrelDragon+1","floor":28.0},{"not_picked":["theDuelist:WingedDragonRa+1","theDuelist:StardustDragon+1","theDuelist:DragonMastery","theDuelist:BlueDuston+1"],"picked":"theDuelist:BlasterDragonInfernos+1","floor":29.0},{"not_picked":["theDuelist:Pyrorex+1","theDuelist:SnowDragon+1","theDuelist:SphereChaos+1","theDuelist:RedEyesZombie+1"],"picked":"theDuelist:BusterDrake+1","floor":30.0},{"not_picked":["theDuelist:Earthquake+1","theDuelist:SafeZone","theDuelist:Beatraptor+1","theDuelist:AquaDolphin+1","theDuelist:SystemDown+1"],"picked":"SKIP","floor":31.0},{"not_picked":["theDuelist:BigFire+1","theDuelist:Hinotama+1","theDuelist:RainbowOverdragon+1","theDuelist:ForbiddenLance"],"picked":"theDuelist:BattleguardKing+1","floor":35.0},{"not_picked":["theDuelist:TwinHeadedFire+1","theDuelist:DarkHorus+1","theDuelist:CloudianGhost+1","theDuelist:Anthrosaurus+1"],"picked":"theDuelist:AncientRules+1","floor":38.0},{"not_picked":["theDuelist:LightningDarts","theDuelist:GoldenApples","theDuelist:Wiseman+1","theDuelist:HaneHane+1"],"picked":"theDuelist:BattleguardKing+1","floor":39.0},{"not_picked":["theDuelist:WhiteHornDragon+1","theDuelist:BoosterDragon+1","theDuelist:Berserking+1"],"picked":"theDuelist:MiraculousDescent","floor":40.0},{"not_picked":["theDuelist:Terraforming","theDuelist:PotGenerosity+1","theDuelist:Solidarity","theDuelist:YellowBelliedOni+1"],"picked":"theDuelist:BattleguardKing+1","floor":42.0},{"not_picked":["theDuelist:BlackPtera+1","theDuelist:RedRisingDragon+1","theDuelist:HazyFlameHydra+1","theDuelist:CyberValley+1","theDuelist:ClawHermos+1"],"picked":"SKIP","floor":44.0},{"not_picked":["theDuelist:BusterBladerDDS+1","theDuelist:DefensiveTactics","theDuelist:BlizzardDragon+1","theDuelist:GaiaDragonChamp+1"],"picked":"theDuelist:AncientRules+1","floor":45.0},{"not_picked":["theDuelist:TwinHeadedFire+1","theDuelist:FiendSkull+1","theDuelist:ExploderDragon+1","theDuelist:DarkHorus+1","theDuelist:CyberDragonCore+1"],"picked":"SKIP","floor":46.0},{"not_picked":["theDuelist:WhiteHowling","theDuelist:TotemDragon+1","theDuelist:SystemDown","theDuelist:CyberDragonSieger+1"],"picked":"SKIP","floor":47.0},{"not_picked":["theDuelist:SurvivalFittest","theDuelist:StardustDragon+1","theDuelist:SliferSky+1","theDuelist:GaiaDragonChamp+1"],"picked":"theDuelist:Scapegoat+1","floor":48.0}],"player_experience":80935,"relics_obtained":[{"floor":6.0,"key":"Nunchaku"},{"floor":8.0,"key":"theDuelist:BoosterPackMonsterEgg"},{"floor":9.0,"key":"theDuelist:MerchantNecklace"},{"floor":24.0,"key":"theDuelist:BlessingAnubis"},{"floor":26.0,"key":"CaptainsWheel"},{"floor":30.0,"key":"Pen Nib"},{"floor":34.0,"key":"Pet Ghost"},{"floor":34.0,"key":"Paper Crane"},{"floor":34.0,"key":"Champion Belt"},{"floor":37.0,"key":"Pondfish Scales"},{"floor":40.0,"key":"Oddly Smooth Stone"},{"floor":41.0,"key":"CatCart"},{"floor":42.0,"key":"Lizard Tail"},{"floor":43.0,"key":"Replay:Bottled Flurry"},{"floor":44.0,"key":"Ginger"},{"floor":45.0,"key":"Charon\u0027s Ashes"}],"event_choices":[{"damage_healed":0.0,"max_hp_gain":0.0,"max_hp_loss":0.0,"gold_gain":0.0,"cards_transformed":["theDuelist:CaveDragon"],"event_name":"Living Wall","player_choice":"Change","floor":2.0,"gold_loss":0.0,"damage_taken":0.0,"cards_obtained":["theDuelist:CurseDragon"]},{"damage_healed":0.0,"max_hp_gain":0.0,"max_hp_loss":0.0,"gold_gain":0.0,"event_name":"Millennium Items","player_choice":"Took item - Received: Millennium Prayerbook","duelist":true,"floor":3.0,"gold_loss":0.0,"damage_taken":0.0},{"damage_healed":0.0,"max_hp_gain":0.0,"max_hp_loss":0.0,"gold_gain":0.0,"event_name":"Tomb of the Nameless","player_choice":"Break - +12 Max HP","duelist":true,"floor":19.0,"gold_loss":0.0,"damage_taken":0.0},{"damage_healed":0.0,"max_hp_gain":0.0,"max_hp_loss":0.0,"gold_gain":0.0,"event_name":"Relic Duplicator","player_choice":"Duplicated Relic - Merchant\u0027s Necklace","duelist":true,"floor":21.0,"gold_loss":0.0,"damage_taken":0.0},{"damage_healed":0.0,"max_hp_gain":0.0,"max_hp_loss":0.0,"gold_gain":0.0,"event_name":"Winding Halls","player_choice":"Embrace Madness","floor":36.0,"gold_loss":0.0,"damage_taken":12.0,"cards_obtained":["Madness","Madness"]},{"damage_healed":0.0,"max_hp_gain":0.0,"max_hp_loss":0.0,"gold_gain":0.0,"event_name":"OrinTheCat","player_choice":"Fight","floor":41.0,"gold_loss":0.0,"damage_taken":0.0}],"is_beta":false,"boss_relics":[{"not_picked":["Painkiller Herb","theDuelist:MillenniumKey"],"picked":"Snecko Eye"},{"not_picked":["Pandora\u0027s Box","theDuelist:ElectricKey"],"picked":"Replay:Grab Bag"},{"not_picked":["Ooze Armor","ChewingGum"],"picked":"SlaversCollar"},{"not_picked":["Velvet Choker","theDuelist:HauntedRelic"],"picked":"Philosopher\u0027s Stone"},{"not_picked":["Kintsugi","Runic Cube"],"picked":"Calling Bell"}],"items_purged_floors":[],"is_endless":false,"potions_floor_spawned":[1,6,11,12,14,20,22,29,30,38,39,40,42,46],"ascension_level":1}}