{"host":"aqym1xxr3lb31d9m","time":1610921913,"event":{"mods":["BaseMod","Block Reminder","Colored Map","Colored Powertips","DeckTracker","Highlight Path","Minty Spire (QoL Compilation)","Quick Restart","Random Character Button","StSLib","SuperFastMode","UnlockEverythingMod"],"gold_per_floor":[109,109,132,57,57,57,100,100,124,158,126,126,179,179,179,279,279,322,150,150,188,98,143,143,68,95,117,117,169,178,210,210,315,315,336,336,345,375,399,399,443,443,468,508,138,138,138],"floor_reached":46,"language":"JPN","playtime":1978,"items_purged":[],"score":1055,"play_id":"daffb5ee-5071-4b9b-902b-3a520691fafb","local_time":"20210118071833","is_ascension_mode":true,"campfire_choices":[{"data":"Perfected Strike","floor":6.0,"key":"SMITH"},{"data":"Bash","floor":12.0,"key":"SMITH"},{"data":"Pommel Strike","floor":15.0,"key":"SMITH"},{"data":"Fiend Fire","floor":24.0,"key":"SMITH"},{"data":"Armaments","floor":28,"key":"SMITH"},{"data":"Metallicize","floor":32,"key":"SMITH"},{"floor":40,"key":"RECALL"},{"data":"Disarm","floor":42,"key":"SMITH"}],"circlet_count":0,"master_deck":["AscendersBane","Strike_R","Strike_R","Strike_R","Strike_R","Defend_R","Defend_R+1","Bash+1","Perfected Strike+1","True Grit","Pommel Strike+1","Battle Trance+1","Fire Breathing","Metallicize+1","Flame Barrier","Fiend Fire+1","Spot Weakness","Shrug It Off","Perfected Strike","Armaments+1","Battle Trance","Perfected Strike","Power Through","Burning Pact","Writhe","True Grit","Immolate","Reaper","Trip","Disarm+1","Thunderclap","Burning Pact","Warcry+1","Feel No Pain","Flex"],"relics":["Burning Blood","NeowsBlessing","Golden Idol","CeramicFish","Prayer Wheel","Nunchaku","Blood Vial","Coffee Dripper","Oddly Smooth Stone","Magic Flower","War Paint","Gremlin Horn","Letter Opener","SacredBark","Shuriken","FossilizedHelix","Mercury Hourglass"],"acts_visited":["Exordium","TheCity","TheBeyond"],"potions_floor_usage":[27,39,46,46],"damage_taken":[{"damage":0.0,"enemies":"2 Louse","floor":1.0,"turns":1.0},{"damage":0.0,"enemies":"Jaw Worm","floor":3.0,"turns":1.0},{"damage":0.0,"enemies":"Lagavulin","floor":7.0,"turns":1.0},{"damage":10.0,"enemies":"Small Slimes","floor":10.0,"turns":2.0},{"damage":8.0,"enemies":"Gremlin Nob","floor":13.0,"turns":3.0},{"damage":55.0,"enemies":"Hexaghost","floor":16.0,"turns":9.0},{"damage":3.0,"enemies":"Chosen","floor":18.0,"turns":5.0},{"damage":15.0,"enemies":"3 Byrds","floor":21.0,"turns":5.0},{"damage":30.0,"enemies":"Gremlin Leader","floor":23.0,"turns":7.0},{"damage":0,"enemies":"Shelled Parasite and Fungi","floor":27,"turns":3},{"damage":5,"enemies":"Book of Stabbing","floor":29,"turns":3},{"damage":7,"enemies":"Centurion and Healer","floor":31,"turns":9},{"damage":50,"enemies":"Automaton","floor":33,"turns":11},{"damage":23,"enemies":"Orb Walker","floor":35,"turns":4},{"damage":15,"enemies":"3 Shapes","floor":38,"turns":9},{"damage":45,"enemies":"Transient","floor":39,"turns":6},{"damage":36,"enemies":"Nemesis","floor":41,"turns":5},{"damage":33,"enemies":"Mind Bloom Boss Battle","floor":44,"turns":8},{"damage":65,"enemies":"Giant Head","floor":46,"turns":6}],"seed_played":"8803376152840602611","potions_obtained":[{"floor":1.0,"key":"BloodPotion"},{"floor":7.0,"key":"GamblersBrew"},{"floor":10.0,"key":"ElixirPotion"},{"floor":16.0,"key":"AttackPotion"},{"floor":23.0,"key":"EssenceOfSteel"},{"floor":33,"key":"Energy Potion"},{"floor":35,"key":"Swift Potion"},{"floor":44,"key":"Block Potion"}],"is_trial":false,"path_per_floor":["M","?","M","?","?","R","E","T","T","M","$","R","E","?","R","B",null,"M","$","?","M","$","E","R","?","T","M","R","E","?","M","R","B",null,"M","?","?","M","M","R","E","R","T","?","$","E"],"character_chosen":"IRONCLAD","items_purchased":["Metallicize","Oddly Smooth Stone","Battle Trance","Swift Potion","Feel No Pain","Flex","Mercury Hourglass"],"campfire_rested":0,"item_purchase_floors":[11,19,22,22,45,45,45],"current_hp_per_floor":[74,48,54,54,54,54,60,60,60,71,71,71,69,74,74,27,67,72,72,72,65,65,43,43,43,43,55,55,62,62,67,67,29,67,56,56,56,70,46,46,33,33,33,35,35,0,0],"gold":138,"neow_bonus":"THREE_ENEMY_KILL","is_daily":false,"chose_seed":false,"campfire_upgraded":7,"win_rate":0.0,"timestamp":1610921913,"path_taken":["M","?","M","?","?","R","E","?","T","M","?","R","E","?","R","BOSS","M","$","?","M","?","E","R","?","T","M","R","E","?","M","R","BOSS","M","?","?","M","M","R","E","R","T","?","$","E"],"items_purchased_type":["Card","Relic","Card","Potion","Card","Card","Relic"],"build_version":"2020-12-22","purchased_purges":0,"victory":false,"max_hp_per_floor":[75,75,75,75,75,75,75,75,75,75,75,75,75,80,80,80,80,80,80,80,80,80,80,80,80,80,80,80,80,80,80,80,80,80,80,80,80,80,80,80,80,80,80,80,80,80,80],"card_choices":[{"not_picked":["Rupture","Body Slam"],"picked":"Perfected Strike","floor":1.0},{"not_picked":["Warcry","Rage"],"picked":"True Grit","floor":3.0},{"not_picked":["Feel No Pain","Limit Break"],"picked":"Pommel Strike","floor":7.0},{"not_picked":["Bloodletting","Hemokinesis"],"picked":"Battle Trance","floor":10.0},{"not_picked":["Body Slam","Sword Boomerang"],"picked":"Fire Breathing","floor":10.0},{"not_picked":["Impervious","Cleave"],"picked":"Flame Barrier","floor":13.0},{"not_picked":["Juggernaut","Brutality"],"picked":"Fiend Fire","floor":16.0},{"not_picked":["Cleave","Anger"],"picked":"Spot Weakness","floor":18.0},{"not_picked":["Clothesline","Wild Strike"],"picked":"Shrug It Off","floor":18.0},{"not_picked":["Fire Breathing","Headbutt"],"picked":"Perfected Strike","floor":21.0},{"not_picked":["Sever Soul","Rupture+1"],"picked":"Armaments","floor":21.0},{"not_picked":["Armaments","Sword Boomerang"],"picked":"Perfected Strike","floor":23.0},{"not_picked":["Twin Strike","Dropkick"],"picked":"Power Through","floor":27},{"not_picked":["Havoc","Rampage+1","Flex"],"picked":"SKIP","floor":27},{"not_picked":["Combust+1","Bloodletting"],"picked":"Burning Pact","floor":29},{"not_picked":["Thunderclap","Clash"],"picked":"True Grit","floor":31},{"not_picked":["Rupture","Blood for Blood"],"picked":"Immolate","floor":31},{"not_picked":["Limit Break","Berserk"],"picked":"Reaper","floor":33},{"not_picked":["Body Slam+1","Iron Wave","Warcry"],"picked":"SKIP","floor":35},{"not_picked":["Havoc","Rage","Iron Wave"],"picked":"SKIP","floor":35},{"not_picked":["Body Slam+1","Iron Wave","Warcry"],"picked":"SKIP","floor":35},{"not_picked":["Havoc","Rage","Iron Wave"],"picked":"SKIP","floor":35},{"not_picked":["PanicButton","Purity"],"picked":"Trip","floor":37},{"not_picked":["Hemokinesis","Armaments+1"],"picked":"Disarm","floor":38},{"not_picked":["Body Slam","Sword Boomerang","Seeing Red"],"picked":"SKIP","floor":38},{"not_picked":["Sword Boomerang","Wild Strike"],"picked":"Thunderclap","floor":39},{"not_picked":["Clash","Armaments","Sever Soul+1"],"picked":"SKIP","floor":39},{"not_picked":["Seeing Red","Inflame"],"picked":"Burning Pact","floor":41},{"not_picked":["Clash","Carnage"],"picked":"Warcry+1","floor":44}],"player_experience":3908155,"relics_obtained":[{"floor":7.0,"key":"CeramicFish"},{"floor":8.0,"key":"Prayer Wheel"},{"floor":9.0,"key":"Nunchaku"},{"floor":13.0,"key":"Blood Vial"},{"floor":23.0,"key":"Magic Flower"},{"floor":26.0,"key":"War Paint"},{"floor":29,"key":"Gremlin Horn"},{"floor":41,"key":"Shuriken"},{"floor":44,"key":"FossilizedHelix"}],"event_choices":[{"damage_healed":0.0,"max_hp_gain":0.0,"max_hp_loss":0.0,"gold_gain":0.0,"event_name":"Golden Idol","player_choice":"Take Damage","floor":2.0,"gold_loss":0.0,"damage_taken":26.0,"relics_obtained":["Golden Idol"]},{"cards_removed":["Defend_R"],"damage_healed":0.0,"max_hp_gain":0.0,"max_hp_loss":0.0,"gold_gain":0.0,"event_name":"The Cleric","player_choice":"Card Removal","floor":4.0,"gold_loss":75.0,"damage_taken":0.0},{"damage_healed":0.0,"max_hp_gain":0.0,"max_hp_loss":0.0,"gold_gain":0.0,"event_name":"Shining Light","player_choice":"Ignored","floor":5.0,"gold_loss":0.0,"damage_taken":0.0},{"damage_healed":0.0,"max_hp_gain":5.0,"max_hp_loss":0.0,"gold_gain":0.0,"event_name":"Big Fish","player_choice":"Donut","floor":14.0,"gold_loss":0.0,"damage_taken":0.0},{"cards_removed":["Defend_R"],"damage_healed":0.0,"max_hp_gain":0.0,"max_hp_loss":0.0,"gold_gain":0.0,"event_name":"Wheel of Change","player_choice":"Card Removal","floor":20.0,"gold_loss":0.0,"damage_taken":0.0},{"cards_removed":["Strike_R"],"damage_healed":0.0,"max_hp_gain":0.0,"max_hp_loss":0.0,"gold_gain":0.0,"event_name":"Beggar","player_choice":"Gave Gold","floor":25.0,"gold_loss":75.0,"damage_taken":0.0},{"damage_healed":0,"gold_gain":0,"player_choice":"Opened","damage_taken":0,"relics_obtained":["Letter Opener"],"max_hp_gain":0,"max_hp_loss":0,"event_name":"The Mausoleum","floor":30,"gold_loss":0,"cards_obtained":["Writhe"]},{"damage_healed":0,"gold_gain":0,"player_choice":"Ignored","damage_taken":0,"max_hp_gain":0,"max_hp_loss":0,"event_name":"Tomb of Lord Red Mask","floor":36,"gold_loss":0},{"damage_healed":0,"gold_gain":0,"player_choice":"Memory 1","damage_taken":0,"max_hp_gain":0,"max_hp_loss":0,"event_name":"SensoryStone","floor":37,"gold_loss":0},{"damage_healed":0,"gold_gain":0,"player_choice":"Fight","damage_taken":0,"max_hp_gain":0,"max_hp_loss":0,"event_name":"MindBloom","floor":44,"gold_loss":0}],"is_beta":false,"boss_relics":[{"not_picked":["SlaversCollar","Runic Cube"],"picked":"Coffee Dripper"},{"not_picked":["Sozu","Empty Cage"],"picked":"SacredBark"}],"items_purged_floors":[],"is_endless":false,"potions_floor_spawned":[1,7,10,16,23,33,35,44],"killed_by":"Giant Head","ascension_level":20}}