{"host":"o7j6aatxjwpw1421","time":1610870380,"event":{"mods":["2.2 Compatiblity","AchievementEnabler","BaseMod","Colored Map","DeckTracker","Highlight Path","Keyboard Shortcuts","Minty Spire (QoL Compilation)","Permanent Neow","Quick Restart","StSLib","SuperFastMode","everything is the same but u backflip on backflip"],"gold_per_floor":[111,129,129,144,164,164,203,85,108,108,146,146,96,144,144,266,316,354,107,107,80,92,92,92,151,151,26,26,69,69,120,120,250,250,285,138,192,242,242,276,276,310,310,328,118,118,133,162,162,162,162,162,162,194,194],"floor_reached":56,"language":"KOR","playtime":3175,"items_purged":["Strike_P","Strike_P","Strike_P+1","Defend_P+1"],"score":1892,"play_id":"e7512c3f-afd6-4a7f-a18c-4627bb260d92","local_time":"20210117165940","is_ascension_mode":true,"campfire_choices":[{"data":"Eruption","floor":6.0,"key":"SMITH"},{"data":"EmptyBody","floor":12.0,"key":"SMITH"},{"data":"PathToVictory","floor":15.0,"key":"SMITH"},{"data":"Adaptation","floor":23.0,"key":"SMITH"},{"data":"DeusExMachina","floor":28.0,"key":"SMITH"},{"data":"Vigilance","floor":30.0,"key":"SMITH"},{"data":"InnerPeace","floor":32.0,"key":"SMITH"},{"floor":49.0,"key":"RECALL"},{"data":"Adaptation","floor":52.0,"key":"SMITH"}],"circlet_count":0,"master_deck":["Eruption+1","Vigilance+1","DeusExMachina+1","CrushJoints+1","EmptyBody+1","FearNoEvil","PathToVictory+1","InnerPeace+1","Adaptation+1","MentalFortress","MentalFortress+1","Adaptation+1"],"relics":["PureWater","CeramicFish","Bag of Marbles","Tiny House","MealTicket","Art of War","Pantograph","Anchor","VioletLotus","Medical Kit","Lizard Tail","Thread and Needle","War Paint","Yang","Pen Nib"],"acts_visited":["Exordium","TheCity","TheBeyond","TheEnding"],"potions_floor_usage":[55,55,55],"damage_taken":[{"damage":0.0,"enemies":"Cultist","floor":1.0,"turns":3.0},{"damage":0.0,"enemies":"Jaw Worm","floor":2.0,"turns":4.0},{"damage":0.0,"enemies":"Small Slimes","floor":4.0,"turns":3.0},{"damage":3.0,"enemies":"Looter","floor":5.0,"turns":3.0},{"damage":20.0,"enemies":"Gremlin Nob","floor":7.0,"turns":4.0},{"damage":0.0,"enemies":"Exordium Wildlife","floor":11.0,"turns":3.0},{"damage":2.0,"enemies":"Lots of Slimes","floor":14.0,"turns":3.0},{"damage":5.0,"enemies":"The Guardian","floor":16.0,"turns":8.0},{"damage":12.0,"enemies":"Chosen","floor":18.0,"turns":4.0},{"damage":0.0,"enemies":"Shell Parasite","floor":22.0,"turns":2.0},{"damage":20.0,"enemies":"Gremlin Leader","floor":25.0,"turns":5.0},{"damage":6.0,"enemies":"Shelled Parasite and Fungi","floor":29.0,"turns":3.0},{"damage":13.0,"enemies":"Book of Stabbing","floor":31.0,"turns":5.0},{"damage":0.0,"enemies":"Automaton","floor":33.0,"turns":4.0},{"damage":0.0,"enemies":"3 Darklings","floor":35.0,"turns":3.0},{"damage":0.0,"enemies":"Orb Walker","floor":37.0,"turns":2.0},{"damage":38.0,"enemies":"4 Shapes","floor":38.0,"turns":9.0},{"damage":25.0,"enemies":"Nemesis","floor":40.0,"turns":7.0},{"damage":0.0,"enemies":"Reptomancer","floor":42.0,"turns":5.0},{"damage":0.0,"enemies":"3 Darklings","floor":44.0,"turns":3.0},{"damage":0.0,"enemies":"Maw","floor":47.0,"turns":2.0},{"damage":0.0,"enemies":"Giant Head","floor":48.0,"turns":2.0},{"damage":6.0,"enemies":"Time Eater","floor":50.0,"turns":5.0},{"damage":3.0,"enemies":"Shield and Spear","floor":54.0,"turns":2.0},{"damage":70,"enemies":"The Heart","floor":55,"turns":4}],"seed_played":"-2848071151339664125","potions_obtained":[{"floor":2.0,"key":"StancePotion"},{"floor":4.0,"key":"PowerPotion"},{"floor":16.0,"key":"BlessingOfTheForge"},{"floor":17.0,"key":"Fruit Juice"},{"floor":29.0,"key":"PowerPotion"},{"floor":31.0,"key":"Strength Potion"},{"floor":33.0,"key":"Regen Potion"},{"floor":37.0,"key":"Weak Potion"},{"floor":42.0,"key":"Ancient Potion"},{"floor":44.0,"key":"DistilledChaos"},{"floor":48.0,"key":"DuplicationPotion"},{"floor":54.0,"key":"StancePotion"}],"is_trial":false,"path_per_floor":["M","M","?","M","M","R","E","$","T","?","M","R","?","M","R","B",null,"M","$","?","$","M","R","?","E","T","$","R","M","R","E","R","B",null,"M","$","M","M","?","E","T","E","T","M","$","?","M","E","R","B",null,"R","$","E","B",null],"character_chosen":"WATCHER","items_purchased":["PathToVictory","MealTicket","Adaptation","Medical Kit","Adaptation"],"campfire_rested":0,"item_purchase_floors":[8,19,21,36,45],"current_hp_per_floor":[65,65,65,65,62,62,42,42,42,29,29,29,29,27,27,22,64,52,52,52,67,67,67,67,47,47,62,62,56,56,43,43,68,73,73,75,75,37,37,27,27,27,27,27,42,42,42,42,42,61,72,72,75,72,5],"gold":194,"neow_bonus":"TRANSFORM_TWO_CARDS","is_daily":false,"chose_seed":false,"campfire_upgraded":8,"win_rate":0.0,"timestamp":1610870380,"path_taken":["M","?","?","M","M","R","E","$","T","?","M","R","?","M","R","BOSS","M","$","?","$","M","R","?","E","T","?","R","?","R","E","R","BOSS","M","$","M","?","?","E","?","E","T","?","$","?","M","E","R","BOSS","R","$","E","BOSS"],"items_purchased_type":["Card","Relic","Card","Relic","Card"],"build_version":"2020-12-22","purchased_purges":4,"victory":true,"max_hp_per_floor":[65,65,65,65,65,65,65,65,65,65,65,65,65,65,65,65,75,75,75,75,75,75,75,75,75,75,75,75,75,75,75,75,75,75,75,75,75,75,75,75,75,75,75,75,75,75,75,75,75,75,75,75,75,75,75],"card_choices":[{"not_picked":["FlyingSleeves","Halt"],"picked":"EmptyBody","floor":1.0},{"not_picked":["Crescendo","CutThroughFate"],"picked":"FearNoEvil","floor":2.0},{"not_picked":["Halt","SashWhip","EmptyFist"],"picked":"SKIP","floor":4.0},{"not_picked":["ThirdEye","Prostrate","FollowUp"],"picked":"SKIP","floor":5.0},{"not_picked":["BowlingBash","Wish","Crescendo"],"picked":"SKIP","floor":7.0},{"not_picked":["BowlingBash","Crescendo"],"picked":"Wish","floor":7.0},{"not_picked":["Consecrate","CutThroughFate","Fasting2"],"picked":"SKIP","floor":11.0},{"not_picked":["Consecrate","CutThroughFate","Fasting2"],"picked":"SKIP","floor":11.0},{"not_picked":["Meditate","CarveReality"],"picked":"InnerPeace","floor":14.0},{"not_picked":["LikeWater","Sanctity","FlyingSleeves+1"],"picked":"SKIP","floor":18.0},{"not_picked":["CrushJoints","EmptyBody","SignatureMove"],"picked":"SKIP","floor":22.0},{"not_picked":["FlyingSleeves+1","Meditate","SignatureMove"],"picked":"SKIP","floor":25.0},{"not_picked":["WaveOfTheHand","TalkToTheHand+1","Consecrate+1"],"picked":"SKIP","floor":29.0},{"not_picked":["Perseverance","EmptyBody","Swivel"],"picked":"SKIP","floor":31.0},{"not_picked":["Perseverance","EmptyBody","Swivel"],"picked":"SKIP","floor":31.0},{"not_picked":["Crescendo","CutThroughFate+1","EmptyFist"],"picked":"SKIP","floor":35.0},{"not_picked":["LikeWater","CutThroughFate"],"picked":"MentalFortress","floor":37.0},{"not_picked":["LikeWater","Indignation+1"],"picked":"MentalFortress+1","floor":38.0},{"not_picked":["FlyingSleeves+1","CrushJoints","Evaluate+1"],"picked":"SKIP","floor":40.0},{"not_picked":["Protect+1","Prostrate","CarveReality"],"picked":"SKIP","floor":42.0},{"not_picked":["EmptyMind","SandsOfTime","Nirvana+1"],"picked":"SKIP","floor":44.0},{"not_picked":["Tantrum","FearNoEvil","Establishment"],"picked":"SKIP","floor":47.0},{"not_picked":["FlurryOfBlows","Weave+1","FollowUp+1"],"picked":"SKIP","floor":48.0},{"not_picked":["SandsOfTime+1","EmptyMind","Protect+1"],"picked":"SKIP","floor":54.0}],"player_experience":551567,"relics_obtained":[{"floor":7.0,"key":"CeramicFish"},{"floor":9.0,"key":"Bag of Marbles"},{"floor":25.0,"key":"Art of War"},{"floor":26.0,"key":"Pantograph"},{"floor":31.0,"key":"Anchor"},{"floor":40.0,"key":"Lizard Tail"},{"floor":42.0,"key":"Thread and Needle"},{"floor":43.0,"key":"War Paint"},{"floor":48.0,"key":"Yang"},{"floor":54.0,"key":"Pen Nib"}],"event_choices":[{"damage_healed":0.0,"max_hp_gain":0.0,"max_hp_loss":0.0,"gold_gain":0.0,"event_name":"Liars Game","player_choice":"Ignored","floor":3.0,"gold_loss":0.0,"damage_taken":0.0},{"damage_healed":0.0,"max_hp_gain":0.0,"max_hp_loss":0.0,"gold_gain":0.0,"event_name":"Shining Light","player_choice":"Entered Light","floor":10.0,"gold_loss":0.0,"damage_taken":13.0,"cards_upgraded":["Defend_P","CrushJoints"]},{"cards_removed":["Defend_P"],"damage_healed":0.0,"max_hp_gain":0.0,"max_hp_loss":0.0,"gold_gain":0.0,"event_name":"The Cleric","player_choice":"Card Removal","floor":13.0,"gold_loss":50.0,"damage_taken":0.0},{"damage_healed":0.0,"max_hp_gain":0.0,"max_hp_loss":0.0,"gold_gain":0.0,"event_name":"Ghosts","player_choice":"Ignored","floor":20.0,"gold_loss":0.0,"damage_taken":0.0},{"cards_removed":["Defend_P"],"damage_healed":0.0,"max_hp_gain":0.0,"max_hp_loss":0.0,"gold_gain":0.0,"event_name":"Back to Basics","player_choice":"Elegance","floor":24.0,"gold_loss":0.0,"damage_taken":0.0},{"cards_removed":["Wish"],"damage_healed":0.0,"max_hp_gain":0.0,"max_hp_loss":0.0,"gold_gain":0.0,"event_name":"Falling","player_choice":"Removed Skill","floor":39.0,"gold_loss":0.0,"damage_taken":0.0},{"damage_healed":0.0,"max_hp_gain":0.0,"max_hp_loss":0.0,"gold_gain":0.0,"event_name":"Tomb of Lord Red Mask","player_choice":"Ignored","floor":46.0,"gold_loss":0.0,"damage_taken":0.0}],"is_beta":false,"boss_relics":[{"not_picked":["Runic Dome","Cursed Key"],"picked":"Tiny House"},{"not_picked":["HolyWater","Velvet Choker"],"picked":"VioletLotus"}],"items_purged_floors":[8,19,27,45],"is_endless":false,"potions_floor_spawned":[2,4,16,29,31,33,37,42,44,48,54],"ascension_level":9}}