{"host":"Zandorum","time":1610855578,"event":{"mods":["100% Spire Juice","2.2 Compatiblity","Act Like it!","Bard","BaseMod","Better Note","Hermit","Hubris","Jorbs\u0027s Wanderer Trilogy","Mimic Mod","Minty Spire (QoL Compilation)","Quick Restart","Rare Cards Sparkle","Reorder Act Four","Somnambulant","StSLib","The Cursed","The Disciple","The Hierophant","The Jungle","The Runesmith","TheVacant"],"gold_per_floor":[115,65,65,101,116,146,146,146,172,172,7,27,43,56,56,157,157,167,42,42,42,42,42,42],"floor_reached":23,"language":"ENG","playtime":551,"items_purged":["Strike_B"],"score":237,"play_id":"3af193e2-4305-4fd9-9372-c075b2cd6648","local_time":"20210116195258","is_ascension_mode":false,"campfire_choices":[{"data":"Dualcast","floor":10.0,"key":"SMITH"},{"data":"Redo","floor":15.0,"key":"SMITH"}],"circlet_count":0,"master_deck":["Strike_B","Strike_B","Strike_B","Defend_B","Defend_B","Defend_B","Zap+1","Dualcast+1","Enlightenment","Capacitor","Coolheaded","Melter","FTL","hubris:Ukulele","Hologram","Static Discharge","Beam Cell","Redo+1","Echo Form","Rebound","Redo","Writhe"],"relics":["Cracked Core","HornCleat","Bag of Marbles","Pen Nib","hubris:Icosahedron","Lantern","Singing Bowl","hubris:Towel"],"acts_visited":["Exordium","TheCity"],"potions_floor_usage":[],"damage_taken":[{"damage":8.0,"enemies":"2 Louse","floor":1.0,"turns":2.0},{"damage":4.0,"enemies":"Small Slimes","floor":4.0,"turns":6.0},{"damage":0.0,"enemies":"Small Slimes","floor":5.0,"turns":3.0},{"damage":27.0,"enemies":"3 Sentries","floor":6.0,"turns":8.0},{"damage":6.0,"enemies":"Jaw Worm","floor":12.0,"turns":2.0},{"damage":0.0,"enemies":"2 Fungi Beasts","floor":13.0,"turns":3.0},{"damage":0.0,"enemies":"Large Slime","floor":14.0,"turns":4.0},{"damage":0.0,"enemies":"Slime Boss","floor":16.0,"turns":5.0},{"damage":18.0,"enemies":"Spheric Guardian","floor":18.0,"turns":4.0},{"damage":0,"enemies":"Gremlin Leader","floor":23,"turns":1}],"seed_played":"-190612394940634885","potions_obtained":[{"floor":1.0,"key":"Weak Potion"},{"floor":12.0,"key":"Ancient Potion"},{"floor":14.0,"key":"Fire Potion"},{"floor":16.0,"key":"SkillPotion"}],"is_trial":false,"path_per_floor":["M","?","?","MIM","M","E","?","?","T","R","$","M","M","M","R","B",null,"M","$","?","?","?","E"],"character_chosen":"DEFECT","items_purchased":["FTL","hubris:Ukulele","Hologram","Redo"],"campfire_rested":0,"item_purchase_floors":[11,11,11,19],"current_hp_per_floor":[67,67,60,56,56,29,29,29,29,29,29,23,23,23,23,23,75,57,57,57,57,57,57,57],"gold":42,"neow_bonus":"RANDOM_COLORLESS","is_daily":false,"chose_seed":false,"campfire_upgraded":2,"win_rate":0.0,"timestamp":1610855578,"path_taken":["M","?","?","?","M","E","?","?","T","R","$","M","?","M","R","BOSS","M","$","?","?","?","E"],"items_purchased_type":["Card","Card","Card","Card"],"build_version":"2020-12-18","purchased_purges":1,"victory":false,"max_hp_per_floor":[75,75,75,75,75,75,75,75,75,75,75,75,75,75,75,75,75,75,75,75,75,75,75,75],"card_choices":[{"not_picked":["Purity","Dramatic Entrance"],"picked":"Enlightenment","floor":0.0},{"not_picked":["Turbo","Coolheaded"],"picked":"Capacitor","floor":1.0},{"not_picked":["Cold Snap","Compile Driver"],"picked":"Coolheaded","floor":4.0},{"not_picked":["Chaos","Auto Shields"],"picked":"Melter","floor":5.0},{"not_picked":["Compile Driver","Coolheaded","Buffer"],"picked":"SKIP","floor":6.0},{"not_picked":["Go for the Eyes","Leap"],"picked":"Static Discharge","floor":12.0},{"not_picked":["Gash","Cold Snap"],"picked":"Beam Cell","floor":13.0},{"not_picked":["Barrage","Darkness"],"picked":"Redo","floor":14.0},{"not_picked":["Core Surge","hubris:DoWhile"],"picked":"Echo Form","floor":16.0},{"not_picked":["Gash+1","Conserve Battery+1"],"picked":"Rebound","floor":18.0}],"player_experience":144689,"relics_obtained":[{"floor":4.0,"key":"Bag of Marbles"},{"floor":6.0,"key":"Pen Nib"},{"floor":9.0,"key":"Lantern"}],"event_choices":[{"cards_removed":["Defend_B"],"damage_healed":0.0,"max_hp_gain":0.0,"max_hp_loss":0.0,"gold_gain":0.0,"event_name":"The Cleric","player_choice":"Card Removal","floor":2.0,"gold_loss":50.0,"damage_taken":0.0},{"damage_healed":0.0,"max_hp_gain":0.0,"max_hp_loss":0.0,"gold_gain":0.0,"event_name":"Scrap Ooze","player_choice":"Success","floor":3.0,"gold_loss":0.0,"damage_taken":7.0,"relics_obtained":["HornCleat"]},{"damage_healed":0.0,"max_hp_gain":0.0,"max_hp_loss":0.0,"gold_gain":0.0,"event_name":"Living Wall","player_choice":"Grow","floor":8.0,"gold_loss":0.0,"damage_taken":0.0,"cards_upgraded":["Zap"]},{"cards_removed":["Strike_B"],"damage_healed":0.0,"max_hp_gain":0.0,"max_hp_loss":0.0,"gold_gain":0.0,"event_name":"betterNote:BetterNote","player_choice":"Give","floor":20.0,"gold_loss":0.0,"damage_taken":0.0,"cards_obtained":["Defend_R"]},{"damage_healed":0.0,"max_hp_gain":0.0,"max_hp_loss":0.0,"gold_gain":0.0,"event_name":"The Mausoleum","player_choice":"Opened","floor":21.0,"gold_loss":0.0,"damage_taken":0.0,"relics_obtained":["Singing Bowl"],"cards_obtained":["Writhe"]}],"is_beta":true,"boss_relics":[{"not_picked":["FrozenCore","Velvet Choker","Busted Crown"]}],"items_purged_floors":[19],"is_endless":false,"potions_floor_spawned":[1,12,14,16],"killed_by":"Gremlin Leader","ascension_level":0}}