{"host":"jyuuog6ydc2s7nd8","time":1610870991,"event":{"mods":["BaseMod","Better Vampires","Minty Spire (QoL Compilation)","Shop Mod","StSLib","The Hierophant","The Servant 0.9.4","TheBandit","[IsaacMod]ÒÔÈö¼âËþ"],"gold_per_floor":[110,110,35,45,65,95,123,146,158,170,182,222,246,258,258],"floor_reached":14,"language":"ZHS","playtime":340,"items_purged":["Strike_G"],"score":254,"play_id":"595218d9-298c-4af2-88bc-5488c112d10e","local_time":"20210117160951","is_ascension_mode":true,"campfire_choices":[{"data":"Concentrate","floor":10.0,"key":"SMITH"}],"circlet_count":0,"master_deck":["AscendersBane","Strike_G","Strike_G","Strike_G","Strike_G","Defend_G","Defend_G","Defend_G","Defend_G","Defend_G","Survivor","Neutralize+1","Quick Slash","Concentrate+1","Backflip"],"relics":["Ring of the Snake","HushsDoor","NeowsBlessing","BelialBook","MawBank","DeadEye","Smiling Mask"],"acts_visited":["Exordium"],"potions_floor_usage":[],"damage_taken":[{"damage":0.0,"enemies":"Small Slimes","floor":1.0,"turns":1.0},{"damage":0.0,"enemies":"Cultist","floor":4.0,"turns":1.0},{"damage":0.0,"enemies":"Jaw Worm","floor":5.0,"turns":1.0},{"damage":19.0,"enemies":"Lagavulin","floor":6.0,"turns":6.0},{"damage":6.0,"enemies":"Large Slime","floor":7.0,"turns":11.0},{"damage":10.0,"enemies":"2 Fungi Beasts","floor":8.0,"turns":5.0},{"damage":0.0,"enemies":"Gremlin Nob","floor":12.0,"turns":2.0},{"damage":8,"enemies":"Exordium Thugs","floor":13,"turns":3},{"damage":22,"enemies":"3 Sentries","floor":14,"turns":3}],"seed_played":"8712092460746982868","potions_obtained":[{"floor":4.0,"key":"Strength Potion"},{"floor":5.0,"key":"FearPotion"},{"floor":7.0,"key":"SkillPotion"}],"is_trial":false,"path_per_floor":["M","?","$","M","M","E","M","M","T","R","$","E","M","E"],"character_chosen":"THE_SILENT","items_purchased":[],"campfire_rested":0,"item_purchase_floors":[],"current_hp_per_floor":[59,59,59,59,59,40,34,24,24,24,24,24,16,0,0],"gold":258,"neow_bonus":"THREE_ENEMY_KILL","is_daily":false,"chose_seed":false,"campfire_upgraded":1,"win_rate":0.0,"timestamp":1610870991,"path_taken":["M","?","$","M","M","E","M","M","T","R","$","E","M","E"],"items_purchased_type":[],"build_version":"2020-12-22","purchased_purges":1,"victory":false,"max_hp_per_floor":[66,66,66,66,66,66,66,66,66,66,66,66,66,66,66],"card_choices":[{"not_picked":["Terror","Expertise"],"picked":"Bomb","floor":1.0},{"not_picked":["Dash","Distraction","Slice"],"picked":"SKIP","floor":4.0},{"not_picked":["Deflect","Slice"],"picked":"Quick Slash","floor":5.0},{"not_picked":["Envenom","Sucker Punch"],"picked":"Concentrate","floor":6.0},{"not_picked":["Endless Agony","Dagger Spray","Riddle With Holes"],"picked":"SKIP","floor":7.0},{"not_picked":["Outmaneuver","Caltrops","Eviscerate"],"picked":"SKIP","floor":8.0},{"not_picked":["Caltrops","Crippling Poison","Die Die Die"],"picked":"SKIP","floor":12.0},{"not_picked":["Caltrops","Crippling Poison","Die Die Die"],"picked":"SKIP","floor":12.0},{"not_picked":["Blade Dance","Deadly Poison"],"picked":"Backflip","floor":13}],"player_experience":1824228,"relics_obtained":[{"floor":6.0,"key":"MawBank"},{"floor":9.0,"key":"DeadEye"},{"floor":12.0,"key":"Smiling Mask"}],"event_choices":[{"damage_healed":0.0,"max_hp_gain":0.0,"max_hp_loss":0.0,"gold_gain":0.0,"event_name":"Upgrade Shrine","player_choice":"Upgraded","floor":2.0,"gold_loss":0.0,"damage_taken":0.0,"cards_upgraded":["Neutralize"]}],"is_beta":false,"boss_relics":[],"items_purged_floors":[3],"is_endless":false,"potions_floor_spawned":[4,5,7],"killed_by":"3 Sentries","ascension_level":20}}