{"host":"xt797mi8yhee06c1","time":1610900832,"event":{"mods":["100% Spire Juice","BaseMod","Bestiary","Koishi","Marisa£¨Ùöéë¡¡Øª×âÞÞ£©","Minty Spire (QoL Compilation)","Poor People Problems","Prisma Mod","Relic Filter","Shop Mod","Spicy Shops","StSLib","The Marked","The Servant 0.9.4","WarShipGirlsR/??á´Ò³R mod"],"gold_per_floor":[111,66,66,85,102,102,129,144,144,144,144,156,156,167,167,267,267,278,200,211,201,219,250,250,262,262,262,277,305,199,208,208,320,320,342,231,331,360,385,424,451,73,130,188,225,54,89,114,114,114],"floor_reached":51,"language":"KOR","playtime":2992,"items_purged":["Writhe","Normality"],"score":827,"play_id":"ea53a93d-7a92-4ff2-805b-285eb9452fa9","local_time":"20210118012712","is_ascension_mode":false,"campfire_choices":[{"data":"PrismaMod:IllyaUncommonDefend","floor":6.0,"key":"SMITH"},{"data":"PrismaMod:IllyaUberPoisonChannel","floor":10.0,"key":"SMITH"},{"data":"PrismaMod:IllyaPoisonBomb","floor":15,"key":"SMITH"},{"data":"PrismaMod:IllyaRapidFire","floor":24,"key":"SMITH"},{"data":"PrismaMod:IllyaSaphire","floor":27,"key":"SMITH"},{"data":"PrismaMod:IllyaAssassinRevenge","floor":32,"key":"SMITH"},{"data":"1","floor":49,"key":"LIFT"}],"circlet_count":0,"master_deck":["PrismaMod:IllyaCommonAttack","PrismaMod:IllyaCommonDefend","PrismaMod:IllyaCommonAttack+1","PrismaMod:IllyaCommonDefend","PrismaMod:IllyaCommonAttack","PrismaMod:IllyaCommonDefend","PrismaMod:IllyaCommonAttack","PrismaMod:IllyaCommonDefend","PrismaMod:IllyaCommonAttack","PrismaMod:IllyaCommonDefend","PrismaMod:IllyaUncommonAttack+1","PrismaMod:IllyaUncommonDefend+1","PrismaMod:IllyaRubysPotion","PrismaMod:IllyaPoisonTippedWeapons","PrismaMod:IllyaPartialInstallAssassin","PrismaMod:IllyaAssassinRevenge+1","PrismaMod:IllyaUberPoisonChannel+1","PrismaMod:IllyaSaphire+1","PrismaMod:IllyaPoisonBomb+1","PrismaMod:IllyaCommandSeal+1","PrismaMod:IllyaInstallAvenger","PrismaMod:IllyaCommandSeal+1","PrismaMod:IllyaPartialInstallAssassin+1","PrismaMod:IllyaPoisonTippedWeapons","PrismaMod:IllyaInstallArcher","PrismaMod:IllyaRapidFire+1","PrismaMod:IllyaUncommonDefend+1","PrismaMod:IllyaMinorRapidFire","PrismaMod:IllyaCheapDefend+1","PrismaMod:IllyaCarnivalPrismaAstolfo+1","PrismaMod:IllyaCommandSeal+1","PrismaMod:IllyaUncommonDefend+1","PrismaMod:IllyaRubysPotion+1","PrismaMod:IllyaReinForce+1","PrismaMod:IllyaMaid+1","PrismaMod:IllyaUncommonDefend+1","PrismaMod:IllyaPoisoningPhantasm+1","PrismaMod:IllyaCarnivalDefend+1","PrismaMod:IllyaFeed+1","PrismaMod:IllyaFeed+1"],"relics":["PrismaMod:PrismaZwei","NeowsBlessing","Ancient Tea Set","Toxic Egg 2","Mercury Hourglass","Regal Pillow","Ornamental Fan","Happy Flower","Strawberry","CeramicFish","MealTicket","Cursed Key","Pantograph","Blue Candle","Shuriken","Girya","Whetstone","Toolbox","Art of War"],"acts_visited":["Exordium","TheCity","TheBeyond"],"potions_floor_usage":[47],"damage_taken":[{"damage":0.0,"enemies":"Small Slimes","floor":1.0,"turns":1.0},{"damage":0.0,"enemies":"Cultist","floor":4.0,"turns":1.0},{"damage":0.0,"enemies":"Jaw Worm","floor":5.0,"turns":1.0},{"damage":27.0,"enemies":"Lagavulin","floor":7.0,"turns":8.0},{"damage":17.0,"enemies":"Lots of Slimes","floor":8.0,"turns":4.0},{"damage":0,"enemies":"3 Louse","floor":12,"turns":4},{"damage":0,"enemies":"Blue Slaver","floor":14,"turns":3},{"damage":4,"enemies":"Hexaghost","floor":16,"turns":7},{"damage":10,"enemies":"Chosen","floor":18,"turns":4},{"damage":9,"enemies":"3 Byrds","floor":20,"turns":3},{"damage":6,"enemies":"Snake Plant","floor":22,"turns":4},{"damage":24,"enemies":"Gremlin Leader","floor":23,"turns":7},{"damage":9,"enemies":"Shelled Parasite and Fungi","floor":25,"turns":6},{"damage":4,"enemies":"3 Cultists","floor":28,"turns":3},{"damage":7,"enemies":"Book of Stabbing","floor":29,"turns":5},{"damage":11,"enemies":"Automaton","floor":33,"turns":9},{"damage":0,"enemies":"Orb Walker","floor":35,"turns":5},{"damage":0,"enemies":"3 Shapes","floor":38,"turns":4},{"damage":20,"enemies":"Maw","floor":39,"turns":6},{"damage":40,"enemies":"Giant Head","floor":40,"turns":8},{"damage":0,"enemies":"4 Shapes","floor":41,"turns":4},{"damage":1,"enemies":"2 Orb Walkers","floor":44,"turns":5},{"damage":8,"enemies":"Nemesis","floor":45,"turns":7},{"damage":64,"enemies":"Reptomancer","floor":47,"turns":7},{"damage":20,"enemies":"Jaw Worm Horde","floor":48,"turns":6},{"damage":61,"enemies":"Time Eater","floor":50,"turns":12}],"seed_played":"-6808363819807610273","potions_obtained":[{"floor":3.0,"key":"GamblersBrew"},{"floor":3.0,"key":"Regen Potion"},{"floor":3.0,"key":"BlessingOfTheForge"},{"floor":16,"key":"FairyPotion"},{"floor":22,"key":"FairyPotion"},{"floor":45,"key":"Fruit Juice"}],"is_trial":false,"path_per_floor":["M","$","?","M","M","R","E","M","T","R","?","M","T","M","R","B",null,"M","$","M","?","M","E","R","M","T","R","M","E","$","?","R","B",null,"M","$","?","M","M","E","M","$","T","?","E","$","E","M","R","B",null],"character_chosen":"ILLYA","items_purchased":["PrismaMod:IllyaPoisonTippedWeapons","Regal Pillow","CeramicFish","PrismaMod:IllyaCheapDefend+1","PrismaMod:IllyaUncommonDefend+1","Blue Candle","Shuriken","Toolbox"],"campfire_rested":0,"item_purchase_floors":[2,19,30,30,36,42,42,46],"current_hp_per_floor":[75,75,75,75,75,75,53,41,41,41,41,46,46,51,51,52,75,75,75,71,71,75,66,66,70,70,70,71,76,76,76,76,82,82,85,85,85,85,67,55,73,87,87,90,90,90,58,67,67,86],"gold":114,"neow_bonus":"THREE_ENEMY_KILL","is_daily":false,"chose_seed":false,"campfire_upgraded":6,"win_rate":0.0,"timestamp":1610900832,"path_taken":["M","$","?","?","M","R","E","M","T","R","?","M","?","M","R","BOSS","M","$","?","?","M","E","R","M","T","R","M","E","?","?","R","BOSS","M","$","?","?","M","E","M","$","T","?","E","$","E","M","R","BOSS"],"items_purchased_type":["Card","Relic","Relic","Card","Card","Relic","Relic","Relic"],"build_version":"2020-12-22","purchased_purges":2,"victory":true,"max_hp_per_floor":[75,75,75,75,75,75,75,75,75,75,75,75,75,75,75,75,75,75,75,75,75,75,75,75,75,75,75,75,82,82,82,82,82,82,85,85,85,85,87,87,87,87,87,90,90,90,98,98,98,98],"card_choices":[{"not_picked":["PrismaMod:IllyaPoisoningPhantasm","PrismaMod:IllyaHassanGift"],"picked":"PrismaMod:IllyaRubysPotion","floor":1.0},{"not_picked":["PrismaMod:IllyaCommonEvoke","PrismaMod:IllyaDetonatingBlow"],"picked":"PrismaMod:IllyaPartialInstallAssassin","floor":4.0},{"not_picked":["PrismaMod:IllyaGrailKun","PrismaMod:IllyaHassanGift"],"picked":"PrismaMod:IllyaAssassinRevenge","floor":5.0},{"not_picked":["PrismaMod:IllyaHassanGift","PrismaMod:IllyaBride"],"picked":"PrismaMod:IllyaUberPoisonChannel","floor":7.0},{"not_picked":["PrismaMod:IllyaGun","PrismaMod:IllyaFeed"],"picked":"PrismaMod:IllyaSaphire","floor":8.0},{"not_picked":["PrismaMod:IllyaAOECommonAttack","PrismaMod:IllyaPoisonTippedWeapons"],"picked":"PrismaMod:IllyaPoisonBomb","floor":12},{"not_picked":["PrismaMod:IllyaFeed","PrismaMod:IllyaBoysLove+1"],"picked":"PrismaMod:IllyaCommandSeal+1","floor":14},{"not_picked":["PrismaMod:IllyaUberAttackChannel+1","PrismaMod:IllyaCarnivalOrbs+1"],"picked":"PrismaMod:IllyaInstallAvenger","floor":16},{"not_picked":["PrismaMod:IllyaBride+1","PrismaMod:IllyaCheapChannelPoison+1"],"picked":"PrismaMod:IllyaCommandSeal+1","floor":18},{"not_picked":["PrismaMod:IllyaRubysPotion+1","PrismaMod:IllyaCheapAttack+1"],"picked":"PrismaMod:IllyaPartialInstallAssassin+1","floor":20},{"not_picked":[],"picked":"PrismaMod:IllyaPoisonTippedWeapons","floor":21},{"not_picked":[],"picked":"PrismaMod:IllyaInstallArcher","floor":21},{"not_picked":["PrismaMod:IllyaBoysLove+1","PrismaMod:IllyaReinForce+1"],"picked":"PrismaMod:IllyaRapidFire","floor":22},{"not_picked":["PrismaMod:IllyaUberPoisonBlock+1","PrismaMod:IllyaCarnivalAttack"],"picked":"PrismaMod:IllyaUncommonDefend+1","floor":23},{"not_picked":["PrismaMod:IllyaCheapDefend+1","PrismaMod:IllyaCheapChannelPoison+1"],"picked":"PrismaMod:IllyaMinorRapidFire","floor":25},{"not_picked":["PrismaMod:IllyaCheapChannelAttack+1","PrismaMod:IllyaEvokeAll+1","PrismaMod:IllyaBerserCAR"],"picked":"SKIP","floor":28},{"not_picked":["PrismaMod:IllyaRussianRoulette+1","PrismaMod:IllyaPoisonBomb","PrismaMod:IllyaPoisonTippedWeapons"],"picked":"SKIP","floor":29},{"not_picked":["PrismaMod:IllyaInstallBerserker","PrismaMod:IllyaCarnivalDefend+1"],"picked":"PrismaMod:IllyaCarnivalPrismaAstolfo+1","floor":33},{"not_picked":["PrismaMod:IllyaPoisonTippedWeapons","PrismaMod:IllyaCheapChannelDefend+1"],"picked":"PrismaMod:IllyaCommandSeal+1","floor":35},{"not_picked":["PrismaMod:IllyaBride+1","PrismaMod:IllyaAOECommonAttack+1"],"picked":"PrismaMod:IllyaRubysPotion+1","floor":38},{"not_picked":["PrismaMod:IllyaBlindPoisonToss+1","PrismaMod:IllyaEvokeAll"],"picked":"PrismaMod:IllyaReinForce+1","floor":39},{"not_picked":["PrismaMod:IllyaFriendMaker+1","PrismaMod:IllyaUpgradeOrbs+1"],"picked":"PrismaMod:IllyaMaid+1","floor":40},{"not_picked":["PrismaMod:IllyaGrail+1","PrismaMod:IllyaDevil+1"],"picked":"PrismaMod:IllyaUncommonDefend+1","floor":41},{"not_picked":["PrismaMod:IllyaRubysPotion+1","PrismaMod:IllyaCheapDefend+1"],"picked":"PrismaMod:IllyaPoisoningPhantasm+1","floor":44},{"not_picked":["PrismaMod:IllyaReinForce+1","PrismaMod:IllyaMaid+1"],"picked":"PrismaMod:IllyaCarnivalDefend+1","floor":45},{"not_picked":["PrismaMod:IllyaStunPoison+1","PrismaMod:IllyaPoisonBlock+1"],"picked":"PrismaMod:IllyaFeed+1","floor":47},{"not_picked":["PrismaMod:IllyaPoisonTippedWeapons","PrismaMod:IllyaCheapChannelPoison+1"],"picked":"PrismaMod:IllyaFeed+1","floor":48}],"player_experience":377416,"relics_obtained":[{"floor":7.0,"key":"Ancient Tea Set"},{"floor":9.0,"key":"Toxic Egg 2"},{"floor":13,"key":"Mercury Hourglass"},{"floor":23,"key":"Ornamental Fan"},{"floor":26,"key":"Happy Flower"},{"floor":29,"key":"Strawberry"},{"floor":40,"key":"Pantograph"},{"floor":44,"key":"Girya"},{"floor":45,"key":"Whetstone"},{"floor":47,"key":"Art of War"}],"event_choices":[{"damage_healed":0.0,"max_hp_gain":0.0,"max_hp_loss":0.0,"gold_gain":0.0,"event_name":"Lab","player_choice":"Got Potions","floor":3.0,"gold_loss":0.0,"damage_taken":0.0},{"damage_healed":0,"gold_gain":0,"player_choice":"Ignored","damage_taken":0,"max_hp_gain":0,"max_hp_loss":0,"event_name":"Shining Light","floor":11,"gold_loss":0},{"damage_healed":0,"gold_gain":0,"player_choice":"Opened","damage_taken":0,"relics_obtained":["MealTicket"],"max_hp_gain":0,"max_hp_loss":0,"event_name":"The Mausoleum","floor":31,"gold_loss":0,"cards_obtained":["Writhe"]},{"damage_healed":0,"gold_gain":100,"player_choice":"Pray","damage_taken":0,"max_hp_gain":0,"max_hp_loss":0,"event_name":"Golden Shrine","floor":37,"gold_loss":0},{"damage_healed":0,"gold_gain":0,"player_choice":"Fight","damage_taken":0,"max_hp_gain":0,"max_hp_loss":0,"event_name":"Mysterious Sphere","floor":44,"gold_loss":0}],"is_beta":false,"boss_relics":[{"not_picked":["Velvet Choker","Fusion Hammer"],"picked":"PrismaMod:PrismaZwei"},{"not_picked":["Coffee Dripper","Busted Crown"],"picked":"Cursed Key"}],"items_purged_floors":[36,46],"is_endless":false,"potions_floor_spawned":[1,12,16,20,22,25,29,39,40,44,45],"ascension_level":0}}