{"host":"jfbo3eu2ui08ej1u","time":1610863012,"event":{"mods":["2.2 Compatiblity","AchievementEnabler","Act Like it!","Aspiration","BaseMod","Better Altar","Better Match","Better Note","Better Sensory Stone","Better Skull","Better Third Choice","Block Reminder","Colored Map","Colored Powertips","Conspire","DeckTracker","Displayed Cursed Tome","Energized Spire","Fox Events","GifTheSpireLib","Hubris","Infinite Spire","Marked Mod","Minty Spire (QoL Compilation)","Pale of the Ancients","Quick Restart","Relic Filter","Reorder Act Four","Replay The Spire","Shop Mod","Spicy Shops","StSLib","Stuff the Spire","The Blue Laboratory","The Disciple","The Forsaken","The Hierophant","The Marked","Uncapped","Unceasing Turn Reminder","Wandering Minibosses"],"gold_per_floor":[117,131,131,147,158,183,200,229,229,229,229],"floor_reached":10,"language":"ENG","playtime":343,"items_purged":[],"score":160,"play_id":"203f72a6-a6a2-4aef-8578-0cf12668fcb5","local_time":"20210117005652","is_ascension_mode":true,"campfire_choices":[],"circlet_count":0,"master_deck":["AscendersBane","Strike_P","Strike_P","Strike_P","Strike_P","Defend_P","Defend_P","Defend_P","Defend_P","Eruption+1","Vigilance","PathToVictory","BowlingBash","SashWhip","MarkedMod:NorthStar","MarkedMod:PinPointDefense","DeceiveReality","Protect"],"relics":["PureWater","aspiration:StickyExplosives_weak","Letter Opener","Molten Egg 2"],"acts_visited":["Exordium"],"potions_floor_usage":[6,8,8],"damage_taken":[{"damage":7.0,"enemies":"Jaw Worm","floor":1.0,"turns":6.0},{"damage":0.0,"enemies":"Cultist","floor":2.0,"turns":3.0},{"damage":3.0,"enemies":"2 Louse","floor":4.0,"turns":3.0},{"damage":0.0,"enemies":"Large Slime","floor":5.0,"turns":3.0},{"damage":20,"enemies":"Lagavulin","floor":6,"turns":3},{"damage":2,"enemies":"2 Fungi Beasts","floor":7,"turns":3},{"damage":31,"enemies":"Gremlin Nob","floor":8,"turns":4},{"damage":17,"enemies":"Lagavulin","floor":10,"turns":5}],"seed_played":"6398318407602091890","potions_obtained":[{"floor":2.0,"key":"DuplicationPotion"},{"floor":3.0,"key":"Regen Potion"},{"floor":6,"key":"Swift Potion"},{"floor":8,"key":"Venom Potion"}],"is_trial":false,"path_per_floor":["M","M","?","M","M","E","M","E","T","E"],"character_chosen":"WATCHER","items_purchased":[],"campfire_rested":0,"item_purchase_floors":[],"current_hp_per_floor":[54,54,54,51,51,31,29,10,10,0,0],"gold":229,"neow_bonus":"UPGRADE_CARD","is_daily":false,"chose_seed":false,"campfire_upgraded":0,"win_rate":0.0,"timestamp":1610863012,"path_taken":["M","M","?","M","M","E","M","E","T","E"],"items_purchased_type":[],"build_version":"2020-12-22","purchased_purges":0,"victory":false,"max_hp_per_floor":[68,68,68,68,68,68,68,68,68,68,68],"card_choices":[{"not_picked":["Meditate","Study"],"picked":"PathToVictory","floor":1.0},{"not_picked":["Replay:Vibes","ForeignInfluence"],"picked":"BowlingBash","floor":2.0},{"not_picked":["WaveOfTheHand","ReachHeaven"],"picked":"SashWhip","floor":4.0},{"not_picked":["Meditate","CutThroughFate"],"picked":"MarkedMod:NorthStar","floor":5.0},{"not_picked":["FollowUp","MarkedMod:OneThousandNeedles"],"picked":"MarkedMod:PinPointDefense","floor":6},{"not_picked":["Replay:BluntJabs","WheelKick"],"picked":"DeceiveReality","floor":7},{"not_picked":["Prostrate","Brilliance"],"picked":"Protect","floor":8}],"player_experience":1199984,"relics_obtained":[{"floor":6,"key":"aspiration:StickyExplosives_weak"},{"floor":8,"key":"Letter Opener"},{"floor":9,"key":"Molten Egg 2"}],"event_choices":[{"damage_healed":0.0,"max_hp_gain":0.0,"max_hp_loss":0.0,"gold_gain":0.0,"event_name":"Lab","player_choice":"Got Potions","floor":3.0,"gold_loss":0.0,"damage_taken":0.0}],"is_beta":false,"boss_relics":[],"items_purged_floors":[],"is_endless":false,"potions_floor_spawned":[2,6,8],"killed_by":"Lagavulin","ascension_level":20}}