{"host":"792mtbovsoa03nb3","time":1610849104,"event":{"mods":["BaseMod","Conspire","Curses Come First","Dota2Spire","Halation","Hubris","Infinite Spire","Minty Spire (QoL Compilation)","Replay The Spire","StS++","StSLib"],"gold_per_floor":[113,113,38,38,55,86,86,86,168,19,35,35,56,92,92,209,209,235,277,279,304,332,346,346],"floor_reached":23,"language":"ENG","playtime":976,"items_purged":["Strike_R"],"score":201,"play_id":"f618101d-8205-467e-bff7-e5b973270600","local_time":"20210116180504","is_ascension_mode":false,"campfire_choices":[{"data":"Ghostly Armor","floor":8,"key":"SMITH"},{"data":"conspire:ExplosiveBarrier","floor":12,"key":"SMITH"},{"data":"hubris:ReadiedAction","floor":15,"key":"SMITH"}],"circlet_count":0,"master_deck":["Strike_R","Strike_R","Strike_R","Strike_R","Defend_R","Defend_R","Defend_R","Defend_R","Bash","Replay:Dark Deal+1","Ghostly Armor+1","conspire:ExplosiveBarrier+1","hubris:ReadiedAction+1","Thunderclap","Brutality","Evolve+1","Pommel Strike+1","Ghostly Armor"],"relics":["Burning Blood","infinitespire:Midas Blood","conspire:TopHat","FaceOfCleric","halation:WeightlessCrab","Bag of Marbles","StSpp:TwinEgg","Runic Pyramid"],"acts_visited":["Exordium","TheCity"],"potions_floor_usage":[16,21,21],"damage_taken":[{"damage":5,"enemies":"Cultist","floor":1,"turns":4},{"damage":0,"enemies":"2 Louse","floor":5,"turns":2},{"damage":19,"enemies":"3 Sentries","floor":6,"turns":8},{"damage":0,"enemies":"Jaw Worm","floor":11,"turns":3},{"damage":5,"enemies":"Exordium Wildlife","floor":13,"turns":3},{"damage":18,"enemies":"Lagavulin","floor":14,"turns":9},{"damage":27,"enemies":"The Guardian","floor":16,"turns":13},{"damage":9,"enemies":"3 Byrds","floor":18,"turns":5},{"damage":45,"enemies":"Spheric Guardian","floor":19,"turns":8},{"damage":19,"enemies":"Shelled Parasite and Fungi","floor":21,"turns":5},{"damage":8,"enemies":"Chosen and Byrds","floor":22,"turns":6},{"damage":21,"enemies":"Gremlin Leader","floor":23,"turns":5}],"seed_played":"-1071168271083090608","potions_obtained":[{"floor":14,"key":"LifebloodPotion"},{"floor":16,"key":"Strength Potion"},{"floor":18,"key":"Dota2Spire:HealingSalve"},{"floor":19,"key":"Swift Potion"},{"floor":21,"key":"Swift Potion"}],"is_trial":false,"path_per_floor":["M","T","$","?","M","E","?","R","T","$","M","R","M","E","R","B",null,"M","M","?","M","M","E"],"character_chosen":"IRONCLAD","items_purchased":["Bag of Marbles"],"campfire_rested":0,"item_purchase_floors":[10],"current_hp_per_floor":[72,72,72,72,72,59,59,59,59,59,66,66,68,57,57,37,76,74,36,21,21,20,0,0],"gold":346,"neow_bonus":"RANDOM_COLORLESS_2","is_daily":false,"chose_seed":false,"campfire_upgraded":3,"win_rate":0.0,"timestamp":1610849104,"path_taken":["M","?","$","?","M","E","?","R","T","$","?","R","M","E","R","BOSS","M","M","?","M","M","E"],"items_purchased_type":["Relic"],"build_version":"2020-12-22","purchased_purges":1,"victory":false,"max_hp_per_floor":[72,72,72,72,72,72,72,72,72,72,73,73,74,75,75,76,76,77,78,83,84,85,85,85],"card_choices":[{"not_picked":["Thinking Ahead","Violence"],"picked":"Replay:Dark Deal","floor":0},{"not_picked":["Entrench","Perfected Strike","Havoc"],"picked":"SKIP","floor":1},{"not_picked":["ReplayTheSpireMod:Corrosion Curse","Body Slam","Battle Trance"],"picked":"SKIP","floor":5},{"not_picked":["Body Slam","Flex"],"picked":"Ghostly Armor","floor":6},{"not_picked":["Dual Wield","Replay:Undeath\u0027s Touch"],"picked":"conspire:ExplosiveBarrier","floor":11},{"not_picked":["Heavy Blade","Perfected Strike"],"picked":"hubris:ReadiedAction","floor":13},{"not_picked":["Havoc","Clash"],"picked":"Thunderclap","floor":14},{"not_picked":["Exhume","StSpp:BladeOfBlood"],"picked":"Brutality","floor":16},{"not_picked":["StSpp:TheBiggerTheyAre+1","hubris:ReadiedAction"],"picked":"Evolve+1","floor":18},{"not_picked":["Headbutt","Sword Boomerang+1","Dropkick+1"],"picked":"SKIP","floor":19},{"not_picked":["StSpp:Sprint","Searing Blow"],"picked":"Pommel Strike+1","floor":21},{"not_picked":["infinitespire:OneForAll+1","Flex"],"picked":"Ghostly Armor","floor":22}],"player_experience":904057,"relics_obtained":[{"floor":2,"key":"infinitespire:Midas Blood"},{"floor":6,"key":"conspire:TopHat"},{"floor":9,"key":"halation:WeightlessCrab"},{"floor":14,"key":"StSpp:TwinEgg"}],"event_choices":[{"damage_healed":0,"gold_gain":0,"player_choice":"Grow","damage_taken":0,"max_hp_gain":0,"max_hp_loss":0,"event_name":"Living Wall","floor":4,"gold_loss":0,"cards_upgraded":["Replay:Dark Deal"]},{"damage_healed":0,"gold_gain":0,"player_choice":"Trade","damage_taken":0,"relics_obtained":["FaceOfCleric"],"max_hp_gain":0,"max_hp_loss":0,"event_name":"FaceTrader","floor":7,"gold_loss":0},{"damage_healed":0,"gold_gain":0,"player_choice":"Shed Blood","damage_taken":20,"max_hp_gain":5,"max_hp_loss":0,"event_name":"Forgotten Altar","floor":20,"gold_loss":0}],"is_beta":false,"boss_relics":[{"not_picked":["halation:LoveArrow","hubris:HollowSoul"],"picked":"Runic Pyramid"}],"items_purged_floors":[3],"is_endless":false,"potions_floor_spawned":[14,16,18,19,21],"killed_by":"Gremlin Leader","ascension_level":0}}