{"host":"0nndazl0keusavit","time":1610927580,"event":{"mods":["AchievementEnabler","BaseMod","Colored Map","Curses Come First","Highlight Path","Minty Spire (QoL Compilation)","Relic Stats","StSLib"],"gold_per_floor":[109,125,140,83,83,112,112,112,112,140,151,151,183,197,197,273,273,283,283,297,2,0,0,0,0],"floor_reached":24,"language":"ENG","playtime":1010,"items_purged":[],"score":478,"play_id":"c70a8489-8875-463a-86cc-bfeded08a9b6","local_time":"20210117185300","is_ascension_mode":true,"campfire_choices":[{"data":"TalkToTheHand","floor":7.0,"key":"SMITH"},{"floor":12.0,"key":"REST"},{"data":"Vigilance","floor":15.0,"key":"SMITH"},{"data":"SpiritShield","floor":23,"key":"SMITH"}],"circlet_count":0,"master_deck":["AscendersBane","Strike_P","Strike_P","Strike_P","Strike_P","Defend_P","Defend_P","Defend_P","Defend_P","Eruption","Vigilance+1","FearNoEvil","TalkToTheHand+1","EmptyFist+1","DevaForm","Conclude+1","SpiritShield+1","LikeWater+1","Necronomicurse","Wallop+1"],"relics":["Snecko Eye","Letter Opener","Boot","Molten Egg 2","Singing Bowl","Black Star","Necronomicon","Pen Nib"],"acts_visited":["Exordium","TheCity"],"potions_floor_usage":[20,24],"damage_taken":[{"damage":2.0,"enemies":"Cultist","floor":1.0,"turns":3.0},{"damage":1.0,"enemies":"2 Louse","floor":2.0,"turns":3.0},{"damage":4.0,"enemies":"Jaw Worm","floor":3.0,"turns":4.0},{"damage":15.0,"enemies":"3 Sentries","floor":6.0,"turns":6.0},{"damage":6.0,"enemies":"Lagavulin","floor":10.0,"turns":4.0},{"damage":4.0,"enemies":"Exordium Thugs","floor":11.0,"turns":4.0},{"damage":0.0,"enemies":"Gremlin Nob","floor":13.0,"turns":2.0},{"damage":0.0,"enemies":"Looter","floor":14.0,"turns":2.0},{"damage":20.0,"enemies":"Slime Boss","floor":16.0,"turns":9.0},{"damage":13.0,"enemies":"3 Byrds","floor":18.0,"turns":5.0},{"damage":0,"enemies":"Chosen","floor":20,"turns":2},{"damage":40,"enemies":"Slavers","floor":24,"turns":1}],"seed_played":"5918031905661418725","potions_obtained":[{"floor":3.0,"key":"AttackPotion"},{"floor":6.0,"key":"SteroidPotion"},{"floor":14.0,"key":"Swift Potion"},{"floor":18.0,"key":"Strength Potion"}],"is_trial":false,"path_per_floor":["M","M","M","$","?","E","R","?","T","E","M","R","E","M","R","B",null,"M","?","M","$","?","R","E"],"character_chosen":"WATCHER","items_purchased":["EmptyFist","Wallop+1","Pen Nib","AttackPotion"],"campfire_rested":1,"item_purchase_floors":[4,21,21,21],"current_hp_per_floor":[59,58,54,54,54,39,39,39,39,33,29,49,51,53,53,33,62,49,28,30,30,30,30,0,0],"gold":0,"neow_bonus":"BOSS_RELIC","is_daily":false,"chose_seed":false,"campfire_upgraded":3,"win_rate":0.0,"timestamp":1610927580,"path_taken":["M","M","M","$","?","E","R","?","T","E","?","R","E","M","R","BOSS","M","?","M","$","?","R","E"],"items_purchased_type":["Card","Card","Relic","Potion"],"build_version":"2020-12-22","purchased_purges":0,"victory":false,"max_hp_per_floor":[68,68,68,68,68,68,68,68,68,68,68,68,70,72,72,72,72,72,72,74,74,74,74,74,74],"relic_stats":{"Singing Bowl":6,"counters":[12,45],"Snecko Eye":[71,81,67,76],"Pen Nib":[0],"Black Star":0,"Necronomicon":[3],"Letter Opener":[5],"Boot":[23],"obtain_stats":[{"Singing Bowl":13,"Snecko Eye":0,"Molten Egg 2":10,"Pen Nib":21,"Black Star":17,"Necronomicon":19,"Letter Opener":6,"PureWater":0,"Boot":9},{"Singing Bowl":7,"Snecko Eye":0,"Molten Egg 2":5,"Pen Nib":11,"Black Star":9,"Necronomicon":10,"Letter Opener":4,"PureWater":0,"Boot":4},{"Singing Bowl":26,"Snecko Eye":0,"Molten Egg 2":20,"Pen Nib":44,"Black Star":37,"Necronomicon":42,"Letter Opener":16,"PureWater":0,"Boot":16}]},"card_choices":[{"not_picked":["CrushJoints","Prostrate","Consecrate"],"picked":"SKIP","floor":1.0},{"not_picked":["JustLucky","Crescendo"],"picked":"FearNoEvil","floor":2.0},{"not_picked":["CarveReality","EmptyBody"],"picked":"TalkToTheHand","floor":3.0},{"not_picked":["Consecrate","CutThroughFate","FlyingSleeves"],"picked":"SKIP","floor":6.0},{"not_picked":["BowlingBash","CutThroughFate"],"picked":"DevaForm","floor":10.0},{"not_picked":["Prostrate","PathToVictory"],"picked":"Conclude+1","floor":11.0},{"not_picked":["BattleHymn","Evaluate","Halt"],"picked":"Singing Bowl","floor":13.0},{"not_picked":["Evaluate","Conclude+1","CutThroughFate+1"],"picked":"Singing Bowl","floor":14.0},{"not_picked":["ConjureBlade","DeusExMachina"],"picked":"SpiritShield","floor":16.0},{"not_picked":["Sanctity","SashWhip+1"],"picked":"LikeWater+1","floor":18.0},{"not_picked":["CarveReality+1","Protect","Pray"],"picked":"Singing Bowl","floor":20}],"player_experience":892084,"relics_obtained":[{"floor":6.0,"key":"Letter Opener"},{"floor":9.0,"key":"Boot"},{"floor":10.0,"key":"Molten Egg 2"},{"floor":13.0,"key":"Singing Bowl"},{"floor":19.0,"key":"Necronomicon"}],"event_choices":[{"damage_healed":0.0,"max_hp_gain":0.0,"max_hp_loss":0.0,"gold_gain":0.0,"event_name":"Living Wall","player_choice":"Grow","floor":5.0,"gold_loss":0.0,"damage_taken":0.0,"cards_upgraded":["EmptyFist"]},{"damage_healed":0.0,"max_hp_gain":0.0,"max_hp_loss":0.0,"gold_gain":0.0,"event_name":"Liars Game","player_choice":"Ignored","floor":8.0,"gold_loss":0.0,"damage_taken":0.0},{"damage_healed":0.0,"max_hp_gain":0.0,"max_hp_loss":0.0,"gold_gain":0.0,"event_name":"Cursed Tome","player_choice":"Obtained Book","floor":19.0,"gold_loss":0.0,"damage_taken":21.0},{"damage_healed":0,"gold_gain":0,"player_choice":"Paid Fearfully","damage_taken":0,"max_hp_gain":0,"max_hp_loss":0,"event_name":"Masked Bandits","floor":22,"gold_loss":2}],"is_beta":false,"boss_relics":[{"not_picked":["Fusion Hammer","SacredBark"],"picked":"Black Star"}],"items_purged_floors":[],"is_endless":false,"potions_floor_spawned":[3,6,11,14,18],"killed_by":"Slavers","ascension_level":20}}