{"host":"at8674jmuidj9jgx","time":1610886814,"event":{"mods":["AchievementEnabler","BaseMod","Colored Map","Colored Powertips","Minty Spire (QoL Compilation)"],"gold_per_floor":[119,8,25,40,115,142,142,172,472,488,488,498,498,12,12,107,107,97,12,12,29,42,69,88,105,105,105,105,116,148,159,159,263,263,279,279,0,0,12,12,12,43,43,73,88,116,129,140,140,140,140],"floor_reached":50,"language":"ENG","playtime":4225,"items_purged":["Defend_G","Catalyst","Defend_G"],"score":609,"play_id":"9a816fa7-7788-4b89-8026-be5232770988","local_time":"20210117153334","is_ascension_mode":false,"campfire_choices":[{"floor":11,"key":"REST"},{"floor":13,"key":"REST"},{"data":"Tactician","floor":15,"key":"SMITH"},{"floor":27,"key":"REST"},{"floor":32,"key":"REST"},{"data":"Prepared","floor":40,"key":"SMITH"},{"floor":49,"key":"REST"}],"circlet_count":0,"master_deck":["Strike_G","Strike_G","Strike_G","Strike_G","Strike_G","Defend_G","Defend_G","Defend_G","Survivor","Neutralize","Backstab","Acrobatics","Underhanded Strike","After Image","Tactician+1","A Thousand Cuts","Underhanded Strike+1","Acrobatics","All Out Attack","Dagger Throw","Prepared+1","Underhanded Strike","Prepared","Eviscerate","Doppelganger","Reflex+1","Secret Technique","Enlightenment","Pain","Tactician+1","Clumsy","Burst","Prepared+1","Dagger Throw+1"],"relics":["Ring of the Snake","Tough Bandages","Tingsha","Old Coin","Tiny Chest","ClockworkSouvenir","HoveringKite","White Beast Statue","Vajra","Gremlin Horn","Bottled Tornado","WingedGreaves","Cursed Key","Happy Flower","Meat on the Bone","Ancient Tea Set","Mummified Hand","MealTicket","Omamori"],"acts_visited":["Exordium","TheCity","TheBeyond"],"potions_floor_usage":[8,8,18,21,22,22,23,29,30,33,42,42,44,47,48,50,50],"damage_taken":[{"damage":7,"enemies":"Jaw Worm","floor":1,"turns":6},{"damage":10,"enemies":"2 Louse","floor":3,"turns":3},{"damage":0,"enemies":"Cultist","floor":4,"turns":3},{"damage":28,"enemies":"Gremlin Nob","floor":6,"turns":4},{"damage":1,"enemies":"3 Sentries","floor":8,"turns":4},{"damage":10,"enemies":"3 Louse","floor":10,"turns":3},{"damage":0,"enemies":"Red Slaver","floor":12,"turns":2},{"damage":50,"enemies":"Hexaghost","floor":16,"turns":12},{"damage":16,"enemies":"2 Thieves","floor":18,"turns":4},{"damage":2,"enemies":"3 Byrds","floor":21,"turns":3},{"damage":14,"enemies":"Centurion and Healer","floor":22,"turns":5},{"damage":17,"enemies":"Book of Stabbing","floor":23,"turns":4},{"damage":0,"enemies":"Shelled Parasite and Fungi","floor":24,"turns":4},{"damage":14,"enemies":"Snake Plant","floor":25,"turns":4},{"damage":0,"enemies":"Snecko","floor":29,"turns":2},{"damage":7,"enemies":"Slavers","floor":30,"turns":3},{"damage":3,"enemies":"Centurion and Healer","floor":31,"turns":2},{"damage":28,"enemies":"Automaton","floor":33,"turns":8},{"damage":4,"enemies":"3 Darklings","floor":35,"turns":2},{"damage":3,"enemies":"3 Shapes","floor":39,"turns":2},{"damage":4,"enemies":"Reptomancer","floor":42,"turns":2},{"damage":14,"enemies":"Giant Head","floor":44,"turns":7},{"damage":1,"enemies":"Spire Growth","floor":45,"turns":3},{"damage":49,"enemies":"Nemesis","floor":46,"turns":3},{"damage":0,"enemies":"Jaw Worm Horde","floor":47,"turns":1},{"damage":37,"enemies":"Writhing Mass","floor":48,"turns":4},{"damage":47,"enemies":"Time Eater","floor":50,"turns":4}],"seed_played":"-3289889609832331208","potions_obtained":[{"floor":3,"key":"AttackPotion"},{"floor":6,"key":"ColorlessPotion"},{"floor":8,"key":"SpeedPotion"},{"floor":16,"key":"SkillPotion"},{"floor":18,"key":"LiquidMemories"},{"floor":21,"key":"CunningPotion"},{"floor":22,"key":"PowerPotion"},{"floor":23,"key":"FairyPotion"},{"floor":24,"key":"FearPotion"},{"floor":25,"key":"LiquidMemories"},{"floor":29,"key":"CultistPotion"},{"floor":30,"key":"SteroidPotion"},{"floor":31,"key":"GhostInAJar"},{"floor":33,"key":"Block Potion"},{"floor":35,"key":"DuplicationPotion"},{"floor":42,"key":"Swift Potion"},{"floor":44,"key":"Explosive Potion"},{"floor":45,"key":"Dexterity Potion"},{"floor":46,"key":"Block Potion"},{"floor":47,"key":"DuplicationPotion"},{"floor":48,"key":"Energy Potion"}],"is_trial":false,"path_per_floor":["M","$","M","M","?","E","?","E","T","M","R","M","R","$","R","B",null,"M","?","?","M","M","E","M","M","T","R","T","M","E","M","R","B",null,"M","?","$","?","M","R","T","E","T","E","M","E","M","M","R","B"],"character_chosen":"THE_SILENT","items_purchased":["Catalyst","Tiny Chest","ClockworkSouvenir","Tactician","Happy Flower"],"campfire_rested":5,"item_purchase_floors":[2,14,14,14,37],"current_hp_per_floor":[70,70,60,60,49,21,21,20,20,10,33,33,56,56,56,6,77,61,61,61,59,45,28,28,14,14,37,37,37,30,27,50,22,77,73,63,63,68,65,65,65,61,61,47,46,32,44,19,42,0,0],"gold":140,"neow_bonus":"TEN_PERCENT_HP_BONUS","is_daily":false,"chose_seed":false,"campfire_upgraded":2,"win_rate":0.0,"timestamp":1610886814,"path_taken":["M","$","M","M","?","E","?","E","T","M","R","M","R","$","R","BOSS","M","?","?","?","M","E","M","M","T","R","?","M","E","M","R","BOSS","M","?","$","?","?","R","?","E","T","E","M","E","M","M","R","BOSS"],"items_purchased_type":["Card","Relic","Relic","Card","Relic"],"build_version":"2020-12-22","purchased_purges":3,"victory":false,"max_hp_per_floor":[77,77,77,77,77,77,77,77,77,77,77,77,77,77,77,77,77,77,77,77,77,77,77,77,77,77,77,77,77,77,77,77,77,77,77,77,77,77,77,77,77,77,77,77,77,77,77,77,77,77,77],"card_choices":[{"not_picked":["Slice","Prepared"],"picked":"Deadly Poison","floor":1},{"not_picked":["Deflect","Cloak And Dagger","Endless Agony"],"picked":"SKIP","floor":3},{"not_picked":["Caltrops","Underhanded Strike","Heel Hook"],"picked":"SKIP","floor":4},{"not_picked":["Finisher","Dodge and Roll"],"picked":"Outmaneuver","floor":6},{"not_picked":["Caltrops","Tactician"],"picked":"Acrobatics","floor":8},{"not_picked":["Dodge and Roll","Backstab"],"picked":"Underhanded Strike","floor":10},{"not_picked":["Crippling Poison","Deflect"],"picked":"After Image","floor":12},{"not_picked":["Night Terror","Bullet Time"],"picked":"A Thousand Cuts","floor":16},{"not_picked":["PiercingWail","Outmaneuver"],"picked":"Underhanded Strike+1","floor":18},{"not_picked":["Slice","Endless Agony"],"picked":"All Out Attack","floor":21},{"not_picked":["Underhanded Strike","Flechettes"],"picked":"Dagger Throw","floor":22},{"not_picked":["Predator","Bane"],"picked":"Prepared","floor":23},{"not_picked":["PiercingWail","Dodge and Roll"],"picked":"Underhanded Strike","floor":24},{"not_picked":["Cloak And Dagger","Slice"],"picked":"Prepared","floor":25},{"not_picked":["Deflect","Backstab","Cloak And Dagger"],"picked":"SKIP","floor":29},{"not_picked":["Sucker Punch","PiercingWail+1","Dash"],"picked":"SKIP","floor":30},{"not_picked":["Phantasmal Killer","Reflex"],"picked":"Eviscerate","floor":31},{"not_picked":["Unload","Wraith Form v2"],"picked":"Doppelganger","floor":33},{"not_picked":["Heel Hook+1","Flying Knee"],"picked":"Reflex+1","floor":35},{"not_picked":["Good Instincts","Metamorphosis"],"picked":"Secret Technique","floor":36},{"not_picked":["Discovery","Blind"],"picked":"Enlightenment","floor":36},{"not_picked":["PiercingWail+1","Noxious Fumes","Dagger Spray"],"picked":"SKIP","floor":39},{"not_picked":["Backstab","Expertise+1"],"picked":"Tactician+1","floor":42},{"not_picked":["Eviscerate+1","Underhanded Strike+1"],"picked":"Burst","floor":44},{"not_picked":["Flechettes","Outmaneuver+1"],"picked":"Prepared+1","floor":45},{"not_picked":["Quick Slash+1","Backflip+1"],"picked":"Dagger Throw+1","floor":46},{"not_picked":["Caltrops","Sucker Punch","Flechettes"],"picked":"SKIP","floor":47},{"not_picked":["Bouncing Flask+1","Prepared","Crippling Poison"],"picked":"SKIP","floor":48}],"player_experience":87378,"relics_obtained":[{"floor":6,"key":"Tough Bandages"},{"floor":8,"key":"Tingsha"},{"floor":9,"key":"Old Coin"},{"floor":23,"key":"Vajra"},{"floor":26,"key":"Gremlin Horn"},{"floor":28,"key":"Bottled Tornado"},{"floor":30,"key":"WingedGreaves"},{"floor":41,"key":"Meat on the Bone"},{"floor":42,"key":"Ancient Tea Set"},{"floor":43,"key":"Mummified Hand"},{"floor":44,"key":"MealTicket"},{"floor":46,"key":"Omamori"}],"event_choices":[{"damage_healed":0,"gold_gain":75,"player_choice":"Gather Gold","damage_taken":11,"max_hp_gain":0,"max_hp_loss":0,"event_name":"World of Goop","floor":5,"gold_loss":0},{"damage_healed":0,"gold_gain":0,"cards_transformed":["Outmaneuver"],"player_choice":"Change","damage_taken":0,"max_hp_gain":0,"max_hp_loss":0,"event_name":"Living Wall","floor":7,"gold_loss":0,"cards_obtained":["Backstab"]},{"damage_healed":0,"gold_gain":0,"player_choice":"Obtained Relic","damage_taken":0,"relics_obtained":["White Beast Statue"],"max_hp_gain":0,"max_hp_loss":0,"event_name":"Addict","floor":19,"gold_loss":85},{"damage_healed":0,"gold_gain":0,"player_choice":"Read","damage_taken":0,"max_hp_gain":0,"max_hp_loss":0,"event_name":"The Library","floor":20,"gold_loss":0,"cards_obtained":["Acrobatics"]},{"damage_healed":0,"gold_gain":0,"player_choice":"Memory 3","damage_taken":10,"max_hp_gain":0,"max_hp_loss":0,"event_name":"SensoryStone","floor":36,"gold_loss":0},{"cards_removed":["Deadly Poison"],"damage_healed":5,"gold_gain":0,"player_choice":"Offered Common","damage_taken":0,"max_hp_gain":0,"max_hp_loss":0,"event_name":"Bonfire Elementals","floor":38,"gold_loss":0},{"cards_removed":["Deadly Poison"],"damage_healed":5,"gold_gain":0,"player_choice":"Offered Special","damage_taken":0,"max_hp_gain":0,"max_hp_loss":0,"event_name":"Bonfire Elementals","floor":38,"gold_loss":0}],"is_beta":false,"boss_relics":[{"not_picked":["Velvet Choker","Ectoplasm"],"picked":"HoveringKite"},{"not_picked":["WristBlade","Sozu"],"picked":"Cursed Key"}],"items_purged_floors":[2,14,37],"is_endless":false,"potions_floor_spawned":[3,6,8,16,18,21,22,23,24,25,29,30,31,33,35,39,42,44,45,46,47,48],"killed_by":"Time Eater","ascension_level":0}}