{"host":"h3c6rtdc4153hgw2","time":1610915913,"event":{"mods":["AchievementEnabler","Aspiration","BaseMod","Beaked The Cultist","Colored Map","Colored Powertips","Hermit","Hubris","Marisa????????","Minty Spire (QoL Compilation)","Permanent Neow","Quick Restart","StSLib","The Construct","The Cursed","The Hierophant","The Necromancer"],"gold_per_floor":[116,130,130,148,158,158,170,170,170,20,54,72,146,157,157,258,258,269,288,248,262,262,262,277,311,311,311,311],"floor_reached":27,"language":"ENG","playtime":1319,"items_purged":[],"score":237,"play_id":"f027a9e8-395c-42ad-95cc-5a52ce263be0","local_time":"20210117203833","is_ascension_mode":false,"campfire_choices":[{"data":"BattleHymn","floor":6,"key":"SMITH"},{"floor":8,"key":"REST"},{"floor":15,"key":"REST"},{"floor":23,"key":"REST"}],"circlet_count":0,"master_deck":["Strike_P","Strike_P+1","Strike_P","Defend_P","Defend_P+1","Defend_P","Defend_P","Eruption","Vigilance","Wallop","SashWhip","BattleHymn+1","ReachHeaven","Worship","SignatureMove","Perseverance","Crescendo","Evaluate","Establishment","Consecrate","BattleHymn+1","Halt"],"relics":["construct:ClawGrip","hubris:MysteriousPyramids","HandDrill","Lantern","Meat on the Bone","Busted Crown","hubris:Icosahedron","Ginger"],"acts_visited":["Exordium","TheCity"],"potions_floor_usage":[11,24,25,25,27],"damage_taken":[{"damage":0,"enemies":"Cultist","floor":1,"turns":3},{"damage":0,"enemies":"Jaw Worm","floor":2,"turns":2},{"damage":6,"enemies":"2 Louse","floor":4,"turns":3},{"damage":11,"enemies":"Blue Slaver","floor":5,"turns":3},{"damage":10,"enemies":"Looter","floor":7,"turns":3},{"damage":28,"enemies":"3 Sentries","floor":11,"turns":6},{"damage":16,"enemies":"Exordium Thugs","floor":12,"turns":3},{"damage":0,"enemies":"Large Slime","floor":14,"turns":4},{"damage":46,"enemies":"The Guardian","floor":16,"turns":8},{"damage":7,"enemies":"Shell Parasite","floor":18,"turns":3},{"damage":28,"enemies":"2 Thieves","floor":19,"turns":3},{"damage":18,"enemies":"Shelled Parasite and Fungi","floor":21,"turns":3},{"damage":0,"enemies":"Snake Plant","floor":24,"turns":2},{"damage":48,"enemies":"Slavers","floor":25,"turns":4},{"damage":22,"enemies":"Centurion and Healer","floor":27,"turns":2}],"seed_played":"8356703762882654249","potions_obtained":[{"floor":2,"key":"BottledMiracle"},{"floor":11,"key":"Dexterity Potion"},{"floor":12,"key":"FearPotion"},{"floor":18,"key":"Strength Potion"},{"floor":25,"key":"Regen Potion"}],"is_trial":false,"path_per_floor":["M","M","?","M","M","R","M","R","T","$","E","M","T","M","R","B",null,"M","M","?","M","?","R","M","E","T","M"],"character_chosen":"WATCHER","items_purchased":["HandDrill"],"campfire_rested":3,"item_purchase_floors":[10],"current_hp_per_floor":[72,72,72,66,55,55,45,66,66,66,38,22,22,34,55,21,72,65,37,37,31,31,52,52,16,16,0,0],"gold":311,"neow_bonus":"BOSS_RELIC","is_daily":false,"chose_seed":false,"campfire_upgraded":1,"win_rate":0.0,"timestamp":1610915913,"path_taken":["M","M","?","M","M","R","?","R","T","$","E","M","?","?","R","BOSS","M","M","?","?","?","R","M","E","T","M"],"items_purchased_type":["Relic"],"build_version":"2020-12-22","purchased_purges":0,"victory":false,"max_hp_per_floor":[72,72,72,72,72,72,72,72,72,72,72,72,72,72,72,72,72,72,72,72,72,72,72,72,72,72,72,72],"card_choices":[{"not_picked":["FollowUp","CrushJoints"],"picked":"Wallop","floor":1},{"not_picked":["Protect","InnerPeace"],"picked":"SashWhip","floor":2},{"not_picked":["SandsOfTime","Conclude"],"picked":"ReachHeaven","floor":4},{"not_picked":["Collect","Prostrate"],"picked":"Worship","floor":5},{"not_picked":["FollowUp","Prostrate"],"picked":"SignatureMove","floor":7},{"not_picked":["Protect","Weave"],"picked":"Perseverance","floor":11},{"not_picked":["Nirvana","CutThroughFate"],"picked":"Crescendo","floor":12},{"not_picked":["Sanctity","MentalFortress"],"picked":"Evaluate","floor":14},{"not_picked":["Scrawl","DeusExMachina"],"picked":"Establishment","floor":16},{"not_picked":["CrushJoints"],"picked":"SKIP","floor":18},{"not_picked":[],"picked":"Consecrate","floor":19},{"not_picked":[],"picked":"BattleHymn+1","floor":21},{"not_picked":["EmptyBody+1"],"picked":"SKIP","floor":24},{"not_picked":[],"picked":"Halt","floor":25}],"player_experience":134426,"relics_obtained":[{"floor":9,"key":"hubris:MysteriousPyramids"},{"floor":11,"key":"Lantern"},{"floor":13,"key":"Meat on the Bone"},{"floor":25,"key":"Ginger"}],"event_choices":[{"damage_healed":0,"gold_gain":0,"cards_transformed":["Strike_P"],"player_choice":"Transformed","damage_taken":0,"max_hp_gain":0,"max_hp_loss":0,"event_name":"Transmorgrifier","floor":3,"gold_loss":0,"cards_obtained":["BattleHymn"]},{"damage_healed":0,"gold_gain":0,"player_choice":"Upgraded Two","damage_taken":0,"max_hp_gain":0,"max_hp_loss":0,"event_name":"Designer","floor":20,"gold_loss":40,"cards_upgraded":["Strike_P","Defend_P"]}],"is_beta":false,"boss_relics":[{"not_picked":["hubris:TerracottaHorce","Cursed Key"],"picked":"Busted Crown"}],"items_purged_floors":[],"is_endless":false,"potions_floor_spawned":[2,11,12,18,21,25],"killed_by":"Centurion and Healer","ascension_level":0}}