{"host":"nl9gyitbz774fola","time":1610851223,"event":{"mods":["AchievementEnabler","BaseMod","Colored Map","Colored Powertips","Minty Spire (QoL Compilation)","Replay The Spire","StSLib","The Alterego","Uncapped"],"gold_per_floor":[116,116,127,127,127,154,154,170,170,170,188,199,215,229,229,324,324,344,355,389,389,389,389,421,421,444,54,102,102,110,110],"floor_reached":30,"language":"ENG","playtime":2078,"items_purged":[],"score":293,"play_id":"783e14bb-618c-40f1-8dbf-7a3206ba535b","local_time":"20210116214023","is_ascension_mode":false,"campfire_choices":[{"floor":7,"key":"REST"},{"floor":15,"key":"REST"},{"floor":23,"key":"REST"},{"floor":25,"key":"REST"}],"circlet_count":0,"master_deck":["Strike_R","Strike_R","Strike_R","Strike_R","Defend_R","Defend_R","Defend_R","Defend_R","Run Through","Replay:Undeath\u0027s Touch","Headbutt","ReplayTheSpireMod:Stacked","Flex+1","Clash","Offering+1","Run Through","Limit Break+1","Clothesline+1","Rage+1","Iron Wave+1","Berserk","Bloodletting+1","Crow Ritual","Pot Of Greed+1","Pot Of Greed+1","Twin Strike","Pot Of Greed+1"],"relics":["Burning Blood","Replay:Bottled Steam","Omamori","Toxic Egg 2","Ring of Chaos","Red Mask","Dream Catcher","Replay:Bandana","Strawberry","Grinning Jar","Magic Flower"],"acts_visited":["Exordium","TheCity"],"potions_floor_usage":[16,16,28],"damage_taken":[{"damage":6,"enemies":"Cultist","floor":1,"turns":3},{"damage":7,"enemies":"Small Slimes","floor":3,"turns":4},{"damage":47,"enemies":"3 Sentries","floor":6,"turns":10},{"damage":6,"enemies":"2 Louse","floor":8,"turns":3},{"damage":16,"enemies":"Red Slaver","floor":11,"turns":3},{"damage":0,"enemies":"Looter","floor":12,"turns":3},{"damage":12,"enemies":"Blue Slaver","floor":13,"turns":2},{"damage":0,"enemies":"Red Slaver","floor":14,"turns":2},{"damage":74,"enemies":"The Guardian","floor":16,"turns":9},{"damage":27,"enemies":"2 Thieves","floor":18,"turns":5},{"damage":6,"enemies":"Chosen","floor":19,"turns":3},{"damage":37,"enemies":"Masked Bandits","floor":20,"turns":5},{"damage":37,"enemies":"Replay:Snechameleon","floor":24,"turns":11},{"damage":52,"enemies":"Gremlin Leader","floor":28,"turns":6},{"damage":0,"enemies":"3 Cultists","floor":30,"turns":2}],"seed_played":"5262735284262822618","potions_obtained":[{"floor":11,"key":"Adrenaline Potion"},{"floor":13,"key":"Weak Potion"},{"floor":19,"key":"LifebloodPotion"},{"floor":20,"key":"Cursed Concoction"}],"is_trial":false,"path_per_floor":["M","?","M","$","?","E","R","M","T","?","M","M","M","M","R","B",null,"M","M","?","$","?","R","E","R","T","$","E","T","M"],"character_chosen":"IRONCLAD","items_purchased":["Crow Ritual","Strawberry","Toxic Potion"],"campfire_rested":4,"item_purchase_floors":[27,27,27],"current_hp_per_floor":[88,88,87,87,84,43,69,69,69,69,59,65,59,65,88,20,88,67,67,36,36,36,62,31,57,57,64,18,18,18,18],"gold":110,"neow_bonus":"TEN_PERCENT_HP_BONUS","is_daily":false,"chose_seed":false,"campfire_upgraded":0,"win_rate":0.0,"timestamp":1610851223,"path_taken":["M","?","?","$","?","E","R","M","T","?","M","M","M","?","R","BOSS","M","M","?","$","?","R","E","R","T","$","E","?","M"],"items_purchased_type":["Card","Relic","Potion"],"build_version":"2020-12-22","purchased_purges":0,"victory":false,"max_hp_per_floor":[88,88,88,88,88,88,88,88,88,88,88,88,88,88,88,88,88,88,88,88,88,88,88,88,88,88,95,95,95,95,95],"card_choices":[{"not_picked":["Pommel Strike","Perfected Strike"],"picked":"Run Through","floor":1},{"not_picked":["Headbutt","Wild Strike"],"picked":"Replay:Undeath\u0027s Touch","floor":3},{"not_picked":["ReplayTheSpireMod:Limb From Limb","Sever Soul"],"picked":"Headbutt","floor":6},{"not_picked":["Sever Soul","Run Through"],"picked":"ReplayTheSpireMod:Stacked","floor":8},{"not_picked":["Perfected Strike","True Grit+1"],"picked":"Flex+1","floor":11},{"not_picked":["ReplayTheSpireMod:Limb From Limb","Uppercut"],"picked":"Clash","floor":12},{"not_picked":["Twin Strike","Warcry+1"],"picked":"Offering+1","floor":13},{"not_picked":["Replay:Undeath\u0027s Touch","ReplayTheSpireMod:Limb From Limb"],"picked":"Run Through","floor":14},{"not_picked":["Feed","Impervious+1"],"picked":"Limit Break+1","floor":16},{"not_picked":["Shrug It Off+1","Clash"],"picked":"Clothesline+1","floor":18},{"not_picked":["Armaments+1","Warcry+1"],"picked":"Rage+1","floor":19},{"not_picked":["Rage+1","Clothesline"],"picked":"Iron Wave+1","floor":20},{"not_picked":["Anger+1","Pommel Strike"],"picked":"Berserk","floor":24},{"not_picked":["Reckless Charge","Battle Trance+1"],"picked":"Bloodletting+1","floor":25},{"not_picked":["Entrench+1","Combust"],"picked":"Twin Strike","floor":28}],"player_experience":25143,"relics_obtained":[{"floor":6,"key":"Omamori"},{"floor":9,"key":"Toxic Egg 2"},{"floor":20,"key":"Red Mask"},{"floor":24,"key":"Dream Catcher"},{"floor":26,"key":"Replay:Bandana"},{"floor":28,"key":"Grinning Jar"},{"floor":29,"key":"Magic Flower"}],"event_choices":[{"cards_removed":["Strike_R"],"damage_healed":0,"gold_gain":0,"player_choice":"Offered Basic","damage_taken":0,"max_hp_gain":0,"max_hp_loss":0,"event_name":"Bonfire Elementals","floor":2,"gold_loss":0},{"damage_healed":0,"gold_gain":0,"player_choice":"Success","damage_taken":3,"relics_obtained":["Replay:Bottled Steam"],"max_hp_gain":0,"max_hp_loss":0,"event_name":"Scrap Ooze","floor":5,"gold_loss":0},{"cards_removed":["Bash"],"damage_healed":0,"gold_gain":0,"player_choice":"Purged","damage_taken":0,"max_hp_gain":0,"max_hp_loss":0,"event_name":"Purifier","floor":10,"gold_loss":0},{"damage_healed":0,"gold_gain":0,"player_choice":"Fought Bandits","damage_taken":0,"max_hp_gain":0,"max_hp_loss":0,"event_name":"Masked Bandits","floor":20,"gold_loss":0},{"damage_healed":0,"gold_gain":0,"player_choice":"Ignored","damage_taken":0,"max_hp_gain":0,"max_hp_loss":0,"event_name":"Vampires","floor":22,"gold_loss":0}],"is_beta":false,"boss_relics":[{"not_picked":["Honey Jar","Sozu"],"picked":"Ring of Chaos"}],"items_purged_floors":[],"is_endless":false,"potions_floor_spawned":[11,13,19,20],"killed_by":"3 Cultists","ascension_level":0}}