{"host":"vumwfieg2b2mnrfl","time":1610847855,"event":{"mods":["AchievementEnabler","BaseMod","Minty Spire (QoL Compilation)","Rare Cards Sparkle","Relic Stats"],"gold_per_floor":[17,17,92,49,199,22,40,83,83,83,83],"floor_reached":10,"language":"ENG","playtime":235,"items_purged":[],"score":118,"play_id":"6263b4a5-f1de-4502-8aae-500a423a198d","local_time":"20210116194415","is_ascension_mode":true,"campfire_choices":[],"circlet_count":0,"master_deck":["AscendersBane","Strike_R","Strike_R","Strike_R","Strike_R","Strike_R","Defend_R","Defend_R","Defend_R","Defend_R","Bash","Bludgeon","Headbutt","Injury","Rampage","Doubt","Armaments","Spot Weakness","Clothesline+1"],"relics":["Burning Blood","Golden Idol","Membership Card","Molten Egg 2","Matryoshka"],"acts_visited":["Exordium"],"potions_floor_usage":[10,10],"damage_taken":[{"damage":1,"enemies":"2 Louse","floor":1,"turns":3},{"damage":7,"enemies":"Jaw Worm","floor":7,"turns":5},{"damage":43,"enemies":"Lagavulin","floor":8,"turns":8},{"damage":25,"enemies":"3 Sentries","floor":10,"turns":4}],"seed_played":"-4379426055237730972","potions_obtained":[{"floor":1,"key":"Swift Potion"},{"floor":7,"key":"Swift Potion"}],"is_trial":false,"path_per_floor":["M","?","?","$","?","$","M","E","T","E"],"character_chosen":"IRONCLAD","items_purchased":["Rampage","Membership Card","Armaments"],"campfire_rested":0,"item_purchase_floors":[4,6,6],"current_hp_per_floor":[73,73,62,62,62,62,61,24,24,0,0],"gold":83,"neow_bonus":"THREE_RARE_CARDS","is_daily":false,"chose_seed":false,"campfire_upgraded":0,"win_rate":0.0,"timestamp":1610847855,"path_taken":["M","?","?","$","?","$","?","E","T","E"],"items_purchased_type":["Card","Relic","Card"],"build_version":"2020-12-22","purchased_purges":0,"victory":false,"max_hp_per_floor":[75,75,75,75,75,75,75,75,75,75,75],"relic_stats":{"counters":[4,20],"Golden Idol":13,"obtain_stats":[{"Matryoshka":9,"Golden Idol":2,"Molten Egg 2":8,"Membership Card":6,"Burning Blood":0},{"Matryoshka":3,"Golden Idol":1,"Molten Egg 2":3,"Membership Card":1,"Burning Blood":0},{"Matryoshka":16,"Golden Idol":3,"Molten Egg 2":16,"Membership Card":3,"Burning Blood":0}],"Burning Blood":18},"card_choices":[{"not_picked":["Reaper","Berserk"],"picked":"Bludgeon","floor":0},{"not_picked":["Sentinel","Heavy Blade"],"picked":"Headbutt","floor":1},{"not_picked":["Rampage","Heavy Blade"],"picked":"Spot Weakness","floor":7},{"not_picked":["Spot Weakness","Sword Boomerang+1"],"picked":"Clothesline+1","floor":8}],"player_experience":435580,"relics_obtained":[{"floor":8,"key":"Molten Egg 2"},{"floor":9,"key":"Matryoshka"}],"event_choices":[{"damage_healed":0,"gold_gain":0,"player_choice":"Take Wound","damage_taken":0,"relics_obtained":["Golden Idol"],"max_hp_gain":0,"max_hp_loss":0,"event_name":"Golden Idol","floor":2,"gold_loss":0,"cards_obtained":["Injury"]},{"damage_healed":0,"gold_gain":75,"player_choice":"Gather Gold","damage_taken":11,"max_hp_gain":0,"max_hp_loss":0,"event_name":"World of Goop","floor":3,"gold_loss":0},{"damage_healed":0,"gold_gain":150,"player_choice":"AGREE","damage_taken":0,"max_hp_gain":0,"max_hp_loss":0,"event_name":"Liars Game","floor":5,"gold_loss":0,"cards_obtained":["Doubt"]}],"is_beta":false,"boss_relics":[],"items_purged_floors":[],"is_endless":false,"potions_floor_spawned":[1,7],"killed_by":"3 Sentries","ascension_level":17}}