{"host":"mai03x2ekbjy4059","time":1610860007,"event":{"mods":["2.2 Compatiblity","BaseMod","DeckTracker","Keyboard Shortcuts","Minty Spire (QoL Compilation)","Permanent Neow","Quick Restart","SuperFastMode","everything is the same but u backflip on backflip"],"gold_per_floor":[112,62,62,62,72,106,106,139,139,169,18,42,54,54,54,54,54],"floor_reached":16,"language":"KOR","playtime":289,"items_purged":[],"score":122,"play_id":"eaf4ca50-74d1-4657-aacf-d0291785c4a9","local_time":"20210117140647","is_ascension_mode":true,"campfire_choices":[{"data":"Feel No Pain","floor":7.0,"key":"SMITH"},{"data":"Strike_R","floor":15.0,"key":"PURGE"}],"circlet_count":0,"master_deck":["Strike_R","Defend_R","Defend_R","Bash","Headbutt","Feel No Pain+1"],"relics":["Burning Blood","Dead Branch","Centennial Puzzle","Peace Pipe","Regal Pillow","ClockworkSouvenir","Vajra"],"acts_visited":["Exordium"],"potions_floor_usage":[],"damage_taken":[{"damage":6.0,"enemies":"Jaw Worm","floor":1.0,"turns":3.0},{"damage":12.0,"enemies":"Small Slimes","floor":5.0,"turns":4.0},{"damage":14.0,"enemies":"Gremlin Nob","floor":6.0,"turns":3.0},{"damage":13.0,"enemies":"3 Sentries","floor":8.0,"turns":10.0},{"damage":40.0,"enemies":"Lagavulin","floor":10.0,"turns":6.0},{"damage":6.0,"enemies":"Cultist","floor":13.0,"turns":3.0},{"damage":0,"enemies":"Hexaghost","floor":16,"turns":1}],"seed_played":"5307916289821840954","potions_obtained":[{"floor":5.0,"key":"SteroidPotion"},{"floor":8.0,"key":"BlessingOfTheForge"}],"is_trial":false,"path_per_floor":["M","?","?","?","M","E","R","E","T","E","$","T","M","?","R","B"],"character_chosen":"IRONCLAD","items_purchased":["ClockworkSouvenir"],"campfire_rested":0,"item_purchase_floors":[11],"current_hp_per_floor":[56,56,56,80,74,66,66,59,59,25,25,25,25,18,18,18,18],"gold":54,"neow_bonus":"REMOVE_TWO","is_daily":false,"chose_seed":false,"campfire_upgraded":1,"win_rate":0.0,"timestamp":1610860007,"path_taken":["M","?","?","?","?","E","R","E","T","E","$","?","M","?","R","BOSS"],"items_purchased_type":["Relic"],"build_version":"2020-12-22","purchased_purges":0,"victory":false,"max_hp_per_floor":[80,80,80,80,80,80,80,80,80,80,80,80,80,80,80,80,80],"card_choices":[{"not_picked":["Cleave","Thunderclap"],"picked":"Headbutt","floor":1.0},{"not_picked":["Shrug It Off","Perfected Strike"],"picked":"Feel No Pain","floor":5.0},{"not_picked":["Reckless Charge","Twin Strike","Infernal Blade"],"picked":"SKIP","floor":6.0},{"not_picked":["Pommel Strike","Sword Boomerang","Hemokinesis"],"picked":"SKIP","floor":8.0},{"not_picked":["Wild Strike","Burning Pact","Iron Wave"],"picked":"SKIP","floor":10.0},{"not_picked":["Fiend Fire","Heavy Blade","Warcry"],"picked":"SKIP","floor":13.0}],"player_experience":1069894,"relics_obtained":[{"floor":6.0,"key":"Dead Branch"},{"floor":8.0,"key":"Centennial Puzzle"},{"floor":9.0,"key":"Peace Pipe"},{"floor":10.0,"key":"Regal Pillow"},{"floor":12.0,"key":"Vajra"}],"event_choices":[{"cards_removed":["Strike_R"],"damage_healed":0.0,"max_hp_gain":0.0,"max_hp_loss":0.0,"gold_gain":0.0,"event_name":"The Cleric","player_choice":"Card Removal","floor":2.0,"gold_loss":50.0,"damage_taken":0.0},{"cards_removed":["Defend_R"],"damage_healed":0.0,"max_hp_gain":0.0,"max_hp_loss":0.0,"gold_gain":0.0,"event_name":"Living Wall","player_choice":"Forget","floor":3.0,"gold_loss":0.0,"damage_taken":0.0},{"damage_healed":26.0,"max_hp_gain":0.0,"max_hp_loss":0.0,"gold_gain":0.0,"event_name":"Big Fish","player_choice":"Banana","floor":4.0,"gold_loss":0.0,"damage_taken":0.0},{"cards_removed":["Strike_R"],"damage_healed":0.0,"max_hp_gain":0.0,"max_hp_loss":0.0,"gold_gain":0.0,"event_name":"Golden Wing","player_choice":"Card Removal","floor":14.0,"gold_loss":0.0,"damage_taken":7.0}],"is_beta":false,"boss_relics":[],"items_purged_floors":[],"is_endless":false,"potions_floor_spawned":[5,8],"killed_by":"Hexaghost","ascension_level":1}}