{"host":"yfdtuf6ojcxn06xg","time":1610856492,"event":{"mods":["2.2 Compatiblity","AchievementEnabler","BaseMod","Colored Map","Colored Powertips","Curses Come First","Hermit","JesterMod","Jorbs\u0027s Wanderer Trilogy","Minty Spire (QoL Compilation)","Quick Restart","Rare Cards Sparkle","Relic Stats","Replay The Spire","StSLib","The Cursed","The Disciple","The Hierophant","The Jungle","The Marked","The Necromancer","The Servant 0.9.4"],"gold_per_floor":[114,114,127,52,71,99,99,113,413,413,424,89,89,100,100,203,203,203,214,214,214,44,44,61,86,86,86,86,105,105,118,118,118,118],"floor_reached":33,"language":"ENG","playtime":1489,"items_purged":["Strike_R","Spreading Infection"],"score":305,"play_id":"49e10b08-c7c2-4dff-9770-56599db00679","local_time":"20210116230812","is_ascension_mode":true,"campfire_choices":[{"data":"Feed","floor":7,"key":"SMITH"},{"data":"Combust","floor":10,"key":"SMITH"},{"floor":15,"key":"REST"},{"data":"Rupture","floor":23,"key":"SMITH"},{"floor":27,"key":"REST"},{"floor":30,"key":"REST"},{"floor":32,"key":"REST"}],"circlet_count":0,"master_deck":["Strike_R","Strike_R","Strike_R","Defend_R","Defend_R","Defend_R","Defend_R","Bash","Feed+1","Combust+1","Double Tap","Body Slam","Seeing Red","Evolve","Flex","Inflame","Rupture","Offering","Pummel+1","Writhe","Rupture+1","Heavy Blade+1","Shrug It Off","Disarm+1"],"relics":["Burning Blood","Calipers","Old Coin","Replay:WaspNest","Gremlin Horn","Philosopher\u0027s Stone","Ginger","ReplayTheSpireMod:Ring of Collecting","Pet Ghost","Ring of Panic","Toxic Egg 2"],"acts_visited":["Exordium","TheCity"],"potions_floor_usage":[6,16,18,19],"damage_taken":[{"damage":11,"enemies":"Jaw Worm","floor":1,"turns":4},{"damage":3,"enemies":"Cultist","floor":3,"turns":3},{"damage":6,"enemies":"2 Louse","floor":5,"turns":4},{"damage":35,"enemies":"Lagavulin","floor":6,"turns":8},{"damage":16,"enemies":"2 Fungi Beasts","floor":8,"turns":4},{"damage":18,"enemies":"Large Slime","floor":11,"turns":6},{"damage":0,"enemies":"Exordium Wildlife","floor":14,"turns":3},{"damage":33,"enemies":"The Guardian","floor":16,"turns":8},{"damage":0,"enemies":"2 Thieves","floor":18,"turns":1},{"damage":16,"enemies":"Shell Parasite","floor":19,"turns":4},{"damage":29,"enemies":"Centurion and Healer","floor":24,"turns":4},{"damage":53,"enemies":"Slavers","floor":25,"turns":4},{"damage":15,"enemies":"Cultist and Chosen","floor":29,"turns":4},{"damage":39,"enemies":"Chosen and Byrds","floor":31,"turns":6},{"damage":73,"enemies":"Collector","floor":33,"turns":7}],"seed_played":"2387585411127103578","potions_obtained":[{"floor":1,"key":"SmokeBomb"},{"floor":3,"key":"Block Potion"},{"floor":8,"key":"Dexterity Potion"},{"floor":16,"key":"Weak Potion"},{"floor":25,"key":"DuplicationPotion"}],"is_trial":false,"path_per_floor":["M","?","M","$","M","E","R","M","T","R","M","$","T","M","R","B",null,"M","M","?","?","$","R","M","E","T","R","$","M","R","M","R","B"],"character_chosen":"IRONCLAD","items_purchased":["Replay:WaspNest","Rupture","Rupture"],"campfire_rested":4,"item_purchase_floors":[12,12,22],"current_hp_per_floor":[78,78,81,81,84,55,55,49,49,49,37,37,37,47,75,48,94,94,84,84,84,84,84,61,18,18,47,47,42,72,39,69,0,0],"gold":118,"neow_bonus":"ONE_RANDOM_RARE_CARD","is_daily":false,"chose_seed":false,"campfire_upgraded":3,"win_rate":0.0,"timestamp":1610856492,"path_taken":["M","?","M","$","M","E","R","M","T","R","?","$","?","M","R","BOSS","M","M","?","?","$","R","M","E","T","R","?","M","R","M","R","BOSS"],"items_purchased_type":["Relic","Card","Card"],"build_version":"2020-12-22","purchased_purges":2,"victory":false,"max_hp_per_floor":[83,83,83,83,86,86,86,90,90,90,90,90,90,94,94,94,94,94,94,94,94,94,94,94,98,98,98,98,102,102,102,102,102,102],"relic_stats":{"Gremlin Horn":[9,9],"counters":[15,70],"Ginger":[10],"obtain_stats":[{"Calipers":6,"Gremlin Horn":13,"ReplayTheSpireMod:Ring of Collecting":21,"Philosopher\u0027s Stone":17,"Replay:WaspNest":12,"Ginger":20,"Ring of Panic":26,"Toxic Egg 2":26,"Burning Blood":0,"Pet Ghost":25,"Old Coin":9},{"Calipers":4,"Gremlin Horn":6,"ReplayTheSpireMod:Ring of Collecting":10,"Philosopher\u0027s Stone":8,"Replay:WaspNest":6,"Ginger":10,"Ring of Panic":12,"Toxic Egg 2":12,"Burning Blood":0,"Pet Ghost":12,"Old Coin":5},{"Calipers":19,"Gremlin Horn":29,"ReplayTheSpireMod:Ring of Collecting":45,"Philosopher\u0027s Stone":40,"Replay:WaspNest":29,"Ginger":45,"Ring of Panic":53,"Toxic Egg 2":53,"Burning Blood":0,"Pet Ghost":53,"Old Coin":23}],"Burning Blood":78},"card_choices":[{"not_picked":["Flex","Sword Boomerang"],"picked":"Combust","floor":1},{"not_picked":["Flame Barrier","Twin Strike"],"picked":"Body Slam","floor":3},{"not_picked":["True Grit","Corruption"],"picked":"Seeing Red","floor":5},{"not_picked":["Power Through","ReplayTheSpireMod:Strike From Hell"],"picked":"Evolve","floor":6},{"not_picked":["Heavy Blade","Armaments"],"picked":"Flex","floor":8},{"not_picked":["Cleave","Twin Strike"],"picked":"Inflame","floor":11},{"not_picked":["Anger","Armaments","Pummel"],"picked":"SKIP","floor":14},{"not_picked":["Immolate","Hemogenesis"],"picked":"Offering","floor":16},{"not_picked":["True Grit","Sword Boomerang"],"picked":"Pummel+1","floor":19},{"not_picked":["Rupture","Dropkick+1"],"picked":"Heavy Blade+1","floor":24},{"not_picked":["Uppercut","Intimidate"],"picked":"Shrug It Off","floor":25},{"not_picked":["Body Slam","Rage+1","Uppercut+1"],"picked":"SKIP","floor":29},{"not_picked":["Reckless Charge","Sword Boomerang"],"picked":"Disarm+1","floor":31}],"player_experience":205181,"relics_obtained":[{"floor":6,"key":"Calipers"},{"floor":9,"key":"Old Coin"},{"floor":13,"key":"Gremlin Horn"},{"floor":21,"key":"ReplayTheSpireMod:Ring of Collecting"},{"floor":25,"key":"Pet Ghost"},{"floor":26,"key":"Ring of Panic"},{"floor":26,"key":"Toxic Egg 2"}],"event_choices":[{"damage_healed":0,"gold_gain":0,"cards_transformed":["Strike_R"],"player_choice":"Transformed","damage_taken":0,"max_hp_gain":0,"max_hp_loss":0,"event_name":"Transmorgrifier","floor":2,"gold_loss":0,"cards_obtained":["Double Tap"]}],"is_beta":false,"boss_relics":[{"not_picked":["Sozu","Kintsugi"],"picked":"Philosopher\u0027s Stone"}],"items_purged_floors":[4,22],"is_endless":false,"potions_floor_spawned":[1,3,8,16,18,25],"killed_by":"Collector","ascension_level":1}}