{"host":"1ekl8hlbnopmdapi","time":1610868512,"event":{"mods":["AchievementEnabler","BaseMod","Colored Map","Colored Powertips","DeckTracker","Googly Eyes","Highlight Path","Minty Spire (QoL Compilation)","Relic Sorter","StSLib","Synergy Search"],"gold_per_floor":[115,130,146,163,180,215,215,228,251,262,277,277,88,98,98,203,203,219,75,75,75,75,75,101,101,125,125,201,219,219,219],"floor_reached":30,"language":"ENG","playtime":594,"items_purged":[],"score":368,"play_id":"3391029d-92c4-44df-b25a-f8ac923b5677","local_time":"20210117022832","is_ascension_mode":true,"campfire_choices":[{"floor":7,"key":"REST"},{"floor":12,"key":"REST"},{"floor":15,"key":"REST"},{"floor":23,"key":"RECALL"},{"floor":27,"key":"REST"}],"circlet_count":0,"master_deck":["Strike_B","Strike_B","Strike_B","Strike_B","Defend_B","Defend_B","Defend_B","Defend_B","Zap","Dualcast","Rip and Tear","Gash","Conserve Battery","Machine Learning","Gash","Loop","Leap","Ball Lightning","Rebound","Gash","Rip and Tear","Biased Cognition","Conserve Battery","RitualDagger","Steam+1","Steam+1"],"relics":["Cracked Core","Boot","Dead Branch","Akabeko","Oddly Smooth Stone","Runic Pyramid","Lee\u0027s Waffle","Orichalcum","PreservedInsect","Strawberry","White Beast Statue"],"acts_visited":["Exordium","TheCity"],"potions_floor_usage":[14,24,24,25,30],"damage_taken":[{"damage":0,"enemies":"Cultist","floor":1,"turns":4},{"damage":3,"enemies":"Small Slimes","floor":2,"turns":3},{"damage":2,"enemies":"2 Louse","floor":3,"turns":2},{"damage":2,"enemies":"Looter","floor":4,"turns":3},{"damage":13,"enemies":"Blue Slaver","floor":5,"turns":3},{"damage":27,"enemies":"Lagavulin","floor":6,"turns":6},{"damage":9,"enemies":"Red Slaver","floor":8,"turns":3},{"damage":3,"enemies":"Large Slime","floor":10,"turns":5},{"damage":16,"enemies":"Lots of Slimes","floor":11,"turns":4},{"damage":0,"enemies":"Blue Slaver","floor":14,"turns":1},{"damage":40,"enemies":"The Guardian","floor":16,"turns":8},{"damage":0,"enemies":"Chosen","floor":18,"turns":4},{"damage":61,"enemies":"Slavers","floor":24,"turns":6},{"damage":6,"enemies":"Shell Parasite","floor":25,"turns":2},{"damage":39,"enemies":"3 Cultists","floor":29,"turns":6},{"damage":6,"enemies":"Snake Plant","floor":30,"turns":1}],"seed_played":"1517796150554135147","potions_obtained":[{"floor":1,"key":"EssenceOfSteel"},{"floor":5,"key":"Block Potion"},{"floor":6,"key":"BlessingOfTheForge"},{"floor":18,"key":"Ancient Potion"},{"floor":24,"key":"SmokeBomb"},{"floor":29,"key":"Dexterity Potion"}],"is_trial":false,"path_per_floor":["M","M","M","M","M","E","R","M","T","M","M","R","$","M","R","B",null,"M","$","?","?","?","R","E","M","T","R","T","M","M"],"character_chosen":"DEFECT","items_purchased":["Oddly Smooth Stone","Gash","Lee\u0027s Waffle"],"campfire_rested":4,"item_purchase_floors":[13,13,19],"current_hp_per_floor":[68,65,63,61,48,21,43,34,34,31,15,37,37,37,59,19,61,61,82,82,82,76,76,15,9,16,42,42,3,0,0],"gold":219,"neow_bonus":"RANDOM_COMMON_RELIC","is_daily":false,"chose_seed":false,"campfire_upgraded":0,"win_rate":0.0,"timestamp":1610868512,"path_taken":["M","M","M","M","M","E","R","M","T","M","?","R","?","M","R","BOSS","M","$","?","?","?","R","E","M","T","R","?","M","?"],"items_purchased_type":["Relic","Card","Relic"],"build_version":"2020-12-22","purchased_purges":0,"victory":false,"max_hp_per_floor":[75,75,75,75,75,75,75,75,75,75,75,75,75,75,75,75,75,75,82,82,82,82,82,82,82,89,89,89,89,89,89],"card_choices":[{"not_picked":["Defragment","Hologram"],"picked":"Rip and Tear","floor":1},{"not_picked":["Barrage","Rebound"],"picked":"Gash","floor":2},{"not_picked":["Redo","Doom and Gloom"],"picked":"Conserve Battery","floor":3},{"not_picked":["Streamline","Rebound"],"picked":"Machine Learning","floor":4},{"not_picked":["Leap","Multi-Cast"],"picked":"Gash","floor":5},{"not_picked":["Darkness","Lockon"],"picked":"Loop","floor":6},{"not_picked":["Rebound","Tempest"],"picked":"Leap","floor":8},{"not_picked":["Hologram","Rebound"],"picked":"Ball Lightning","floor":10},{"not_picked":["Chill","Coolheaded"],"picked":"Rebound","floor":11},{"not_picked":["Defragment","Seek"],"picked":"Rip and Tear","floor":14},{"not_picked":["Meteor Strike","Creative AI"],"picked":"Biased Cognition","floor":16},{"not_picked":["Doom and Gloom+1","Rebound"],"picked":"Conserve Battery","floor":18},{"not_picked":["Redo+1","Barrage"],"picked":"Steam+1","floor":24},{"not_picked":["Buffer","Scrape"],"picked":"Steam+1","floor":29}],"player_experience":455808,"relics_obtained":[{"floor":6,"key":"Dead Branch"},{"floor":9,"key":"Akabeko"},{"floor":24,"key":"PreservedInsect"},{"floor":26,"key":"Strawberry"},{"floor":28,"key":"White Beast Statue"}],"event_choices":[{"damage_healed":0,"gold_gain":0,"player_choice":"Ignored","damage_taken":0,"max_hp_gain":0,"max_hp_loss":0,"event_name":"Vampires","floor":20,"gold_loss":0},{"damage_healed":0,"gold_gain":0,"player_choice":"Opened","damage_taken":0,"relics_obtained":["Orichalcum"],"max_hp_gain":0,"max_hp_loss":0,"event_name":"The Mausoleum","floor":21,"gold_loss":0},{"damage_healed":0,"gold_gain":0,"player_choice":"Joined the Cult","damage_taken":6,"max_hp_gain":0,"max_hp_loss":0,"event_name":"Nest","floor":22,"gold_loss":0,"cards_obtained":["RitualDagger"]}],"is_beta":false,"boss_relics":[{"not_picked":["Ectoplasm","Cursed Key"],"picked":"Runic Pyramid"}],"items_purged_floors":[],"is_endless":false,"potions_floor_spawned":[1,5,6,8,18,24,29],"killed_by":"Snake Plant","ascension_level":9}}