{"host":"gs0b57ogvki1o7r7","time":1610886186,"event":{"mods":["2.2 Compatiblity","BaseMod","Colored Map","DeckTracker","Highlight Path","KOR Keyword Fix","Keyboard Shortcuts","Minty Spire (QoL Compilation)","Permanent Neow","Quick Restart","StSLib","SuperFastMode","The Hierophant","everything is the same but u backflip on backflip"],"gold_per_floor":[122,46,52,52,58,58,73,92,145,145,147,189,364,380,380,321,321],"floor_reached":16,"language":"KOR","playtime":777,"items_purged":[],"score":129,"play_id":"a40edfe9-196f-406c-9e6c-6f749e6cc3a7","local_time":"20210117212306","is_ascension_mode":false,"campfire_choices":[{"data":"hierophant:Remorse","floor":6,"key":"SMITH"},{"data":"hierophant:ChurchCoffers","floor":10,"key":"SMITH"},{"data":"hierophant:Remorse","floor":15,"key":"SMITH"}],"circlet_count":0,"master_deck":["hierophant:Strike_Hierophant","hierophant:Strike_Hierophant","hierophant:Strike_Hierophant","hierophant:Strike_Hierophant","hierophant:Punish","hierophant:Defend_Hierophant","hierophant:Defend_Hierophant","hierophant:Defend_Hierophant","hierophant:ChurchCoffers+1","hierophant:Doubloon","hierophant:Remorse+1","hierophant:Doubloon","hierophant:Remorse+1","hierophant:CoinFling","hierophant:Doubloon","hierophant:FieryStrike","hierophant:AuricBeam","hierophant:MorningPrayer","hierophant:OrnateBuckler","hierophant:RepressedViolence","hierophant:RustyCrate","hierophant:Doubloon","hierophant:Doubloon","hierophant:Doubloon","hierophant:Remorse","Doubt","hierophant:Smite"],"relics":["hierophant:PropheticMaskRelic","Bottled Flame","Boot"],"acts_visited":["Exordium"],"potions_floor_usage":[16,16],"damage_taken":[{"damage":0,"enemies":"2 Louse","floor":1,"turns":1},{"damage":0,"enemies":"Cultist","floor":3,"turns":2},{"damage":0,"enemies":"Small Slimes","floor":5,"turns":2},{"damage":18,"enemies":"Lagavulin","floor":7,"turns":3},{"damage":2,"enemies":"Blue Slaver","floor":8,"turns":3},{"damage":15,"enemies":"Large Slime","floor":11,"turns":5},{"damage":0,"enemies":"3 Louse","floor":12,"turns":2},{"damage":13,"enemies":"Exordium Thugs","floor":14,"turns":4},{"damage":29,"enemies":"The Guardian","floor":16,"turns":5}],"seed_played":"3034250223193700649","potions_obtained":[{"floor":1,"key":"Weak Potion"},{"floor":3,"key":"SteroidPotion"},{"floor":14,"key":"SneckoOil"}],"is_trial":false,"path_per_floor":["M","$","M","?","M","R","E","M","T","R","M","M","?","M","R","B"],"character_chosen":"HIEROPHANT","items_purchased":["hierophant:CoinFling"],"campfire_rested":0,"item_purchase_floors":[2],"current_hp_per_floor":[75,75,75,75,75,75,57,55,55,55,40,40,40,27,27,0,0],"gold":321,"neow_bonus":"THREE_CARDS","is_daily":false,"chose_seed":false,"campfire_upgraded":3,"win_rate":0.0,"timestamp":1610886186,"path_taken":["M","$","M","?","M","R","E","M","T","R","M","?","?","M","R","BOSS"],"items_purchased_type":["Card"],"build_version":"2020-12-22","purchased_purges":0,"victory":false,"max_hp_per_floor":[75,75,75,75,75,75,75,75,75,75,75,75,75,75,75,75,75],"card_choices":[{"not_picked":["hierophant:PassingBell","hierophant:DisplayOfPower"],"picked":"hierophant:Remorse","floor":0},{"not_picked":["hierophant:Shelter","hierophant:HolyVerse"],"picked":"hierophant:Remorse","floor":1},{"not_picked":["hierophant:AuricBeam","hierophant:ArchangelShield"],"picked":"hierophant:FieryStrike","floor":3},{"not_picked":["hierophant:FlamingChariot","hierophant:PassingBell"],"picked":"hierophant:MorningPrayer","floor":5},{"not_picked":["hierophant:SecretStash","hierophant:Prophecy"],"picked":"hierophant:OrnateBuckler","floor":7},{"not_picked":["hierophant:Repentance","hierophant:Upheaval"],"picked":"hierophant:RepressedViolence","floor":8},{"not_picked":["hierophant:SecretStash","hierophant:HammerAndAnvil"],"picked":"hierophant:RustyCrate","floor":11},{"not_picked":["hierophant:Repentance","hierophant:Sermon"],"picked":"hierophant:Remorse","floor":12},{"not_picked":["hierophant:Martyrdom","hierophant:SealAway"],"picked":"hierophant:Smite","floor":14}],"player_experience":117812,"relics_obtained":[{"floor":7,"key":"Bottled Flame"},{"floor":9,"key":"Boot"}],"event_choices":[{"damage_healed":0,"gold_gain":0,"cards_transformed":["hierophant:Defend_Hierophant"],"player_choice":"Transformed","damage_taken":0,"max_hp_gain":0,"max_hp_loss":0,"event_name":"Transmorgrifier","floor":4,"gold_loss":0,"cards_obtained":["hierophant:AuricBeam"]},{"damage_healed":0,"gold_gain":175,"player_choice":"AGREE","damage_taken":0,"max_hp_gain":0,"max_hp_loss":0,"event_name":"Liars Game","floor":13,"gold_loss":0,"cards_obtained":["Doubt"]}],"is_beta":false,"boss_relics":[],"items_purged_floors":[],"is_endless":false,"potions_floor_spawned":[1,3,14],"killed_by":"The Guardian","ascension_level":0}}