{"host":"6p0attdrtjqaih7v","time":1610843710,"event":{"mods":["2.2 Compatiblity","AchievementEnabler","Bard","BaseMod","Better Skull","Better Third Choice","Colored Powertips","Hermit","Highlight Path","Jorbs\u0027s Wanderer Trilogy","Key Reminder","Minty Spire (QoL Compilation)","Permanent Neow","Quick Restart","Random Character Button","Relic Stats","Replay The Spire","Robot Space Explorer","StSLib"],"gold_per_floor":[109,123,136,56,68,102,102,134,160,187,208,208,231,251,251,331,331,352,377,377,222,272,272,64,97,97,129,147,167,127,152,152,232,282,301,321,321,62,0,0,17,52,52,89,89,115,138,163,163,166,175],"floor_reached":52,"language":"ENG","playtime":3499,"items_purged":["hermit:Strike_Hermit"],"score":2448,"play_id":"be0bcc6c-6be1-4e34-9ff2-ce17061b3eb3","local_time":"20210116193510","is_ascension_mode":true,"campfire_choices":[{"floor":7,"key":"REST"},{"data":"hermit:Brawl","floor":12,"key":"SMITH"},{"data":"hermit:Snapshot","floor":15,"key":"SMITH"},{"data":"hermit:Determination","floor":23,"key":"SMITH"},{"data":"hermit:Gestalt","floor":32,"key":"SMITH"},{"data":"hermit:Vantage","floor":40,"key":"SMITH"},{"data":"hermit:Gambit","floor":45,"key":"SMITH"},{"floor":49,"key":"REST"}],"circlet_count":0,"master_deck":["AscendersBane","hermit:Strike_Hermit","hermit:Strike_Hermit","hermit:Defend_Hermit","hermit:Defend_Hermit","hermit:Defend_Hermit","hermit:Defend_Hermit","hermit:Snapshot+1","hermit:Covet","CurseOfTheBell","hermit:CursedWeapon+1","hermit:Brawl+1","hermit:EyeOfTheStorm","hermit:Determination+1","hermit:Headshot","hermit:Vantage+1","hermit:Scavenge","hermit:GhostlyPresence","hermit:Enervate","hermit:Gambit+1","hermit:Coalescence","Ghostly","Ghostly","Ghostly","hermit:Enervate","hermit:Determination","hermit:Enervate+1","hermit:Gestalt+1","hermit:Coalescence","Finesse","Finesse","Master of Strategy","hermit:Coalescence","hermit:Manifest+1","hermit:FromBeyond"],"relics":["Calling Bell","ReplayTheSpireMod:Lightbulb","Darkstone Periapt","CaptainsWheel","Divine Protection","Pet Ghost","Blue Doll","Strawberry","Busted Crown","Ornamental Fan","Bronze Scales","hermit:Horseshoe","Tiny House","Red Mask","Replay:Bandana","Molten Egg 2","Replay:PocketPolymizer","Blood Vial"],"acts_visited":["Exordium","TheCity","TheBeyond"],"potions_floor_usage":[6,8,10,18,25,27,28,30,33,50,50],"damage_taken":[{"damage":2,"enemies":"2 Louse","floor":1,"turns":2},{"damage":3,"enemies":"Small Slimes","floor":2,"turns":4},{"damage":3,"enemies":"Cultist","floor":3,"turns":3},{"damage":13,"enemies":"3 Louse","floor":5,"turns":3},{"damage":12,"enemies":"Lagavulin","floor":6,"turns":6},{"damage":24,"enemies":"3 Sentries","floor":8,"turns":6},{"damage":0,"enemies":"Lagavulin","floor":10,"turns":7},{"damage":0,"enemies":"Blue Slaver","floor":11,"turns":3},{"damage":0,"enemies":"Gremlin Gang","floor":13,"turns":4},{"damage":2,"enemies":"Large Slime","floor":14,"turns":4},{"damage":0,"enemies":"The Guardian","floor":16,"turns":11},{"damage":0,"enemies":"3 Byrds","floor":18,"turns":7},{"damage":0,"enemies":"Spheric Guardian","floor":19,"turns":3},{"damage":0,"enemies":"Slavers","floor":25,"turns":5},{"damage":5,"enemies":"Gremlin Leader","floor":27,"turns":5},{"damage":0,"enemies":"Snake Plant","floor":28,"turns":3},{"damage":0,"enemies":"Centurion and Healer","floor":29,"turns":4},{"damage":0,"enemies":"Sentry and Sphere","floor":31,"turns":3},{"damage":0,"enemies":"Collector","floor":33,"turns":7},{"damage":0,"enemies":"Orb Walker","floor":35,"turns":4},{"damage":1,"enemies":"3 Darklings","floor":36,"turns":6},{"damage":1,"enemies":"Maw","floor":41,"turns":6},{"damage":1,"enemies":"Giant Head","floor":42,"turns":7},{"damage":3,"enemies":"Nemesis","floor":44,"turns":3},{"damage":18,"enemies":"Jaw Worm Horde","floor":46,"turns":4},{"damage":0,"enemies":"Writhing Mass","floor":47,"turns":8},{"damage":0,"enemies":"Awakened One","floor":50,"turns":10},{"damage":5,"enemies":"Time Eater","floor":51,"turns":10}],"seed_played":"9176960853994364192","potions_obtained":[{"floor":1,"key":"Strength Potion"},{"floor":6,"key":"Dexterity Potion"},{"floor":11,"key":"EssenceOfSteel"},{"floor":16,"key":"hermit:Tonic"},{"floor":27,"key":"AttackPotion"},{"floor":28,"key":"SteroidPotion"},{"floor":29,"key":"SpeedPotion"},{"floor":30,"key":"Fruit Juice"},{"floor":30,"key":"LifebloodPotion"},{"floor":34,"key":"Block Potion"},{"floor":35,"key":"hermit:Tonic"},{"floor":42,"key":"Dexterity Potion"}],"is_trial":false,"path_per_floor":["M","M","M","$","M","E","R","E","T","E","M","R","M","M","R","B",null,"M","M","?","$","?","R","$","E","T","E","M","M","?","M","R","B",null,"M","M","?","$","?","R","M","E","T","E","R","M","M","T","R","B","B",null],"character_chosen":"HERMIT","items_purchased":["DuplicationPotion","hermit:Enervate","Swift Potion","hermit:Determination","hermit:Enervate+1","hermit:Gestalt","Finesse","Master of Strategy"],"campfire_rested":2,"item_purchase_floors":[4,21,21,24,24,24,38,38],"current_hp_per_floor":[62,59,56,56,43,31,52,28,28,35,35,35,35,33,33,33,67,67,67,39,39,39,39,39,39,39,34,34,34,39,39,39,39,48,48,47,47,47,47,47,46,45,45,42,42,24,24,24,38,40,37],"gold":175,"neow_bonus":"BOSS_RELIC","is_daily":false,"chose_seed":false,"campfire_upgraded":6,"win_rate":0.0,"timestamp":1610843710,"path_taken":["M","M","M","$","M","E","R","E","T","E","M","R","M","M","R","BOSS","M","M","?","$","?","R","$","E","T","E","M","M","?","M","R","BOSS","M","?","?","$","?","R","M","E","T","E","R","M","M","?","R","BOSS","BOSS"],"items_purchased_type":["Potion","Card","Potion","Card","Card","Card","Card","Card"],"build_version":"2020-12-22","purchased_purges":1,"victory":true,"max_hp_per_floor":[71,71,71,71,71,71,71,71,71,78,78,78,78,78,78,78,78,78,78,39,39,39,39,39,39,39,39,39,39,44,44,44,44,49,49,49,49,49,49,49,49,49,49,49,49,49,49,49,49,49,49],"relic_stats":{"Darkstone Periapt":0,"Blood Vial":4,"Busted Crown":32,"counters":[28,148],"Ornamental Fan":[124],"Bronze Scales":[254],"obtain_stats":[{"Darkstone Periapt":0,"Divine Protection":6,"Tiny House":34,"Replay:PocketPolymizer":44,"Blue Doll":9,"Pet Ghost":8,"Calling Bell":0,"Blood Vial":48,"CaptainsWheel":0,"Replay:Bandana":42,"Busted Crown":17,"Ornamental Fan":25,"Strawberry":10,"Bronze Scales":26,"Molten Egg 2":43,"Red Mask":39,"ReplayTheSpireMod:Lightbulb":0,"hermit:Horseshoe":27,"hermit:Momento":0},{"Darkstone Periapt":0,"Divine Protection":5,"Tiny House":19,"Replay:PocketPolymizer":24,"Blue Doll":6,"Pet Ghost":6,"Calling Bell":0,"Blood Vial":26,"CaptainsWheel":0,"Replay:Bandana":23,"Busted Crown":11,"Ornamental Fan":14,"Strawberry":7,"Bronze Scales":14,"Molten Egg 2":23,"Red Mask":21,"ReplayTheSpireMod:Lightbulb":0,"hermit:Horseshoe":15,"hermit:Momento":0},{"Darkstone Periapt":0,"Divine Protection":18,"Tiny House":90,"Replay:PocketPolymizer":116,"Blue Doll":24,"Pet Ghost":24,"Calling Bell":0,"Blood Vial":128,"CaptainsWheel":0,"Replay:Bandana":113,"Busted Crown":53,"Ornamental Fan":68,"Strawberry":31,"Bronze Scales":68,"Molten Egg 2":113,"Red Mask":100,"ReplayTheSpireMod:Lightbulb":0,"hermit:Horseshoe":73,"hermit:Momento":0}]},"card_choices":[{"not_picked":["hermit:Headshot","hermit:SprayPray"],"picked":"hermit:CursedWeapon","floor":1},{"not_picked":["hermit:PistolWhip","hermit:Roulette"],"picked":"hermit:Brawl","floor":2},{"not_picked":["hermit:Coalescence","hermit:EyeOfTheStorm","hermit:Quickdraw"],"picked":"SKIP","floor":3},{"not_picked":["hermit:Coalescence","hermit:Quickdraw"],"picked":"hermit:EyeOfTheStorm","floor":3},{"not_picked":["hermit:Dive","hermit:Reprieve"],"picked":"hermit:Determination","floor":5},{"not_picked":["hermit:Dive","hermit:Manifest"],"picked":"hermit:Headshot","floor":6},{"not_picked":["hermit:Malice","hermit:DeadMansHand"],"picked":"hermit:Vantage","floor":8},{"not_picked":["hermit:Shortfuse","hermit:Roulette"],"picked":"hermit:Scavenge","floor":10},{"not_picked":["hermit:Desperado","hermit:ItchyTrigger","hermit:WideOpen"],"picked":"SKIP","floor":11},{"not_picked":["hermit:Quickdraw","hermit:Maintenance"],"picked":"hermit:GhostlyPresence","floor":13},{"not_picked":["hermit:TakeAim","hermit:DeadMansHand"],"picked":"hermit:Enervate","floor":14},{"not_picked":["hermit:FinalCanter","hermit:BlackWind"],"picked":"hermit:Gambit","floor":16},{"not_picked":[],"picked":"hermit:Coalescence","floor":18},{"not_picked":["hermit:Roulette"],"picked":"SKIP","floor":19},{"not_picked":["hermit:Roulette"],"picked":"SKIP","floor":19},{"not_picked":["hermit:Dive"],"picked":"SKIP","floor":25},{"not_picked":["hermit:Spite"],"picked":"SKIP","floor":27},{"not_picked":["hermit:CalledShot"],"picked":"SKIP","floor":28},{"not_picked":["hermit:TrackingShot"],"picked":"SKIP","floor":29},{"not_picked":["hermit:Dive"],"picked":"SKIP","floor":31},{"not_picked":[],"picked":"hermit:Coalescence","floor":35},{"not_picked":["hermit:TrackingShot+1"],"picked":"SKIP","floor":36},{"not_picked":[],"picked":"hermit:Coalescence","floor":41},{"not_picked":["hermit:Showdown"],"picked":"SKIP","floor":42},{"not_picked":["hermit:ItchyTrigger+1"],"picked":"SKIP","floor":44},{"not_picked":["hermit:Desperado+1"],"picked":"SKIP","floor":46},{"not_picked":[],"picked":"hermit:Manifest+1","floor":47}],"player_experience":857807,"relics_obtained":[{"floor":0,"key":"ReplayTheSpireMod:Lightbulb"},{"floor":0,"key":"Darkstone Periapt"},{"floor":0,"key":"CaptainsWheel"},{"floor":6,"key":"Divine Protection"},{"floor":8,"key":"Pet Ghost"},{"floor":9,"key":"Blue Doll"},{"floor":10,"key":"Strawberry"},{"floor":25,"key":"Ornamental Fan"},{"floor":26,"key":"Bronze Scales"},{"floor":27,"key":"hermit:Horseshoe"},{"floor":42,"key":"Replay:Bandana"},{"floor":43,"key":"Molten Egg 2"},{"floor":44,"key":"Replay:PocketPolymizer"},{"floor":48,"key":"Blood Vial"}],"event_choices":[{"damage_healed":0,"gold_gain":0,"player_choice":"Became a Ghost","damage_taken":0,"max_hp_gain":0,"max_hp_loss":39,"event_name":"Ghosts","floor":20,"gold_loss":0,"cards_obtained":["Ghostly","Ghostly","Ghostly"]},{"damage_healed":0,"gold_gain":50,"player_choice":"Stole From Cult","damage_taken":0,"max_hp_gain":0,"max_hp_loss":0,"event_name":"Nest","floor":22,"gold_loss":0},{"damage_healed":0,"gold_gain":0,"player_choice":"Bought 3 Potions","damage_taken":0,"max_hp_gain":0,"max_hp_loss":0,"event_name":"The Woman in Blue","floor":30,"gold_loss":0},{"damage_healed":0,"gold_gain":0,"player_choice":"Paid","damage_taken":0,"relics_obtained":["Red Mask"],"max_hp_gain":0,"max_hp_loss":0,"event_name":"Tomb of Lord Red Mask","floor":39,"gold_loss":62}],"is_beta":false,"boss_relics":[{"not_picked":["Pandora\u0027s Box","Black Star"],"picked":"Busted Crown"},{"not_picked":["Runic Dome","Snecko Eye"],"picked":"Tiny House"}],"items_purged_floors":[21],"is_endless":false,"potions_floor_spawned":[1,5,6,11,16,27,28,29,31,35,41,42,44],"ascension_level":20}}