{"host":"dd2mx3pm3ovi0t1n","time":1610860647,"event":{"mods":["2.2 Compatiblity","AchievementEnabler","Aspiration","BaseMod","Beaked The Cultist","Better Altar","Better Match","Better Note","Better Sensory Stone","Better Skull","Better Third Choice","BetterRewards","Colored Map","Colored Powertips","Conspire","Defuse TimeMaze Blight","Downfall","Energized Spire","Friendly Minions","GifTheSpireLib","Gold Saver","Halation","Hermit","Highlight Path","Hubris","Infinite Spire","Jedi Mod","Marked Mod","Minty Spire (QoL Compilation)","Permanent Neow","Poor People Problems","Quick Restart","Shop Mod","Spicy Shops","Spikes Relics","StSLib","Stuff the Spire","TestMod","The Construct","Uncapped","Wandering Minibosses","vexMod","????"],"gold_per_floor":[99,111,123,134,309,309,309,324,324,349,368,387,372,404,421,421,421,421],"floor_reached":16,"language":"ENG","playtime":704,"items_purged":[],"score":120,"play_id":"136853d5-c086-4b68-a5e8-3efcc6a58e59","local_time":"20210116211727","is_ascension_mode":true,"campfire_choices":[{"data":"champ:Taunt","floor":1,"key":"SMITH"},{"data":"champ:BerserkerStyle","floor":9,"key":"SMITH"}],"circlet_count":0,"master_deck":["champ:Strike","champ:Strike","champ:Strike","champ:Strike","champ:Defend","champ:Defend","champ:Defend","champ:Defend","champ:Execute","champ:Taunt+1","champ:BerserkerStyle+1","champ:Encircle","Doubt","champ:Encircle","champ:RageSigil","champ:PreciseThrust","champ:StanceDance","champ:ShieldSigil","champ:RecklessLeap"],"relics":["testmod-TestBox","testmod-Brilliant","testmod-Recursion","Meat on the Bone","hubris:OldNail","hubris:DisguiseKit"],"acts_visited":["Exordium"],"potions_floor_usage":[13,13,14],"damage_taken":[{"damage":38,"enemies":"infinitespire:Voidling","floor":2,"turns":4},{"damage":0,"enemies":"2 Louse","floor":3,"turns":1},{"damage":14,"enemies":"Cultist","floor":4,"turns":3},{"damage":0,"enemies":"Lots of Slimes","floor":8,"turns":1},{"damage":45,"enemies":"Gremlin Nob","floor":10,"turns":3},{"damage":7,"enemies":"Blue Slaver","floor":11,"turns":1},{"damage":8,"enemies":"conspire:2 RoseBushes","floor":12,"turns":1},{"damage":28,"enemies":"downfall:FleeingMerchant","floor":13,"turns":4},{"damage":79,"enemies":"Lagavulin","floor":14,"turns":4},{"damage":0,"enemies":"3 Louse","floor":15,"turns":1},{"damage":115,"enemies":"WA_ARCHETYPE_RETAIN","floor":16,"turns":4}],"seed_played":"3314679364905485271","potions_obtained":[{"floor":3,"key":"Swift Potion"},{"floor":8,"key":"Explosive Potion"},{"floor":10,"key":"testmod-TestPotion"}],"is_trial":false,"path_per_floor":["R","M","M","M","?","?","T","M","R","E","M","M","$","E","M","B"],"character_chosen":"THE_CHAMP","items_purchased":[],"campfire_rested":0,"item_purchase_floors":[],"current_hp_per_floor":[90,72,72,68,68,68,68,68,68,73,73,65,77,46,46,0,0,0],"gold":421,"neow_bonus":"BOSS_RELIC","is_daily":false,"chose_seed":false,"campfire_upgraded":2,"win_rate":0.0,"timestamp":1610860647,"path_taken":["R","M","?","M","?","?","T","M","R","E","?","M","$","E","M","BOSS"],"items_purchased_type":[],"build_version":"2020-12-22","purchased_purges":0,"victory":false,"max_hp_per_floor":[90,90,90,90,90,90,90,90,90,90,90,90,90,90,90,90,90,90],"card_choices":[{"not_picked":["champ:GutPunch","champ:PreemptiveStrike"],"picked":"champ:BerserkerStyle","floor":2},{"not_picked":["champ:Circumvent","champ:RisingSlash"],"picked":"champ:Encircle","floor":3},{"not_picked":["champ:PerfectedStrike","champ:ShieldSlam","champ:GutPunch"],"picked":"SKIP","floor":4},{"not_picked":["champ:CrownThrow","champ:IgnorePain"],"picked":"champ:RageSigil","floor":8},{"not_picked":["champ:IgnorePain","champ:Circumvent"],"picked":"champ:PreciseThrust","floor":10},{"not_picked":["champ:Backstep","champ:GutPunch"],"picked":"champ:StanceDance","floor":11},{"not_picked":["champ:TornadoPunch","champ:Parry"],"picked":"champ:ShieldSigil","floor":12},{"not_picked":["champ:Endure","champ:ArenaPreparation"],"picked":"champ:RecklessLeap","floor":13},{"not_picked":["champ:FalseCounter","champ:ShieldSlam","champ:Devastate"],"picked":"SKIP","floor":14},{"not_picked":["champ:EndlessRage","champ:Encircle","champ:FalseCounter","Hello World"],"picked":"SKIP","floor":15}],"player_experience":463548,"relics_obtained":[{"floor":7,"key":"Meat on the Bone"},{"floor":10,"key":"hubris:OldNail"},{"floor":14,"key":"hubris:DisguiseKit"}],"event_choices":[],"is_beta":false,"boss_relics":[],"items_purged_floors":[],"is_endless":false,"potions_floor_spawned":[3,8,10,11,12],"killed_by":"WA_ARCHETYPE_RETAIN","ascension_level":1}}