{"host":"BK","time":1610913395,"event":{"mods":["BaseMod","Highlight Path","Minty Spire (QoL Compilation)","StSLib"],"gold_per_floor":[111,127,142,160,179,26,58,58,83,83,96,171,200,229,229,312,312,324,344,344,344],"floor_reached":20,"language":"ENG","playtime":976,"items_purged":["Strike_G"],"score":426,"play_id":"fc865f68-57ed-4e1b-952a-cb9577d7a426","local_time":"20210117125635","is_ascension_mode":true,"campfire_choices":[{"floor":8.0,"key":"REST"},{"data":"Catalyst","floor":10.0,"key":"SMITH"},{"floor":15.0,"key":"REST"}],"circlet_count":0,"master_deck":["AscendersBane","Strike_G","Strike_G","Strike_G","Strike_G","Defend_G","Defend_G","Defend_G","Defend_G","Defend_G","Survivor","Neutralize","Quick Slash","Masterful Stab","Cloak And Dagger","Leg Sweep","Bouncing Flask","Catalyst+1","Flechettes","Bullet Time","Deadly Poison"],"relics":["Busted Crown","Lizard Tail","CeramicFish","Omamori","Calling Bell","MealTicket","The Courier","Tingsha"],"acts_visited":["Exordium","TheCity"],"potions_floor_usage":[16,18,20],"damage_taken":[{"damage":0.0,"enemies":"2 Louse","floor":1.0,"turns":3.0},{"damage":1.0,"enemies":"Small Slimes","floor":2.0,"turns":4.0},{"damage":1.0,"enemies":"Cultist","floor":3.0,"turns":4.0},{"damage":1.0,"enemies":"Lots of Slimes","floor":4.0,"turns":5.0},{"damage":6.0,"enemies":"Looter","floor":5.0,"turns":3.0},{"damage":20.0,"enemies":"3 Sentries","floor":7.0,"turns":14.0},{"damage":5.0,"enemies":"3 Louse","floor":11.0,"turns":4.0},{"damage":0.0,"enemies":"Lagavulin","floor":13.0,"turns":3.0},{"damage":13.0,"enemies":"Blue Slaver","floor":14.0,"turns":3.0},{"damage":9,"enemies":"The Guardian","floor":16,"turns":10},{"damage":31,"enemies":"Spheric Guardian","floor":18,"turns":8},{"damage":11,"enemies":"Shell Parasite","floor":19,"turns":4},{"damage":58,"enemies":"Chosen and Byrds","floor":20,"turns":5}],"seed_played":"-8348665651358921282","potions_obtained":[{"floor":2.0,"key":"Ancient Potion"},{"floor":4.0,"key":"Strength Potion"},{"floor":7.0,"key":"PowerPotion"},{"floor":14.0,"key":"Block Potion"},{"floor":19,"key":"Strength Potion"}],"is_trial":false,"path_per_floor":["M","M","M","M","M","$","E","R","T","R","M","?","E","M","R","B",null,"M","M","M"],"character_chosen":"THE_SILENT","items_purchased":["Bouncing Flask"],"campfire_rested":2,"item_purchase_floors":[6],"current_hp_per_floor":[59,58,57,56,50,50,30,49,49,49,44,33,33,20,39,30,57,26,15,0,0],"gold":344,"neow_bonus":"BOSS_RELIC","is_daily":false,"chose_seed":false,"campfire_upgraded":1,"win_rate":0.0,"timestamp":1610913395,"path_taken":["M","M","M","M","M","$","E","R","T","R","M","?","E","M","R","BOSS","M","M","M"],"items_purchased_type":["Card"],"build_version":"2020-12-18","purchased_purges":1,"victory":false,"max_hp_per_floor":[66,66,66,66,66,66,66,66,66,66,66,66,66,66,66,66,66,66,66,66,66],"card_choices":[{"not_picked":["Outmaneuver"],"picked":"SKIP","floor":1.0},{"not_picked":[],"picked":"Quick Slash","floor":2.0},{"not_picked":[],"picked":"Masterful Stab","floor":3.0},{"not_picked":[],"picked":"Cloak And Dagger","floor":4.0},{"not_picked":[],"picked":"Leg Sweep","floor":5.0},{"not_picked":[],"picked":"Catalyst","floor":7.0},{"not_picked":["Tactician"],"picked":"SKIP","floor":11.0},{"not_picked":["Prepared"],"picked":"SKIP","floor":13.0},{"not_picked":[],"picked":"Flechettes","floor":14.0},{"not_picked":[],"picked":"Bullet Time","floor":16},{"not_picked":["Prepared"],"picked":"SKIP","floor":18},{"not_picked":[],"picked":"Deadly Poison","floor":19}],"player_experience":2506609,"relics_obtained":[{"floor":7.0,"key":"Lizard Tail"},{"floor":9.0,"key":"CeramicFish"},{"floor":13.0,"key":"Omamori"},{"floor":17,"key":"MealTicket"},{"floor":17,"key":"The Courier"},{"floor":17,"key":"Tingsha"}],"event_choices":[{"damage_healed":0.0,"max_hp_gain":0.0,"max_hp_loss":0.0,"gold_gain":75.0,"event_name":"World of Goop","player_choice":"Gather Gold","floor":12.0,"gold_loss":0.0,"damage_taken":11.0}],"is_beta":true,"boss_relics":[{"not_picked":["Astrolabe","SacredBark"],"picked":"Calling Bell"}],"items_purged_floors":[6],"is_endless":false,"potions_floor_spawned":[2,4,7,11,14,19],"killed_by":"Chosen and Byrds","ascension_level":20}}