{"host":"z9grmtg2w0nmz8n1","time":1610861748,"event":{"mods":["Aspiration","BaseMod","Better Altar","Better Match","Better Note","Better Sensory Stone","Better Skull","Better Third Choice","BetterRewards","Clawfect","Colored Map","Conspire","GifTheSpireLib","Halation","Highlight Path","Hubris","Hunter ??","Jedi Mod","Minty Spire (QoL Compilation)","Permanent Neow","Replay The Spire","Shop Mod","Spicy Shops","StSLib","Stuff the Spire","The Runesmith"],"gold_per_floor":[110,220,220,51,64,64,64,95,165,195,212,246,246,21,21,125,125,139,139,139,152,27,55,55,90,90,118,118,133,150,167,167,267,267,284,128,141,119,119,119,119],"floor_reached":40,"language":"ENG","playtime":2080,"items_purged":["Runesmith:Defend_RS","Runesmith:Strike_RS","Runesmith:Defend_RS"],"score":974,"play_id":"1e1d4b45-f257-4f58-b6cb-9b06c62bbdf6","local_time":"20210117033548","is_ascension_mode":true,"campfire_choices":[{"floor":6,"key":"RECALL"},{"data":"Runesmith:Firestorm","floor":13,"key":"SMITH"},{"data":"Runesmith:Fortify","floor":15,"key":"SMITH"},{"data":"Runesmith:CraftFirestone","floor":32,"key":"SMITH"}],"circlet_count":0,"master_deck":["Runesmith:Defend_RS","Runesmith:Defend_RS","Runesmith:CraftFirestone+1","Runesmith:Fortify+1","Runesmith:ChargedHammer","Runesmith:EarthShield","Runesmith:EarthShield","Runesmith:UnstableHammer","Runesmith:Firestorm+1","Runesmith:HammerTime","Runesmith:RuneHurl","Runesmith:ChargedHammer","Runesmith:UnstableHammer","Runesmith:Permafrost+1","Runesmith:HammerAndChisel+1","Runesmith:UnstableHammer","Runesmith:PoweredAnvil+1","Runesmith:HammerThrow","Runesmith:Grindstone","Runesmith:Grindstone","Runesmith:ArcReactor+1","Runesmith:CraftMagma"],"relics":["Runesmith:BrokenRuby","hubris:Towel","Meat on the Bone","Happy Flower","Frozen Egg 2","Runic Pyramid","hubris:BottledHeart","conspire:Flyswatter","Blue Doll","Iron Hammer","StuffTheSpire:Experiment12","halation:EternalFortune","Black Star","jedi:matchstick","halation:PapillonHeart"],"acts_visited":["Exordium","TheCity","TheBeyond"],"potions_floor_usage":[16,16,27,27],"damage_taken":[{"damage":0,"enemies":"2 Louse","floor":1,"turns":3},{"damage":0,"enemies":"conspire:RoseBush","floor":5,"turns":3},{"damage":12,"enemies":"3 Sentries","floor":8,"turns":6},{"damage":9,"enemies":"Replay:BlueRogue","floor":10,"turns":5},{"damage":0,"enemies":"Small Slimes","floor":11,"turns":4},{"damage":6,"enemies":"Gremlin Nob","floor":12,"turns":3},{"damage":0,"enemies":"Slime Boss","floor":16,"turns":5},{"damage":1,"enemies":"Chosen","floor":18,"turns":4},{"damage":0,"enemies":"conspire:FuzzyDice","floor":21,"turns":4},{"damage":0,"enemies":"conspire:Head Lice","floor":23,"turns":5},{"damage":0,"enemies":"Replay:Snechameleon","floor":25,"turns":5},{"damage":0,"enemies":"Slavers","floor":27,"turns":5},{"damage":0,"enemies":"Snake Plant","floor":29,"turns":4},{"damage":0,"enemies":"Cultist and Chosen","floor":30,"turns":4},{"damage":0,"enemies":"Centurion and Healer","floor":31,"turns":4},{"damage":0,"enemies":"Pondfish","floor":33,"turns":9},{"damage":0,"enemies":"3 Shapes","floor":35,"turns":5},{"damage":0,"enemies":"3 Darklings","floor":37,"turns":6},{"damage":0,"enemies":"Reptomancer","floor":40,"turns":2}],"seed_played":"-1714961790916684460","potions_obtained":[{"floor":10,"key":"Fire Potion"},{"floor":12,"key":"jedi:StrikingPotion"},{"floor":16,"key":"jedi:mysterypotion"},{"floor":21,"key":"Regen Potion"},{"floor":23,"key":"PowerPotion"},{"floor":25,"key":"CultistPotion"}],"is_trial":false,"path_per_floor":["M","?","?","$","M","R","?","E","T","E","M","E","R","$","R","B",null,"M","?","?","M","$","E","?","E","T","E","?","M","M","M","R","B",null,"M","$","M","$","?","E"],"character_chosen":"RUNESMITH_CLASS","items_purchased":["Runesmith:UnstableHammer","Runesmith:Firestorm","Runesmith:UnstableHammer","Runesmith:Permafrost+1","jedi:matchstick","Runesmith:CraftMagma"],"campfire_rested":0,"item_purchase_floors":[4,4,14,14,36,38],"current_hp_per_floor":[70,53,53,53,53,53,53,41,41,44,44,38,38,38,38,38,70,69,1,1,1,1,1,1,1,1,1,1,1,1,1,1,1,1,1,1,1,1,1,1,1],"gold":119,"neow_bonus":"TRANSFORM_CARD","is_daily":false,"chose_seed":false,"campfire_upgraded":3,"win_rate":0.0,"timestamp":1610861748,"path_taken":["M","?","?","$","M","R","?","E","T","E","?","E","R","?","R","BOSS","M","?","?","?","$","E","?","E","T","E","?","M","M","M","R","BOSS","M","$","M","$","?","E"],"items_purchased_type":["Card","Card","Card","Card","Relic","Card"],"build_version":"2020-12-22","purchased_purges":3,"victory":false,"max_hp_per_floor":[70,70,70,70,70,70,70,70,70,70,70,70,70,70,70,70,70,70,1,1,1,1,1,1,1,1,1,1,1,1,1,1,1,1,1,1,1,1,1,1,1],"card_choices":[{"not_picked":["Runesmith:Repurpose","Runesmith:ShiftingStrike"],"picked":"Runesmith:EarthShield","floor":1},{"not_picked":["Runesmith:OneForEveryone","Runesmith:HammerAndChisel"],"picked":"Runesmith:EarthShield","floor":2},{"not_picked":["Runesmith:CraftObretio","Runesmith:Overpower"],"picked":"Runesmith:HammerTime","floor":5},{"not_picked":["Runesmith:Overpower","Runesmith:Grindstone"],"picked":"Runesmith:RuneHurl","floor":8},{"not_picked":["Runesmith:CraftObretio","Runesmith:HeatExchange"],"picked":"Runesmith:ChargedHammer","floor":10},{"not_picked":["Runesmith:Reinforce","Runesmith:HeatExchange","Runesmith:ChargedHammer"],"picked":"SKIP","floor":11},{"not_picked":["Runesmith:ShiftingStrike","Runesmith:Retool","Runesmith:Repurpose"],"picked":"SKIP","floor":12},{"not_picked":["Runesmith:HeatExchange","Runesmith:Repurpose"],"picked":"Runesmith:HammerAndChisel+1","floor":18},{"not_picked":["Runesmith:Augment","Runesmith:Retool+1"],"picked":"Runesmith:UnstableHammer","floor":21},{"not_picked":["Runesmith:Reinforce","Runesmith:Repurpose"],"picked":"Runesmith:PoweredAnvil+1","floor":23},{"not_picked":["Runesmith:EnergizedChisel","Runesmith:StaticCage"],"picked":"Runesmith:HammerThrow","floor":25},{"not_picked":["Runesmith:Repurpose","Runesmith:EarthShield"],"picked":"Runesmith:Grindstone","floor":27},{"not_picked":["Runesmith:CraftProtectio+1","Runesmith:BackupBattery"],"picked":"Runesmith:Grindstone","floor":29},{"not_picked":["Runesmith:ShiftingStrike","Runesmith:FrozenChisel","Runesmith:MakeshiftArmor+1"],"picked":"SKIP","floor":30},{"not_picked":["Runesmith:ChiselStab","Runesmith:Grindstone","Runesmith:EnergizedChisel"],"picked":"SKIP","floor":31},{"not_picked":["Runesmith:CraftPrismatica","Runesmith:Duplicate"],"picked":"Runesmith:ArcReactor+1","floor":33},{"not_picked":["Runesmith:Refine+1","Runesmith:HeatedChisel","Runesmith:CraftProtectio"],"picked":"SKIP","floor":35},{"not_picked":["Runesmith:CraftSpiculum","Runesmith:ShiftingStrike+1","Runesmith:EarthShield+1"],"picked":"SKIP","floor":37}],"player_experience":827173,"relics_obtained":[{"floor":8,"key":"Meat on the Bone"},{"floor":10,"key":"Happy Flower"},{"floor":12,"key":"Frozen Egg 2"},{"floor":23,"key":"conspire:Flyswatter"},{"floor":25,"key":"Blue Doll"},{"floor":26,"key":"Iron Hammer"},{"floor":27,"key":"StuffTheSpire:Experiment12"},{"floor":30,"key":"halation:EternalFortune"},{"floor":31,"key":"halation:EternalFortune"}],"event_choices":[{"cards_removed":["Runesmith:Strike_RS"],"damage_healed":0,"gold_gain":0,"player_choice":"Purged","damage_taken":0,"max_hp_gain":0,"max_hp_loss":0,"event_name":"Purifier","floor":7,"gold_loss":0},{"cards_removed":["Runesmith:Strike_RS"],"damage_healed":0,"gold_gain":0,"player_choice":"Offered Basic","damage_taken":0,"max_hp_gain":0,"max_hp_loss":0,"event_name":"Bonfire Elementals","floor":20,"gold_loss":0},{"damage_healed":0,"gold_gain":0,"player_choice":"Ignored","damage_taken":0,"max_hp_gain":0,"max_hp_loss":0,"event_name":"Vampires","floor":24,"gold_loss":0}],"is_beta":false,"boss_relics":[{"not_picked":["aspiration:RunicSpoon","jedi:battlestandard"],"picked":"Runic Pyramid"},{"not_picked":["halation:PlatinumPhoenix","Replay:Ancient Bell"],"picked":"Black Star"}],"items_purged_floors":[4,14,22],"is_endless":false,"potions_floor_spawned":[10,12,16,21,23,25],"killed_by":"Reptomancer","ascension_level":2}}