{"host":"i7jfea87xc8lz16p","time":1610905870,"event":{"mods":["AchievementEnabler","BaseMod","Colored Powertips","Minty Spire (QoL Compilation)","Relic Stats"],"gold_per_floor":[111,111,111,134,134,134,175,175,243,243,263,279,303,321,321,321,321],"floor_reached":16,"language":"ENG","playtime":476,"items_purged":[],"score":204,"play_id":"ce239fe3-1b79-44ca-98ca-d5a4a8719a07","local_time":"20210117185110","is_ascension_mode":true,"campfire_choices":[{"data":"Static Discharge","floor":6,"key":"SMITH"},{"data":"Buffer","floor":8,"key":"SMITH"},{"floor":15,"key":"REST"}],"circlet_count":0,"master_deck":["AscendersBane","Strike_B","Strike_B","Strike_B","Strike_B","Defend_B","Defend_B","Defend_B","Defend_B","Zap","Dualcast","Loop+1","Static Discharge+1","Buffer+1","Capacitor","Darkness"],"relics":["Cracked Core","Golden Idol","Ornamental Fan","HornCleat"],"acts_visited":["Exordium"],"potions_floor_usage":[7,16],"damage_taken":[{"damage":8,"enemies":"2 Louse","floor":1,"turns":2},{"damage":5,"enemies":"Small Slimes","floor":4,"turns":3},{"damage":25,"enemies":"Lagavulin","floor":7,"turns":7},{"damage":2,"enemies":"Jaw Worm","floor":11,"turns":3},{"damage":10,"enemies":"Gremlin Gang","floor":12,"turns":5},{"damage":7,"enemies":"3 Louse","floor":13,"turns":4},{"damage":11,"enemies":"Exordium Thugs","floor":14,"turns":5},{"damage":28,"enemies":"The Guardian","floor":16,"turns":9}],"seed_played":"-7561507731265231250","potions_obtained":[{"floor":4,"key":"AttackPotion"},{"floor":11,"key":"Ancient Potion"},{"floor":14,"key":"EssenceOfSteel"}],"is_trial":false,"path_per_floor":["M","?","?","M","?","R","E","R","T","?","M","M","M","M","R","B"],"character_chosen":"DEFECT","items_purchased":[],"campfire_rested":1,"item_purchase_floors":[],"current_hp_per_floor":[63,63,63,58,58,58,33,33,33,33,31,21,14,3,24,0,0],"gold":321,"neow_bonus":"TEN_PERCENT_HP_BONUS","is_daily":false,"chose_seed":false,"campfire_upgraded":2,"win_rate":0.0,"timestamp":1610905870,"path_taken":["M","?","?","M","?","R","E","R","T","?","M","?","?","M","R","BOSS"],"items_purchased_type":[],"build_version":"2020-12-22","purchased_purges":0,"victory":false,"max_hp_per_floor":[78,71,71,71,71,71,71,71,71,71,71,71,71,71,71,71,71],"relic_stats":{"counters":[8,38],"Golden Idol":29,"Ornamental Fan":[0],"obtain_stats":[{"HornCleat":9,"Golden Idol":2,"Ornamental Fan":7,"Cracked Core":0},{"HornCleat":3,"Golden Idol":1,"Ornamental Fan":3,"Cracked Core":0},{"HornCleat":12,"Golden Idol":2,"Ornamental Fan":12,"Cracked Core":0}]},"card_choices":[{"not_picked":["Compile Driver","Reprogram"],"picked":"Loop","floor":1},{"not_picked":["Gash","Cold Snap"],"picked":"Static Discharge","floor":4},{"not_picked":["Turbo","Conserve Battery"],"picked":"Buffer","floor":7},{"not_picked":["Steam","Compile Driver"],"picked":"Capacitor","floor":11},{"not_picked":["Rebound","Chaos"],"picked":"Darkness","floor":12},{"not_picked":["Leap","Go for the Eyes","Recycle"],"picked":"SKIP","floor":13},{"not_picked":["Gash","Compile Driver","Redo"],"picked":"SKIP","floor":14}],"player_experience":1795745,"relics_obtained":[{"floor":7,"key":"Ornamental Fan"},{"floor":9,"key":"HornCleat"}],"event_choices":[{"damage_healed":0,"gold_gain":0,"player_choice":"Lose Max HP","damage_taken":0,"relics_obtained":["Golden Idol"],"max_hp_gain":0,"max_hp_loss":7,"event_name":"Golden Idol","floor":2,"gold_loss":0},{"damage_healed":0,"gold_gain":0,"player_choice":"Ignored","damage_taken":0,"max_hp_gain":0,"max_hp_loss":0,"event_name":"Shining Light","floor":3,"gold_loss":0},{"damage_healed":0,"gold_gain":0,"player_choice":"Ignored","damage_taken":0,"max_hp_gain":0,"max_hp_loss":0,"event_name":"Liars Game","floor":5,"gold_loss":0},{"damage_healed":0,"gold_gain":0,"player_choice":"Grow","damage_taken":0,"max_hp_gain":0,"max_hp_loss":0,"event_name":"Living Wall","floor":10,"gold_loss":0,"cards_upgraded":["Loop"]}],"is_beta":false,"boss_relics":[],"items_purged_floors":[],"is_endless":false,"potions_floor_spawned":[4,11,14],"killed_by":"The Guardian","ascension_level":20}}