{"host":"f2dtkdj52ep8eeb0","time":1610891005,"event":{"mods":["100% Spire Juice","2.2 Compatiblity","AchievementEnabler","Aspiration","BaseMod","Block Reminder","Defuse TimeMaze Blight","Hubris","Infinite Spire","Luminous","Marisa????????","Minty Spire (QoL Compilation)","Replay The Spire","Shade Mod","Spicy Shops","StSLib","SuperFastMode","The Alterego","The Blue Laboratory","The Cursed","The Wild Card","TheSwordswoman","Treasure Hunter"],"gold_per_floor":[111,91,22,22,22,52,71,86,109,30,44,44,68,85,85,183,63,80,80,157,157,168,193,193,193,239,268,280,292,304,335,347,481,493,548,560,625,637,706,718,630,630],"floor_reached":41,"language":"ENG","playtime":1762,"items_purged":[],"score":834,"play_id":"c3afe2f2-67ec-477e-8080-38cf0a9ac575","local_time":"20210117084325","is_ascension_mode":false,"campfire_choices":[{"floor":12,"key":"REST"},{"floor":15,"key":"REST"},{"data":"Moonworks:NicePresent","floor":24,"key":"SMITH"},{"floor":28,"key":"REST"},{"floor":30,"key":"REST"},{"floor":32,"key":"REST"},{"data":"Moonworks:MiracleWalker","floor":40,"key":"SMITH"}],"circlet_count":0,"master_deck":["Moonworks:Strike","Moonworks:Strike","Moonworks:Strike","Moonworks:Strike","Moonworks:Defend","Moonworks:Defend","Moonworks:Defend","Moonworks:Ambush","Moonworks:LongDistanceShot","Moonworks:NicePresent+1","ReplayTheSpireMod:IOU","ReplayTheSpireMod:IOU","Purity","Moonworks:CloudOfSeagulls","Moonworks:LulusLuckyEgg","infinitespire:Collect","TH:CursedSword","Moonworks:BigMagnum","Moonworks:Dash","Moonworks:IndiscriminateFireSupport","Moonworks:NicePresent","Moonworks:DeployBits","TH:Mimic","ReplayTheSpireMod:IOU","ReplayTheSpireMod:IOU","ReplayTheSpireMod:IOU","Moonworks:MiracleWalker+1","Moonworks:BigMagnum","Moonworks:LulusLuckyEgg","Moonworks:GoAway","TH:PixieDust","Moonworks:SakisCookie","Moonworks:RagingMadness","TH:CursedSword","Moonworks:MetallicMonocoque","Moonworks:EvilSpyWorkPreparation","Moonworks:IndiscriminateFireSupport","TH:Mimic","Moonworks:BigBangBell+1","Moonworks:IndiscriminateFireSupport","TH:CursedSword","Moonworks:MeltingMemories","TH:DeckOfManyThings","Moonworks:ImOnFire","Moonworks:LulusLuckyEgg","Moonworks:CookingTime","Moonworks:StiffCrystal+1","TH:Mimic","Moonworks:PlushieMaster","Moonworks:Heat300Percent","Moonworks:DeployBits+1","Moonworks:NicePresent+1","Moonworks:ImOnFire","Moonworks:EvilSpyWorkPreparation","Moonworks:NicePresent+1"],"relics":["Moonworks:BrokenBomb","Moonworks:Homemark","NeowsBlessing","Replay:Wax Seal","BargainBundle","Prayer Wheel","Akabeko","ClockworkSouvenir","Replay:Rubber Ducky","Replay:Bronze Core","Letter Opener","Replay:Accelerometer","Anchor","hubris:Icosahedron","MawBank","NlothsMask","infinitespire:EvilPickle","Ring of Chaos"],"acts_visited":["Exordium","TheCity","TheBeyond"],"potions_floor_usage":[11,11,14,23,33,33,36,36,41,41],"damage_taken":[{"damage":0,"enemies":"Jaw Worm","floor":1,"turns":1},{"damage":0,"enemies":"Lagavulin","floor":6,"turns":1},{"damage":0,"enemies":"Cultist","floor":7,"turns":1},{"damage":2,"enemies":"2 Louse","floor":8,"turns":2},{"damage":13,"enemies":"Lots of Slimes","floor":11,"turns":2},{"damage":23,"enemies":"Exordium Thugs","floor":14,"turns":3},{"damage":30,"enemies":"Slime Boss","floor":16,"turns":7},{"damage":5,"enemies":"Chosen","floor":18,"turns":2},{"damage":26,"enemies":"3 Byrds","floor":22,"turns":3},{"damage":0,"enemies":"Slavers","floor":23,"turns":2},{"damage":15,"enemies":"Centurion and Healer","floor":27,"turns":4},{"damage":5,"enemies":"Sentry and Sphere","floor":31,"turns":2},{"damage":46,"enemies":"Pondfish","floor":33,"turns":9},{"damage":12,"enemies":"Orb Walker","floor":35,"turns":3},{"damage":7,"enemies":"Orb Walker","floor":36,"turns":3},{"damage":0,"enemies":"3 Darklings","floor":37,"turns":3},{"damage":22,"enemies":"Jaw Worm Horde","floor":39,"turns":3},{"damage":46,"enemies":"Transient","floor":41,"turns":4}],"seed_played":"-3423094838444214434","potions_obtained":[{"floor":1,"key":"Explosive Potion"},{"floor":6,"key":"LiquidMemories"},{"floor":11,"key":"BlessingOfTheForge"},{"floor":22,"key":"LifebloodPotion"},{"floor":23,"key":"Languid Potion"},{"floor":31,"key":"Toxic Potion"},{"floor":33,"key":"Strength Potion"},{"floor":35,"key":"Energy Potion"},{"floor":39,"key":"SteroidPotion"}],"is_trial":false,"path_per_floor":["M","?","$","?","?","E","M","M","T","$","M","R","T","M","R","B",null,"M","?","T","AVR","M","E","R","?","T","M","R","?","R","M","R","B",null,"M","?","M","$","M","R","M"],"character_chosen":"THE_STARBREAKER","items_purchased":["Replay:Wax Seal","BargainBundle","Purity","Moonworks:CloudOfSeagulls","Moonworks:LulusLuckyEgg","ClockworkSouvenir","Moonworks:MiracleWalker","Moonworks:BigMagnum"],"campfire_rested":5,"item_purchase_floors":[3,3,3,3,3,10,10,10],"current_hp_per_floor":[60,60,60,45,45,45,45,43,43,43,30,48,48,25,43,15,60,55,55,55,55,31,31,31,31,31,16,34,34,52,47,60,22,60,54,49,49,49,33,33,0,0],"gold":630,"neow_bonus":"THREE_ENEMY_KILL","is_daily":false,"chose_seed":false,"campfire_upgraded":2,"win_rate":0.0,"timestamp":1610891005,"path_taken":["M","?","?","?","?","E","?","M","T","?","M","R","?","M","R","BOSS","M","?","?","AVR","M","E","R","?","T","M","R","?","R","?","R","BOSS","M","?","M","$","M","R","M"],"items_purchased_type":["Relic","Relic","Card","Card","Card","Relic","Card","Card"],"build_version":"2020-12-22","purchased_purges":0,"victory":false,"max_hp_per_floor":[60,60,60,60,60,60,60,60,60,60,60,60,60,60,60,60,60,60,60,60,60,60,60,60,60,60,60,60,60,60,60,60,60,60,60,60,60,60,60,60,60,60],"card_choices":[{"not_picked":["Moonworks:MiracleRedBeanIceCream","Moonworks:FullSpeedAlicianrone"],"picked":"Moonworks:NicePresent","floor":1},{"not_picked":["hubris:InfiniteBlow+16","ReplayTheSpireMod:Echoes of Time"],"picked":"infinitespire:Collect","floor":4},{"not_picked":["TH:PixieDust"],"picked":"TH:CursedSword","floor":6},{"not_picked":["Moonworks:JonathanRush","Moonworks:CloudOfSeagulls"],"picked":"Moonworks:BigMagnum","floor":6},{"not_picked":["Moonworks:CookingTime","Moonworks:ImmovableObject"],"picked":"Moonworks:Dash","floor":7},{"not_picked":["Moonworks:Bloodlust","Moonworks:FinalSurgery"],"picked":"Moonworks:IndiscriminateFireSupport","floor":7},{"not_picked":["Moonworks:IndiscriminateFireSupport","Moonworks:FinalBattle"],"picked":"Moonworks:NicePresent","floor":8},{"not_picked":["Moonworks:CloudOfSeagulls","Moonworks:JonathanRush"],"picked":"Moonworks:DeployBits","floor":8},{"not_picked":["TH:ArmorSpikes"],"picked":"TH:Mimic","floor":9},{"not_picked":["Moonworks:JonathanRush","Moonworks:Assault"],"picked":"Moonworks:LulusLuckyEgg","floor":11},{"not_picked":["Moonworks:IndiscriminateFireSupport","Moonworks:DeployBits"],"picked":"Moonworks:GoAway","floor":11},{"not_picked":["TH:EnergyPotion"],"picked":"TH:PixieDust","floor":13},{"not_picked":["Moonworks:JonathanRush","Moonworks:Heat300Percent"],"picked":"Moonworks:SakisCookie","floor":14},{"not_picked":["Moonworks:Assault","Moonworks:EvilSpyWorkPreparation"],"picked":"Moonworks:RagingMadness","floor":14},{"not_picked":["TH:CopperCoins"],"picked":"TH:CursedSword","floor":16},{"not_picked":["Moonworks:GoAway","Moonworks:SinkOrSwim"],"picked":"Moonworks:MetallicMonocoque","floor":16},{"not_picked":["Moonworks:Dinner","Moonworks:Assault"],"picked":"Moonworks:EvilSpyWorkPreparation","floor":18},{"not_picked":["Moonworks:DeployBits","Moonworks:LulusLuckyEgg+1"],"picked":"Moonworks:IndiscriminateFireSupport","floor":18},{"not_picked":["TH:BikiniMail"],"picked":"TH:Mimic","floor":20},{"not_picked":["Moonworks:ExtendedPhotonRifle","Moonworks:ImmovableObject"],"picked":"Moonworks:BigBangBell+1","floor":22},{"not_picked":["Moonworks:ImOnFire","Moonworks:LulusLuckyEgg"],"picked":"Moonworks:IndiscriminateFireSupport","floor":22},{"not_picked":["TH:ArmorSpikes"],"picked":"TH:CursedSword","floor":23},{"not_picked":["Moonworks:Poppoformation+1","Moonworks:Assault"],"picked":"Moonworks:MeltingMemories","floor":23},{"not_picked":["TH:TreasureMap"],"picked":"TH:DeckOfManyThings","floor":26},{"not_picked":["Moonworks:BigMagnum","Moonworks:CloudOfSeagulls"],"picked":"Moonworks:ImOnFire","floor":27},{"not_picked":["Moonworks:CloudOfSeagulls","Moonworks:StiffCrystal"],"picked":"Moonworks:LulusLuckyEgg","floor":27},{"not_picked":["Moonworks:NicePresent+1","Moonworks:ReproductionOfRecords"],"picked":"Moonworks:CookingTime","floor":31},{"not_picked":["Moonworks:JonathanRush+1","Moonworks:ImOnFire"],"picked":"Moonworks:StiffCrystal+1","floor":31},{"not_picked":["TH:BikiniMail"],"picked":"TH:Mimic","floor":33},{"not_picked":["Moonworks:Blazing","Moonworks:SinkOrSwim"],"picked":"Moonworks:PlushieMaster","floor":33},{"not_picked":["Moonworks:ReproductionOfRecords","Moonworks:BigMagnum"],"picked":"Moonworks:Heat300Percent","floor":35},{"not_picked":["Moonworks:Assault+1","Moonworks:CloudOfSeagulls"],"picked":"Moonworks:DeployBits+1","floor":35},{"not_picked":["Moonworks:IndiscriminateFireSupport","Moonworks:DevilHand+1"],"picked":"Moonworks:NicePresent+1","floor":37},{"not_picked":["Moonworks:SakisCookie","Moonworks:RedAndBlue+1"],"picked":"Moonworks:ImOnFire","floor":37},{"not_picked":["Moonworks:FinalSurgery+1","Moonworks:AngelHand"],"picked":"Moonworks:EvilSpyWorkPreparation","floor":39},{"not_picked":["Moonworks:ReproductionOfRecords","Moonworks:JonathanRush+1"],"picked":"Moonworks:NicePresent+1","floor":39}],"player_experience":334806,"relics_obtained":[{"floor":6,"key":"Prayer Wheel"},{"floor":9,"key":"Akabeko"},{"floor":13,"key":"Replay:Rubber Ducky"},{"floor":20,"key":"Letter Opener"},{"floor":23,"key":"Anchor"},{"floor":26,"key":"MawBank"}],"event_choices":[{"damage_healed":0,"gold_gain":100,"player_choice":"Pray","damage_taken":0,"max_hp_gain":0,"max_hp_loss":0,"event_name":"Golden Shrine","floor":2,"gold_loss":0},{"cards_removed":["Clumsy","ReplayTheSpireMod:IOU","ReplayTheSpireMod:IOU"],"damage_healed":0,"gold_gain":0,"player_choice":"Removed Curses","damage_taken":0,"max_hp_gain":0,"max_hp_loss":0,"event_name":"Fountain of Cleansing","floor":5,"gold_loss":0},{"damage_healed":0,"gold_gain":0,"player_choice":"Trade","damage_taken":0,"relics_obtained":["NlothsMask"],"max_hp_gain":0,"max_hp_loss":0,"event_name":"FaceTrader","floor":29,"gold_loss":0}],"is_beta":false,"boss_relics":[{"not_picked":["Replay:Wanted Poster","Painkiller Herb"],"picked":"Replay:Bronze Core"},{"not_picked":["aspiration:FutureDiary","infinitespire:Cupcake"],"picked":"Ring of Chaos"}],"items_purged_floors":[],"is_endless":false,"potions_floor_spawned":[1,6,11,22,23,31,33,35,39],"killed_by":"Transient","ascension_level":0}}