{"host":"9n6i2vl93jt4o42q","time":1610913941,"event":{"mods":["BaseMod","Minty Spire (QoL Compilation)","Relic Stats"],"gold_per_floor":[113,131,7,19,19,19,47,47,47,47,47,58,68,81,81,152,152,168,168,168,178,190,190,225,225,225,241,241,241,166,184,184,259,259,269,284,54,54,68,68,68],"floor_reached":40,"language":"ENG","playtime":7417,"items_purged":[],"score":841,"play_id":"da3f1566-b0c4-4131-b492-13ff3f8d95b8","local_time":"20210117210541","is_ascension_mode":true,"campfire_choices":[{"data":"Neutralize","floor":6.0,"key":"SMITH"},{"data":"Poisoned Stab","floor":8.0,"key":"SMITH"},{"data":"Footwork","floor":11.0,"key":"SMITH"},{"data":"Burst","floor":15.0,"key":"SMITH"},{"floor":23,"key":"REST"},{"floor":25,"key":"REST"},{"data":"Envenom","floor":28,"key":"SMITH"},{"data":"Well Laid Plans","floor":32,"key":"SMITH"}],"circlet_count":0,"master_deck":["AscendersBane","Strike_G","Strike_G","Defend_G","Defend_G","Defend_G","Defend_G","Defend_G","Survivor","Neutralize+1","Well Laid Plans+1","Poisoned Stab+1","Footwork+1","Flying Knee","Crippling Poison","Cloak And Dagger","Masterful Stab","Deadly Poison","Burst+1","Envenom+1","Leg Sweep","PiercingWail","Dagger Throw+1","RitualDagger","Sadistic Nature","Backflip"],"relics":["Ring of the Snake","Lantern","Eternal Feather","Snake Skull","Busted Crown","Pear","Bottled Tornado","Runic Dome"],"acts_visited":["Exordium","TheCity","TheBeyond"],"potions_floor_usage":[22,24,33,40],"damage_taken":[{"damage":0.0,"enemies":"Cultist","floor":1.0,"turns":4.0},{"damage":1.0,"enemies":"2 Louse","floor":2.0,"turns":3.0},{"damage":0.0,"enemies":"Jaw Worm","floor":4.0,"turns":5.0},{"damage":23.0,"enemies":"3 Sentries","floor":7.0,"turns":13.0},{"damage":0.0,"enemies":"Exordium Thugs","floor":12.0,"turns":4.0},{"damage":5.0,"enemies":"Gremlin Gang","floor":13.0,"turns":4.0},{"damage":7.0,"enemies":"Looter","floor":14.0,"turns":3.0},{"damage":41.0,"enemies":"Slime Boss","floor":16.0,"turns":15.0},{"damage":4.0,"enemies":"Shell Parasite","floor":18.0,"turns":5.0},{"damage":12,"enemies":"2 Thieves","floor":21,"turns":5},{"damage":22,"enemies":"Shelled Parasite and Fungi","floor":22,"turns":6},{"damage":55,"enemies":"Slavers","floor":24,"turns":12},{"damage":5,"enemies":"Snecko","floor":27,"turns":5},{"damage":10,"enemies":"Centurion and Healer","floor":31,"turns":7},{"damage":53,"enemies":"Automaton","floor":33,"turns":16},{"damage":4,"enemies":"Orb Walker","floor":35,"turns":4},{"damage":1,"enemies":"3 Shapes","floor":36,"turns":4},{"damage":10,"enemies":"Sphere and 2 Shapes","floor":39,"turns":8},{"damage":68,"enemies":"Reptomancer","floor":40,"turns":3}],"seed_played":"-5613410954345756814","potions_obtained":[{"floor":2.0,"key":"Block Potion"},{"floor":10.0,"key":"Weak Potion"},{"floor":14.0,"key":"DistilledChaos"},{"floor":18.0,"key":"Fruit Juice"},{"floor":21,"key":"Dexterity Potion"},{"floor":22,"key":"Weak Potion"},{"floor":39,"key":"SkillPotion"}],"is_trial":false,"path_per_floor":["M","M","$","M","?","R","E","R","T","?","R","M","M","M","R","B",null,"M","?","?","M","M","R","E","R","T","M","R","?","?","M","R","B",null,"M","M","$","?","M","E"],"character_chosen":"THE_SILENT","items_purchased":["Footwork","Flying Knee","Sadistic Nature","Backflip"],"campfire_rested":2,"item_purchase_floors":[3,3,37,37],"current_hp_per_floor":[59,58,58,58,63,63,40,49,49,49,58,58,53,46,58,17,58,54,54,54,42,25,59,14,51,51,46,61,55,55,45,60,7,66,62,61,61,61,51,0,0],"gold":68,"neow_bonus":"RANDOM_COMMON_RELIC","is_daily":false,"chose_seed":false,"campfire_upgraded":6,"win_rate":0.0,"timestamp":1610913941,"path_taken":["M","?","$","M","?","R","E","R","T","?","R","M","?","?","R","BOSS","M","?","?","M","?","R","E","R","T","M","R","?","?","M","R","BOSS","M","M","$","?","?","E"],"items_purchased_type":["Card","Card","Card","Card"],"build_version":"2020-12-22","purchased_purges":0,"victory":false,"max_hp_per_floor":[66,66,66,66,71,71,71,71,71,71,71,71,71,71,71,71,71,71,71,71,71,76,76,86,86,86,86,86,86,86,86,86,86,86,86,86,86,86,86,86,86],"relic_stats":{"Busted Crown":20,"counters":[19,126],"Eternal Feather":84,"Snake Skull":[125],"obtain_stats":[{"Runic Dome":34,"Lantern":0,"Busted Crown":17,"Pear":24,"Eternal Feather":7,"Snake Skull":9,"Bottled Tornado":26,"Ring of the Snake":0},{"Runic Dome":15,"Lantern":0,"Busted Crown":8,"Pear":12,"Eternal Feather":4,"Snake Skull":4,"Bottled Tornado":12,"Ring of the Snake":0},{"Runic Dome":107,"Lantern":0,"Busted Crown":51,"Pear":79,"Eternal Feather":25,"Snake Skull":25,"Bottled Tornado":79,"Ring of the Snake":0}],"Ring of the Snake":[38]},"card_choices":[{"not_picked":["Dodge and Roll","Tactician"],"picked":"Well Laid Plans","floor":1.0},{"not_picked":["Slice","Footwork"],"picked":"Poisoned Stab","floor":2.0},{"not_picked":["Caltrops","Catalyst"],"picked":"Crippling Poison","floor":4.0},{"not_picked":["Dodge and Roll","Setup"],"picked":"Cloak And Dagger","floor":7.0},{"not_picked":["Flechettes","Slice"],"picked":"Masterful Stab","floor":12.0},{"not_picked":["A Thousand Cuts","Backflip"],"picked":"Deadly Poison","floor":13.0},{"not_picked":["Dodge and Roll","Caltrops"],"picked":"Burst","floor":14.0},{"not_picked":["Burst","Storm of Steel"],"picked":"Envenom","floor":16.0},{"not_picked":[],"picked":"Leg Sweep","floor":18.0},{"not_picked":["Quick Slash"],"picked":"SKIP","floor":21},{"not_picked":[],"picked":"PiercingWail","floor":22},{"not_picked":["Grand Finale"],"picked":"SKIP","floor":24},{"not_picked":[],"picked":"Dagger Throw+1","floor":27},{"not_picked":["Eviscerate"],"picked":"SKIP","floor":31},{"not_picked":["Underhanded Strike"],"picked":"SKIP","floor":35},{"not_picked":["Concentrate"],"picked":"SKIP","floor":36},{"not_picked":["Riddle With Holes"],"picked":"SKIP","floor":39}],"player_experience":2087985,"relics_obtained":[{"floor":7.0,"key":"Eternal Feather"},{"floor":9.0,"key":"Snake Skull"},{"floor":24,"key":"Pear"},{"floor":26,"key":"Bottled Tornado"}],"event_choices":[{"damage_healed":0.0,"max_hp_gain":5.0,"max_hp_loss":0.0,"gold_gain":0.0,"event_name":"Big Fish","player_choice":"Donut","floor":5.0,"gold_loss":0.0,"damage_taken":0.0},{"damage_healed":0.0,"max_hp_gain":0.0,"max_hp_loss":0.0,"gold_gain":0.0,"event_name":"Lab","player_choice":"Got Potions","floor":10.0,"gold_loss":0.0,"damage_taken":0.0},{"damage_healed":0.0,"max_hp_gain":0.0,"max_hp_loss":0.0,"gold_gain":0.0,"event_name":"Ghosts","player_choice":"Ignored","floor":19.0,"gold_loss":0.0,"damage_taken":0.0},{"cards_removed":["Strike_G"],"damage_healed":0.0,"max_hp_gain":0.0,"max_hp_loss":0.0,"gold_gain":0.0,"event_name":"Purifier","player_choice":"Purged","floor":20.0,"gold_loss":0.0,"damage_taken":0.0},{"damage_healed":0,"gold_gain":0,"player_choice":"Joined the Cult","damage_taken":6,"max_hp_gain":0,"max_hp_loss":0,"event_name":"Nest","floor":29,"gold_loss":0,"cards_obtained":["RitualDagger"]},{"cards_removed":["Strike_G"],"damage_healed":0,"gold_gain":0,"player_choice":"Gave Gold","damage_taken":0,"max_hp_gain":0,"max_hp_loss":0,"event_name":"Beggar","floor":30,"gold_loss":75},{"cards_removed":["Strike_G"],"damage_healed":0,"gold_gain":0,"player_choice":"Purged","damage_taken":0,"max_hp_gain":0,"max_hp_loss":0,"event_name":"Purifier","floor":38,"gold_loss":0}],"is_beta":false,"boss_relics":[{"not_picked":["Philosopher\u0027s Stone","Calling Bell"],"picked":"Busted Crown"},{"not_picked":["Snecko Eye","Pandora\u0027s Box"],"picked":"Runic Dome"}],"items_purged_floors":[],"is_endless":false,"potions_floor_spawned":[2,14,18,21,22,39],"killed_by":"Reptomancer","ascension_level":20}}