{"host":"Qube","time":1610909862,"event":{"mods":["AchievementEnabler","BaseMod","Colored Map","Colored Powertips","Minty Spire (QoL Compilation)","Quick Restart","Random Character Button","StSLib"],"gold_per_floor":[363,363,363,438,451,451,19,46,46,46,60,60,85,99,99,178,178,194,194,4,33,44,44,44],"floor_reached":23,"language":"ENG","playtime":698,"items_purged":[],"score":394,"play_id":"b7c9f8d4-f894-4b90-b04a-d370d91d4e4c","local_time":"20210117105742","is_ascension_mode":true,"campfire_choices":[{"data":"Terror","floor":6,"key":"SMITH"},{"data":"Glass Knife","floor":10,"key":"SMITH"},{"floor":12,"key":"REST"},{"data":"Noxious Fumes","floor":15,"key":"SMITH"}],"circlet_count":0,"master_deck":["AscendersBane","Strike_G","Strike_G","Strike_G","Strike_G","Defend_G","Defend_G","Defend_G","Defend_G","Survivor","Neutralize","Dagger Throw","Riddle With Holes","Terror+1","Glass Knife+1","Noxious Fumes+1","Acrobatics","Dash","After Image","Catalyst","Deflect","Cloak And Dagger"],"relics":["Ring of the Snake","HandDrill","StrikeDummy","Torii","Darkstone Periapt","Letter Opener","Calling Bell","Art of War","Molten Egg 2","Bird Faced Urn","Membership Card","Red Mask"],"acts_visited":["Exordium","TheCity"],"potions_floor_usage":[13,21,21],"damage_taken":[{"damage":6,"enemies":"Cultist","floor":1,"turns":5},{"damage":0,"enemies":"2 Louse","floor":5,"turns":3},{"damage":22,"enemies":"Lagavulin","floor":8,"turns":6},{"damage":1,"enemies":"Jaw Worm","floor":11,"turns":2},{"damage":11,"enemies":"Gremlin Nob","floor":13,"turns":3},{"damage":0,"enemies":"Blue Slaver","floor":14,"turns":2},{"damage":13,"enemies":"Slime Boss","floor":16,"turns":6},{"damage":6,"enemies":"Chosen","floor":18,"turns":4},{"damage":25,"enemies":"Masked Bandits","floor":21,"turns":6},{"damage":12,"enemies":"Spheric Guardian","floor":22,"turns":5},{"damage":34,"enemies":"Gremlin Leader","floor":23,"turns":3}],"seed_played":"8725388198031985809","potions_obtained":[{"floor":1,"key":"SmokeBomb"},{"floor":8,"key":"SpeedPotion"},{"floor":11,"key":"DistilledChaos"},{"floor":14,"key":"Block Potion"},{"floor":18,"key":"Poison Potion"}],"is_trial":false,"path_per_floor":["M","?","?","?","M","R","$","E","T","R","M","R","E","M","R","B",null,"M","?","$","?","M","E"],"character_chosen":"THE_SILENT","items_purchased":["HandDrill","StrikeDummy","Membership Card","Deflect"],"campfire_rested":1,"item_purchase_floors":[7,7,20,20],"current_hp_per_floor":[53,53,58,47,47,47,47,25,25,25,24,43,32,32,32,19,54,52,52,52,31,23,0,0],"gold":44,"neow_bonus":"TWO_FIFTY_GOLD","is_daily":false,"chose_seed":false,"campfire_upgraded":3,"win_rate":0.0,"timestamp":1610909862,"path_taken":["M","?","?","?","?","R","$","E","T","R","M","R","E","M","R","BOSS","M","?","?","?","M","E"],"items_purchased_type":["Relic","Relic","Relic","Card"],"build_version":"2020-12-18","purchased_purges":0,"victory":false,"max_hp_per_floor":[60,60,65,65,65,65,65,65,65,65,65,65,65,65,65,65,65,65,65,65,65,65,65,65],"card_choices":[{"not_picked":["Dodge and Roll","Prepared"],"picked":"Dagger Throw","floor":1},{"not_picked":["Deadly Poison","Masterful Stab"],"picked":"Terror","floor":5},{"not_picked":["Expertise","Dash"],"picked":"Glass Knife","floor":8},{"not_picked":["Eviscerate","PiercingWail"],"picked":"Noxious Fumes","floor":11},{"not_picked":["Caltrops","Quick Slash"],"picked":"Acrobatics","floor":13},{"not_picked":["Poisoned Stab","Choke"],"picked":"Dash","floor":14},{"not_picked":["Glass Knife","Wraith Form v2"],"picked":"After Image","floor":16},{"not_picked":["Quick Slash+1","All Out Attack+1"],"picked":"Catalyst","floor":18},{"not_picked":["Outmaneuver","Dodge and Roll"],"picked":"Cloak And Dagger","floor":22}],"player_experience":911377,"relics_obtained":[{"floor":8,"key":"Torii"},{"floor":9,"key":"Darkstone Periapt"},{"floor":13,"key":"Letter Opener"},{"floor":17,"key":"Art of War"},{"floor":17,"key":"Molten Egg 2"},{"floor":17,"key":"Bird Faced Urn"},{"floor":21,"key":"Red Mask"}],"event_choices":[{"damage_healed":0,"gold_gain":0,"cards_transformed":["Defend_G"],"player_choice":"Change","damage_taken":0,"max_hp_gain":0,"max_hp_loss":0,"event_name":"Living Wall","floor":2,"gold_loss":0,"cards_obtained":["Riddle With Holes"]},{"damage_healed":0,"gold_gain":0,"player_choice":"Donut","damage_taken":0,"max_hp_gain":5,"max_hp_loss":0,"event_name":"Big Fish","floor":3,"gold_loss":0},{"damage_healed":0,"gold_gain":75,"player_choice":"Gather Gold","damage_taken":11,"max_hp_gain":0,"max_hp_loss":0,"event_name":"World of Goop","floor":4,"gold_loss":0},{"cards_removed":["Strike_G"],"damage_healed":0,"gold_gain":0,"player_choice":"Purged","damage_taken":0,"max_hp_gain":0,"max_hp_loss":0,"event_name":"Purifier","floor":19,"gold_loss":0},{"damage_healed":0,"gold_gain":0,"player_choice":"Fought Bandits","damage_taken":0,"max_hp_gain":0,"max_hp_loss":0,"event_name":"Masked Bandits","floor":21,"gold_loss":0}],"is_beta":true,"boss_relics":[{"not_picked":["Sozu","SlaversCollar"],"picked":"Calling Bell"}],"items_purged_floors":[],"is_endless":false,"potions_floor_spawned":[1,8,11,14,18],"killed_by":"Gremlin Leader","ascension_level":20}}