{"host":"bfxnw9us3ok3sr4c","time":1610846793,"event":{"mods":["Act Like it!","BaseMod","BetterRewards","Colored Map","Colored Powertips","Downfall","Hallownest","Hubris","Infinite Spire","Minty Spire (QoL Compilation)","StSLib","The Cursed"],"gold_per_floor":[99,110,110,110,126,126,126,26,53,69,83,145,159,159,170,268,268,168,184,203,221,235,235,235,1651,1651,1651,1651,1665,1683,1683,1693,1797,1797,1697,1714,1732,1732,1744,1757,1781,1794,1794,1828,1828,1873,1723,1740,1752,1752,1752,1780,1122,1122,1122,1122],"floor_reached":57,"language":"ENG","playtime":6889,"items_purged":["downfall:Bewildered"],"score":1540,"play_id":"5fe9fe9a-75c2-45b1-ac3e-55bb51370e7a","local_time":"20210117042633","is_ascension_mode":false,"campfire_choices":[{"floor":1,"key":"RECALL"},{"data":"sneckomod:TailWhip","floor":8,"key":"SMITH"},{"data":"sneckomod:UnknownRarePower","floor":18,"key":"SMITH"},{"floor":35,"key":"DIG"},{"floor":45,"key":"DIG"},{"floor":54,"key":"DIG"}],"circlet_count":0,"master_deck":["sneckomod:Strike","sneckomod:Strike","sneckomod:Strike","sneckomod:Defend+1","sneckomod:Defend","sneckomod:Defend+1","sneckomod:TailWhip+1","sneckomod:SnekBite","sneckomod:Unknown","sneckomod:Unknown+1","sneckomod:UnknownUncommonAttack","infinitespire:Collect+1","infinitespire:Collect","sneckomod:DiceCrush+1","sneckomod:UnknownBlock","sneckomod:UnknownRareSkill","sneckomod:UnknownWeak","sneckomod:UnknownBlock","sneckomod:Nope","sneckomod:UnknownBoss","sneckomod:UnknownRarePower+1","sneckomod:UnknownVulnerable","sneckomod:UnknownClassSLIMEBOUND","sneckomod:Unknown3Cost","sneckomod:UnknownClassSLIMEBOUND+1","sneckomod:MorePower","sneckomod:UnknownExhaust","sneckomod:WideSting","downfall:Bewildered","sneckomod:UnknownRareAttack+1","sneckomod:UnknownClassSLIMEBOUND+1","sneckomod:Unknown0Cost+1","sneckomod:SnekBeam+1","sneckomod:UnknownStrike","sneckomod:UnknownClassBLUE+1","sneckomod:UnknownUncommonSkill+1","sneckomod:UnknownRareAttack","sneckomod:UnknownDraw+1","sneckomod:IronFang+1","sneckomod:UnknownUncommonSkill+1","sneckomod:UnknownClassSLIMEBOUND+1","sneckomod:TrashToTreasure","sneckomod:UnknownWeak+1","sneckomod:UnknownStrike+1","sneckomod:SoulDraw+1","sneckomod:UnknownCommonSkill+1","expansioncontent:LastStand","sneckomod:UnknownStrength+1","sneckomod:Unknown3Cost+1","sneckomod:UnknownRarePower","sneckomod:UnknownUncommonAttack+1","sneckomod:UnknownRareAttack+1","sneckomod:UnknownBlock+1","sneckomod:UnknownDraw+1","sneckomod:Unknown1Cost+1","sneckomod:Unknown1Cost+1","sneckomod:Restock"],"relics":["sneckomod:SneckoSoul","War Paint","downfall:HeartBlessingRed","Bottled Flame","Calipers","SacredBark","downfall:HeartBlessingGreen","Shovel","Prayer Wheel","hubris:BottledHeart","sneckomod:BabySnecko","hubris:Towel","hubris:ScarierMask","downfall:HeartBlessingBlue","Toy Ornithopter","Pen Nib","hubris:SlimyHat","hubris:SphereOfDissonance","Omamori","hubris:Zylophone","Bottled Lightning","Oddly Smooth Stone","Medical Kit","infinitespire:Bottled Soul"],"acts_visited":["Exordium","TheCity","TheBeyond","TheEnding"],"potions_floor_usage":[11,21,21,25,29,32,33,33,33,44,44,48,50,55,56,56],"damage_taken":[{"damage":0,"enemies":"Small Slimes","floor":2,"turns":3},{"damage":4,"enemies":"Cultist","floor":5,"turns":3},{"damage":0,"enemies":"Lagavulin","floor":9,"turns":2},{"damage":0,"enemies":"2 Louse","floor":10,"turns":1},{"damage":3,"enemies":"Large Slime","floor":11,"turns":2},{"damage":4,"enemies":"3 Sentries","floor":12,"turns":4},{"damage":3,"enemies":"Red Slaver","floor":13,"turns":1},{"damage":0,"enemies":"2 Fungi Beasts","floor":15,"turns":2},{"damage":22,"enemies":"IC_STATUS_ARCHETYPE","floor":16,"turns":2},{"damage":6,"enemies":"Chosen","floor":19,"turns":2},{"damage":3,"enemies":"3 Byrds","floor":20,"turns":3},{"damage":0,"enemies":"Snake Plant","floor":21,"turns":1},{"damage":5,"enemies":"Shelled Parasite and Fungi","floor":22,"turns":3},{"damage":0,"enemies":"downfall:FleeingMerchant","floor":25,"turns":4},{"damage":0,"enemies":"Cultist and Chosen","floor":29,"turns":3},{"damage":0,"enemies":"Centurion and Healer","floor":30,"turns":2},{"damage":0,"enemies":"Shelled Parasite and Fungi","floor":32,"turns":4},{"damage":0,"enemies":"DF_ARCHETYPE_CLAW","floor":33,"turns":5},{"damage":0,"enemies":"Orb Walker","floor":36,"turns":1},{"damage":0,"enemies":"3 Darklings","floor":37,"turns":4},{"damage":0,"enemies":"Spire Growth","floor":39,"turns":1},{"damage":0,"enemies":"4 Shapes","floor":40,"turns":2},{"damage":0,"enemies":"Jaw Worm Horde","floor":42,"turns":3},{"damage":0,"enemies":"Giant Head","floor":44,"turns":6},{"damage":0,"enemies":"2 Orb Walkers","floor":46,"turns":4},{"damage":0,"enemies":"Transient","floor":48,"turns":5},{"damage":0,"enemies":"Spire Growth","floor":49,"turns":2},{"damage":0,"enemies":"SI_POISON_ARCHETYPE","floor":50,"turns":5},{"damage":0,"enemies":"downfall:CharBossMerchant","floor":52,"turns":4},{"damage":0,"enemies":"downfall:NeowBoss","floor":55,"turns":7},{"damage":0,"enemies":"downfall:NeowBossFinal","floor":56,"turns":7}],"seed_played":"-3449279229272428422","potions_obtained":[{"floor":2,"key":"Energy Potion"},{"floor":10,"key":"Block Potion"},{"floor":12,"key":"Dexterity Potion"},{"floor":19,"key":"Strength Potion"},{"floor":22,"key":"ColorlessPotion"},{"floor":30,"key":"hexamod:SoulburnPotion"},{"floor":32,"key":"DistilledChaos"},{"floor":36,"key":"sneckomod:MuddlingPotion"},{"floor":40,"key":"SteroidPotion"},{"floor":44,"key":"hexamod:SoulburnPotion"},{"floor":49,"key":"sneckomod:DiceRollPotion"}],"is_trial":false,"path_per_floor":["R","M","?","?","M","?","T","R","E","M","M","?","M","?","M","B",null,"R","M","M","M","M","AVR","T","$","?","?","?","M","M","?","M","B",null,"R","M","M","?","M","M","T","M","?","E","R","?","?","M","M","B",null,"E","$","R","B","B",null],"character_chosen":"THE_SNECKO","items_purchased":["Prayer Wheel","EssenceOfSteel","Swift Potion","bronze:BurnAndBuffPotion","sneckomod:UnknownExhaust","sneckomod:WideSting","Oddly Smooth Stone","Medical Kit","Fire Potion","Regen Potion","GamblersBrew","sneckomod:Restock"],"campfire_rested":0,"item_purchase_floors":[25,25,25,25,25,25,53,53,53,53,53,53],"current_hp_per_floor":[99,99,74,74,70,70,70,70,70,70,67,63,60,60,60,38,99,99,93,90,90,85,85,85,85,1,1,1,1,1,1,1,1,1,1,1,1,1,1,1,1,1,1,1,1,1,1,1,1,1,1,1,1,1,1,1],"gold":1122,"neow_bonus":"TEN_PERCENT_HP_BONUS","is_daily":false,"chose_seed":false,"campfire_upgraded":2,"win_rate":0.0,"timestamp":1610846793,"path_taken":["R","M","?","?","?","?","T","R","E","M","M","?","M","?","M","BOSS","R","M","M","M","M","AVR","T","$","?","?","?","M","?","?","M","BOSS","R","M","M","?","?","M","T","M","?","E","R","?","?","M","M","BOSS","E","$","R","BOSS","BOSS"],"items_purchased_type":["Relic","Potion","Potion","Potion","Card","Card","Relic","Relic","Potion","Potion","Potion","Card"],"build_version":"2020-12-22","purchased_purges":1,"victory":true,"max_hp_per_floor":[99,99,99,99,99,99,99,99,99,99,99,99,99,99,99,99,99,99,99,99,99,99,99,99,99,1,1,1,1,1,1,1,1,1,1,1,1,1,1,1,1,1,1,1,1,1,1,1,1,1,1,1,1,1,1,1],"card_choices":[{"not_picked":["sneckomod:DiceCrush","sneckomod:UnknownExhaust"],"picked":"sneckomod:UnknownUncommonAttack","floor":2},{"not_picked":["infinitespire:SealOfDarkness+","hubris:Fate"],"picked":"infinitespire:Collect","floor":3},{"not_picked":["sneckomod:QuickMove","sneckomod:Unknown2Cost"],"picked":"sneckomod:DiceCrush","floor":5},{"not_picked":["sneckomod:Unknown1Cost","sneckomod:SoulDraw"],"picked":"sneckomod:UnknownBlock","floor":9},{"not_picked":["sneckomod:UnknownDraw","sneckomod:SoulDraw"],"picked":"sneckomod:UnknownRareSkill","floor":10},{"not_picked":["sneckomod:DiceBlock","sneckomod:DiceCrush"],"picked":"sneckomod:UnknownWeak","floor":11},{"not_picked":["sneckomod:DiceCrush","sneckomod:QuickMove"],"picked":"sneckomod:UnknownBlock","floor":12},{"not_picked":["sneckomod:UnknownStrike","sneckomod:SoulDraw"],"picked":"sneckomod:Nope","floor":13},{"not_picked":["sneckomod:UnknownVulnerable","sneckomod:Nope"],"picked":"sneckomod:UnknownBoss","floor":15},{"not_picked":["sneckomod:SoulExchange","sneckomod:Unknown3Cost"],"picked":"sneckomod:UnknownRarePower","floor":16},{"not_picked":["sneckomod:SoulRoll","sneckomod:UnknownCommonAttack"],"picked":"sneckomod:UnknownVulnerable","floor":19},{"not_picked":["sneckomod:QuickMove","sneckomod:UnknownCommonSkill"],"picked":"sneckomod:UnknownClassSLIMEBOUND","floor":20},{"not_picked":["sneckomod:Nope","sneckomod:DiceCrush"],"picked":"sneckomod:Unknown3Cost","floor":21},{"not_picked":["sneckomod:DiceBlock","sneckomod:Unknown1Cost"],"picked":"sneckomod:UnknownClassSLIMEBOUND+1","floor":22},{"not_picked":["sneckomod:SoulRoll+1","sneckomod:QuickMove"],"picked":"sneckomod:MorePower","floor":25},{"not_picked":["sneckomod:UnknownColorless+1","sneckomod:UnknownRarePower+1"],"picked":"sneckomod:UnknownRareAttack+1","floor":29},{"not_picked":["sneckomod:CheapStock","sneckomod:QuickBite+1"],"picked":"sneckomod:UnknownClassSLIMEBOUND+1","floor":29},{"not_picked":["sneckomod:UnknownClassINFINITE_BLACK","sneckomod:UnknownVulnerable+1"],"picked":"sneckomod:Unknown0Cost+1","floor":29},{"not_picked":["sneckomod:UnknownDraw","sneckomod:DiceBlock"],"picked":"sneckomod:SnekBeam+1","floor":30},{"not_picked":["sneckomod:UnknownClassSLIMEBOUND","sneckomod:Nope+1"],"picked":"sneckomod:UnknownStrike","floor":30},{"not_picked":["sneckomod:DiceBlock","sneckomod:DefensiveFlair"],"picked":"sneckomod:UnknownClassBLUE+1","floor":32},{"not_picked":["sneckomod:SnekBeam+1","sneckomod:QuickBite","sneckomod:QuickMove"],"picked":"SKIP","floor":32},{"not_picked":["sneckomod:UnknownBlock+1","sneckomod:UnknownClassHEXA_GHOST_PURPLE+1"],"picked":"sneckomod:UnknownUncommonSkill+1","floor":33},{"not_picked":["sneckomod:UnknownBoss","sneckomod:UnlimitedRolls"],"picked":"sneckomod:UnknownRareAttack","floor":33},{"not_picked":["sneckomod:SerpentIdol","sneckomod:SnekBeam+1"],"picked":"sneckomod:UnknownDraw+1","floor":36},{"not_picked":["sneckomod:UnknownUncommonSkill+1","sneckomod:Unknown1Cost"],"picked":"sneckomod:IronFang+1","floor":36},{"not_picked":["sneckomod:UnknownCommonSkill+1","sneckomod:UnknownClassBLUE+1"],"picked":"sneckomod:UnknownUncommonSkill+1","floor":37},{"not_picked":["sneckomod:SoulRoll","sneckomod:Unknown1Cost"],"picked":"sneckomod:UnknownClassSLIMEBOUND+1","floor":37},{"not_picked":["sneckomod:UnknownRareAttack","sneckomod:DefensiveFlair"],"picked":"sneckomod:TrashToTreasure","floor":37},{"not_picked":["sneckomod:SoulRoll","sneckomod:Nope+1"],"picked":"sneckomod:UnknownWeak+1","floor":39},{"not_picked":["sneckomod:SoulRoll","sneckomod:RainOfDice"],"picked":"sneckomod:UnknownStrike+1","floor":39},{"not_picked":["sneckomod:RainOfDice+1","sneckomod:UnknownCommonSkill"],"picked":"sneckomod:SoulDraw+1","floor":40},{"not_picked":["sneckomod:UnknownClassINFINITE_BLACK","sneckomod:Nope","sneckomod:SnekBeam"],"picked":"SKIP","floor":40},{"not_picked":["sneckomod:SnakeSap","sneckomod:RainOfDice"],"picked":"sneckomod:UnknownCommonSkill+1","floor":42},{"not_picked":["sneckomod:QuickBite","sneckomod:UnknownBlock","sneckomod:DiceCrush+1"],"picked":"SKIP","floor":42},{"not_picked":["expansioncontent:Hexaburn","expansioncontent:GuardianWhirl"],"picked":"expansioncontent:LastStand","floor":43},{"not_picked":["sneckomod:UnknownClassGUARDIAN+1","sneckomod:UnknownClassSLIMEBOUND+1"],"picked":"sneckomod:UnknownStrength+1","floor":44},{"not_picked":["sneckomod:UnknownStrike+1","sneckomod:UnknownColorless+1"],"picked":"sneckomod:Unknown3Cost+1","floor":44},{"not_picked":["sneckomod:UnknownClassBLUE","sneckomod:SnakeSap"],"picked":"sneckomod:UnknownRarePower","floor":44},{"not_picked":["sneckomod:WideSting+1","sneckomod:MasterEye"],"picked":"sneckomod:UnknownUncommonAttack+1","floor":46},{"not_picked":["sneckomod:UnknownClassRED+1","sneckomod:UnknownUncommonAttack+1"],"picked":"sneckomod:UnknownRareAttack+1","floor":48},{"not_picked":["sneckomod:DefensiveFlair","sneckomod:Nope+1"],"picked":"sneckomod:UnknownBlock+1","floor":48},{"not_picked":["sneckomod:UnknownClassINFINITE_BLACK+1","sneckomod:UnknownCommonAttack+1","sneckomod:DiceCrush+1"],"picked":"SKIP","floor":48},{"not_picked":["sneckomod:DiceBlock","sneckomod:TrashToTreasure"],"picked":"sneckomod:UnknownDraw+1","floor":49},{"not_picked":["sneckomod:DefensiveFlair","sneckomod:IronFang","sneckomod:SoulRoll+1"],"picked":"SKIP","floor":49},{"not_picked":["sneckomod:UnknownUncommonAttack+1","sneckomod:UnknownExhaust+1"],"picked":"sneckomod:Unknown1Cost+1","floor":52},{"not_picked":["sneckomod:DiceBoulder","sneckomod:SoulCleanse"],"picked":"sneckomod:Unknown1Cost+1","floor":52}],"player_experience":268676,"relics_obtained":[{"floor":7,"key":"War Paint"},{"floor":9,"key":"Bottled Flame"},{"floor":12,"key":"Calipers"},{"floor":35,"key":"Toy Ornithopter"},{"floor":38,"key":"Pen Nib"},{"floor":41,"key":"hubris:SlimyHat"},{"floor":44,"key":"hubris:SphereOfDissonance"},{"floor":45,"key":"Omamori"},{"floor":46,"key":"hubris:Zylophone"},{"floor":52,"key":"Bottled Lightning"},{"floor":54,"key":"infinitespire:Bottled Soul"}],"event_choices":[{"damage_healed":0,"gold_gain":0,"player_choice":"Ignored","damage_taken":0,"max_hp_gain":0,"max_hp_loss":0,"event_name":"Ghosts","floor":31,"gold_loss":0},{"damage_healed":0,"gold_gain":0,"player_choice":"Relic","damage_taken":0,"max_hp_gain":0,"max_hp_loss":0,"event_name":"Wheel of Change","floor":38,"gold_loss":0},{"damage_healed":0,"gold_gain":0,"player_choice":"Fight","damage_taken":0,"max_hp_gain":0,"max_hp_loss":0,"event_name":"Mysterious Sphere","floor":46,"gold_loss":0}],"is_beta":false,"boss_relics":[{"not_picked":["infinitespire:Cupcake","hubris:HollowSoul"],"picked":"SacredBark"},{"not_picked":["hubris:VirtuousBlindfold","Runic Pyramid"],"picked":"hubris:ScarierMask"}],"items_purged_floors":[23],"is_endless":false,"potions_floor_spawned":[2,10,12,19,22,30,32,36,40,44,49],"ascension_level":0}}