{"host":"me6mz5vfpl3z3a3z","time":1610870118,"event":{"mods":["ATMod(°¢èªMod)","Act Like it!","Aspiration","BaseMod","CapriCore","Downfall","Energized Spire","Friendly Minions","Gensokyo","Hallownest","Koishi","Luminous","Marisa£¨ìFÓê¡¡Ä§ÀíÉ³£©","Minty Spire (QoL Compilation)","Reimu£¨²©ÀöÁéÃÎ£©","RumiaBox-Â¶Ã×æ«µÄÉñÃØºÐ×Ó","Spicy Shops","StSLib","The Alterego","The Blackbeard","The Bug Knight","The Cursed","The Gatherer","The Runesmith","The Showman","Yakumo Yukari mod","Yuyuko","[IsaacMod]ÒÔÈö¼âËþ","¡¾¹¦ÄÜMod¡¿»ìãçÖ®»·ÐÞ¸´²¹¶¡"],"gold_per_floor":[99,110,126,187,187,201,201,216,216,235,246,246,265,285,296,398,398,198,209,219,237,248,277,277,277,123,135,135,135],"floor_reached":28,"language":"ZHS","playtime":1210,"items_purged":[],"score":288,"play_id":"23d69380-6566-4784-8934-3c5a2e72c862","local_time":"20210117155518","is_ascension_mode":false,"campfire_choices":[{"floor":1,"key":"RECALL"},{"data":"Luminous:Mirror_Force_Luminous","floor":12,"key":"SMITH"},{"data":"Luminous:Dark_Crescendo_Luminous","floor":18,"key":"SMITH"}],"circlet_count":0,"master_deck":["Luminous:Light_Flash_Shower","Luminous:Light_Flash_Shower","Luminous:Light_Flash_Shower","Luminous:Dark_Abyssal_Drop","Luminous:Dark_Abyssal_Drop","Luminous:Dark_Abyssal_Drop","Luminous:Defend_Luminous","Luminous:Defend_Luminous","Luminous:Defend_Luminous","Luminous:Defend_Luminous","Luminous:Switch_Luminous","AT_DarkMatter","Luminous:Concentrate_Luminous","Luminous:Light_Sylvan_Lance","Luminous:Mirror_Force_Luminous+1","Luminous:Magic_Boost_Luminous","Luminous:Balance_Aether_Conduit","Luminous:Dark_Apocalypse","Luminous:Light_Gather","Luminous:Dark_Crescendo_Luminous+1","Luminous:Lunar_Tide_Luminous+1","Luminous:Lunar_Tide_Luminous","Luminous:Dark_Crescendo_Luminous","Luminous:Light_Gather+1","Luminous:Freud_Wisdom1_Luminous"],"relics":["Luminous:MirrorRelic","HushsDoor","AT_ATBox","DeadEye","Pantograph","SlaversCollar","downfall:HeartBlessingRed","downfall:HeartBlessingBlue","PreservedInsect","LastBattle","Mummified Hand","MagicDraw3"],"acts_visited":["Exordium","TheCity"],"potions_floor_usage":[4,16,16,23,27,28],"damage_taken":[{"damage":6,"enemies":"Jaw Worm","floor":2,"turns":3},{"damage":4,"enemies":"Small Slimes","floor":3,"turns":3},{"damage":10,"enemies":"Gremlin Nob","floor":4,"turns":4},{"damage":5,"enemies":"2 Louse","floor":6,"turns":3},{"damage":6,"enemies":"Blue Slaver","floor":8,"turns":3},{"damage":7,"enemies":"Red Slaver","floor":10,"turns":4},{"damage":2,"enemies":"2 Fungi Beasts","floor":11,"turns":5},{"damage":7,"enemies":"Exordium Thugs","floor":13,"turns":2},{"damage":0,"enemies":"Exordium Wildlife","floor":14,"turns":3},{"damage":0,"enemies":"3 Louse","floor":15,"turns":2},{"damage":44,"enemies":"WA_ARCHETYPE_RETAIN","floor":16,"turns":6},{"damage":14,"enemies":"Spheric Guardian","floor":19,"turns":6},{"damage":10,"enemies":"Shell Parasite","floor":20,"turns":5},{"damage":6,"enemies":"3 Cultists","floor":21,"turns":3},{"damage":29,"enemies":"Sentry and Sphere","floor":22,"turns":7},{"damage":28,"enemies":"Book of Stabbing","floor":23,"turns":5},{"damage":0,"enemies":"downfall:FleeingMerchant","floor":26,"turns":2},{"damage":0,"enemies":"Shelled Parasite and Fungi","floor":27,"turns":2},{"damage":6,"enemies":"3 Cultists","floor":28,"turns":2}],"seed_played":"-6059900049199180154","potions_obtained":[{"floor":2,"key":"PowerPotion"},{"floor":8,"key":"SkillPotion"},{"floor":9,"key":"PowerPotion"},{"floor":9,"key":"Guardian:BlockOnCardUsePotion"},{"floor":21,"key":"Fire Potion"},{"floor":27,"key":"champ:CounterPotion"}],"is_trial":false,"path_per_floor":["R","M","M","?","?","M","T","M","?","M","M","R","M","M","M","B",null,"R","M","M","M","M","E","T","?","$","M","M"],"character_chosen":"LuminousClass","items_purchased":["Mummified Hand","MagicDraw3","Luminous:Freud_Wisdom1_Luminous"],"campfire_rested":0,"item_purchase_floors":[26,26,26],"current_hp_per_floor":[82,76,72,62,62,57,57,51,51,44,42,42,35,35,35,16,82,92,78,68,62,33,5,5,5,5,5,0,0],"gold":135,"neow_bonus":"RANDOM_COMMON_RELIC","is_daily":false,"chose_seed":false,"campfire_upgraded":2,"win_rate":0.0,"timestamp":1610870118,"path_taken":["R","M","M","?","?","M","T","?","?","M","M","R","M","M","M","BOSS","R","M","M","M","M","E","T","?","?","M","M"],"items_purchased_type":["Relic","Relic","Card"],"build_version":"2020-12-22","purchased_purges":0,"victory":false,"max_hp_per_floor":[82,82,82,82,82,82,82,82,82,82,82,82,82,82,82,82,82,92,92,92,92,92,92,92,92,92,92,92,92],"card_choices":[{"not_picked":["Luminous:Flash_Blink_Luminous","Luminous:Light_Glare"],"picked":"Luminous:Concentrate_Luminous","floor":2},{"not_picked":["Luminous:Blinding_Pillar_Luminous","Luminous:Light_Wash_Luminous","Luminous:Concentrate_Luminous"],"picked":"SKIP","floor":3},{"not_picked":["Luminous:Abyss_Heart_Luminous","Luminous:Lights_Protection_Luminous"],"picked":"Luminous:Light_Sylvan_Lance","floor":4},{"not_picked":["Luminous:Tune_Luminous","Luminous:Blinding_Pillar_Luminous"],"picked":"Luminous:Mirror_Force_Luminous","floor":6},{"not_picked":["Luminous:Blinding_Pillar_Luminous","Luminous:Light_Wash_Luminous"],"picked":"Bomb","floor":8},{"not_picked":["Luminous:Accumulation_Luminous","Luminous:Blinding_Pillar_Luminous"],"picked":"Luminous:Magic_Boost_Luminous","floor":10},{"not_picked":["Luminous:Dark_Raid","Luminous:Shadow_Shell_Luminous"],"picked":"Luminous:Balance_Aether_Conduit","floor":11},{"not_picked":["Luminous:Dark_Dim_Erosion","Luminous:Dark_Raid"],"picked":"Luminous:Dark_Apocalypse","floor":13},{"not_picked":["Luminous:Tune_Luminous","Luminous:Dark_Pressure_Void"],"picked":"Bomb","floor":14},{"not_picked":["Luminous:Dark_Dim_Erosion","Luminous:Tune_Luminous"],"picked":"Luminous:Light_Gather","floor":15},{"not_picked":["Luminous:Arcane_Rage_Luminous","Luminous:Balance_Baptism"],"picked":"Luminous:Dark_Crescendo_Luminous","floor":16},{"not_picked":["Luminous:Dark_Pressure_Void+1","Luminous:Light_Sylvan_Lance"],"picked":"Luminous:Lunar_Tide_Luminous+1","floor":19},{"not_picked":["Luminous:Concentrate_Luminous","Luminous:Dark_Raid"],"picked":"Luminous:Lunar_Tide_Luminous","floor":20},{"not_picked":["Luminous:Dark_Raid","Luminous:Dark_Pressure_Void","Luminous:Dark_Dim_Erosion"],"picked":"SKIP","floor":21},{"not_picked":["Luminous:Dark_Dim_Erosion","Luminous:Dark_Apocalypse+1"],"picked":"Luminous:Dark_Crescendo_Luminous","floor":22},{"not_picked":["Luminous:Accumulation_Luminous","Luminous:Blinding_Pillar_Luminous","Luminous:Dark_Moonlight_Spear+1"],"picked":"SKIP","floor":23},{"not_picked":["Luminous:Light_Sylvan_Lance+1","Luminous:Blinding_Pillar_Luminous"],"picked":"Luminous:Light_Gather+1","floor":26},{"not_picked":["Luminous:Dark_Arcane_Pitch","Luminous:Mana_Overload_Luminous+1","Luminous:Light_Gather"],"picked":"SKIP","floor":27}],"player_experience":443319,"relics_obtained":[{"floor":4,"key":"Pantograph"},{"floor":23,"key":"PreservedInsect"},{"floor":24,"key":"LastBattle"}],"event_choices":[{"damage_healed":0,"gold_gain":0,"player_choice":"Ignored","damage_taken":0,"max_hp_gain":0,"max_hp_loss":0,"event_name":"Ghosts","floor":25,"gold_loss":0}],"is_beta":false,"boss_relics":[{"not_picked":["aspiration:RunicSpoon","aspiration:RandomNobGenerator"],"picked":"SlaversCollar"},{"not_picked":[]}],"items_purged_floors":[],"is_endless":false,"potions_floor_spawned":[2,8,10,14,21,27],"killed_by":"3 Cultists","ascension_level":0}}