{"host":"q9718omregw4er46","time":1610912327,"event":{"mods":["BaseMod","Bestiary","Colored Powertips","Minty Spire (QoL Compilation)","Quick Restart","Relic Stats"],"gold_per_floor":[114,124,124,142,16,16,47,47,70,97,97,112,132,143,143,217,217,234,234,249,249,267,295,295,295,295],"floor_reached":25,"language":"ENG","playtime":1127,"items_purged":[],"score":516,"play_id":"087735b6-7630-41a0-831a-a185fd792451","local_time":"20210118003847","is_ascension_mode":true,"campfire_choices":[{"data":"Metallicize","floor":6.0,"key":"SMITH"},{"data":"Disarm","floor":8.0,"key":"SMITH"},{"data":"Feed","floor":11.0,"key":"SMITH"},{"data":"Burning Pact","floor":15.0,"key":"SMITH"},{"floor":24,"key":"REST"}],"circlet_count":0,"master_deck":["AscendersBane","Strike_R","Strike_R","Strike_R","Defend_R","Defend_R","Defend_R+1","Defend_R+1","Bash","Apotheosis+1","Burning Pact+1","Thunderclap","Clothesline","Disarm+1","Metallicize+1","True Grit","Feed+1","Twin Strike","Brutality","Corruption","Barricade","Evolve","Combust"],"relics":["Burning Blood","Happy Flower","Bag of Preparation","War Paint","Busted Crown","InkBottle"],"acts_visited":["Exordium","TheCity"],"potions_floor_usage":[23,23],"damage_taken":[{"damage":0.0,"enemies":"2 Louse","floor":1.0,"turns":5.0},{"damage":11.0,"enemies":"Jaw Worm","floor":2.0,"turns":6.0},{"damage":0.0,"enemies":"Small Slimes","floor":4.0,"turns":3.0},{"damage":21.0,"enemies":"Gremlin Nob","floor":7.0,"turns":5.0},{"damage":6.0,"enemies":"Lagavulin","floor":10.0,"turns":10.0},{"damage":1.0,"enemies":"3 Louse","floor":12.0,"turns":4.0},{"damage":7.0,"enemies":"Exordium Wildlife","floor":13.0,"turns":4.0},{"damage":4.0,"enemies":"Large Slime","floor":14.0,"turns":7.0},{"damage":33.0,"enemies":"The Guardian","floor":16.0,"turns":12.0},{"damage":28,"enemies":"2 Thieves","floor":18,"turns":5},{"damage":18,"enemies":"Spheric Guardian","floor":20,"turns":6},{"damage":12,"enemies":"Snake Plant","floor":22,"turns":7},{"damage":21,"enemies":"Gremlin Leader","floor":23,"turns":6},{"damage":77,"enemies":"Slavers","floor":25,"turns":4}],"seed_played":"-6707426656327632407","potions_obtained":[{"floor":1.0,"key":"Energy Potion"},{"floor":2.0,"key":"SkillPotion"},{"floor":7.0,"key":"GamblersBrew"},{"floor":10.0,"key":"PowerPotion"},{"floor":22,"key":"LiquidMemories"}],"is_trial":false,"path_per_floor":["M","M","?","M","$","R","E","R","T","E","R","M","M","M","R","B",null,"M","?","M","?","M","E","R","E"],"character_chosen":"IRONCLAD","items_purchased":["Disarm","Metallicize"],"campfire_rested":1,"item_purchase_floors":[5,5],"current_hp_per_floor":[56,51,51,57,57,57,42,42,42,42,42,51,54,60,60,37,78,60,60,52,52,50,39,71,0,0],"gold":295,"neow_bonus":"RANDOM_COLORLESS_2","is_daily":false,"chose_seed":false,"campfire_upgraded":4,"win_rate":0.0,"timestamp":1610912327,"path_taken":["M","M","?","M","$","R","E","R","T","E","R","M","M","M","R","BOSS","M","?","M","?","M","E","R","E"],"items_purchased_type":["Card","Card"],"build_version":"2020-12-22","purchased_purges":0,"victory":false,"max_hp_per_floor":[75,75,75,75,75,75,75,75,75,75,75,79,83,87,87,91,91,95,95,99,99,103,107,107,111,111],"relic_stats":{"Busted Crown":8,"Happy Flower":[21],"counters":[14,84],"Bag of Preparation":[20],"War Paint":["Defend_R","Defend_R"],"obtain_stats":[{"Busted Crown":17,"Happy Flower":7,"Bag of Preparation":9,"War Paint":10,"Burning Blood":0,"InkBottle":23},{"Busted Crown":9,"Happy Flower":4,"Bag of Preparation":4,"War Paint":5,"Burning Blood":0,"InkBottle":13},{"Busted Crown":56,"Happy Flower":19,"Bag of Preparation":19,"War Paint":29,"Burning Blood":0,"InkBottle":80}],"Burning Blood":78,"InkBottle":[1]},"card_choices":[{"not_picked":["HandOfGreed","Secret Technique"],"picked":"Apotheosis","floor":0.0},{"not_picked":["Blood for Blood","Body Slam"],"picked":"Burning Pact","floor":1.0},{"not_picked":["Flex","Shockwave"],"picked":"Thunderclap","floor":2.0},{"not_picked":["Iron Wave","True Grit"],"picked":"Clothesline","floor":4.0},{"not_picked":["Havoc","Wild Strike"],"picked":"True Grit","floor":7.0},{"not_picked":["Pommel Strike","Limit Break"],"picked":"Feed","floor":10.0},{"not_picked":["Flex","Clothesline","Wild Strike"],"picked":"SKIP","floor":12.0},{"not_picked":["Iron Wave","Headbutt"],"picked":"Twin Strike","floor":13.0},{"not_picked":["Perfected Strike","Iron Wave"],"picked":"Brutality","floor":14.0},{"not_picked":["Barricade","Brutality"],"picked":"Corruption","floor":16.0},{"not_picked":["Armaments"],"picked":"SKIP","floor":18},{"not_picked":[],"picked":"Combust","floor":20},{"not_picked":["Havoc+1"],"picked":"SKIP","floor":22},{"not_picked":["Fire Breathing"],"picked":"SKIP","floor":23}],"player_experience":1217420,"relics_obtained":[{"floor":7.0,"key":"Happy Flower"},{"floor":9.0,"key":"Bag of Preparation"},{"floor":10.0,"key":"War Paint"},{"floor":23,"key":"InkBottle"}],"event_choices":[{"damage_healed":0.0,"max_hp_gain":0.0,"max_hp_loss":0.0,"gold_gain":0.0,"event_name":"Living Wall","player_choice":"Grow","floor":3.0,"gold_loss":0.0,"damage_taken":0.0,"cards_upgraded":["Apotheosis"]},{"damage_healed":0,"gold_gain":0,"cards_transformed":["Strike_R","Strike_R"],"player_choice":"Became Test Subject","damage_taken":0,"max_hp_gain":0,"max_hp_loss":0,"event_name":"Drug Dealer","floor":19,"gold_loss":0,"cards_obtained":["Barricade","Evolve"]},{"damage_healed":0,"gold_gain":0,"player_choice":"Ignored","damage_taken":0,"max_hp_gain":0,"max_hp_loss":0,"event_name":"Ghosts","floor":21,"gold_loss":0}],"is_beta":false,"boss_relics":[{"not_picked":["Runic Dome","Tiny House"],"picked":"Busted Crown"}],"items_purged_floors":[],"is_endless":false,"potions_floor_spawned":[1,2,7,10,14,22],"killed_by":"Slavers","ascension_level":20}}