{"host":"50per11302020","time":1610866792,"event":{"mods":["AchievementEnabler","BaseMod","Colored Map","Minty Spire (QoL Compilation)","Relic Stats","StSLib"],"gold_per_floor":[119,119,134,209,48,89,89,127,173,188,226,226,239,283,283,403,403,424,444,459,473,497,497,541,557,584,584,162,162,162,87,87,216,216,235,249,269,282,307,307,330,371,395,395,335,335,356,380,380,380],"floor_reached":51,"language":"ENG","playtime":4321,"items_purged":["Injury"],"score":1197,"play_id":"7c7c3d08-ba40-4d0f-a737-ca3a9b9f3d33","local_time":"20210116225952","is_ascension_mode":true,"campfire_choices":[{"floor":7.0,"key":"REST"},{"floor":12,"key":"REST"},{"floor":15,"key":"REST"},{"floor":23,"key":"REST"},{"data":"Defragment","floor":27,"key":"SMITH"},{"data":"Enlightenment","floor":32,"key":"SMITH"},{"floor":40,"key":"REST"},{"data":"Machine Learning","floor":44,"key":"SMITH"},{"data":"Seek","floor":46,"key":"SMITH"},{"data":"Seek","floor":49,"key":"SMITH"}],"circlet_count":0,"master_deck":["AscendersBane","Strike_B","Strike_B","Defend_B","Defend_B","Defend_B","Defend_B","Zap","Dualcast","Machine Learning+1","Conserve Battery","Reinforced Body","Defragment+1","Ball Lightning","Sunder","Defragment+1","Glacier","Seek+1","Coolheaded","Core Surge","Glacier","BootSequence","Turbo","Cold Snap+1","Defragment","Enlightenment+1","Electrodynamics","Echo Form","Blizzard+1","Seek+1","Sweeping Beam+1","Rainbow","Ball Lightning","Loop+1","Glacier"],"relics":["Cracked Core","Golden Idol","Happy Flower","Bronze Scales","Pen Nib","DataDisk","Centennial Puzzle","Black Star","Dream Catcher","Bag of Preparation","Omamori","Lee\u0027s Waffle","Inserter","Frozen Egg 2","Art of War","Vajra"],"acts_visited":["Exordium","TheCity","TheBeyond"],"potions_floor_usage":[22,33,50],"damage_taken":[{"damage":6.0,"enemies":"Cultist","floor":1.0,"turns":4.0},{"damage":6.0,"enemies":"Jaw Worm","floor":3.0,"turns":4.0},{"damage":12.0,"enemies":"3 Sentries","floor":6.0,"turns":8.0},{"damage":18.0,"enemies":"Lagavulin","floor":8.0,"turns":7.0},{"damage":1.0,"enemies":"2 Louse","floor":10.0,"turns":2.0},{"damage":32,"enemies":"Gremlin Nob","floor":11,"turns":4},{"damage":5,"enemies":"Large Slime","floor":13,"turns":6},{"damage":10,"enemies":"Lagavulin","floor":14,"turns":6},{"damage":1,"enemies":"Hexaghost","floor":16,"turns":9},{"damage":9,"enemies":"Shell Parasite","floor":18,"turns":7},{"damage":7,"enemies":"Chosen","floor":19,"turns":3},{"damage":10,"enemies":"3 Cultists","floor":20,"turns":7},{"damage":0,"enemies":"Shelled Parasite and Fungi","floor":21,"turns":7},{"damage":12,"enemies":"Centurion and Healer","floor":22,"turns":8},{"damage":13,"enemies":"Book of Stabbing","floor":24,"turns":7},{"damage":5,"enemies":"Snake Plant","floor":25,"turns":4},{"damage":0,"enemies":"Champ","floor":33,"turns":34},{"damage":9,"enemies":"3 Darklings","floor":35,"turns":7},{"damage":0,"enemies":"3 Shapes","floor":36,"turns":4},{"damage":10,"enemies":"Jaw Worm Horde","floor":37,"turns":3},{"damage":13,"enemies":"Spire Growth","floor":38,"turns":6},{"damage":1,"enemies":"Sphere and 2 Shapes","floor":39,"turns":5},{"damage":1,"enemies":"Maw","floor":41,"turns":7},{"damage":2,"enemies":"Nemesis","floor":42,"turns":7},{"damage":0,"enemies":"3 Darklings","floor":47,"turns":2},{"damage":0,"enemies":"Sphere and 2 Shapes","floor":48,"turns":4},{"damage":39,"enemies":"Awakened One","floor":50,"turns":19}],"seed_played":"7155822686042991448","potions_obtained":[{"floor":3.0,"key":"SteroidPotion"},{"floor":8.0,"key":"SpeedPotion"},{"floor":10.0,"key":"FairyPotion"},{"floor":25,"key":"ColorlessPotion"},{"floor":33,"key":"PowerPotion"}],"is_trial":false,"path_per_floor":["M","?","M","?","$","E","R","E","T","M","E","R","M","E","R","B",null,"M","M","M","M","M","R","E","M","T","R","$","?","?","$","R","B",null,"M","M","M","M","M","R","M","E","T","R","?","R","M","M","R","B",null],"character_chosen":"DEFECT","items_purchased":["Defragment","Ball Lightning","Lee\u0027s Waffle","Defragment","Enlightenment","CultistPotion","Electrodynamics"],"campfire_rested":5,"item_purchase_floors":[5,5,28,28,28,28,31],"current_hp_per_floor":[62,62,56,45,45,33,53,35,35,34,2,22,17,7,27,26,58,49,42,32,32,20,40,27,22,22,22,75,75,75,75,75,75,75,66,66,56,43,42,64,63,61,61,61,61,61,61,61,61,22],"gold":380,"neow_bonus":"THREE_RARE_CARDS","is_daily":false,"chose_seed":false,"campfire_upgraded":5,"win_rate":0.0,"timestamp":1610866792,"path_taken":["M","?","M","?","?","E","R","E","T","M","E","R","M","E","R","BOSS","M","?","M","M","M","R","E","M","T","R","$","?","?","$","R","BOSS","M","M","?","M","M","R","M","E","T","R","?","R","M","?","R","BOSS"],"items_purchased_type":["Card","Card","Relic","Card","Card","Potion","Card"],"build_version":"2020-12-18","purchased_purges":1,"victory":true,"max_hp_per_floor":[68,68,68,68,68,68,68,68,68,68,68,68,68,68,68,68,68,68,68,68,68,68,68,68,68,68,68,75,75,75,75,75,75,75,75,75,75,75,75,75,75,75,75,75,75,75,75,75,75,75],"relic_stats":{"Lee\u0027s Waffle":53,"Inserter":[29],"Happy Flower":[58],"counters":[27,191],"Golden Idol":189,"Pen Nib":[13],"Bag of Preparation":[24],"Centennial Puzzle":[42],"Dream Catcher":1,"Bronze Scales":[527],"Black Star":2,"Art of War":[14],"obtain_stats":[{"Lee\u0027s Waffle":28,"Inserter":34,"Happy Flower":6,"Golden Idol":2,"Vajra":43,"Pen Nib":9,"Bag of Preparation":24,"Omamori":26,"Frozen Egg 2":42,"DataDisk":11,"Centennial Puzzle":14,"Dream Catcher":24,"Bronze Scales":8,"Black Star":17,"Art of War":42,"Cracked Core":0},{"Lee\u0027s Waffle":16,"Inserter":17,"Happy Flower":3,"Golden Idol":1,"Vajra":24,"Pen Nib":4,"Bag of Preparation":15,"Omamori":16,"Frozen Egg 2":24,"DataDisk":6,"Centennial Puzzle":8,"Dream Catcher":15,"Bronze Scales":4,"Black Star":9,"Art of War":24,"Cracked Core":0},{"Lee\u0027s Waffle":93,"Inserter":127,"Happy Flower":16,"Golden Idol":4,"Vajra":166,"Pen Nib":23,"Bag of Preparation":89,"Omamori":93,"Frozen Egg 2":166,"DataDisk":29,"Centennial Puzzle":41,"Dream Catcher":89,"Bronze Scales":23,"Black Star":50,"Art of War":166,"Cracked Core":0}]},"card_choices":[{"not_picked":["Buffer","Meteor Strike"],"picked":"Machine Learning","floor":0.0},{"not_picked":["Redo","Compile Driver"],"picked":"Conserve Battery","floor":1.0},{"not_picked":["Leap","Barrage"],"picked":"Reinforced Body","floor":3.0},{"not_picked":["Steam Power","Coolheaded"],"picked":"Sunder","floor":6.0},{"not_picked":["Storm","Rebound"],"picked":"Defragment","floor":8.0},{"not_picked":["Sweeping Beam","Coolheaded"],"picked":"Glacier","floor":10.0},{"not_picked":["Reinforced Body","Go for the Eyes"],"picked":"Seek","floor":11},{"not_picked":["Turbo","Stack"],"picked":"Coolheaded","floor":13},{"not_picked":["Recycle","Heatsinks","Darkness"],"picked":"SKIP","floor":14},{"not_picked":["Hyperbeam","Buffer"],"picked":"Core Surge","floor":16},{"not_picked":["Gash","Barrage","Heatsinks"],"picked":"SKIP","floor":18},{"not_picked":["Darkness+1","Hologram"],"picked":"Glacier","floor":19},{"not_picked":["Cold Snap","Streamline"],"picked":"BootSequence","floor":20},{"not_picked":["Scrape+1","Cold Snap","Steam"],"picked":"SKIP","floor":21},{"not_picked":["Double Energy","Compile Driver+1"],"picked":"Turbo","floor":22},{"not_picked":["Thunder Strike","Double Energy","Cold Snap"],"picked":"SKIP","floor":24},{"not_picked":["Coolheaded","Beam Cell"],"picked":"Cold Snap+1","floor":25},{"not_picked":["Reboot","Seek"],"picked":"Echo Form","floor":33},{"not_picked":["Heatsinks","Rebound"],"picked":"Blizzard+1","floor":35},{"not_picked":["Fusion","Force Field+1","Beam Cell"],"picked":"SKIP","floor":36},{"not_picked":["Reinforced Body","Steam","Rebound+1"],"picked":"SKIP","floor":37},{"not_picked":["Streamline","Lockon","Redo+1"],"picked":"SKIP","floor":38},{"not_picked":["Sweeping Beam","Redo","Compile Driver"],"picked":"SKIP","floor":39},{"not_picked":["Sweeping Beam+1","Gash+1"],"picked":"Seek","floor":40},{"not_picked":["Scrape+1","Stack","Cold Snap"],"picked":"SKIP","floor":41},{"not_picked":["BootSequence+1","Streamline"],"picked":"Sweeping Beam+1","floor":42},{"not_picked":["White Noise","Double Energy"],"picked":"Loop+1","floor":47},{"not_picked":["Sunder","Coolheaded"],"picked":"Glacier","floor":48}],"player_experience":239203,"relics_obtained":[{"floor":6.0,"key":"Happy Flower"},{"floor":8.0,"key":"Bronze Scales"},{"floor":9.0,"key":"Pen Nib"},{"floor":11,"key":"DataDisk"},{"floor":14,"key":"Centennial Puzzle"},{"floor":24,"key":"Dream Catcher"},{"floor":24,"key":"Bag of Preparation"},{"floor":26,"key":"Omamori"},{"floor":42,"key":"Frozen Egg 2"},{"floor":42,"key":"Art of War"},{"floor":43,"key":"Vajra"}],"event_choices":[{"damage_healed":0.0,"max_hp_gain":0.0,"max_hp_loss":0.0,"gold_gain":0.0,"event_name":"Golden Idol","player_choice":"Take Wound","floor":2.0,"gold_loss":0.0,"damage_taken":0.0,"relics_obtained":["Golden Idol"],"cards_obtained":["Injury"]},{"damage_healed":0.0,"max_hp_gain":0.0,"max_hp_loss":0.0,"gold_gain":75.0,"event_name":"World of Goop","player_choice":"Gather Gold","floor":4.0,"gold_loss":0.0,"damage_taken":11.0},{"damage_healed":0,"gold_gain":0,"player_choice":"Ignored","damage_taken":0,"max_hp_gain":0,"max_hp_loss":0,"event_name":"Ghosts","floor":29,"gold_loss":0},{"damage_healed":0,"gold_gain":0,"player_choice":"Upgraded","damage_taken":0,"max_hp_gain":0,"max_hp_loss":0,"event_name":"Upgrade Shrine","floor":30,"gold_loss":0,"cards_upgraded":["Defragment"]},{"damage_healed":0,"gold_gain":0,"cards_transformed":["Strike_B","Strike_B"],"player_choice":"Transformed Cards","damage_taken":0,"max_hp_gain":0,"max_hp_loss":0,"event_name":"Designer","floor":45,"gold_loss":60,"cards_obtained":["Rainbow","Ball Lightning"]}],"is_beta":true,"boss_relics":[{"not_picked":["FrozenCore","Busted Crown"],"picked":"Black Star"},{"not_picked":["Tiny House","Runic Dome"],"picked":"Inserter"}],"items_purged_floors":[5],"is_endless":false,"potions_floor_spawned":[3,8,10,14,16,19,21,25,33,35,36,39,48],"ascension_level":11}}