{"host":"s8eu5oacnz2jj6un","time":1610913804,"event":{"mods":["AchievementEnabler","Act Like it!","Astrologer","BaseMod","Colored Powertips","KinomotoSakuraMod(????)","Lobotomy","Marisa????????","Minty Spire (QoL Compilation)","Remilia??????","Replay The Spire","Shop Mod","StSLib","The Senshi","The Servant 0.9.4","Yuri Mod"],"gold_per_floor":[111,121,133,148,323,348,348,377,377,377,377,377],"floor_reached":11,"language":"ENG","playtime":1663,"items_purged":[],"score":87,"play_id":"c07ba51d-eefa-4e3f-bae9-305b76d40dee","local_time":"20210117210324","is_ascension_mode":true,"campfire_choices":[{"floor":10,"key":"REST"}],"circlet_count":0,"master_deck":["Strike_G","Strike_G","Strike_G","Strike_G","Strike_G","Defend_G","Defend_G","Defend_G","Defend_G","Defend_G","Survivor","Neutralize","Caltrops","Backflip","Cloak And Dagger","All Out Attack","Backflip","Doubt","Storm of Steel","Expertise"],"relics":["Ring of the Snake","Strawberry","Vajra","Mummified Hand"],"acts_visited":["Exordium"],"potions_floor_usage":[6,8],"damage_taken":[{"damage":3,"enemies":"Jaw Worm","floor":1,"turns":6},{"damage":2,"enemies":"Small Slimes","floor":2,"turns":4},{"damage":0,"enemies":"2 Louse","floor":3,"turns":3},{"damage":2,"enemies":"Exordium Wildlife","floor":4,"turns":5},{"damage":51,"enemies":"Gremlin Nob","floor":6,"turns":6},{"damage":42,"enemies":"Lagavulin","floor":8,"turns":9},{"damage":25,"enemies":"Gremlin Nob","floor":11,"turns":3}],"seed_played":"3473131230560174632","potions_obtained":[{"floor":2,"key":"LifebloodPotion"},{"floor":3,"key":"ColorlessPotion"}],"is_trial":false,"path_per_floor":["M","M","M","M","?","E","?","E","T","R","E"],"character_chosen":"THE_SILENT","items_purchased":[],"campfire_rested":1,"item_purchase_floors":[],"current_hp_per_floor":[67,65,65,63,63,19,44,2,2,25,0,0],"gold":377,"neow_bonus":"THREE_CARDS","is_daily":false,"chose_seed":false,"campfire_upgraded":0,"win_rate":0.0,"timestamp":1610913804,"path_taken":["M","M","M","M","?","E","?","E","T","R","E"],"items_purchased_type":[],"build_version":"2020-12-22","purchased_purges":0,"victory":false,"max_hp_per_floor":[70,70,70,70,70,77,77,77,77,77,77,77],"card_choices":[{"not_picked":["Underhanded Strike","Bane"],"picked":"Caltrops","floor":0},{"not_picked":["Hidden Blade","Dagger Spray"],"picked":"Backflip","floor":1},{"not_picked":["Hidden Blade","Backflip"],"picked":"Cloak And Dagger","floor":2},{"not_picked":["Outmaneuver","Backflip"],"picked":"All Out Attack","floor":3},{"not_picked":["Catalyst","ReplayTheSpireMod:Speed Training"],"picked":"Backflip","floor":4},{"not_picked":["Deflect","Outmaneuver"],"picked":"Storm of Steel","floor":6},{"not_picked":["Acrobatics","Dagger Spray"],"picked":"Expertise","floor":8}],"player_experience":706603,"relics_obtained":[{"floor":6,"key":"Strawberry"},{"floor":8,"key":"Vajra"},{"floor":9,"key":"Mummified Hand"}],"event_choices":[{"damage_healed":0,"gold_gain":175,"player_choice":"AGREE","damage_taken":0,"max_hp_gain":0,"max_hp_loss":0,"event_name":"Liars Game","floor":5,"gold_loss":0,"cards_obtained":["Doubt"]},{"damage_healed":25,"gold_gain":0,"player_choice":"Banana","damage_taken":0,"max_hp_gain":0,"max_hp_loss":0,"event_name":"Big Fish","floor":7,"gold_loss":0}],"is_beta":false,"boss_relics":[],"items_purged_floors":[],"is_endless":false,"potions_floor_spawned":[2,3],"killed_by":"Gremlin Nob","ascension_level":1}}