{"host":"tkvepveagymvu0rh","time":1610856673,"event":{"mods":["AchievementEnabler","BaseMod","Better Match","Better Note","Better Sensory Stone","Better Third Choice","BetterRewards","Block Reminder","Colored Map","Colored Powertips","Googly Eyes","Highlight Path","Minty Spire (QoL Compilation)","Permanent Neow","Quick Restart","Relic Stats","StSLib","SuperFastMode","everything is the same but u backflip on backflip"],"gold_per_floor":[54,74,86,186,41,70,82,82,82,82,97,111,127,137,137,233,283,297,297,316,330,330,330],"floor_reached":22,"language":"ENG","playtime":4273,"items_purged":[],"score":292,"play_id":"29e511a8-2854-4dd2-b140-0ab6aeadb14b","local_time":"20210116231113","is_ascension_mode":false,"campfire_choices":[{"floor":8,"key":"REST"},{"data":"Tools of the Trade","floor":10,"key":"SMITH"},{"floor":15,"key":"REST"}],"circlet_count":0,"master_deck":["Strike_G","Strike_G","Strike_G","Strike_G","Strike_G","Defend_G+1","Defend_G","Defend_G","Defend_G","Defend_G","Survivor+1","Neutralize","Bane","Poisoned Stab+1","Eviscerate","Cloak And Dagger","Bane","Tools of the Trade+1","Crippling Poison","Dagger Throw","Flying Knee","Slice","Prepared","Poisoned Stab","Dagger Spray","Slice","Dagger Throw","Quick Slash","Flying Knee","Night Terror","Footwork","Noxious Fumes+1","Deflect","Dagger Spray+1"],"relics":["Ring of the Snake","Orrery","Ancient Tea Set","Happy Flower","War Paint","Oddly Smooth Stone","Tiny House"],"acts_visited":["Exordium","TheCity"],"potions_floor_usage":[16,16,16,22],"damage_taken":[{"damage":7,"enemies":"Small Slimes","floor":1,"turns":3},{"damage":0,"enemies":"Cultist","floor":2,"turns":3},{"damage":8,"enemies":"Jaw Worm","floor":3,"turns":2},{"damage":14,"enemies":"3 Sentries","floor":6,"turns":6},{"damage":0,"enemies":"Blue Slaver","floor":7,"turns":3},{"damage":4,"enemies":"Gremlin Gang","floor":11,"turns":4},{"damage":0,"enemies":"Red Slaver","floor":12,"turns":3},{"damage":1,"enemies":"Exordium Wildlife","floor":13,"turns":3},{"damage":10,"enemies":"Looter","floor":14,"turns":2},{"damage":38,"enemies":"The Guardian","floor":16,"turns":8},{"damage":2,"enemies":"Shell Parasite","floor":18,"turns":4},{"damage":22,"enemies":"3 Byrds","floor":20,"turns":4},{"damage":28,"enemies":"Snake Plant","floor":21,"turns":5},{"damage":24,"enemies":"Centurion and Healer","floor":22,"turns":3}],"seed_played":"-5894754149133631293","potions_obtained":[{"floor":1,"key":"LiquidMemories"},{"floor":6,"key":"Fire Potion"},{"floor":11,"key":"AttackPotion"},{"floor":12,"key":"Poison Potion"},{"floor":17,"key":"SneckoOil"},{"floor":18,"key":"FearPotion"},{"floor":21,"key":"Swift Potion"}],"is_trial":false,"path_per_floor":["M","M","M","?","$","E","M","R","T","R","M","M","M","M","R","B",null,"M","?","M","M","M"],"character_chosen":"THE_SILENT","items_purchased":["Orrery","Tools of the Trade","Crippling Poison","Ancient Tea Set","Dagger Throw","Happy Flower"],"campfire_rested":2,"item_purchase_floors":[0,0,0,0,0,5],"current_hp_per_floor":[56,56,48,48,48,34,34,55,55,55,51,51,50,40,61,23,75,73,73,51,23,0,0],"gold":330,"neow_bonus":"","is_daily":false,"chose_seed":false,"campfire_upgraded":1,"win_rate":0.0,"timestamp":1610856673,"path_taken":["M","M","M","?","?","E","M","R","T","R","M","M","M","?","R","BOSS","M","?","M","M","?"],"items_purchased_type":["Relic","Card","Card","Relic","Card","Relic"],"build_version":"2020-12-22","purchased_purges":0,"victory":false,"max_hp_per_floor":[70,70,70,70,70,70,70,70,70,70,70,70,70,70,70,70,75,75,75,75,75,75,75],"relic_stats":{"Happy Flower":[15],"counters":[55,259],"War Paint":["Survivor","Defend_G"],"obtain_stats":[{"Lee\u0027s Waffle":14,"Tiny House":17,"Happy Flower":27,"Golden Idol":8,"SacredBark":17,"Oddly Smooth Stone":9,"Snake Skull":43,"Juzu Bracelet":12,"War Paint":7,"Bottled Tornado":27,"Ancient Tea Set":0,"Mercury Hourglass":26,"Blood Vial":26,"Strange Spoon":31,"Dream Catcher":27,"Anchor":9,"FaceOfCleric":10,"Pantograph":10,"Orrery":0,"Bag of Marbles":9,"Black Star":17,"Toy Ornithopter":6,"Ring of the Snake":0},{"Lee\u0027s Waffle":7,"Tiny House":51,"Happy Flower":13,"Golden Idol":21,"SacredBark":25,"Oddly Smooth Stone":46,"Snake Skull":40,"Juzu Bracelet":7,"War Paint":4,"Bottled Tornado":30,"Ancient Tea Set":41,"Mercury Hourglass":29,"Blood Vial":12,"Strange Spoon":33,"Dream Catcher":13,"Anchor":21,"FaceOfCleric":21,"Pantograph":5,"Orrery":15,"Bag of Marbles":4,"Black Star":8,"Toy Ornithopter":21,"Ring of the Snake":0},{"Lee\u0027s Waffle":30,"Tiny House":243,"Happy Flower":64,"Golden Idol":96,"SacredBark":114,"Oddly Smooth Stone":223,"Snake Skull":203,"Juzu Bracelet":30,"War Paint":16,"Bottled Tornado":142,"Ancient Tea Set":206,"Mercury Hourglass":135,"Blood Vial":58,"Strange Spoon":157,"Dream Catcher":64,"Anchor":96,"FaceOfCleric":96,"Pantograph":23,"Orrery":73,"Bag of Marbles":16,"Black Star":44,"Toy Ornithopter":96,"Ring of the Snake":0}],"Ring of the Snake":[112]},"card_choices":[{"not_picked":["Masterful Stab","Dodge and Roll"],"picked":"Bane","floor":0.0},{"not_picked":["Bane","Infinite Blades"],"picked":"Poisoned Stab","floor":0.0},{"not_picked":["Underhanded Strike","Infinite Blades"],"picked":"Eviscerate","floor":0.0},{"not_picked":["Blur","Sucker Punch"],"picked":"Cloak And Dagger","floor":0.0},{"not_picked":["Expertise","Leg Sweep"],"picked":"Bane","floor":0.0},{"not_picked":["Quick Slash","Expertise"],"picked":"Flying Knee","floor":1},{"not_picked":["Eviscerate","Deflect"],"picked":"Slice","floor":2},{"not_picked":["All Out Attack","Skewer"],"picked":"Prepared","floor":3},{"not_picked":["Deflect","Wraith Form v2"],"picked":"Poisoned Stab","floor":6},{"not_picked":["Dagger Throw","Bouncing Flask"],"picked":"Dagger Spray","floor":7},{"not_picked":["Terror","Acrobatics"],"picked":"Slice","floor":11},{"not_picked":["Outmaneuver","Riddle With Holes"],"picked":"Dagger Throw","floor":12},{"not_picked":["PiercingWail","Skewer"],"picked":"Quick Slash","floor":13},{"not_picked":["Blade Dance","Dodge and Roll"],"picked":"Flying Knee","floor":14},{"not_picked":["Adrenaline","Storm of Steel"],"picked":"Night Terror","floor":16},{"not_picked":["Caltrops","Quick Slash"],"picked":"Footwork","floor":17},{"not_picked":["Eviscerate+1","Deflect"],"picked":"Noxious Fumes","floor":18},{"not_picked":["Quick Slash","Well Laid Plans"],"picked":"Deflect","floor":20},{"not_picked":["PiercingWail","Eviscerate"],"picked":"Dagger Spray+1","floor":21}],"player_experience":118193,"relics_obtained":[{"floor":6,"key":"War Paint"},{"floor":9,"key":"Oddly Smooth Stone"}],"event_choices":[{"damage_healed":0,"gold_gain":100,"player_choice":"Pray","damage_taken":0,"max_hp_gain":0,"max_hp_loss":0,"event_name":"Golden Shrine","floor":4,"gold_loss":0},{"damage_healed":0,"gold_gain":0,"player_choice":"Upgraded","damage_taken":0,"max_hp_gain":0,"max_hp_loss":0,"event_name":"Upgrade Shrine","floor":19,"gold_loss":0,"cards_upgraded":["Noxious Fumes"]}],"is_beta":false,"boss_relics":[{"not_picked":["Runic Pyramid","Ectoplasm"],"picked":"Tiny House"}],"items_purged_floors":[],"is_endless":false,"potions_floor_spawned":[1,6,11,12,13,18,21],"killed_by":"Centurion and Healer","ascension_level":0}}