{"host":"7gewg82ormp6yt4e","time":1610885457,"event":{"mods":["BaseMod","Block Reminder","Colored Map","Colored Powertips","DeckTracker","Highlight Path","Minty Spire (QoL Compilation)","Relic Stats","StSLib","ojb\u0027s Info Mod"],"gold_per_floor":[118,138,138,155,98,98,129,129,129,139,139,152,180,206,206,285,285,303,303,63,63,82,82,82,116,116,116,130,130,164,177,177,251,251,266,101,113,0,0,0,26,26,49,74,88,134,144,179,191,203,215,215],"floor_reached":51,"language":"JPN","playtime":3620,"items_purged":["Writhe"],"score":1577,"play_id":"ef3d14ca-3504-4718-b1f9-d8196a76bffe","local_time":"20210117211057","is_ascension_mode":true,"campfire_choices":[{"data":"Defragment","floor":6,"key":"SMITH"},{"floor":8,"key":"REST"},{"data":"Steam Power","floor":11,"key":"SMITH"},{"data":"Turbo","floor":15,"key":"SMITH"},{"floor":23,"key":"REST"},{"data":"Hologram","floor":27,"key":"SMITH"},{"data":"Skim","floor":29,"key":"SMITH"},{"data":"Zap","floor":32,"key":"SMITH"},{"floor":40,"key":"RECALL"},{"floor":42,"key":"REST"},{"floor":49,"key":"REST"}],"circlet_count":0,"master_deck":["AscendersBane","Strike_B+1","Defend_B+1","Defend_B+1","Defend_B+1","Defend_B+1","Zap+1","Dualcast","Defragment+1","Steam Power+1","Ball Lightning","Hyperbeam+1","Turbo+1","Go for the Eyes+1","Go for the Eyes+1","Barrage+1","Core Surge+1","Skim+1","Hologram+1","Core Surge+1","Scrape+1","Scrape+1","Rebound+1","Cold Snap+1","Creative AI","Core Surge+1","Go for the Eyes+1","Thunder Strike+1","Capacitor","Turbo+1","Master of Strategy","Impatience","Secret Technique","Force Field","Hologram","Defragment+1","Ball Lightning+1"],"relics":["Cracked Core","Molten Egg 2","HornCleat","Juzu Bracelet","Odd Mushroom","Runic Dome","InkBottle","OrangePellets","TungstenRod","Bottled Tornado","CaptainsWheel","Astrolabe","Omamori","Red Mask","Centennial Puzzle","Torii","StoneCalendar","MawBank"],"acts_visited":["Exordium","TheCity","TheBeyond"],"potions_floor_usage":[7,7,13,16,16,18,25,25,25,25,33,51],"damage_taken":[{"damage":1,"enemies":"2 Louse","floor":1,"turns":3},{"damage":9,"enemies":"Jaw Worm","floor":2,"turns":4},{"damage":5,"enemies":"Small Slimes","floor":4,"turns":2},{"damage":22,"enemies":"Gremlin Nob","floor":7,"turns":4},{"damage":0,"enemies":"Exordium Wildlife","floor":10,"turns":1},{"damage":0,"enemies":"Blue Slaver","floor":12,"turns":3},{"damage":7,"enemies":"Lagavulin","floor":13,"turns":6},{"damage":0,"enemies":"The Mushroom Lair","floor":14,"turns":1},{"damage":25,"enemies":"Hexaghost","floor":16,"turns":8},{"damage":10,"enemies":"Shell Parasite","floor":18,"turns":3},{"damage":0,"enemies":"Spheric Guardian","floor":22,"turns":3},{"damage":0,"enemies":"Gremlin Leader","floor":25,"turns":4},{"damage":0,"enemies":"Centurion and Healer","floor":28,"turns":5},{"damage":6,"enemies":"Slavers","floor":30,"turns":4},{"damage":0,"enemies":"Snake Plant","floor":31,"turns":4},{"damage":30,"enemies":"Champ","floor":33,"turns":9},{"damage":3,"enemies":"Orb Walker","floor":35,"turns":3},{"damage":8,"enemies":"3 Shapes","floor":37,"turns":6},{"damage":9,"enemies":"Nemesis","floor":41,"turns":7},{"damage":0,"enemies":"Mind Bloom Boss Battle","floor":44,"turns":5},{"damage":0,"enemies":"Writhing Mass","floor":45,"turns":6},{"damage":7,"enemies":"2 Orb Walkers","floor":46,"turns":3},{"damage":24,"enemies":"Transient","floor":47,"turns":6},{"damage":0,"enemies":"Giant Head","floor":48,"turns":6},{"damage":65,"enemies":"Donu and Deca","floor":50,"turns":10},{"damage":5,"enemies":"Time Eater","floor":51,"turns":1}],"seed_played":"3744421093164129058","potions_obtained":[{"floor":0,"key":"Weak Potion"},{"floor":0,"key":"BlessingOfTheForge"},{"floor":10,"key":"SkillPotion"},{"floor":12,"key":"FocusPotion"},{"floor":14,"key":"SteroidPotion"},{"floor":16,"key":"Swift Potion"},{"floor":18,"key":"EntropicBrew"},{"floor":28,"key":"SmokeBomb"},{"floor":30,"key":"FearPotion"},{"floor":35,"key":"SteroidPotion"}],"is_trial":false,"path_per_floor":["M","M","?","M","$","R","E","R","T","M","R","M","E","?","R","B",null,"M","?","$","?","M","R","?","E","T","R","M","R","E","M","R","B",null,"M","$","M","?","?","R","E","R","T","?","M","?","M","E","R","B","B"],"character_chosen":"DEFECT","items_purchased":["Ball Lightning","OrangePellets","Omamori"],"campfire_rested":4,"item_purchase_floors":[5,20,36],"current_hp_per_floor":[63,54,47,42,42,42,20,41,41,41,41,41,34,34,34,9,56,46,46,46,46,46,67,67,67,67,67,67,67,61,61,61,31,61,58,58,50,50,41,41,32,53,53,53,53,46,22,22,43,2,0,0],"gold":215,"neow_bonus":"THREE_SMALL_POTIONS","is_daily":false,"chose_seed":false,"campfire_upgraded":6,"win_rate":0.0,"timestamp":1610885457,"path_taken":["M","M","?","M","$","R","E","R","T","M","R","M","E","?","R","BOSS","M","?","$","?","M","R","?","E","T","R","M","R","E","M","R","BOSS","M","$","M","?","?","R","E","R","T","?","M","?","M","E","R","BOSS","BOSS"],"items_purchased_type":["Card","Relic","Relic"],"build_version":"2020-12-22","purchased_purges":1,"victory":false,"max_hp_per_floor":[71,71,71,71,71,71,71,71,71,71,71,71,71,71,71,71,71,71,71,71,71,71,71,71,71,71,71,71,71,71,71,71,71,71,71,71,71,71,71,71,71,71,71,71,71,71,71,71,71,71,71,71],"relic_stats":{"OrangePellets":[4],"Centennial Puzzle":[9],"Torii":8,"counters":[26,116],"Astrolabe":["Core Surge","Go for the Eyes","Thunder Strike"],"StoneCalendar":[92],"Juzu Bracelet":0,"MawBank":36,"obtain_stats":[{"Torii":44,"Astrolabe":34,"StoneCalendar":46,"Juzu Bracelet":13,"Omamori":36,"Odd Mushroom":14,"Bottled Tornado":26,"MawBank":48,"Runic Dome":17,"OrangePellets":20,"CaptainsWheel":30,"Centennial Puzzle":41,"HornCleat":9,"Molten Egg 2":7,"Red Mask":38,"Cracked Core":0,"InkBottle":19,"TungstenRod":25},{"Torii":20,"Astrolabe":16,"StoneCalendar":22,"Juzu Bracelet":7,"Omamori":17,"Odd Mushroom":8,"Bottled Tornado":12,"MawBank":24,"Runic Dome":9,"OrangePellets":10,"CaptainsWheel":14,"Centennial Puzzle":19,"HornCleat":4,"Molten Egg 2":4,"Red Mask":18,"Cracked Core":0,"InkBottle":10,"TungstenRod":12},{"Torii":85,"Astrolabe":64,"StoneCalendar":94,"Juzu Bracelet":23,"Omamori":67,"Odd Mushroom":24,"Bottled Tornado":42,"MawBank":106,"Runic Dome":32,"OrangePellets":35,"CaptainsWheel":51,"Centennial Puzzle":80,"HornCleat":13,"Molten Egg 2":13,"Red Mask":73,"Cracked Core":0,"InkBottle":35,"TungstenRod":42}],"InkBottle":[50],"TungstenRod":24},"card_choices":[{"not_picked":["Turbo","Glacier"],"picked":"Defragment","floor":1},{"not_picked":["Auto Shields","Scrape"],"picked":"Sweeping Beam","floor":2},{"not_picked":["Tempest","Force Field"],"picked":"Steam Power","floor":4},{"not_picked":["Leap","Steam Power"],"picked":"Hyperbeam+1","floor":7},{"not_picked":["Conserve Battery","Leap"],"picked":"Turbo","floor":10},{"not_picked":["Hologram","Rip and Tear+1"],"picked":"Go for the Eyes+1","floor":12},{"not_picked":["Steam Power","Static Discharge"],"picked":"Go for the Eyes+1","floor":13},{"not_picked":["Rebound+1","Melter+1"],"picked":"Barrage+1","floor":14},{"not_picked":["Seek","Echo Form"],"picked":"Core Surge+1","floor":16},{"not_picked":["Sweeping Beam+1","Barrage+1"],"picked":"Skim","floor":18},{"not_picked":["Gash+1","Rip and Tear+1"],"picked":"Hologram","floor":22},{"not_picked":["Coolheaded","Hologram+1"],"picked":"Scrape+1","floor":25},{"not_picked":["Chill","Ball Lightning+1"],"picked":"Scrape+1","floor":28},{"not_picked":["Barrage+1","Hello World"],"picked":"Rebound+1","floor":30},{"not_picked":["Redo","Streamline+1"],"picked":"Cold Snap+1","floor":31},{"not_picked":["Fission","Thunder Strike+1"],"picked":"Creative AI","floor":33},{"not_picked":["Chaos","Steam+1"],"picked":"Capacitor","floor":35},{"not_picked":["Chill","Hologram"],"picked":"Turbo+1","floor":37},{"not_picked":["Dramatic Entrance+1","Deep Breath"],"picked":"Master of Strategy","floor":39},{"not_picked":["Metamorphosis","Bandage Up"],"picked":"Impatience","floor":39},{"not_picked":["Blind","Impatience"],"picked":"Secret Technique","floor":39},{"not_picked":["Go for the Eyes+1","Rebound+1"],"picked":"Force Field","floor":41},{"not_picked":["Recycle","Steam"],"picked":"Hologram","floor":44},{"not_picked":["Recycle","Turbo","Compile Driver+1"],"picked":"SKIP","floor":45},{"not_picked":["Fission","Capacitor"],"picked":"Defragment+1","floor":47},{"not_picked":["Turbo","Darkness"],"picked":"Ball Lightning+1","floor":48}],"player_experience":2602830,"relics_obtained":[{"floor":7,"key":"Molten Egg 2"},{"floor":9,"key":"HornCleat"},{"floor":13,"key":"Juzu Bracelet"},{"floor":14,"key":"Odd Mushroom"},{"floor":25,"key":"TungstenRod"},{"floor":26,"key":"Bottled Tornado"},{"floor":30,"key":"CaptainsWheel"},{"floor":41,"key":"Centennial Puzzle"},{"floor":44,"key":"Torii"},{"floor":46,"key":"StoneCalendar"},{"floor":48,"key":"MawBank"}],"event_choices":[{"cards_removed":["Strike_B"],"damage_healed":0,"gold_gain":0,"player_choice":"Card Removal","damage_taken":7,"max_hp_gain":0,"max_hp_loss":0,"event_name":"Golden Wing","floor":3,"gold_loss":0},{"damage_healed":0,"gold_gain":0,"player_choice":"Fought Mushrooms","damage_taken":0,"max_hp_gain":0,"max_hp_loss":0,"event_name":"Mushrooms","floor":14,"gold_loss":0},{"damage_healed":0,"gold_gain":0,"player_choice":"Opened","damage_taken":0,"relics_obtained":["InkBottle"],"max_hp_gain":0,"max_hp_loss":0,"event_name":"The Mausoleum","floor":19,"gold_loss":0,"cards_obtained":["Writhe"]},{"damage_healed":0,"gold_gain":0,"player_choice":"Simplicity","damage_taken":0,"max_hp_gain":0,"max_hp_loss":0,"event_name":"Back to Basics","floor":21,"gold_loss":0,"cards_upgraded":["Strike_B","Strike_B","Strike_B","Defend_B","Defend_B","Defend_B","Defend_B"]},{"damage_healed":0,"gold_gain":0,"player_choice":"Read","damage_taken":0,"max_hp_gain":0,"max_hp_loss":0,"event_name":"The Library","floor":24,"gold_loss":0,"cards_obtained":["Core Surge"]},{"damage_healed":0,"gold_gain":0,"player_choice":"Paid","damage_taken":0,"relics_obtained":["Red Mask"],"max_hp_gain":0,"max_hp_loss":0,"event_name":"Tomb of Lord Red Mask","floor":38,"gold_loss":113},{"damage_healed":0,"gold_gain":0,"player_choice":"Memory 3","damage_taken":10,"max_hp_gain":0,"max_hp_loss":0,"event_name":"SensoryStone","floor":39,"gold_loss":0},{"damage_healed":0,"gold_gain":0,"player_choice":"Fight","damage_taken":0,"max_hp_gain":0,"max_hp_loss":0,"event_name":"MindBloom","floor":44,"gold_loss":0},{"damage_healed":0,"gold_gain":0,"player_choice":"Fight","damage_taken":0,"max_hp_gain":0,"max_hp_loss":0,"event_name":"Mysterious Sphere","floor":46,"gold_loss":0}],"is_beta":false,"boss_relics":[{"not_picked":["Philosopher\u0027s Stone","Snecko Eye"],"picked":"Runic Dome"},{"not_picked":["FrozenCore","Nuclear Battery"],"picked":"Astrolabe"}],"items_purged_floors":[20],"is_endless":false,"potions_floor_spawned":[1,10,12,14,16,18,28,30,35,37,45,48],"killed_by":"Time Eater","ascension_level":20}}