{"host":"2pkirg8lp2j2yw4c","time":1610914749,"event":{"mods":["AchievementEnabler","BaseMod","BetterRewards","Colored Map","Colored Powertips","Googly Eyes","Hubris","Minty Spire (QoL Compilation)","Quick Restart","StSLib","slay the spire mod where everything is the same but ironclad has a cowboy hat"],"gold_per_floor":[111,111,122,138,156,156,190,200,200,233,244,244,97,117,117,214,214,233,233,247,57,57,86,98,98,171,171,188,213,213,239,239,292,292,306,326,326,377,427,462,316,332,332,357,384,419,270,288,288,288,288,288,48,74,74],"floor_reached":56,"language":"ENG","playtime":2323,"items_purged":["Apotheosis"],"score":1670,"play_id":"0ed00361-d121-4f9d-a4d7-d96eeca56abc","local_time":"20210117151909","is_ascension_mode":true,"campfire_choices":[{"data":"Apotheosis","floor":6.0,"key":"SMITH"},{"floor":15.0,"key":"RECALL"},{"data":"Limit Break","floor":27.0,"key":"SMITH"},{"data":"Flame Barrier","floor":32.0,"key":"SMITH"},{"floor":49.0,"key":"DIG"},{"floor":52.0,"key":"DIG"}],"circlet_count":0,"master_deck":["Apotheosis+1","Strike_R","Strike_R","Strike_R","Strike_R","Strike_R","Defend_R","Defend_R","Defend_R","Defend_R","Bash","Pummel","Iron Wave","Metallicize","Flame Barrier+1","Limit Break+1","Flex","Anger","Limit Break+1","Twin Strike","Seeing Red+1","Limit Break","Shockwave+1","Cleave+1","Warcry","hubris:DuctTapeCard"],"relics":["Burning Blood","Happy Flower","hubris:FunFungus","hubris:IronBody","Akabeko","Brimstone","SacredBark","Bronze Scales","hubris:Icosahedron","Regal Pillow","hubris:TenFootPole","Juzu Bracelet","Busted Crown","hubris:BundleOfHerbs","Shovel","Bag of Marbles","Mercury Hourglass","Potion Belt","PreservedInsect","hubris:MysteriousPyramids","Orrery","Gremlin Horn","hubris:DuctTape","Paper Frog"],"acts_visited":["Exordium","TheCity","TheBeyond","TheEnding"],"potions_floor_usage":[55,55,55,55],"damage_taken":[{"damage":0.0,"enemies":"2 Louse","floor":1.0,"turns":3.0},{"damage":6.0,"enemies":"Small Slimes","floor":3.0,"turns":4.0},{"damage":0.0,"enemies":"Cultist","floor":4.0,"turns":3.0},{"damage":9.0,"enemies":"3 Louse","floor":5.0,"turns":4.0},{"damage":5.0,"enemies":"3 Sentries","floor":7.0,"turns":9.0},{"damage":22.0,"enemies":"Exordium Thugs","floor":8.0,"turns":5.0},{"damage":2.0,"enemies":"Lagavulin","floor":10.0,"turns":10.0},{"damage":0.0,"enemies":"Large Slime","floor":11.0,"turns":4.0},{"damage":1.0,"enemies":"3 Louse","floor":14.0,"turns":3.0},{"damage":44.0,"enemies":"Hexaghost","floor":16.0,"turns":5.0},{"damage":0.0,"enemies":"Shell Parasite","floor":18.0,"turns":2.0},{"damage":0.0,"enemies":"Spheric Guardian","floor":20.0,"turns":2.0},{"damage":15.0,"enemies":"Slavers","floor":23.0,"turns":4.0},{"damage":4.0,"enemies":"Shelled Parasite and Fungi","floor":24.0,"turns":3.0},{"damage":4.0,"enemies":"Chosen and Byrds","floor":28.0,"turns":3.0},{"damage":13.0,"enemies":"Book of Stabbing","floor":29.0,"turns":4.0},{"damage":0.0,"enemies":"Gremlin Leader","floor":31.0,"turns":4.0},{"damage":11.0,"enemies":"Automaton","floor":33.0,"turns":6.0},{"damage":9.0,"enemies":"Orb Walker","floor":35.0,"turns":2.0},{"damage":0.0,"enemies":"3 Shapes","floor":36.0,"turns":4.0},{"damage":0.0,"enemies":"2 Orb Walkers","floor":38.0,"turns":3.0},{"damage":0.0,"enemies":"Mind Bloom Boss Battle","floor":39.0,"turns":4.0},{"damage":30.0,"enemies":"Reptomancer","floor":40.0,"turns":4.0},{"damage":0.0,"enemies":"3 Darklings","floor":42.0,"turns":5.0},{"damage":19.0,"enemies":"Nemesis","floor":44.0,"turns":3.0},{"damage":0.0,"enemies":"Giant Head","floor":46.0,"turns":5.0},{"damage":3.0,"enemies":"Writhing Mass","floor":48.0,"turns":4.0},{"damage":9.0,"enemies":"Donu and Deca","floor":50.0,"turns":5.0},{"damage":32.0,"enemies":"Shield and Spear","floor":54.0,"turns":4.0},{"damage":96,"enemies":"The Heart","floor":55,"turns":7}],"seed_played":"-5729702531018380267","potions_obtained":[{"floor":4.0,"key":"Swift Potion"},{"floor":5.0,"key":"BloodPotion"},{"floor":8.0,"key":"SpeedPotion"},{"floor":10.0,"key":"GamblersBrew"},{"floor":19.0,"key":"Fruit Juice"},{"floor":19.0,"key":"Fire Potion"},{"floor":23.0,"key":"HeartOfIron"},{"floor":35.0,"key":"SpeedPotion"},{"floor":38.0,"key":"BlessingOfTheForge"},{"floor":40.0,"key":"DistilledChaos"},{"floor":44.0,"key":"EssenceOfSteel"},{"floor":48.0,"key":"ColorlessPotion"}],"is_trial":false,"path_per_floor":["M","?","M","M","M","R","E","M","T","E","M","?","$","M","R","B",null,"M","?","M","$","?","E","M","?","T","R","M","E","?","E","R","B",null,"M","M","$","?","?","E","$","M","T","E","T","E","$","M","R","B",null,"R","$","E","B",null],"character_chosen":"IRONCLAD","items_purchased":["Happy Flower","Brimstone","Bronze Scales","Anger","Bag of Marbles","Orrery","Paper Frog"],"campfire_rested":0,"item_purchase_floors":[0,13,21,21,41,47,53],"current_hp_per_floor":[77,77,77,80,77,77,78,63,63,73,79,80,80,80,80,42,80,80,90,90,90,90,83,85,69,69,69,71,64,64,70,70,68,90,87,90,90,90,90,79,79,89,89,76,76,89,89,90,90,90,90,90,90,66,67],"gold":74,"neow_bonus":"","is_daily":false,"chose_seed":false,"campfire_upgraded":3,"win_rate":0.0,"timestamp":1610914749,"path_taken":["M","?","M","M","M","R","E","M","T","E","M","?","$","?","R","BOSS","M","?","M","$","?","E","M","?","T","R","M","E","?","E","R","BOSS","M","M","$","?","?","E","$","M","T","E","?","E","?","M","R","BOSS","R","$","E","BOSS"],"items_purchased_type":["Relic","Relic","Relic","Card","Relic","Relic","Relic"],"build_version":"2020-12-22","purchased_purges":1,"victory":true,"max_hp_per_floor":[80,80,80,80,80,80,80,80,80,80,80,80,80,80,80,80,80,80,90,90,90,90,90,90,90,90,90,90,90,90,90,90,90,90,90,90,90,90,90,90,90,90,90,90,90,90,90,90,90,90,90,90,90,90,90],"card_choices":[{"not_picked":["Warcry","Power Through"],"picked":"Pummel","floor":1.0},{"not_picked":["Clash","Cleave"],"picked":"Iron Wave","floor":3.0},{"not_picked":["True Grit","hubris:CleavingFinish"],"picked":"Metallicize","floor":4.0},{"not_picked":["Rage","Perfected Strike"],"picked":"Armaments","floor":5.0},{"not_picked":["Uppercut","Wild Strike","Body Slam"],"picked":"SKIP","floor":7.0},{"not_picked":["Clash","Whirlwind"],"picked":"Sword Boomerang","floor":8.0},{"not_picked":["Body Slam","Dark Embrace","Entrench"],"picked":"SKIP","floor":10.0},{"not_picked":["Clash","Corruption"],"picked":"Flame Barrier","floor":11.0},{"not_picked":["True Grit","Warcry","Shrug It Off"],"picked":"SKIP","floor":14.0},{"not_picked":["Immolate","Juggernaut"],"picked":"Limit Break","floor":16.0},{"not_picked":["Dropkick+1","Rupture"],"picked":"Flex","floor":18.0},{"not_picked":["Armaments","Clash","hubris:ReadiedAction"],"picked":"SKIP","floor":20.0},{"not_picked":["Corruption","Uppercut"],"picked":"Limit Break","floor":23.0},{"not_picked":["Clothesline","Pommel Strike","Armaments"],"picked":"SKIP","floor":24.0},{"not_picked":["Havoc+1","Rampage"],"picked":"Twin Strike","floor":28.0},{"not_picked":["Twin Strike","Searing Blow+1","Burning Pact"],"picked":"SKIP","floor":29.0},{"not_picked":["Offering","Sentinel"],"picked":"Seeing Red+1","floor":31.0},{"not_picked":["Impervious","Double Tap"],"picked":"Limit Break","floor":33.0},{"not_picked":["Clothesline"],"picked":"SKIP","floor":35.0},{"not_picked":["Armaments+1"],"picked":"SKIP","floor":36.0},{"not_picked":[],"picked":"Shockwave+1","floor":38.0},{"not_picked":["Clash"],"picked":"SKIP","floor":40.0},{"not_picked":["Bludgeon"],"picked":"SKIP","floor":42.0},{"not_picked":["Wild Strike+1"],"picked":"SKIP","floor":44.0},{"not_picked":["Uppercut+1"],"picked":"SKIP","floor":46.0},{"not_picked":[],"picked":"Cleave+1","floor":47.0},{"not_picked":[],"picked":"Warcry","floor":47.0},{"not_picked":[],"picked":"Sword Boomerang+1","floor":48.0},{"not_picked":["hubris:ReadiedAction"],"picked":"SKIP","floor":54.0}],"player_experience":143355,"relics_obtained":[{"floor":7.0,"key":"hubris:FunFungus"},{"floor":9.0,"key":"hubris:IronBody"},{"floor":10.0,"key":"Akabeko"},{"floor":23.0,"key":"Regal Pillow"},{"floor":29.0,"key":"hubris:TenFootPole"},{"floor":31.0,"key":"Juzu Bracelet"},{"floor":39.0,"key":"hubris:BundleOfHerbs"},{"floor":40.0,"key":"Shovel"},{"floor":43.0,"key":"Mercury Hourglass"},{"floor":44.0,"key":"Potion Belt"},{"floor":45.0,"key":"PreservedInsect"},{"floor":46.0,"key":"hubris:MysteriousPyramids"},{"floor":49.0,"key":"Gremlin Horn"},{"floor":52.0,"key":"hubris:DuctTape"}],"event_choices":[{"damage_healed":0.0,"max_hp_gain":0.0,"max_hp_loss":0.0,"gold_gain":0.0,"event_name":"The Cleric","player_choice":"Leave","floor":2.0,"gold_loss":0.0,"damage_taken":0.0},{"cards_removed":["Armaments"],"damage_healed":5.0,"max_hp_gain":0.0,"max_hp_loss":0.0,"gold_gain":0.0,"event_name":"Bonfire Elementals","player_choice":"Offered Common","floor":12.0,"gold_loss":0.0,"damage_taken":0.0},{"cards_removed":["Armaments"],"damage_healed":5.0,"max_hp_gain":0.0,"max_hp_loss":0.0,"gold_gain":0.0,"event_name":"Bonfire Elementals","player_choice":"Offered Special","floor":12.0,"gold_loss":0.0,"damage_taken":0.0},{"damage_healed":0.0,"max_hp_gain":0.0,"max_hp_loss":0.0,"gold_gain":0.0,"event_name":"Lab","player_choice":"Got Potions","floor":19.0,"gold_loss":0.0,"damage_taken":0.0},{"damage_healed":0.0,"max_hp_gain":0.0,"max_hp_loss":0.0,"gold_gain":0.0,"event_name":"Cursed Tome","player_choice":"Obtained Book","floor":25.0,"gold_loss":0.0,"damage_taken":16.0},{"damage_healed":0.0,"max_hp_gain":0.0,"max_hp_loss":0.0,"gold_gain":0.0,"event_name":"Upgrade Shrine","player_choice":"Upgraded","floor":30.0,"gold_loss":0.0,"damage_taken":0.0,"cards_upgraded":["Limit Break"]},{"damage_healed":0.0,"max_hp_gain":0.0,"max_hp_loss":0.0,"gold_gain":0.0,"event_name":"Mysterious Sphere","player_choice":"Fight","floor":38.0,"gold_loss":0.0,"damage_taken":0.0},{"damage_healed":0.0,"max_hp_gain":0.0,"max_hp_loss":0.0,"gold_gain":0.0,"event_name":"MindBloom","player_choice":"Fight","floor":39.0,"gold_loss":0.0,"damage_taken":0.0}],"is_beta":false,"boss_relics":[{"not_picked":["hubris:BlackHole","Astrolabe"],"picked":"SacredBark"},{"not_picked":["hubris:TerracottaHorce","hubris:VirtuousBlindfold"],"picked":"Busted Crown"}],"items_purged_floors":[0],"is_endless":false,"potions_floor_spawned":[4,5,8,10,11,23,29,31,35,38,40,44,48],"ascension_level":1}}