{"host":"60l258qxpyrtzhoo","time":1610874605,"event":{"mods":["AchievementEnabler","Act Like it!","BaseMod","BetterRewards","Colored Map","Colored Powertips","Custom Start","Downfall","GungeonMod","Minty Spire (QoL Compilation)","Quick Restart","Remove Card Discount Mod","Shop Mod","Spicy Shops","StSLib","Synergy Search","UnlockEverythingMod","vexMod"],"gold_per_floor":[110,126,126,110,123,151,151,163,163,182,199,199,195,195,195,295,295,314,314,325,341,341,372,384,409,421,433,463,88,119,131,131,233,233,253,303,303,323,334,334,359,359,359,359,387,397,416,119,119,119],"floor_reached":51,"language":"ENG","playtime":4167,"items_purged":["Strike_P","Strike_P","Strike_P","Defend_P","Defend_P","Defend_P","Defend_P","Devotion+1","Vigilance+1","Eruption"],"score":1049,"play_id":"efa4f07a-d762-4b3b-bd05-3328417f8e19","local_time":"20210117101005","is_ascension_mode":false,"campfire_choices":[{"data":"Vigilance","floor":7,"key":"SMITH"},{"floor":15,"key":"REST"},{"floor":24,"key":"RECALL"},{"floor":27,"key":"REST"},{"floor":32,"key":"REST"},{"floor":40,"key":"REST"},{"floor":42,"key":"REST"},{"floor":44,"key":"REST"},{"floor":49,"key":"REST"}],"circlet_count":0,"master_deck":["Devotion+1","Devotion+1","Devotion+1","Brilliance+1","Prostrate+1","Prostrate+1","Ragnarok+1","Worship+1","Fasting2+1","Fasting2+1","Pray+1","JustLucky+1","WheelKick+1","Protect+1","ThirdEye+1"],"relics":["PureWater","HolyWater","Melange","VioletLotus","CloakClasp","GoldenEye","TeardropLocket","Damaru","TeardropLocket","Shuriken","Anchor","vexMod:BigBerry","MawBank","InkBottle","Pen Nib","DemoMod:NanoMachines","Medical Kit","Incense Burner","Omamori","DemoMod:DecoyRelic","DemoMod:GlassGuonStoneRelic","MealTicket","DemoMod:ClearGuonStone","Akabeko"],"acts_visited":["Exordium","TheCity","TheBeyond"],"potions_floor_usage":[25,36],"damage_taken":[{"damage":2,"enemies":"Jaw Worm","floor":1,"turns":6},{"damage":3,"enemies":"2 Louse","floor":2,"turns":3},{"damage":7,"enemies":"Small Slimes","floor":5,"turns":2},{"damage":0,"enemies":"3 Sentries","floor":6,"turns":2},{"damage":7,"enemies":"Exordium Wildlife","floor":8,"turns":3},{"damage":8,"enemies":"Large Slime","floor":10,"turns":2},{"damage":0,"enemies":"Blue Slaver","floor":11,"turns":1},{"damage":0,"enemies":"Slime Boss","floor":16,"turns":3},{"damage":3,"enemies":"2 Thieves","floor":18,"turns":4},{"damage":0,"enemies":"Chosen","floor":20,"turns":2},{"damage":0,"enemies":"Snake Plant","floor":21,"turns":1},{"damage":4,"enemies":"Gremlin Leader","floor":23,"turns":3},{"damage":0,"enemies":"Shelled Parasite and Fungi","floor":25,"turns":3},{"damage":0,"enemies":"Centurion and Healer","floor":28,"turns":3},{"damage":0,"enemies":"Slavers","floor":30,"turns":4},{"damage":0,"enemies":"3 Cultists","floor":31,"turns":2},{"damage":0,"enemies":"Automaton","floor":33,"turns":3},{"damage":2,"enemies":"3 Shapes","floor":35,"turns":2},{"damage":58,"enemies":"Mind Bloom Boss Battle","floor":36,"turns":3},{"damage":0,"enemies":"3 Darklings","floor":38,"turns":3},{"damage":0,"enemies":"Spire Growth","floor":39,"turns":2},{"damage":45,"enemies":"Reptomancer","floor":41,"turns":3},{"damage":0,"enemies":"Giant Head","floor":45,"turns":2},{"damage":0,"enemies":"Writhing Mass","floor":46,"turns":3},{"damage":0,"enemies":"Maw","floor":47,"turns":3},{"damage":0,"enemies":"Time Eater","floor":50,"turns":3}],"seed_played":"-8470733591243349875","potions_obtained":[{"floor":10,"key":"FairyPotion"},{"floor":16,"key":"DemoMod:LeadSkinPotion"},{"floor":21,"key":"champ:CounterPotion"},{"floor":25,"key":"hexamod:SoulburnPotion"},{"floor":31,"key":"champ:CounterPotion"},{"floor":38,"key":"bronze:BurnAndBuffPotion"}],"is_trial":false,"path_per_floor":["M","M","?","$","M","E","R","M","T","M","M","?","$","?","R","B",null,"M","?","M","M","?","E","R","M","T","R","M","$","E","M","R","B",null,"M","?","?","M","M","R","E","R","T","R","E","M","M","$","R","B",null],"character_chosen":"WATCHER","items_purchased":["Pen Nib","DemoMod:NanoMachines","Medical Kit","DemoMod:ClearGuonStone","Akabeko"],"campfire_rested":7,"item_purchase_floors":[29,29,29,48,48],"current_hp_per_floor":[77,74,74,74,67,67,67,60,60,52,52,52,52,52,75,75,109,106,106,106,106,106,102,102,102,102,109,109,109,115,115,115,115,115,113,55,55,55,55,87,42,74,74,106,106,106,106,109,109,109],"gold":119,"neow_bonus":"TEN_PERCENT_HP_BONUS","is_daily":false,"chose_seed":false,"campfire_upgraded":1,"win_rate":0.0,"timestamp":1610874605,"path_taken":["M","M","?","$","M","E","R","M","T","M","M","?","$","?","R","BOSS","M","?","M","M","?","E","R","M","T","R","M","?","E","M","R","BOSS","M","?","?","M","M","R","E","R","T","R","E","M","M","$","R","BOSS"],"items_purchased_type":["Relic","Relic","Relic","Relic","Relic"],"build_version":"2020-12-22","purchased_purges":10,"victory":true,"max_hp_per_floor":[79,79,79,79,79,79,79,79,79,79,79,79,79,79,79,79,109,109,109,109,109,109,109,109,109,109,109,109,109,115,115,115,115,115,115,115,109,109,109,109,109,109,109,109,109,109,109,109,109,109],"card_choices":[{"not_picked":["Crescendo","Vengeance","FlurryOfBlows"],"picked":"SKIP","floor":1},{"not_picked":["Crescendo","Vengeance","FlurryOfBlows"],"picked":"SKIP","floor":1},{"not_picked":["DeceiveReality","EmptyFist","Crescendo"],"picked":"SKIP","floor":2},{"not_picked":["FlyingSleeves","FlurryOfBlows","FollowUp"],"picked":"SKIP","floor":5},{"not_picked":["ForeignInfluence","EmptyBody","FollowUp"],"picked":"SKIP","floor":6},{"not_picked":["Alpha","Weave","Consecrate"],"picked":"SKIP","floor":8},{"not_picked":["JustLucky","EmptyBody","SashWhip"],"picked":"SKIP","floor":10},{"not_picked":["PathToVictory","WheelKick","EmptyBody"],"picked":"SKIP","floor":11},{"not_picked":["JustLucky","Prostrate","FlurryOfBlows"],"picked":"SKIP","floor":18},{"not_picked":["Devotion","Protect","InnerPeace"],"picked":"SKIP","floor":20},{"not_picked":["Evaluate","PathToVictory"],"picked":"WreathOfFlame","floor":21},{"not_picked":["BowlingBash+1","ThirdEye","SashWhip"],"picked":"SKIP","floor":23},{"not_picked":["DeceiveReality","SignatureMove","FollowUp"],"picked":"SKIP","floor":25},{"not_picked":["Wallop+1","Wireheading","MentalFortress+1"],"picked":"SKIP","floor":28},{"not_picked":["ClearTheMind","TalkToTheHand","Weave"],"picked":"SKIP","floor":30},{"not_picked":["SashWhip","CrushJoints","Wallop"],"picked":"SKIP","floor":31},{"not_picked":["Evaluate+1","InnerPeace","EmptyMind+1"],"picked":"SKIP","floor":35},{"not_picked":["Pray+1","EmptyBody"],"picked":"JustLucky+1","floor":38},{"not_picked":["EmptyFist","Collect+1","ForeignInfluence"],"picked":"SKIP","floor":39},{"not_picked":["Worship+1","Sanctity"],"picked":"WheelKick+1","floor":41},{"not_picked":["JustLucky+1","CrushJoints+1"],"picked":"Protect+1","floor":45},{"not_picked":["Crescendo+1","ForeignInfluence"],"picked":"ThirdEye+1","floor":46},{"not_picked":["Crescendo+1","Weave+1","Devotion"],"picked":"SKIP","floor":47}],"player_experience":29721,"relics_obtained":[{"floor":6,"key":"TeardropLocket"},{"floor":9,"key":"Shuriken"},{"floor":23,"key":"MawBank"},{"floor":26,"key":"InkBottle"},{"floor":30,"key":"vexMod:BerryBomb"},{"floor":36,"key":"Incense Burner"},{"floor":41,"key":"Omamori"},{"floor":43,"key":"DemoMod:DecoyRelic"},{"floor":45,"key":"MealTicket"}],"event_choices":[{"cards_removed":["Strike_P"],"damage_healed":0,"gold_gain":0,"player_choice":"Forget","damage_taken":0,"max_hp_gain":0,"max_hp_loss":0,"event_name":"Living Wall","floor":3,"gold_loss":0},{"damage_healed":0,"gold_gain":0,"player_choice":"Ignored","damage_taken":0,"max_hp_gain":0,"max_hp_loss":0,"event_name":"Liars Game","floor":12,"gold_loss":0},{"damage_healed":0,"gold_gain":0,"player_choice":"Fled","damage_taken":0,"max_hp_gain":0,"max_hp_loss":0,"event_name":"Scrap Ooze","floor":14,"gold_loss":0},{"damage_healed":0,"gold_gain":0,"player_choice":"Fight","damage_taken":0,"max_hp_gain":0,"max_hp_loss":0,"event_name":"MindBloom","floor":36,"gold_loss":0},{"damage_healed":0,"gold_gain":0,"player_choice":"Max HP","damage_taken":0,"max_hp_gain":0,"max_hp_loss":6,"event_name":"Winding Halls","floor":37,"gold_loss":0}],"is_beta":false,"boss_relics":[{"not_picked":["bronze:MakeshiftBattery","Cursed Key"],"picked":"vexMod:BigBerry"},{"not_picked":["vexMod:ImprovementManual","Runic Pyramid","Pandora\u0027s Box"]}],"items_purged_floors":[4,4,4,4,4,4,4,4,13,13],"is_endless":false,"potions_floor_spawned":[10,16,21,25,30,31,33,38,39,47],"ascension_level":0}}