{"host":"qjjo2tl9lbhe5pjm","time":1610865610,"event":{"mods":["Act Like it!","Aspiration","BaseMod","Better Third Choice","BetterRewards","Challenge The Spire","Conspire","Energized Spire","GifTheSpireLib","Halation","HexUI Lib","Hubris","Infinite Spire","Minty Spire (QoL Compilation)","Pale of the Ancients","Replay The Spire","Shop Mod","StSLib","Stuff the Spire","SuperFastMode","Synergy Search","The Jungle"],"gold_per_floor":[144,189,189,234,234,234,324,369,369,414,459,504,504,594,594,894,894,889,889,889,913,613,703,703,793,793,793,838,883,883,928,928,1228,1228,1273,736,736,189,234,324,369,414,414,359,359,409,409,288,288,588,588,533,578,578,428,428,473,473,155,155,355,355,355],"floor_reached":62,"language":"ENG","playtime":2209,"items_purged":[],"score":2033,"play_id":"3264a9e2-bf0e-4762-9a3f-818834a32217","local_time":"20210117004010","daily_mods":["SealedDeck","Hoarder","Midas"],"is_ascension_mode":false,"campfire_choices":[{"floor":6,"key":"REST"},{"floor":15,"key":"REST"},{"floor":27,"key":"REST"},{"floor":30,"key":"REST"},{"floor":32,"key":"REST"},{"floor":56,"key":"REST"},{"floor":58,"key":"REST"}],"circlet_count":0,"master_deck":["Hologram","Hologram","Hologram","Hologram","Hologram","Hologram","Hologram","Hologram","Hologram","Hologram","Hologram","Hologram","Hologram","Hologram","Hologram","Hologram","Hologram","Hologram","Rebound","Rebound","Rebound","Rebound","Rebound","Rebound","Rebound","Rebound","Rebound","Rebound","Rebound","Rebound","Rebound","Rebound","Rebound","Rebound","Rebound","Rebound","Scrape","Scrape","Scrape","Scrape","Scrape","Scrape","Scrape","Scrape","Scrape","StuffTheSpire:Rend","StuffTheSpire:Rend","StuffTheSpire:Rend","Rip and Tear","Rip and Tear","Rip and Tear","Rebound","Rebound","Rebound","Rebound","Rebound","Rebound","Rebound","Rebound","Rebound","Gash","Gash","Gash","Gash","Gash","Gash","Gash","Gash","Gash","Gash","Gash","Gash","Gash","Gash","Gash","Gash","Gash","Gash","Gash","Gash","Gash","Gash","Gash","Gash","Gash","Gash","Gash","Gash","Gash","Gash","Gash","Gash","Gash","hubris:Fate","hubris:Fate","hubris:Fate","hubris:Fate","hubris:Fate","hubris:Fate","hubris:Fate","hubris:Fate","hubris:Fate","Go for the Eyes","Go for the Eyes","Go for the Eyes","Go for the Eyes","Go for the Eyes","Go for the Eyes","Go for the Eyes","Go for the Eyes","Go for the Eyes","Gash","Gash","Gash","Gash","Gash","Gash","Gash","Gash","Gash","Beam Cell","Beam Cell","Beam Cell","Beam Cell","Beam Cell","Beam Cell","Beam Cell","Beam Cell","Beam Cell","Hallucinations","Hallucinations","Hallucinations","Hallucinations","Hallucinations","Hallucinations","Hallucinations","Hallucinations","Hallucinations","StuffTheSpire:CleanHardDrive+1","StuffTheSpire:CleanHardDrive+1","StuffTheSpire:CleanHardDrive+1","StuffTheSpire:CleanHardDrive+1","StuffTheSpire:CleanHardDrive+1","StuffTheSpire:CleanHardDrive+1","StuffTheSpire:CleanHardDrive+1","StuffTheSpire:CleanHardDrive+1","StuffTheSpire:CleanHardDrive+1","Gash","Gash","Gash","Gash","Gash","Gash","Gash","Gash","Gash","Apotheosis","Apotheosis","Apotheosis","Apotheosis","Apotheosis","Apotheosis","Apotheosis","Apotheosis","Apotheosis","ReplayTheSpireMod:Doomed","ReplayTheSpireMod:Doomed","ReplayTheSpireMod:Doomed","ReplayTheSpireMod:Doomed","ReplayTheSpireMod:Doomed","ReplayTheSpireMod:Doomed","ReplayTheSpireMod:Doomed","ReplayTheSpireMod:Doomed","ReplayTheSpireMod:Doomed","Gash","Gash","Gash","Gash","Gash","Gash","Gash","Gash","Gash","Tantrum","Tantrum","Tantrum","Tantrum","Tantrum","Tantrum","Tantrum","Tantrum","Tantrum","ReplayTheSpireMod:IOU","ReplayTheSpireMod:IOU","Clumsy","Clumsy","Clumsy","Clumsy","Clumsy","Clumsy","Clumsy","Clumsy","Clumsy","Master of Strategy","Master of Strategy","Master of Strategy","Master of Strategy","Master of Strategy","Master of Strategy","Master of Strategy","Master of Strategy","Master of Strategy","Gash","Gash","Gash","Gash","Gash","Gash","Gash","Gash","Gash","Tactician","Tactician","Tactician","Tactician","Tactician","Tactician","Tactician","Tactician","Tactician","hubris:Counter","hubris:Counter","hubris:Counter","hubris:Counter","hubris:Counter","hubris:Counter","hubris:Counter","hubris:Counter","hubris:Counter","Flechettes","Flechettes","Flechettes","Flechettes","Flechettes","Flechettes","Flechettes","Flechettes","Flechettes","Seek","Seek","Seek","Seek","Seek","Seek","Seek","Seek","Seek","Mayhem","Mayhem","Mayhem","Mayhem","Mayhem","Mayhem","Mayhem","Mayhem","Mayhem","Decay","Decay","Decay","Injury","Injury","Injury","Doubt","Doubt","Doubt"],"relics":["Cracked Core","aspiration:FrozenJewel","StuffTheSpire:Expresso","infinitespire:ShieldingShard","hubris:Icosahedron","halation:PromiseList","Cursed Key","Replay:Fungal Core","conspire:RunicOctahedron","aspiration:RitualStick","aspiration:HatOfInfinitePower","MerchantsRug","StuffTheSpire:GrapeVine","Ancient Tea Set","Akabeko","Quantum Egg","hubris:HollowSoul","Unceasing Top","infinitespire:Lucky Rock","hubris:DisguiseKit","WingedGreaves","Replay:Antivirus Software","Prayer Wheel","StuffTheSpire:Gunfinga","halation:StarCompass","halation:Sosunser","Prayer Wheel","hubris:Backtick","Shuriken","paleoftheancients:Timepiece","Gremlin Horn","CultistMask","paleoftheancients:SoulOfTheSilent","Prayer Wheel","Lee\u0027s Waffle","Raider\u0027s Mask","Replay:Ancient Bell","halation:PrussianBluePaint","Onion Ring","halation:SwordOfLegend"],"acts_visited":["Exordium","TheCity","TheBeyond","TheBeyond","Exordium"],"potions_floor_usage":[14,16,16,29,31,44,50],"damage_taken":[{"damage":3,"enemies":"2 Louse","floor":1,"turns":2},{"damage":0,"enemies":"Cultist","floor":2,"turns":2},{"damage":3,"enemies":"Small Slimes","floor":4,"turns":2},{"damage":7,"enemies":"Replay:BlueRogue","floor":7,"turns":2},{"damage":0,"enemies":"Looter","floor":8,"turns":2},{"damage":1,"enemies":"2 Fungi Beasts","floor":10,"turns":2},{"damage":0,"enemies":"Blue Slaver","floor":11,"turns":1},{"damage":0,"enemies":"Looter","floor":12,"turns":2},{"damage":0,"enemies":"3 Sentries","floor":14,"turns":3},{"damage":0,"enemies":"Hexaghost","floor":16,"turns":2},{"damage":0,"enemies":"conspire:FuzzyDice","floor":18,"turns":2},{"damage":4,"enemies":"conspire:MimicChest","floor":21,"turns":3},{"damage":0,"enemies":"conspire:Head Lice","floor":23,"turns":2},{"damage":0,"enemies":"conspire:SneckoGhost","floor":25,"turns":2},{"damage":0,"enemies":"3 Byrds","floor":28,"turns":1},{"damage":7,"enemies":"Snake Plant","floor":29,"turns":2},{"damage":0,"enemies":"Cultist and Chosen","floor":31,"turns":2},{"damage":5,"enemies":"hubris:MusketHawk","floor":33,"turns":3},{"damage":0,"enemies":"3 Darklings","floor":35,"turns":2},{"damage":0,"enemies":"Orb Walker","floor":39,"turns":1},{"damage":0,"enemies":"Nightmare","floor":40,"turns":2},{"damage":0,"enemies":"Sphere and 2 Shapes","floor":41,"turns":2},{"damage":0,"enemies":"Maw","floor":42,"turns":1},{"damage":0,"enemies":"Transient","floor":44,"turns":3},{"damage":0,"enemies":"Donu and Deca","floor":50,"turns":1},{"damage":51,"enemies":"Donu and Deca","floor":52,"turns":2},{"damage":0,"enemies":"Donu and Deca","floor":53,"turns":1},{"damage":0,"enemies":"Donu and Deca","floor":57,"turns":1},{"damage":0,"enemies":"paleoftheancients:N","floor":61,"turns":3}],"seed_played":"7372172642885907109","potions_obtained":[{"floor":7,"key":"PotionOfCapacity"},{"floor":8,"key":"ColorlessPotion"},{"floor":14,"key":"Weak Potion"},{"floor":23,"key":"Explosive Potion"},{"floor":25,"key":"Weak Potion"},{"floor":33,"key":"PowerPotion"},{"floor":39,"key":"SpeedPotion"},{"floor":42,"key":"Energy Potion"},{"floor":50,"key":"FocusPotion"},{"floor":52,"key":"Milkshake"}],"is_trial":false,"path_per_floor":["M","M","?","M","?","R","E","M","T","M","M","M","?","E","R","B",null,"M","?","?","?","$","E","?","E","T","R","M","M","R","M","R","B",null,"M","$","T","$","M","NM","M","M","T","M","R","T","?","$","R","B",null,"M","M","?","$","R","M","R","$","?","B",null],"character_chosen":"DEFECT","items_purchased":["MerchantsRug","StuffTheSpire:GrapeVine","Unceasing Top","Gash","Apotheosis","Gash","halation:Diary","infinitespire:Lucky Rock","hubris:DisguiseKit","halation:Sosunser","Master of Strategy","Lee\u0027s Waffle","Raider\u0027s Mask","Mayhem"],"campfire_rested":7,"item_purchase_floors":[22,22,36,36,36,38,38,38,38,48,48,55,59,59],"current_hp_per_floor":[72,72,53,50,50,72,65,65,65,64,64,64,64,75,75,75,75,75,60,60,56,56,56,56,56,56,75,75,68,75,75,75,70,75,75,75,75,75,75,75,75,75,75,75,75,75,75,75,75,75,75,50,63,63,82,82,82,82,82,82,82,82,82],"gold":355,"neow_bonus":"","is_daily":true,"chose_seed":false,"campfire_upgraded":0,"win_rate":0.0,"timestamp":1610865610,"path_taken":["M","M","?","M","?","R","E","M","T","M","?","M","?","E","R","BOSS","M","?","?","?","$","E","?","E","T","R","M","M","R","M","R","BOSS","M","$","?","$","M","NM","M","M","T","M","R","?","?","?","R","BOSS","M","M","?","$","R","M","R","$","?","BOSS"],"items_purchased_type":["Relic","Relic","Relic","Card","Card","Card","Relic","Relic","Relic","Relic","Card","Relic","Relic","Card"],"build_version":"2020-12-22","purchased_purges":0,"victory":false,"max_hp_per_floor":[75,75,75,75,75,75,75,75,75,75,75,75,75,75,75,75,75,75,75,75,75,75,75,75,75,75,75,75,75,75,75,75,75,75,75,75,75,75,75,75,75,75,75,75,75,75,75,75,75,75,75,75,75,75,82,82,82,82,82,82,82,82,82],"card_choices":[{"not_picked":["Coolheaded","Hologram"],"picked":"Gash","floor":1},{"not_picked":["Chaos","Conserve Battery"],"picked":"Gash","floor":2},{"not_picked":["infinitespire:Fortify","ReplayTheSpireMod:Haul"],"picked":"hubris:Fate","floor":3},{"not_picked":["Panic Button","Coolheaded","Reprogram"],"picked":"SKIP","floor":4},{"not_picked":["Aggregate","Multi-Cast","Leap"],"picked":"SKIP","floor":7},{"not_picked":["Redo","Rebound","StuffTheSpire:SnapShoot"],"picked":"SKIP","floor":8},{"not_picked":["Ball Lightning","StuffTheSpire:LoadUp"],"picked":"Go for the Eyes","floor":10},{"not_picked":["Redo","ReplaySort","ReplayRNGCard"],"picked":"SKIP","floor":11},{"not_picked":["StuffTheSpire:LoadUp","Barrage","Hologram"],"picked":"SKIP","floor":12},{"not_picked":["Barrage","Sweeping Beam","conspire:SharedLibrary"],"picked":"SKIP","floor":14},{"not_picked":["FIFO Queue","Panic Button"],"picked":"Gash","floor":18},{"not_picked":["Chill","Rebound+1","Panic Button"],"picked":"SKIP","floor":23},{"not_picked":["Coolheaded","Go for the Eyes"],"picked":"Beam Cell","floor":25},{"not_picked":["StuffTheSpire:Purify","ReplayTheSpireMod:Repulse+1","Leap"],"picked":"SKIP","floor":28},{"not_picked":["Crystallizer","Steam"],"picked":"StuffTheSpire:CleanHardDrive+1","floor":29},{"not_picked":["conspire:Rain","Conserve Battery+1","Turbo"],"picked":"SKIP","floor":31},{"not_picked":["Coolheaded+1","Aggregate","Barrage"],"picked":"SKIP","floor":35},{"not_picked":["ReplaySort+1","StuffTheSpire:Plugnplay+1","Coolheaded+1","Sanctity"],"picked":"SKIP","floor":39},{"not_picked":["Barrage","Compile Driver+1","Crescendo"],"picked":"ReplayTheSpireMod:Fabricate Wheel","floor":40},{"not_picked":["Reprogram+1","Leap+1","StuffTheSpire:LoadUp+1","Protect"],"picked":"SKIP","floor":41},{"not_picked":["Stack","Steam","StuffTheSpire:LoadUp"],"picked":"Tantrum","floor":42},{"not_picked":["Streamline","Go for the Eyes+1","Conserve Battery","Swivel"],"picked":"SKIP","floor":44},{"not_picked":["Barrage","Skim+1","Glacier+1","Replay:Battleflow"],"picked":"SKIP","floor":44},{"not_picked":["Redo","Chaos","Auto Shields+1","Fasting2"],"picked":"SKIP","floor":52},{"not_picked":["hubris:Ukulele+1","Melter","Cold Snap","FollowUp"],"picked":"SKIP","floor":52},{"not_picked":["Compile Driver+1","Go for the Eyes","Leap+1","CutThroughFate"],"picked":"SKIP","floor":52},{"not_picked":["Electrodynamics","Ball Lightning","Swivel"],"picked":"Gash","floor":53},{"not_picked":["Coolheaded+1","Compile Driver+1","Barrage","EmptyBody"],"picked":"SKIP","floor":53},{"not_picked":["Go for the Eyes","Beam Cell","Streamline+1","TalkToTheHand"],"picked":"SKIP","floor":53},{"not_picked":["Hologram+1","Streamline","Beam Cell","Brilliance"],"picked":"SKIP","floor":53},{"not_picked":["Beam Cell","Coolheaded","CrushJoints"],"picked":"Seek","floor":57},{"not_picked":["Rebound+1","Ball Lightning","Coolheaded+1","FlyingSleeves"],"picked":"SKIP","floor":57},{"not_picked":["Ball Lightning","StuffTheSpire:Plugnplay+1","BasicCrystalCard+1","EmptyBody"],"picked":"SKIP","floor":57},{"not_picked":["Redo+1","Coolheaded","Go for the Eyes","JustLucky"],"picked":"SKIP","floor":57},{"not_picked":["Shame","Replay:Hysterical Blindness","Regret"],"picked":"Decay","floor":62},{"not_picked":["Replay:Hysterical Blindness","StuffTheSpire:GnomedCurse","hubris:Wrath"],"picked":"Injury","floor":62},{"not_picked":["Hallucinations","Delirium","Spreading Infection"],"picked":"Doubt","floor":62}],"player_experience":669886,"relics_obtained":[{"floor":7,"key":"StuffTheSpire:Expresso"},{"floor":9,"key":"infinitespire:ShieldingShard"},{"floor":14,"key":"halation:PromiseList"},{"floor":21,"key":"aspiration:HatOfInfinitePower"},{"floor":23,"key":"Ancient Tea Set"},{"floor":25,"key":"Akabeko"},{"floor":26,"key":"Quantum Egg"},{"floor":37,"key":"infinitespire:FocusingShard"},{"floor":40,"key":"WingedGreaves"},{"floor":43,"key":"Replay:Antivirus Software"},{"floor":46,"key":"StuffTheSpire:Gunfinga"},{"floor":52,"key":"paleoftheancients:SoulOfTheSilent"}],"event_choices":[{"cards_removed":["Gash"],"damage_healed":0,"gold_gain":0,"player_choice":"Gave Card","damage_taken":0,"relics_obtained":["aspiration:FrozenJewel"],"max_hp_gain":0,"max_hp_loss":0,"event_name":"WeMeetAgain","floor":5,"gold_loss":0},{"cards_removed":["StuffTheSpire:Rend"],"damage_healed":0,"gold_gain":0,"player_choice":"Elegance","damage_taken":0,"max_hp_gain":0,"max_hp_loss":0,"event_name":"betterThird:BetterWriting","floor":20,"gold_loss":0},{"damage_healed":0,"gold_gain":0,"player_choice":"0 cards matched","damage_taken":0,"max_hp_gain":0,"max_hp_loss":0,"event_name":"Match and Keep!","floor":24,"gold_loss":0,"cards_obtained":[]},{"damage_healed":0,"gold_gain":0,"player_choice":"Leave","damage_taken":0,"max_hp_gain":0,"max_hp_loss":0,"event_name":"conspire:Investor","floor":49,"gold_loss":0}],"is_beta":false,"boss_relics":[{"not_picked":["aspiration:RitualDagger","energizedSpire:EnergizedDie"],"picked":"Replay:Grab Bag"},{"not_picked":["Painkiller Herb","energizedSpire:HugeHouse"],"picked":"Cursed Key"},{"not_picked":["conspire:SlowCooker","Busted Crown"],"picked":"Replay:Fungal Core"},{"not_picked":["Runic Pyramid","StuffTheSpire:RunicHypercube"],"picked":"conspire:RunicOctahedron"},{"not_picked":["halation:PlatinumPhoenix","halation:Prosthetics"],"picked":"hubris:HollowSoul"},{"not_picked":["hubris:Stopwatch","Honey Jar"],"picked":"hubris:Backtick"},{"not_picked":["hubris:VirtuousBlindfold","SlaversCollar"],"picked":"Replay:Ancient Bell"},{"not_picked":["Toy Ornithopter","Boot"],"picked":"halation:PrussianBluePaint"},{"not_picked":["aspiration:FetidBarrel","Mummified Hand"],"picked":"Onion Ring"},{"not_picked":["infinitespire:Lychee Nut","CaptainsWheel"],"picked":"halation:SwordOfLegend"}],"items_purged_floors":[],"is_endless":true,"potions_floor_spawned":[7,8,14,23,25,33,39,42,50,52,61],"ascension_level":0}}