{"host":"8lgo2trwv2o0qyml","time":1610893754,"event":{"mods":["BaseMod","Colored Map","Colored Powertips","DeckTracker","Highlight Path","Hubris","Infinite Spire","Minty Spire (QoL Compilation)","Quick Restart","Random Character Button","Relic Sorter","Replay The Spire","StSLib","SuperFastMode","Synergy Search"],"gold_per_floor":[110,185,195,210,80,106,106,117,167,200,200,225,225,400,400,499,499,518,518,529,529,529],"floor_reached":21,"playtime":1073,"items_purged":[],"score":197,"play_id":"5f34b0f9-5a99-4862-bee7-b1bb8d331752","local_time":"20210117092914","is_ascension_mode":false,"campfire_choices":[{"data":"Rage","floor":7,"key":"SMITH"},{"floor":11,"key":"REST"},{"floor":15,"key":"REST"}],"circlet_count":0,"master_deck":["Strike_R","Strike_R","Strike_R","Strike_R+1","Strike_R","Defend_R","Defend_R","Defend_R","Defend_R","Bash","ReplayTheSpireMod:Muscle Training","Wild Strike","Rampage","ReplayTheSpireMod:LeadingStrike","Shrug It Off","Rage+1","Wild Strike","Pommel Strike","Fire Breathing","Doubt","Barricade","hubris:ReadiedAction+1","Abandon"],"relics":["Burning Blood","NeowsBlessing","Blue Doll","ReplayTheSpireMod:TigerMarble","MealTicket","infinitespire:Broken Mirror","infinitespire:Cupcake"],"acts_visited":["Exordium","TheCity"],"potions_floor_usage":[10,12,16],"damage_taken":[{"damage":0,"enemies":"2 Louse","floor":1,"turns":1},{"damage":0,"enemies":"Small Slimes","floor":3,"turns":1},{"damage":0,"enemies":"Jaw Worm","floor":4,"turns":1},{"damage":33,"enemies":"Gremlin Nob","floor":6,"turns":4},{"damage":1,"enemies":"3 Louse","floor":8,"turns":3},{"damage":38,"enemies":"Lagavulin","floor":10,"turns":8},{"damage":38,"enemies":"3 Sentries","floor":12,"turns":10},{"damage":16,"enemies":"Fading Forest","floor":16,"turns":11},{"damage":30,"enemies":"3 Byrds","floor":18,"turns":6},{"damage":13,"enemies":"Spheric Guardian","floor":20,"turns":4},{"damage":56,"enemies":"Centurion and Healer","floor":21,"turns":6}],"seed_played":"5482893672550844895","potions_obtained":[{"floor":4,"key":"SpeedPotion"},{"floor":6,"key":"Strength Potion"},{"floor":12,"key":"Explosive Potion"},{"floor":16,"key":"LiquidBronze"},{"floor":18,"key":"Regen Potion"},{"floor":19,"key":"BloodPotion"},{"floor":19,"key":"Toxic Potion"},{"floor":19,"key":"Toxic Potion"},{"floor":20,"key":"Energy Potion"}],"is_trial":false,"path_per_floor":["M","?","M","M","$","E","R","M","T","E","R","E","?","?","R","B",null,"M","?","M","M"],"character_chosen":"IRONCLAD","items_purchased":["ReplayTheSpireMod:LeadingStrike","Shrug It Off"],"campfire_rested":2,"item_purchase_floors":[5,5],"current_hp_per_floor":[80,69,75,80,80,53,53,58,58,26,50,18,18,18,42,42,80,56,56,49,0,0],"gold":529,"neow_bonus":"THREE_ENEMY_KILL","is_daily":false,"chose_seed":false,"campfire_upgraded":1,"win_rate":0.0,"timestamp":1610893754,"path_taken":["M","?","M","M","$","E","R","M","T","E","R","E","?","?","R","BOSS","M","?","?","M"],"items_purchased_type":["Card","Card"],"build_version":"2020-12-22","purchased_purges":0,"victory":false,"max_hp_per_floor":[80,80,80,80,80,80,80,80,80,80,80,80,80,80,80,80,80,80,80,80,80,80],"card_choices":[{"not_picked":["Twin Strike","Havoc"],"picked":"ReplayTheSpireMod:Muscle Training","floor":1},{"not_picked":["Shrug It Off","Power Through"],"picked":"Wild Strike","floor":3},{"not_picked":["Sword Boomerang","ReplayReversal"],"picked":"Rampage","floor":4},{"not_picked":["hubris:StunningStrike","hubris:CleavingFinish"],"picked":"Rage","floor":6},{"not_picked":["Pommel Strike","Cleave"],"picked":"Wild Strike","floor":8},{"not_picked":["Second Wind","Heavy Blade"],"picked":"Pommel Strike","floor":10},{"not_picked":["Pommel Strike","ReplayTheSpireMod:Strike From Hell"],"picked":"Fire Breathing","floor":12},{"not_picked":["Hemogenesis","Brutality"],"picked":"Barricade","floor":16},{"not_picked":["Havoc","Metallicize"],"picked":"hubris:ReadiedAction+1","floor":18},{"not_picked":["Anger+1","Clash"],"picked":"Abandon","floor":20}],"player_experience":81927,"relics_obtained":[{"floor":6,"key":"Blue Doll"},{"floor":9,"key":"ReplayTheSpireMod:TigerMarble"},{"floor":10,"key":"MealTicket"},{"floor":12,"key":"infinitespire:Broken Mirror"}],"event_choices":[{"damage_healed":0,"gold_gain":75,"player_choice":"Gather Gold","damage_taken":11,"max_hp_gain":0,"max_hp_loss":0,"event_name":"World of Goop","floor":2,"gold_loss":0},{"damage_healed":0,"gold_gain":175,"player_choice":"AGREE","damage_taken":0,"max_hp_gain":0,"max_hp_loss":0,"event_name":"Liars Game","floor":14,"gold_loss":0,"cards_obtained":["Doubt"]},{"damage_healed":0,"gold_gain":0,"player_choice":"Got Potions","damage_taken":0,"max_hp_gain":0,"max_hp_loss":0,"event_name":"Lab","floor":19,"gold_loss":0}],"is_beta":false,"boss_relics":[{"not_picked":["Runic Dome","hubris:CrackedHourglass"],"picked":"infinitespire:Cupcake"}],"items_purged_floors":[],"is_endless":false,"potions_floor_spawned":[4,6,12,16,18,20],"killed_by":"Centurion and Healer","ascension_level":0}}