{"host":"Krakhan","time":1610915715,"event":{"mods":["AchievementEnabler","BaseMod","Colored Map","Colored Powertips","Faster Ascension Climbing","Highlight Path","Minty Spire (QoL Compilation)","Rare Cards Sparkle","Relic Stats","StSLib"],"gold_per_floor":[109,125,125,1,21,55,55,88,88,118,128,154,174,194,194,294,294,312,312,312,3,20,54,67,101,173,201,215,228,228,228,228,327,327,346,346,357,405,418,418,448,448,448,468,485,485,498,447,447,447,447,447,68,94,94],"floor_reached":56,"language":"ENG","playtime":3575,"items_purged":["Parasite"],"score":1392,"play_id":"2c5e8a66-ace0-4eb7-b25d-7e203f1cf1ed","local_time":"20210117153515","is_ascension_mode":true,"campfire_choices":[{"data":"Feed","floor":7.0,"key":"SMITH"},{"data":"Shockwave","floor":15.0,"key":"SMITH"},{"data":"Corruption","floor":30,"key":"SMITH"},{"data":"J.A.X.","floor":32,"key":"SMITH"},{"data":"Body Slam","floor":40,"key":"SMITH"},{"floor":49,"key":"RECALL"},{"data":"Feel No Pain","floor":52,"key":"SMITH"}],"circlet_count":0,"master_deck":["Strike_R+1","Strike_R+1","Strike_R+1","Strike_R+1","Defend_R+1","Defend_R+1","Defend_R+1","Bash","Feed+1","Clothesline","Twin Strike","Impervious","Body Slam+1","Offering","Feel No Pain+1","Cleave","True Grit","Shrug It Off","Reaper","Shockwave+1","Immolate","Shrug It Off+1","Corruption+1","Discovery","Burning Pact","Dual Wield","Dark Embrace","Shockwave","Spot Weakness","J.A.X.+1","Feed","Sentinel+1","Purity","Panache","PanicButton","Havoc+1","Bloodletting+1","Heavy Blade+1","Metallicize","Spot Weakness+1","Dual Wield+1","Metallicize","Feel No Pain","Inflame","Demon Form"],"relics":["Burning Blood","CaptainsWheel","Kunai","Lizard Tail","Bag of Preparation","Centennial Puzzle","Odd Mushroom","Coffee Dripper","Bottled Tornado","Ornamental Fan","Omamori","Pantograph","Gremlin Horn","Runic Dome","Prayer Wheel","Happy Flower","Anchor","Orichalcum","Boot"],"acts_visited":["Exordium","TheCity","TheBeyond","TheEnding"],"potions_floor_usage":[27,38],"damage_taken":[{"damage":6.0,"enemies":"Cultist","floor":1.0,"turns":4.0},{"damage":5.0,"enemies":"2 Louse","floor":2.0,"turns":3.0},{"damage":5.0,"enemies":"Small Slimes","floor":5.0,"turns":4.0},{"damage":23.0,"enemies":"Lagavulin","floor":6.0,"turns":8.0},{"damage":28.0,"enemies":"3 Sentries","floor":8.0,"turns":9.0},{"damage":12.0,"enemies":"Gremlin Nob","floor":10.0,"turns":3.0},{"damage":9.0,"enemies":"Blue Slaver","floor":11.0,"turns":2.0},{"damage":17.0,"enemies":"3 Sentries","floor":12.0,"turns":7.0},{"damage":15.0,"enemies":"The Mushroom Lair","floor":13.0,"turns":3.0},{"damage":16.0,"enemies":"Lots of Slimes","floor":14.0,"turns":2.0},{"damage":70.0,"enemies":"Hexaghost","floor":16.0,"turns":12.0},{"damage":16.0,"enemies":"Chosen","floor":18.0,"turns":3.0},{"damage":6,"enemies":"Shell Parasite","floor":22,"turns":5},{"damage":19,"enemies":"Book of Stabbing","floor":23,"turns":5},{"damage":22,"enemies":"Centurion and Healer","floor":24,"turns":7},{"damage":8,"enemies":"Gremlin Leader","floor":25,"turns":7},{"damage":6,"enemies":"Slavers","floor":27,"turns":4},{"damage":0,"enemies":"Shelled Parasite and Fungi","floor":28,"turns":3},{"damage":6,"enemies":"Snake Plant","floor":29,"turns":1},{"damage":17,"enemies":"Automaton","floor":33,"turns":5},{"damage":9,"enemies":"3 Shapes","floor":35,"turns":2},{"damage":3,"enemies":"Orb Walker","floor":37,"turns":2},{"damage":9,"enemies":"2 Orb Walkers","floor":38,"turns":3},{"damage":9,"enemies":"Transient","floor":39,"turns":5},{"damage":29,"enemies":"Giant Head","floor":41,"turns":6},{"damage":9,"enemies":"Writhing Mass","floor":44,"turns":2},{"damage":17,"enemies":"Maw","floor":45,"turns":3},{"damage":33,"enemies":"Spire Growth","floor":47,"turns":5},{"damage":87,"enemies":"Time Eater","floor":50,"turns":11},{"damage":33,"enemies":"Shield and Spear","floor":54,"turns":6},{"damage":43,"enemies":"The Heart","floor":55,"turns":7}],"seed_played":"-1669913450174915776","potions_obtained":[{"floor":2.0,"key":"FairyPotion"},{"floor":6.0,"key":"EssenceOfSteel"},{"floor":8.0,"key":"CultistPotion"},{"floor":12.0,"key":"PowerPotion"},{"floor":16.0,"key":"PowerPotion"},{"floor":22,"key":"FairyPotion"},{"floor":24,"key":"SkillPotion"},{"floor":29,"key":"Swift Potion"},{"floor":33,"key":"SteroidPotion"},{"floor":37,"key":"ElixirPotion"},{"floor":38,"key":"ElixirPotion"}],"is_trial":false,"path_per_floor":["M","M","?","$","M","E","R","E","T","E","M","E","?","M","R","B",null,"M","?","?","$","M","E","M","E","T","E","M","M","R","?","R","B",null,"M","?","M","?","M","R","E","?","T","M","M","?","M","$","R","B",null,"R","$","E","B",null],"character_chosen":"IRONCLAD","items_purchased":["Block Potion","Bottled Tornado","ColorlessPotion","BloodPotion","Inflame","Anchor","Orichalcum"],"campfire_rested":0,"item_purchase_floors":[4,21,21,48,53,53,53],"current_hp_per_floor":[83,86,86,83,86,72,72,54,54,52,53,46,41,44,44,28,117,111,111,111,111,115,112,108,110,110,126,136,136,136,136,136,134,145,149,139,146,158,155,155,132,132,132,133,137,137,127,127,127,95,161,161,161,149,158],"gold":94,"neow_bonus":"THREE_RARE_CARDS","is_daily":false,"chose_seed":false,"campfire_upgraded":6,"win_rate":0.0,"timestamp":1610915715,"path_taken":["M","M","?","$","?","E","R","E","T","E","M","E","?","M","R","BOSS","M","?","?","$","M","E","M","E","T","E","?","?","R","?","R","BOSS","M","?","M","?","?","R","E","?","T","M","M","?","M","$","R","BOSS","R","$","E","BOSS"],"items_purchased_type":["Potion","Relic","Potion","Potion","Card","Relic","Relic"],"build_version":"2020-12-18","purchased_purges":1,"victory":true,"max_hp_per_floor":[83,86,86,83,86,89,89,93,93,97,101,105,109,113,113,117,117,121,121,121,121,125,129,129,133,133,137,141,141,141,141,141,145,145,152,152,156,159,159,159,159,151,151,155,158,158,158,158,158,161,161,161,161,165,165],"relic_stats":{"Gremlin Horn":[7,7],"Happy Flower":[11],"counters":[31,149],"Bag of Preparation":[50],"Orichalcum":[6],"Boot":[0],"Burning Blood":184,"Lizard Tail":0,"Centennial Puzzle":[66],"Ornamental Fan":[120],"Pantograph":46,"Prayer Wheel":4,"Kunai":[42],"obtain_stats":[{"Gremlin Horn":27,"Happy Flower":41,"Bag of Preparation":10,"Omamori":25,"Odd Mushroom":13,"Bottled Tornado":21,"Orichalcum":53,"Boot":54,"Burning Blood":0,"Runic Dome":34,"CaptainsWheel":6,"Lizard Tail":9,"Centennial Puzzle":12,"Anchor":53,"Ornamental Fan":23,"Pantograph":26,"Prayer Wheel":38,"Coffee Dripper":17,"Kunai":8},{"Gremlin Horn":17,"Happy Flower":25,"Bag of Preparation":6,"Omamori":16,"Odd Mushroom":9,"Bottled Tornado":12,"Orichalcum":29,"Boot":30,"Burning Blood":0,"Runic Dome":20,"CaptainsWheel":4,"Lizard Tail":5,"Centennial Puzzle":8,"Anchor":29,"Ornamental Fan":14,"Pantograph":16,"Prayer Wheel":23,"Coffee Dripper":11,"Kunai":5},{"Gremlin Horn":88,"Happy Flower":115,"Bag of Preparation":31,"Omamori":84,"Odd Mushroom":43,"Bottled Tornado":60,"Orichalcum":136,"Boot":142,"Burning Blood":0,"Runic Dome":97,"CaptainsWheel":19,"Lizard Tail":28,"Centennial Puzzle":40,"Anchor":136,"Ornamental Fan":70,"Pantograph":84,"Prayer Wheel":104,"Coffee Dripper":57,"Kunai":28}]},"card_choices":[{"not_picked":["Reaper","Limit Break"],"picked":"Feed","floor":0.0},{"not_picked":["Searing Blow","Wild Strike"],"picked":"Clothesline","floor":1.0},{"not_picked":["Rupture","Burning Pact"],"picked":"Twin Strike","floor":2.0},{"not_picked":["Wild Strike","Anger"],"picked":"Body Slam","floor":5.0},{"not_picked":["Intimidate","Sword Boomerang"],"picked":"Offering","floor":6.0},{"not_picked":["Dropkick","Burning Pact"],"picked":"Feel No Pain","floor":8.0},{"not_picked":["Searing Blow","Armaments"],"picked":"Cleave","floor":10.0},{"not_picked":["Flex","Sever Soul"],"picked":"True Grit","floor":11.0},{"not_picked":["Headbutt","Clash"],"picked":"Shrug It Off","floor":12.0},{"not_picked":["Clothesline","Battle Trance"],"picked":"Reaper","floor":13.0},{"not_picked":["Rage","Perfected Strike"],"picked":"Shockwave","floor":14.0},{"not_picked":["Bludgeon","Impervious"],"picked":"Immolate","floor":16.0},{"not_picked":["Havoc+1","Clothesline"],"picked":"Shrug It Off+1","floor":18.0},{"not_picked":["Seeing Red","Clash"],"picked":"Burning Pact","floor":22},{"not_picked":["Fire Breathing","Flex"],"picked":"Dual Wield","floor":23},{"not_picked":["Berserk","Ghostly Armor"],"picked":"Dark Embrace","floor":24},{"not_picked":["Twin Strike","Headbutt"],"picked":"Shockwave","floor":25},{"not_picked":["Wild Strike","Anger"],"picked":"Spot Weakness","floor":27},{"not_picked":["Armaments+1","Cleave+1","Havoc"],"picked":"SKIP","floor":28},{"not_picked":["Fire Breathing+1","Anger+1","Thunderclap"],"picked":"SKIP","floor":29},{"not_picked":["Reaper","Immolate"],"picked":"Feed","floor":33},{"not_picked":["Carnage","Thunderclap+1"],"picked":"Sentinel+1","floor":35},{"not_picked":["Forethought","Mind Blast"],"picked":"Purity","floor":36},{"not_picked":["PanicButton","Secret Technique"],"picked":"Panache","floor":36},{"not_picked":["Dramatic Entrance","Bandage Up"],"picked":"PanicButton","floor":36},{"not_picked":["Twin Strike","Clothesline+1","Perfected Strike+1"],"picked":"SKIP","floor":37},{"not_picked":["Whirlwind+1","Cleave"],"picked":"Havoc+1","floor":38},{"not_picked":["Warcry+1","Pummel"],"picked":"Bloodletting+1","floor":39},{"not_picked":["Anger","Perfected Strike+1"],"picked":"Heavy Blade+1","floor":39},{"not_picked":["Clothesline","Anger"],"picked":"Metallicize","floor":41},{"not_picked":["Clothesline","Pummel+1"],"picked":"Spot Weakness+1","floor":44},{"not_picked":["Headbutt+1","Wild Strike","Power Through"],"picked":"SKIP","floor":44},{"not_picked":["Immolate","Body Slam+1"],"picked":"Dual Wield+1","floor":45},{"not_picked":["Fire Breathing+1","Twin Strike","Rupture+1"],"picked":"SKIP","floor":45},{"not_picked":["Sword Boomerang","Pommel Strike"],"picked":"Metallicize","floor":47},{"not_picked":["Second Wind","Reckless Charge"],"picked":"Feel No Pain","floor":47},{"not_picked":["Heavy Blade+1","Hemokinesis"],"picked":"Demon Form","floor":54}],"player_experience":1336309,"relics_obtained":[{"floor":6.0,"key":"CaptainsWheel"},{"floor":8.0,"key":"Kunai"},{"floor":9.0,"key":"Lizard Tail"},{"floor":10.0,"key":"Bag of Preparation"},{"floor":12.0,"key":"Centennial Puzzle"},{"floor":13.0,"key":"Odd Mushroom"},{"floor":23,"key":"Ornamental Fan"},{"floor":25,"key":"Omamori"},{"floor":26,"key":"Pantograph"},{"floor":27,"key":"Gremlin Horn"},{"floor":38,"key":"Prayer Wheel"},{"floor":41,"key":"Happy Flower"},{"floor":54,"key":"Boot"}],"event_choices":[{"damage_healed":0.0,"max_hp_gain":0.0,"max_hp_loss":0.0,"gold_gain":0.0,"cards_transformed":["Defend_R"],"event_name":"Transmorgrifier","player_choice":"Transformed","floor":3.0,"gold_loss":0.0,"damage_taken":0.0,"cards_obtained":["Impervious"]},{"damage_healed":0.0,"max_hp_gain":0.0,"max_hp_loss":0.0,"gold_gain":0.0,"event_name":"Mushrooms","player_choice":"Fought Mushrooms","floor":13.0,"gold_loss":0.0,"damage_taken":0.0},{"damage_healed":0.0,"max_hp_gain":0.0,"max_hp_loss":0.0,"gold_gain":0.0,"event_name":"Back to Basics","player_choice":"Simplicity","floor":19.0,"gold_loss":0.0,"damage_taken":0.0,"cards_upgraded":["Strike_R","Strike_R","Strike_R","Strike_R","Strike_R","Defend_R","Defend_R","Defend_R"]},{"damage_healed":0,"gold_gain":0,"player_choice":"2 cards matched","damage_taken":0,"max_hp_gain":0,"max_hp_loss":0,"event_name":"Match and Keep!","floor":20,"gold_loss":0,"cards_obtained":["Corruption","Discovery"]},{"damage_healed":0,"gold_gain":0,"player_choice":"Obtain J.A.X.","damage_taken":0,"max_hp_gain":0,"max_hp_loss":0,"event_name":"Drug Dealer","floor":31,"gold_loss":0,"cards_obtained":["J.A.X."]},{"damage_healed":0,"gold_gain":0,"player_choice":"Memory 3","damage_taken":10,"max_hp_gain":0,"max_hp_loss":0,"event_name":"SensoryStone","floor":36,"gold_loss":0},{"damage_healed":0,"gold_gain":0,"player_choice":"Fight","damage_taken":0,"max_hp_gain":0,"max_hp_loss":0,"event_name":"Mysterious Sphere","floor":38,"gold_loss":0},{"damage_healed":0,"gold_gain":0,"player_choice":"Max HP","damage_taken":0,"max_hp_gain":0,"max_hp_loss":8,"event_name":"Winding Halls","floor":42,"gold_loss":0},{"cards_removed":["Strike_R"],"damage_healed":0,"gold_gain":0,"player_choice":"Removed Attack","damage_taken":0,"max_hp_gain":0,"max_hp_loss":0,"event_name":"Falling","floor":46,"gold_loss":0}],"is_beta":true,"boss_relics":[{"not_picked":["SlaversCollar","Busted Crown"],"picked":"Coffee Dripper"},{"not_picked":["Mark of Pain","Sozu"],"picked":"Runic Dome"}],"items_purged_floors":[4],"is_endless":false,"potions_floor_spawned":[2,6,8,12,16,22,24,29,33,37,38,44,54],"ascension_level":1}}