{"host":"8u7tvcybuv0u72fd","time":1610861991,"event":{"mods":["BaseMod","BetterRewards","Colored Map","Colored Powertips","Minty Spire (QoL Compilation)","Quick Restart","Shop Mod"],"gold_per_floor":[119,130,130,143,156,191,191,210,237,237,254,254,273,287,287,389,389,401,401,115,132,148,182,196,196,196,196,196,196,213,213,213,309,309,322,338,288,288,288,288,300,300,325,325,344,375,70,84,84,84,84,84,34,67,67],"floor_reached":56,"language":"ENG","playtime":2745,"items_purged":["Strike_R","Writhe","Shame","Defend_R"],"score":1476,"play_id":"5869212b-3589-4f0a-b791-cfa86d6413b2","local_time":"20210117003951","is_ascension_mode":false,"campfire_choices":[{"data":"Bash","floor":7.0,"key":"SMITH"},{"data":"Shrug It Off","floor":10.0,"key":"SMITH"},{"data":"Clash","floor":12.0,"key":"SMITH"},{"data":"Juggernaut","floor":15.0,"key":"SMITH"},{"data":"Bite","floor":28.0,"key":"SMITH"},{"data":"Body Slam","floor":32.0,"key":"SMITH"},{"data":"Limit Break","floor":40,"key":"SMITH"},{"data":"Offering","floor":42,"key":"SMITH"},{"data":"Bite","floor":44,"key":"SMITH"},{"floor":49,"key":"RECALL"},{"data":"Entrench","floor":52,"key":"SMITH"}],"circlet_count":0,"master_deck":["Defend_R","Defend_R","Defend_R","Bash+1","Flex","Clash+1","Shrug It Off+1","Juggernaut+1","Offering+1","Pommel Strike+1","Headbutt+1","Necronomicurse","Bite+1","Bite","Bite","Bite","Bite+1","Body Slam+1","Limit Break+1","Heavy Blade+1","Good Instincts","Entrench+1"],"relics":["Burning Blood","ClockworkSouvenir","Bird Faced Urn","Champion Belt","Anchor","Shuriken","Lantern","Cursed Key","MutagenicStrength","Ginger","Orichalcum","Necronomicon","HornCleat","Smiling Mask","Sozu","Pantograph","Paper Frog","Vajra"],"acts_visited":["Exordium","TheCity","TheBeyond","TheEnding"],"potions_floor_usage":[55,55],"damage_taken":[{"damage":0.0,"enemies":"Small Slimes","floor":1.0,"turns":3.0},{"damage":0.0,"enemies":"Jaw Worm","floor":2.0,"turns":3.0},{"damage":0.0,"enemies":"2 Louse","floor":4.0,"turns":2.0},{"damage":0.0,"enemies":"Exordium Wildlife","floor":5.0,"turns":4.0},{"damage":5.0,"enemies":"3 Sentries","floor":6.0,"turns":8.0},{"damage":0.0,"enemies":"2 Fungi Beasts","floor":8.0,"turns":2.0},{"damage":1.0,"enemies":"3 Louse","floor":11.0,"turns":3.0},{"damage":8.0,"enemies":"Lots of Slimes","floor":13.0,"turns":5.0},{"damage":0.0,"enemies":"2 Fungi Beasts","floor":14.0,"turns":4.0},{"damage":25.0,"enemies":"Slime Boss","floor":16.0,"turns":10.0},{"damage":6.0,"enemies":"Spheric Guardian","floor":18.0,"turns":3.0},{"damage":8.0,"enemies":"3 Byrds","floor":21.0,"turns":4.0},{"damage":6.0,"enemies":"Snake Plant","floor":22.0,"turns":2.0},{"damage":23.0,"enemies":"Gremlin Leader","floor":23.0,"turns":5.0},{"damage":6.0,"enemies":"3 Cultists","floor":24.0,"turns":4.0},{"damage":6.0,"enemies":"Centurion and Healer","floor":30.0,"turns":3.0},{"damage":37.0,"enemies":"Champ","floor":33.0,"turns":7.0},{"damage":6.0,"enemies":"3 Shapes","floor":35.0,"turns":3.0},{"damage":16.0,"enemies":"3 Darklings","floor":36.0,"turns":3.0},{"damage":0,"enemies":"Maw","floor":41,"turns":2},{"damage":6,"enemies":"Transient","floor":45,"turns":5},{"damage":20,"enemies":"Reptomancer","floor":46,"turns":5},{"damage":6,"enemies":"Sphere and 2 Shapes","floor":48,"turns":3},{"damage":86,"enemies":"Donu and Deca","floor":50,"turns":7},{"damage":6,"enemies":"Shield and Spear","floor":54,"turns":2},{"damage":66,"enemies":"The Heart","floor":55,"turns":5}],"seed_played":"7017263469865505806","potions_obtained":[{"floor":1.0,"key":"LiquidMemories"},{"floor":8.0,"key":"FearPotion"}],"is_trial":false,"path_per_floor":["M","M","$","M","M","E","R","M","T","R","M","R","M","M","R","B",null,"M","?","$","M","M","E","M","?","T","?","R","?","M","?","R","B",null,"M","M","$","?","?","R","M","R","T","R","M","E","$","M","R","B",null,"R","$","E","B",null],"character_chosen":"IRONCLAD","items_purchased":["Blood Vial","ClockworkSouvenir","Anchor","BlessingOfTheForge","SteroidPotion","Flex","Ginger","Paper Frog"],"campfire_rested":0,"item_purchase_floors":[0,0,0,0,0,0,20,47],"current_hp_per_floor":[41,49,49,57,65,68,68,76,76,76,80,80,78,80,80,61,80,80,80,80,78,80,65,69,53,53,53,53,53,66,66,66,56,80,80,77,77,77,77,77,80,80,80,80,80,80,80,80,80,23,80,80,80,80,28],"gold":67,"neow_bonus":"","is_daily":false,"chose_seed":false,"campfire_upgraded":10,"win_rate":0.0,"timestamp":1610861991,"path_taken":["M","M","$","M","M","E","R","M","T","R","M","R","M","M","R","BOSS","M","?","$","M","M","E","M","?","T","?","R","?","?","?","R","BOSS","M","M","$","?","?","R","M","R","T","R","M","E","$","M","R","BOSS","R","$","E","BOSS"],"items_purchased_type":["Relic","Relic","Relic","Potion","Potion","Card","Relic","Relic"],"build_version":"2020-12-22","purchased_purges":4,"victory":true,"max_hp_per_floor":[80,80,80,80,80,80,80,80,80,80,80,80,80,80,80,80,80,80,80,80,80,80,80,80,80,80,80,80,80,80,80,80,80,80,80,80,80,80,80,80,80,80,80,80,80,80,80,80,80,80,80,80,80,80,80],"card_choices":[{"not_picked":["Perfected Strike","Flame Barrier","Flex"],"picked":"SKIP","floor":1.0},{"not_picked":["Twin Strike","Wild Strike"],"picked":"Clash","floor":2.0},{"not_picked":["Searing Blow","Rupture","Pommel Strike"],"picked":"SKIP","floor":4.0},{"not_picked":["Heavy Blade","Wild Strike","Twin Strike"],"picked":"SKIP","floor":5.0},{"not_picked":["Thunderclap","Searing Blow","True Grit"],"picked":"SKIP","floor":6.0},{"not_picked":["Clothesline","Iron Wave"],"picked":"Shrug It Off","floor":8.0},{"not_picked":["Havoc","Armaments","Rupture"],"picked":"SKIP","floor":11.0},{"not_picked":["Headbutt","Whirlwind"],"picked":"Juggernaut","floor":13.0},{"not_picked":["Clash","Wild Strike","Armaments"],"picked":"SKIP","floor":14.0},{"not_picked":["Bludgeon","Exhume"],"picked":"Offering","floor":16.0},{"not_picked":["Searing Blow","Sword Boomerang","Bloodletting"],"picked":"SKIP","floor":18.0},{"not_picked":["Flex","Rupture+1","Pommel Strike"],"picked":"SKIP","floor":21.0},{"not_picked":["Offering","Anger"],"picked":"Pommel Strike+1","floor":22.0},{"not_picked":["Shrug It Off","Anger"],"picked":"Headbutt+1","floor":23.0},{"not_picked":["Anger","Rampage","Cleave"],"picked":"SKIP","floor":24.0},{"not_picked":["Spot Weakness","Havoc"],"picked":"Limit Break","floor":30.0},{"not_picked":["Iron Wave+1","Rage"],"picked":"Heavy Blade+1","floor":35.0},{"not_picked":["Clothesline+1","Shrug It Off+1","Thunderclap"],"picked":"SKIP","floor":36.0},{"not_picked":["Forethought","Magnetism"],"picked":"Good Instincts","floor":39},{"not_picked":["Body Slam","Iron Wave","Warcry+1"],"picked":"SKIP","floor":41},{"not_picked":["Anger","Shrug It Off+1","Seeing Red+1"],"picked":"SKIP","floor":45},{"not_picked":["Sentinel","Exhume","Pommel Strike"],"picked":"SKIP","floor":46},{"not_picked":["Evolve","Anger"],"picked":"Entrench","floor":48},{"not_picked":["Shrug It Off+1","Metallicize","Combust"],"picked":"SKIP","floor":54}],"player_experience":1338287,"relics_obtained":[{"floor":6.0,"key":"Shuriken"},{"floor":9.0,"key":"Lantern"},{"floor":23.0,"key":"Orichalcum"},{"floor":25.0,"key":"Necronomicon"},{"floor":26.0,"key":"HornCleat"},{"floor":46,"key":"Pantograph"},{"floor":54,"key":"Vajra"}],"event_choices":[{"damage_healed":0.0,"max_hp_gain":0.0,"max_hp_loss":0.0,"gold_gain":0.0,"event_name":"Drug Dealer","player_choice":"Inject Mutagens","floor":19.0,"gold_loss":0.0,"damage_taken":0.0,"relics_obtained":["MutagenicStrength"]},{"damage_healed":0.0,"max_hp_gain":0.0,"max_hp_loss":0.0,"gold_gain":0.0,"event_name":"Cursed Tome","player_choice":"Obtained Book","floor":25.0,"gold_loss":0.0,"damage_taken":16.0},{"damage_healed":0.0,"max_hp_gain":0.0,"max_hp_loss":0.0,"gold_gain":0.0,"event_name":"Vampires","player_choice":"Became a vampire (Vial)","floor":27.0,"relics_lost":["Blood Vial"],"gold_loss":0.0,"damage_taken":0.0,"cards_obtained":["Bite","Bite","Bite","Bite","Bite"]},{"damage_healed":0.0,"max_hp_gain":0.0,"max_hp_loss":0.0,"gold_gain":0.0,"event_name":"The Library","player_choice":"Read","floor":29.0,"gold_loss":0.0,"damage_taken":0.0,"cards_obtained":["Body Slam"]},{"damage_healed":0.0,"max_hp_gain":0.0,"max_hp_loss":0.0,"gold_gain":0.0,"event_name":"The Mausoleum","player_choice":"Opened","floor":31.0,"gold_loss":0.0,"damage_taken":0.0,"relics_obtained":["Smiling Mask"]},{"damage_healed":0.0,"max_hp_gain":0.0,"max_hp_loss":0.0,"gold_gain":0.0,"event_name":"Tomb of Lord Red Mask","player_choice":"Ignored","floor":38.0,"gold_loss":0.0,"damage_taken":0.0},{"damage_healed":0,"gold_gain":0,"player_choice":"Memory 1","damage_taken":0,"max_hp_gain":0,"max_hp_loss":0,"event_name":"SensoryStone","floor":39,"gold_loss":0}],"is_beta":false,"boss_relics":[{"not_picked":["Fusion Hammer","Runic Dome"],"picked":"Cursed Key"},{"not_picked":["Velvet Choker","Philosopher\u0027s Stone"],"picked":"Sozu"}],"items_purged_floors":[0,37,47,53],"is_endless":false,"potions_floor_spawned":[1,4,8,11,16,21,22,36,46],"ascension_level":0}}