{"host":"7tqog9fnhs0gxmti","time":1610849127,"event":{"mods":["AchievementEnabler","Act Like it!","Astrologer","BaseMod","Colored Map","Colored Powertips","Highlight Path","Koishi","Minty Spire (QoL Compilation)","StSLib","The Cursed","The Hierophant","everything is the same but u backflip on backflip"],"gold_per_floor":[115,126,126,301,321,321,346,326,326,357,368,379,407,407,407,504,504,524,60,85,85,105,120,120,120,120],"floor_reached":25,"language":"ENG","playtime":1031,"items_purged":["Doubt"],"score":221,"play_id":"9b8beaae-b09a-4891-97fc-5f833afce72e","local_time":"20210117100527","is_ascension_mode":false,"campfire_choices":[{"data":"astrologer:StarOfMisfortune","floor":6,"key":"SMITH"},{"floor":15,"key":"REST"},{"data":"astrologer:Shine","floor":24,"key":"SMITH"}],"circlet_count":0,"master_deck":["astrologer:Strike","astrologer:Strike","astrologer:Strike+1","astrologer:Strike","astrologer:Defend","astrologer:Defend","astrologer:Defend+1","astrologer:Defend","astrologer:NorthStar","astrologer:TheFool","astrologer:CrystalBall+1","astrologer:Opposition","astrologer:StarOfMisfortune+1","astrologer:Cataclysm","astrologer:FrozenStar","astrologer:Eclipse","astrologer:RejectReality","astrologer:Radiance+1","astrologer:Confirmation","astrologer:Shine+1"],"relics":["astrologer:SkyMirror","NeowsBlessing","Sundial","Mummified Hand","Strawberry","Mercury Hourglass","Black Star","Juzu Bracelet","Strange Spoon","Dream Catcher"],"acts_visited":["Exordium","TheCity"],"potions_floor_usage":[13,13,16,25,25,25],"damage_taken":[{"damage":0,"enemies":"Small Slimes","floor":1,"turns":1},{"damage":0,"enemies":"2 Louse","floor":2,"turns":1},{"damage":0,"enemies":"Jaw Worm","floor":5,"turns":1},{"damage":14,"enemies":"3 Sentries","floor":7,"turns":8},{"damage":18,"enemies":"Lagavulin","floor":10,"turns":7},{"damage":1,"enemies":"Red Slaver","floor":11,"turns":4},{"damage":2,"enemies":"2 Fungi Beasts","floor":12,"turns":3},{"damage":26,"enemies":"3 Sentries","floor":13,"turns":9},{"damage":16,"enemies":"The Guardian","floor":16,"turns":9},{"damage":16,"enemies":"Chosen","floor":18,"turns":6},{"damage":0,"enemies":"2 Thieves","floor":22,"turns":3},{"damage":12,"enemies":"Snake Plant","floor":23,"turns":4},{"damage":73,"enemies":"Slavers","floor":25,"turns":4}],"seed_played":"8631132350466796593","potions_obtained":[{"floor":5,"key":"Block Potion"},{"floor":7,"key":"GamblersBrew"},{"floor":8,"key":"SkillPotion"},{"floor":16,"key":"Fire Potion"},{"floor":18,"key":"AttackPotion"},{"floor":23,"key":"SteroidPotion"}],"is_trial":false,"path_per_floor":["M","M","?","?","M","R","E","?","T","E","M","M","E","?","R","B",null,"M","$","T","?","M","M","R","E"],"character_chosen":"ASTROLOGER","items_purchased":["astrologer:Confirmation","Juzu Bracelet","Strange Spoon"],"campfire_rested":1,"item_purchase_floors":[19,19,19],"current_hp_per_floor":[70,70,56,56,56,56,42,42,42,31,30,28,2,2,25,9,77,61,61,61,77,77,65,65,0,0],"gold":120,"neow_bonus":"THREE_ENEMY_KILL","is_daily":false,"chose_seed":false,"campfire_upgraded":2,"win_rate":0.0,"timestamp":1610849127,"path_taken":["M","M","?","?","M","R","E","?","T","E","?","M","E","?","R","BOSS","M","$","?","?","M","M","R","E"],"items_purchased_type":["Card","Relic","Relic"],"build_version":"2020-12-22","purchased_purges":1,"victory":false,"max_hp_per_floor":[70,70,70,70,70,70,70,70,70,77,77,77,77,77,77,77,77,77,77,77,77,77,77,77,77,77],"card_choices":[{"not_picked":["astrologer:ReadTheStars","astrologer:CometStrike"],"picked":"astrologer:CrystalBall","floor":1},{"not_picked":["astrologer:SolarFlare","astrologer:MeteorShower"],"picked":"astrologer:Opposition","floor":2},{"not_picked":["astrologer:ShiningStar","astrologer:Radiance"],"picked":"astrologer:StarOfMisfortune","floor":5},{"not_picked":["astrologer:Prestidigitation","astrologer:Radiance"],"picked":"astrologer:Cataclysm","floor":7},{"not_picked":["astrologer:Trine","astrologer:CometStrike"],"picked":"astrologer:FrozenStar","floor":10},{"not_picked":["astrologer:Stardust","astrologer:Justice"],"picked":"astrologer:Eclipse","floor":11},{"not_picked":["astrologer:Still","astrologer:FrozenStar","astrologer:NeutronStar"],"picked":"SKIP","floor":12},{"not_picked":["astrologer:Conjunction","astrologer:Stardust"],"picked":"astrologer:Retelling","floor":13},{"not_picked":["astrologer:Death","astrologer:TheWorld"],"picked":"astrologer:RejectReality","floor":16},{"not_picked":["astrologer:CometStrike","astrologer:CrystalBall"],"picked":"astrologer:Radiance+1","floor":18},{"not_picked":["astrologer:CometStrike","astrologer:Stardust"],"picked":"astrologer:Shine","floor":22},{"not_picked":["astrologer:TheEmperor","astrologer:Moonlight","astrologer:FrozenStar"],"picked":"SKIP","floor":23}],"player_experience":752837,"relics_obtained":[{"floor":7,"key":"Sundial"},{"floor":9,"key":"Mummified Hand"},{"floor":10,"key":"Strawberry"},{"floor":13,"key":"Mercury Hourglass"},{"floor":20,"key":"Dream Catcher"}],"event_choices":[{"damage_healed":0,"gold_gain":0,"player_choice":"Entered Light","damage_taken":14,"max_hp_gain":0,"max_hp_loss":0,"event_name":"Shining Light","floor":3,"gold_loss":0,"cards_upgraded":["astrologer:Strike","astrologer:Defend"]},{"damage_healed":0,"gold_gain":175,"player_choice":"AGREE","damage_taken":0,"max_hp_gain":0,"max_hp_loss":0,"event_name":"Liars Game","floor":4,"gold_loss":0,"cards_obtained":["Doubt"]},{"damage_healed":0,"gold_gain":0,"player_choice":"Bought 1 Potion","damage_taken":0,"max_hp_gain":0,"max_hp_loss":0,"event_name":"The Woman in Blue","floor":8,"gold_loss":0},{"damage_healed":0,"gold_gain":0,"player_choice":"Upgraded","damage_taken":0,"max_hp_gain":0,"max_hp_loss":0,"event_name":"Upgrade Shrine","floor":14,"gold_loss":0,"cards_upgraded":["astrologer:CrystalBall"]},{"cards_removed":["astrologer:Retelling"],"damage_healed":16,"gold_gain":0,"player_choice":"Offered Uncommon","damage_taken":0,"max_hp_gain":0,"max_hp_loss":0,"event_name":"Bonfire Elementals","floor":21,"gold_loss":0}],"is_beta":false,"boss_relics":[{"not_picked":["Pandora\u0027s Box","Runic Dome"],"picked":"Black Star"}],"items_purged_floors":[19],"is_endless":false,"potions_floor_spawned":[5,7,11,16,18,23],"killed_by":"Slavers","ascension_level":0}}