{"host":"tmgdm9kau0qip004","time":1610872299,"event":{"mods":["BaseMod","Downfall","Marisa£®ÏF”Í°°ƒß¿Ì…≥£©","Minty Spire (QoL Compilation)","READ ME - Guardian Mod","Remilia£®¿Ÿ√◊¿Ú—«£©","StSLib","The Necromancer","The Senshi","vexMod"],"gold_per_floor":[99,99,99,9,26,88,88,88,98,116,16,37,37,63,73,189,189,189,212,212,263,323,323,323,323,323,223,223,274,268,300,308,308],"floor_reached":32,"language":"ZHS","playtime":1306,"items_purged":["Strike_MRS","Strike_MRS","Defend_MRS"],"score":257,"play_id":"94e2d2b8-3666-4f32-9d75-4afe3070efab","local_time":"20210117163139","is_ascension_mode":false,"campfire_choices":[{"data":"MasterSpark","floor":1,"key":"SMITH"},{"data":"MillisecondPulsars","floor":11,"key":"SMITH"},{"floor":13,"key":"REST"},{"data":"Robbery","floor":18,"key":"SMITH"},{"floor":23,"key":"REST"},{"data":"PowerUp","floor":26,"key":"SMITH"},{"floor":28,"key":"RECALL"}],"circlet_count":0,"master_deck":["Strike_MRS","Strike_MRS","Defend_MRS","Defend_MRS","Defend_MRS","MasterSpark+1","UpSweep","PowerUp+1","LuminesStrike","GrandCross","Robbery+1","MillisecondPulsars+1","OortCloud","WitchOfGreed","Acceleration","StarBarrage+1","EnergyFlow"],"relics":["MiniHakkero","downfall:HeartBlessingBlue","ExperimentalFamiliar","Strawberry","Anchor"],"acts_visited":["Exordium","TheCity"],"potions_floor_usage":[14,16,16,16,22,22,31,31],"damage_taken":[{"damage":5,"enemies":"downfall:FleeingMerchant","floor":4,"turns":4},{"damage":0,"enemies":"2 Louse","floor":5,"turns":3},{"damage":8,"enemies":"Gremlin Nob","floor":6,"turns":3},{"damage":6,"enemies":"Jaw Worm","floor":9,"turns":2},{"damage":0,"enemies":"Small Slimes","floor":10,"turns":2},{"damage":23,"enemies":"Exordium Thugs","floor":12,"turns":4},{"damage":11,"enemies":"Gremlin Gang","floor":14,"turns":4},{"damage":8,"enemies":"Blue Slaver","floor":15,"turns":3},{"damage":16,"enemies":"IC_STATUS_ARCHETYPE","floor":16,"turns":6},{"damage":34,"enemies":"3 Byrds","floor":19,"turns":4},{"damage":0,"enemies":"Chosen","floor":20,"turns":1},{"damage":3,"enemies":"3 Cultists","floor":21,"turns":5},{"damage":26,"enemies":"Centurion and Healer","floor":22,"turns":4},{"damage":5,"enemies":"downfall:FleeingMerchant","floor":27,"turns":4},{"damage":37,"enemies":"Snecko","floor":29,"turns":5},{"damage":20,"enemies":"downfall:FleeingMerchant","floor":30,"turns":4},{"damage":5,"enemies":"Sentry and Sphere","floor":31,"turns":3},{"damage":11,"enemies":"Snake Plant","floor":32,"turns":2}],"seed_played":"-4723217091379688255","potions_obtained":[{"floor":5,"key":"Swift Potion"},{"floor":8,"key":"Energy Potion"},{"floor":8,"key":"BlessingOfTheForge"},{"floor":14,"key":"SpeedPotion"},{"floor":16,"key":"Regen Potion"},{"floor":21,"key":"ColorlessPotion"},{"floor":21,"key":"Swift Potion"},{"floor":22,"key":"DuplicationPotion"},{"floor":27,"key":"Ancient Potion"}],"is_trial":false,"path_per_floor":["R","?","?","$","M","?","T","?","M","M","R","M","R","M","M","B",null,"R","M","M","M","M","R","T","?","R","$","R","M","$","M","M"],"character_chosen":"MARISA","items_purchased":["Anchor","EnergyFlow"],"campfire_rested":2,"item_purchase_floors":[30,30],"current_hp_per_floor":[82,82,82,77,77,69,69,69,63,63,73,50,77,66,58,42,92,92,58,58,55,41,68,75,75,75,70,70,33,13,8,0,0],"gold":308,"neow_bonus":"TEN_PERCENT_HP_BONUS","is_daily":false,"chose_seed":false,"campfire_upgraded":4,"win_rate":0.0,"timestamp":1610872299,"path_taken":["R","?","?","?","?","?","T","?","M","M","R","M","R","?","M","BOSS","R","M","M","M","M","R","T","?","R","$","R","M","$","?","M"],"items_purchased_type":["Relic","Card"],"build_version":"2020-12-22","purchased_purges":3,"victory":false,"max_hp_per_floor":[82,82,82,82,82,82,82,82,82,82,92,92,92,92,92,92,92,92,92,92,92,92,92,99,99,99,99,99,99,99,99,99,99],"card_choices":[{"not_picked":["NonDirectionalLaser","SporeBomb"],"picked":"PowerUp","floor":4},{"not_picked":["PowerUp","DarkMatter"],"picked":"LuminesStrike","floor":5},{"not_picked":["Acceleration","GalacticHalo"],"picked":"GrandCross","floor":6},{"not_picked":["SporeBomb","Occultation"],"picked":"Robbery","floor":9},{"not_picked":["MilkyWay","NonDirectionalLaser"],"picked":"MillisecondPulsars","floor":10},{"not_picked":["MeteoricShower","PowerUp"],"picked":"OortCloud","floor":12},{"not_picked":["GrandCross","RefractionSpark","MysteriousBeam"],"picked":"SKIP","floor":14},{"not_picked":["ShootingEcho","CasketOfStar","NonDirectionalLaser"],"picked":"SKIP","floor":15},{"not_picked":["IllusionStar","EnergyRecoil"],"picked":"WitchOfGreed","floor":19},{"not_picked":["SprinkleStarSeal","ChargeUpSpray"],"picked":"Acceleration","floor":20},{"not_picked":["DC","GalacticHalo","PowerUp"],"picked":"SKIP","floor":21},{"not_picked":["PowerUp","AsteroidBelt"],"picked":"StarBarrage+1","floor":22},{"not_picked":["6A+1","MagicAbsorber","NonDirectionalLaser"],"picked":"SKIP","floor":27},{"not_picked":["GasGiant+1","DragonMeteor","SporeBomb"],"picked":"SKIP","floor":29},{"not_picked":["GravityBeat","OortCloud","JA"],"picked":"SKIP","floor":30},{"not_picked":["MilkyWay","SporeBomb","LuminesStrike"],"picked":"SKIP","floor":31}],"player_experience":117196,"relics_obtained":[{"floor":6,"key":"Question Card"},{"floor":24,"key":"Strawberry"}],"event_choices":[],"is_beta":false,"boss_relics":[{"not_picked":["vexMod:ImprovementManual","Sozu"],"picked":"ExperimentalFamiliar"}],"items_purged_floors":[4,27,30],"is_endless":false,"potions_floor_spawned":[5,10,14,15,16,21,29],"killed_by":"Snake Plant","ascension_level":0}}