{"host":"43eszqhj3e37fphl","time":1610875150,"event":{"mods":["100% Spire Juice","Act Like it!","BaseMod","Colored Map","Colored Powertips","Downfall","GungeonMod","Hallownest","Hermit","Marisa????????","Minty Spire (QoL Compilation)","READ ME - Guardian Mod","Rare Cards Sparkle","StSLib","The Animator","The Bug Knight","The Forsaken","The Jungle","The Necromancer","The Poker Player"],"gold_per_floor":[99,99,99,99,33,33,33,33,33,33,44,44,44,64,80,80,80,80],"floor_reached":16,"language":"ENG","playtime":1742,"items_purged":[],"score":98,"play_id":"d637e161-c961-4105-9ec9-30eba90a7965","local_time":"20210117101910","is_ascension_mode":false,"campfire_choices":[{"data":"Guardian:TwinSlam","floor":1.0,"key":"SMITH"},{"floor":8,"key":"REST"},{"floor":13,"key":"REST"}],"circlet_count":1,"master_deck":["Guardian:Strike_Guardian","Guardian:Strike_Guardian","Guardian:Strike_Guardian","Guardian:Strike_Guardian","Guardian:Defend_Guardian","Guardian:Defend_Guardian","Guardian:Defend_Guardian","Guardian:CurlUp","Guardian:TwinSlam+1","Guardian:Planning","Guardian:Gem_Crimson","Guardian:SentryBeam","Guardian:Gem_White","Guardian:Gem_Red","Guardian:Gem_Orange","Guardian:Gem_Purple","Guardian:Gem_Purple","animator:Defend","Guardian:TimeCapacitor","Guardian:Gem_White"],"relics":["Guardian:ModeShifter","downfall:HeartsMalice","downfall:ShatteredFragment","Circlet"],"acts_visited":["Exordium"],"potions_floor_usage":[15,16,16],"damage_taken":[{"damage":0.0,"enemies":"Small Slimes","floor":2.0,"turns":1.0},{"damage":0.0,"enemies":"2 Louse","floor":3.0,"turns":1.0},{"damage":0.0,"enemies":"Cultist","floor":4.0,"turns":1.0},{"damage":3,"enemies":"downfall:FleeingMerchant","floor":5,"turns":4},{"damage":22,"enemies":"Lagavulin","floor":9,"turns":6},{"damage":14,"enemies":"3 Louse","floor":10,"turns":3},{"damage":4,"enemies":"Blue Slaver","floor":11,"turns":3},{"damage":0,"enemies":"Large Slime","floor":14,"turns":5},{"damage":9,"enemies":"Exordium Wildlife","floor":15,"turns":4},{"damage":53,"enemies":"SI_SHIV_ARCHETYPE","floor":16,"turns":7}],"seed_played":"-2871989853721043923","potions_obtained":[{"floor":11,"key":"BlessingOfTheForge"},{"floor":14,"key":"Fire Potion"},{"floor":15,"key":"Fire Potion"}],"is_trial":false,"path_per_floor":["R","M","M","M","$","?","T","R","E","M","M","?","R","M","M","B"],"character_chosen":"GUARDIAN","items_purchased":["Guardian:Gem_Red"],"campfire_rested":2,"item_purchase_floors":[5],"current_hp_per_floor":[80,80,80,80,77,53,53,77,55,41,37,37,61,61,52,0,0,0],"gold":80,"neow_bonus":"THREE_ENEMY_KILL","is_daily":false,"chose_seed":false,"campfire_upgraded":1,"win_rate":0.0,"timestamp":1610875150,"path_taken":["R","M","M","M","$","?","T","R","E","M","M","?","R","M","M","BOSS"],"items_purchased_type":["Card"],"build_version":"2020-12-22","purchased_purges":0,"victory":false,"max_hp_per_floor":[80,80,80,80,80,80,80,80,80,80,80,80,80,80,80,80,80,80],"card_choices":[{"not_picked":["Guardian:Recover","Guardian:Gem_Cyan"],"picked":"Guardian:Planning","floor":2.0},{"not_picked":["Guardian:PiercingHide","Guardian:TemporalShield"],"picked":"Guardian:Gem_Crimson","floor":3.0},{"not_picked":["Guardian:TemporalStrike","Guardian:PrismaticBarrier"],"picked":"Guardian:SentryBeam","floor":4.0},{"not_picked":["Guardian:BronzeArmor","Guardian:Reroute"],"picked":"Guardian:Gem_White","floor":5},{"not_picked":["Guardian:BronzeArmor","Guardian:FloatingOrbs"],"picked":"Guardian:Gem_Orange","floor":9},{"not_picked":["Guardian:BronzeArmor","Guardian:BodySlam"],"picked":"Guardian:Gem_Purple","floor":10},{"not_picked":["Guardian:TemporalShield","Guardian:Planning"],"picked":"Guardian:Gem_Purple","floor":11},{"not_picked":["Guardian:Gem_Green","Guardian:WalkerClaw"],"picked":"Guardian:TimeCapacitor","floor":14},{"not_picked":["Guardian:Planning","Guardian:VentSteam"],"picked":"Guardian:Gem_White","floor":15}],"player_experience":26272,"relics_obtained":[{"floor":7,"key":"Circlet"}],"event_choices":[{"cards_removed":["Guardian:Defend_Guardian"],"damage_healed":0,"gold_gain":0,"player_choice":"Took Card","damage_taken":0,"max_hp_gain":0,"max_hp_loss":0,"event_name":"NoteForYourself","floor":12,"gold_loss":0,"cards_obtained":["animator:Defend"]}],"is_beta":false,"boss_relics":[],"items_purged_floors":[],"is_endless":false,"potions_floor_spawned":[9,10,11,14,15],"killed_by":"SI_SHIV_ARCHETYPE","ascension_level":0}}