{"host":"z9811rt50ti81n54","time":1610898969,"event":{"mods":["BaseMod","Better Match","Better Skull","Better Third Choice","Minty Spire (QoL Compilation)","Permanent Neow","StSLib","SuperFastMode"],"gold_per_floor":[118,118,43,43,43,43,72,82,82,94,108,128,128,28,28,126,126,143,143,143,143,58,58,77,77,77,96,111,111,127,143,143,238,238,251,251,126,142,74,74,86,102,102,102,102,152,152,152,152,152],"floor_reached":51,"language":"ENG","playtime":1588,"items_purged":["Strike_B","Zap","Defend_B"],"score":645,"play_id":"b7aa5a45-8b9b-4ebc-83ec-0627b471916f","local_time":"20210118005609","is_ascension_mode":false,"campfire_choices":[{"data":"Fission","floor":6.0,"key":"SMITH"},{"data":"Reprogram","floor":13.0,"key":"SMITH"},{"data":"Recycle","floor":15.0,"key":"SMITH"},{"data":"Reprogram","floor":23.0,"key":"SMITH"},{"data":"Fusion","floor":25.0,"key":"SMITH"},{"data":"Hologram","floor":29.0,"key":"SMITH"},{"data":"Machine Learning","floor":32.0,"key":"SMITH"},{"data":"Buffer","floor":40.0,"key":"SMITH"},{"data":"Conserve Battery","floor":44.0,"key":"SMITH"},{"data":"Secret Weapon","floor":49,"key":"SMITH"}],"circlet_count":0,"master_deck":["Defend_B+1","Defend_B","Fission+1","Hyperbeam+1","Hologram+1","Recycle+1","Steam Power","Reprogram+1","Fusion+1","BootSequence","Machine Learning+1","Reprogram+1","Conserve Battery+1","Compile Driver","Gash","Rainbow","Buffer+1","Rip and Tear","Skim","Madness","Madness","Secret Weapon+1","Good Instincts","Dramatic Entrance"],"relics":["Cracked Core","HornCleat","Mummified Hand","Sozu","Orichalcum","Toy Ornithopter","Nunchaku","Nuclear Battery","Bottled Tornado","Torii"],"acts_visited":["Exordium","TheCity","TheBeyond"],"potions_floor_usage":[],"damage_taken":[{"damage":0.0,"enemies":"2 Louse","floor":1.0,"turns":1.0},{"damage":1.0,"enemies":"3 Sentries","floor":7.0,"turns":3.0},{"damage":1.0,"enemies":"Jaw Worm","floor":8.0,"turns":2.0},{"damage":0.0,"enemies":"Cultist","floor":10.0,"turns":1.0},{"damage":0.0,"enemies":"Blue Slaver","floor":11.0,"turns":3.0},{"damage":0.0,"enemies":"Looter","floor":12.0,"turns":3.0},{"damage":11.0,"enemies":"The Guardian","floor":16.0,"turns":10.0},{"damage":0.0,"enemies":"Chosen","floor":18.0,"turns":5.0},{"damage":0.0,"enemies":"Shell Parasite","floor":24.0,"turns":5.0},{"damage":2.0,"enemies":"Sentry and Sphere","floor":27.0,"turns":5.0},{"damage":9.0,"enemies":"Chosen and Byrds","floor":28.0,"turns":7.0},{"damage":4.0,"enemies":"Snecko","floor":30.0,"turns":4.0},{"damage":0.0,"enemies":"Snake Plant","floor":31.0,"turns":3.0},{"damage":12.0,"enemies":"Collector","floor":33.0,"turns":10.0},{"damage":0.0,"enemies":"3 Darklings","floor":35.0,"turns":4.0},{"damage":0.0,"enemies":"Orb Walker","floor":38.0,"turns":2.0},{"damage":0.0,"enemies":"Spire Growth","floor":41.0,"turns":4.0},{"damage":2.0,"enemies":"Writhing Mass","floor":42.0,"turns":5.0},{"damage":0.0,"enemies":"Mind Bloom Boss Battle","floor":46.0,"turns":5.0},{"damage":52,"enemies":"Awakened One","floor":50,"turns":12}],"seed_played":"-4093260421154357296","potions_obtained":[{"floor":5.0,"key":"Fire Potion"},{"floor":5.0,"key":"Swift Potion"},{"floor":5.0,"key":"FairyPotion"},{"floor":12.0,"key":"EssenceOfSteel"}],"is_trial":false,"path_per_floor":["M","?","$","?","?","R","E","M","T","M","M","M","R","$","R","B",null,"M","?","?","?","?","R","M","R","T","M","M","R","M","M","R","B",null,"M","?","$","M","$","R","M","M","T","R","?","?","?","?","R","B",null],"character_chosen":"DEFECT","items_purchased":["Rip and Tear"],"campfire_rested":0,"item_purchase_floors":[39],"current_hp_per_floor":[54,54,54,39,39,39,38,37,37,37,37,37,37,37,37,26,75,75,75,75,75,75,75,75,75,75,73,67,67,63,63,63,51,75,75,75,75,75,75,75,75,73,73,73,73,73,64,54,54,2],"gold":152,"neow_bonus":"TRANSFORM_TWO_CARDS","is_daily":false,"chose_seed":false,"campfire_upgraded":10,"win_rate":0.0,"timestamp":1610898969,"path_taken":["M","?","$","?","?","R","E","M","T","M","?","M","R","$","R","BOSS","M","?","?","?","?","R","M","R","T","M","M","R","?","M","R","BOSS","M","?","$","M","$","R","M","M","T","R","?","?","?","?","R","BOSS"],"items_purchased_type":["Card"],"build_version":"2020-12-22","purchased_purges":3,"victory":true,"max_hp_per_floor":[75,75,75,75,75,75,75,75,75,75,75,75,75,75,75,75,75,75,75,75,75,75,75,75,75,75,75,75,75,75,75,75,75,75,75,75,75,75,75,75,75,75,75,75,75,75,75,75,75,75],"card_choices":[{"not_picked":["Stack","Turbo"],"picked":"Hologram","floor":1.0},{"not_picked":["Streamline","Turbo"],"picked":"Recycle","floor":7.0},{"not_picked":["Steam","Compile Driver"],"picked":"Steam Power","floor":8.0},{"not_picked":["Stack","BootSequence"],"picked":"Reprogram","floor":10.0},{"not_picked":["Capacitor","Darkness"],"picked":"Fusion","floor":11.0},{"not_picked":["Stack","Consume"],"picked":"BootSequence","floor":12.0},{"not_picked":["Amplify","Seek"],"picked":"Machine Learning","floor":16.0},{"not_picked":["Turbo","Sunder+1"],"picked":"Reprogram","floor":18.0},{"not_picked":["Barrage+1","Ball Lightning","Reprogram"],"picked":"SKIP","floor":24.0},{"not_picked":["Storm","Hologram","Turbo+1"],"picked":"SKIP","floor":27.0},{"not_picked":["Ball Lightning+1","Leap+1","Cold Snap"],"picked":"SKIP","floor":28.0},{"not_picked":["Gash","Hologram","Compile Driver"],"picked":"SKIP","floor":30.0},{"not_picked":["Hologram","Compile Driver"],"picked":"Gash","floor":30.0},{"not_picked":["Beam Cell+1","Ball Lightning"],"picked":"Rainbow","floor":31.0},{"not_picked":["Meteor Strike","Machine Learning"],"picked":"Buffer","floor":33.0},{"not_picked":["Cold Snap+1","Darkness","Conserve Battery+1"],"picked":"SKIP","floor":35.0},{"not_picked":["FTL","Heatsinks","Aggregate+1"],"picked":"SKIP","floor":38.0},{"not_picked":["Rebound+1","Rip and Tear","Cold Snap"],"picked":"SKIP","floor":41.0},{"not_picked":["Storm+1","Capacitor","Glacier+1"],"picked":"SKIP","floor":42.0},{"not_picked":["Steam","BootSequence"],"picked":"Skim","floor":46.0},{"not_picked":["Dramatic Entrance","Purity"],"picked":"Secret Weapon","floor":48},{"not_picked":["Mayhem","Discovery"],"picked":"Good Instincts","floor":48},{"not_picked":["Mayhem","Jack Of All Trades"],"picked":"Dramatic Entrance","floor":48}],"player_experience":391650,"relics_obtained":[{"floor":7.0,"key":"HornCleat"},{"floor":9.0,"key":"Mummified Hand"},{"floor":26.0,"key":"Nunchaku"},{"floor":43.0,"key":"Bottled Tornado"},{"floor":46.0,"key":"Torii"}],"event_choices":[{"damage_healed":0.0,"max_hp_gain":0.0,"max_hp_loss":0.0,"gold_gain":0.0,"event_name":"Living Wall","player_choice":"Grow","floor":2.0,"gold_loss":0.0,"damage_taken":0.0,"cards_upgraded":["Hyperbeam"]},{"damage_healed":0.0,"max_hp_gain":0.0,"max_hp_loss":0.0,"gold_gain":0.0,"event_name":"Shining Light","player_choice":"Entered Light","floor":4.0,"gold_loss":0.0,"damage_taken":15.0,"cards_upgraded":["Defend_B","Dualcast"]},{"damage_healed":0.0,"max_hp_gain":0.0,"max_hp_loss":0.0,"gold_gain":0.0,"event_name":"Lab","player_choice":"Got Potions","floor":5.0,"gold_loss":0.0,"damage_taken":0.0},{"damage_healed":0.0,"max_hp_gain":0.0,"max_hp_loss":0.0,"gold_gain":0.0,"event_name":"The Mausoleum","player_choice":"Opened","floor":19.0,"gold_loss":0.0,"damage_taken":0.0,"relics_obtained":["Orichalcum"]},{"damage_healed":0.0,"max_hp_gain":0.0,"max_hp_loss":0.0,"gold_gain":0.0,"event_name":"Vampires","player_choice":"Ignored","floor":20.0,"gold_loss":0.0,"damage_taken":0.0},{"damage_healed":0.0,"max_hp_gain":0.0,"max_hp_loss":0.0,"gold_gain":0.0,"cards_transformed":["Strike_B","Dualcast"],"event_name":"Drug Dealer","player_choice":"Became Test Subject","floor":21.0,"gold_loss":0.0,"damage_taken":0.0,"cards_obtained":["Conserve Battery","Compile Driver"]},{"damage_healed":0.0,"max_hp_gain":0.0,"max_hp_loss":0.0,"gold_gain":0.0,"event_name":"Addict","player_choice":"Obtained Relic","floor":22.0,"gold_loss":85.0,"damage_taken":0.0,"relics_obtained":["Toy Ornithopter"]},{"cards_removed":["Defend_B"],"damage_healed":0.0,"max_hp_gain":0.0,"max_hp_loss":0.0,"gold_gain":0.0,"event_name":"Falling","player_choice":"Removed Skill","floor":36.0,"gold_loss":0.0,"damage_taken":0.0},{"damage_healed":0.0,"max_hp_gain":0.0,"max_hp_loss":0.0,"gold_gain":0.0,"event_name":"Mysterious Sphere","player_choice":"Ignored","floor":45.0,"gold_loss":0.0,"damage_taken":0.0},{"damage_healed":0.0,"max_hp_gain":0.0,"max_hp_loss":0.0,"gold_gain":0.0,"event_name":"MindBloom","player_choice":"Fight","floor":46.0,"gold_loss":0.0,"damage_taken":0.0},{"damage_healed":0.0,"max_hp_gain":0.0,"max_hp_loss":0.0,"gold_gain":0.0,"event_name":"Winding Halls","player_choice":"Embrace Madness","floor":47.0,"gold_loss":0.0,"damage_taken":9.0,"cards_obtained":["Madness","Madness"]},{"damage_healed":0,"gold_gain":0,"player_choice":"Memory 3","damage_taken":10,"max_hp_gain":0,"max_hp_loss":0,"event_name":"SensoryStone","floor":48,"gold_loss":0}],"is_beta":false,"boss_relics":[{"not_picked":["Black Star","SacredBark"],"picked":"Sozu"},{"not_picked":["Calling Bell","SlaversCollar"],"picked":"Nuclear Battery"}],"items_purged_floors":[3,14,37],"is_endless":false,"potions_floor_spawned":[10,12,16,18,24,27,35,42,46],"ascension_level":0}}