{"host":"ux1e5jwgl66eze79","time":1610924539,"event":{"mods":["2.2 Compatiblity","Act Like it!","Aspiration","BaseMod","Conspire","Downfall","Duelist Mod","GifTheSpireLib","Hermit","Hubris","Minty Spire (QoL Compilation)","StSLib","The Cursed","Wandering Minibosses"],"gold_per_floor":[115,131,148,161,196,229,229,256,256,221,396,23,23,42,42,42,42],"floor_reached":16,"language":"ENG","playtime":949,"items_purged":["hermit:Strike_Hermit"],"score":112,"play_id":"910e652c-ae82-4273-b4e4-f566b2bb943b","local_time":"20210118000219","is_ascension_mode":false,"campfire_choices":[{"floor":7,"key":"REST"},{"floor":15,"key":"REST"}],"circlet_count":0,"master_deck":["hermit:Strike_Hermit","hermit:Strike_Hermit","hermit:Defend_Hermit","hermit:Defend_Hermit","hermit:Defend_Hermit","hermit:Defend_Hermit","hermit:Snapshot","hermit:Covet","hermit:EyeOfTheStorm","hermit:ItchyTrigger","hermit:Headshot","hermit:TrackingShot","hermit:BigShot","hermit:Dive","Doubt"],"relics":["hermit:Momento","NeowsBlessing","hermit:CharredGlove","Mercury Hourglass","Question Card","hubris:CuriousFeather"],"acts_visited":["Exordium"],"potions_floor_usage":[5,8,8],"damage_taken":[{"damage":0,"enemies":"Cultist","floor":1,"turns":1},{"damage":0,"enemies":"Jaw Worm","floor":2,"turns":1},{"damage":0,"enemies":"conspire:RoseBush","floor":3,"turns":1},{"damage":14,"enemies":"2 Fungi Beasts","floor":4,"turns":4},{"damage":11,"enemies":"Red Slaver","floor":5,"turns":3},{"damage":27,"enemies":"Gremlin Nob","floor":6,"turns":4},{"damage":31,"enemies":"3 Sentries","floor":8,"turns":5},{"damage":0,"enemies":"3 Louse","floor":14,"turns":2},{"damage":58,"enemies":"The Guardian","floor":16,"turns":9}],"seed_played":"-667686495225445273","potions_obtained":[{"floor":1,"key":"PowerPotion"},{"floor":3,"key":"Swift Potion"},{"floor":6,"key":"champ:CounterPotion"}],"is_trial":false,"path_per_floor":["M","M","M","M","M","E","R","E","T","?","?","$","?","M","R","B"],"character_chosen":"HERMIT","items_purchased":["hubris:CuriousFeather"],"campfire_rested":2,"item_purchase_floors":[12],"current_hp_per_floor":[75,75,75,61,50,23,45,14,14,32,32,32,32,32,54,0,0],"gold":42,"neow_bonus":"THREE_ENEMY_KILL","is_daily":false,"chose_seed":false,"campfire_upgraded":0,"win_rate":0.0,"timestamp":1610924539,"path_taken":["M","M","?","M","?","E","R","E","T","?","?","$","?","M","R","BOSS"],"items_purchased_type":["Relic"],"build_version":"2020-12-22","purchased_purges":1,"victory":false,"max_hp_per_floor":[75,75,75,75,75,75,75,75,75,75,75,75,75,75,75,75,75],"card_choices":[{"not_picked":["hermit:FullyLoaded","hermit:Headshot"],"picked":"hermit:EyeOfTheStorm","floor":1},{"not_picked":["hermit:Brawl","hermit:SprayPray"],"picked":"hermit:ItchyTrigger","floor":2},{"not_picked":["hermit:Misfire","hermit:Maintenance","hermit:HoleUp"],"picked":"SKIP","floor":3},{"not_picked":["hermit:GoldenBullet","hermit:LoneWolf"],"picked":"hermit:Headshot","floor":4},{"not_picked":["hermit:Quickdraw","hermit:FinalCanter"],"picked":"hermit:TrackingShot","floor":5},{"not_picked":["hermit:LowProfile","hermit:FlashPowder"],"picked":"hermit:BigShot","floor":6},{"not_picked":["hermit:Coalescence","hermit:Misfire"],"picked":"hermit:Dive","floor":8},{"not_picked":["hermit:Misfire","hermit:Desperado","hermit:HoleUp","hermit:GoldenBullet"],"picked":"SKIP","floor":14}],"player_experience":123686,"relics_obtained":[{"floor":6,"key":"hermit:CharredGlove"},{"floor":8,"key":"Mercury Hourglass"},{"floor":9,"key":"Question Card"}],"event_choices":[{"damage_healed":18,"gold_gain":0,"player_choice":"Healed","damage_taken":0,"max_hp_gain":0,"max_hp_loss":0,"event_name":"The Cleric","floor":10,"gold_loss":35},{"damage_healed":0,"gold_gain":175,"player_choice":"AGREE","damage_taken":0,"max_hp_gain":0,"max_hp_loss":0,"event_name":"Liars Game","floor":11,"gold_loss":0,"cards_obtained":["Doubt"]},{"cards_removed":["hermit:Strike_Hermit"],"damage_healed":0,"gold_gain":0,"player_choice":"Offered Basic","damage_taken":0,"max_hp_gain":0,"max_hp_loss":0,"event_name":"Bonfire Elementals","floor":13,"gold_loss":0}],"is_beta":false,"boss_relics":[],"items_purged_floors":[12],"is_endless":false,"potions_floor_spawned":[1,3,6],"killed_by":"The Guardian","ascension_level":0}}