{"host":"farxtl2u8hmkbdo2","time":1610875931,"event":{"mods":["A Magickal Journey","BaseMod","Challenge The Spire","Colored Map","Colored Powertips","Current Relic Mod","Energized Spire","Gremlin Mod","Hubris","Mimic Mod","Minty Spire (QoL Compilation)","Quick Restart","READ ME - Guardian Mod","READ ME - Snecko Mod","StSLib","The Bladedancer","The Bug Knight","The Disciple","The Elementalist","The Factory","The Necromancer","The Runesmith"],"gold_per_floor":[11,11,11,111,124,124,163,177,177,177,191,229,229,179,179,299,299,324,324,324,342,358,358,358,358,358,30,70,16,16,74,74,222,222,235,301,0,0,24,89,89,102,127,167,192,212,253,253,253,253],"floor_reached":51,"language":"SPA","playtime":2793,"items_purged":[],"score":756,"play_id":"3030c122-744f-4893-9443-68cf2393910c","local_time":"20210117063211","is_ascension_mode":false,"campfire_choices":[{"data":"HollowMod:FocusHealStart","floor":6,"key":"SMITH"},{"data":"HollowMod:SiblingsSouls","floor":10,"key":"SMITH"},{"data":"HollowMod:PerfectDash","floor":13,"key":"SMITH"},{"data":"HollowMod:Weaversong","floor":15,"key":"SMITH"},{"data":"HollowMod:VoidDash","floor":23,"key":"SMITH"},{"data":"HollowMod:VoidDash","floor":32,"key":"SMITH"},{"data":"HollowMod:SlysStrikes","floor":41,"key":"SMITH"},{"floor":49,"key":"REST"}],"circlet_count":0,"master_deck":["HollowMod:NailStrikeStart+1","HollowMod:NailStrikeStart","HollowMod:NailStrikeStart","HollowMod:NailStrikeStart","HollowMod:QuickDashStart","HollowMod:QuickDashStart+1","HollowMod:FocusHealStart+1","HollowMod:PogoStrike+1","Violence","HollowMod:HeavyBlow","HollowMod:SiblingsSouls+1","HollowMod:Weaversong+1","HollowMod:CloakDash","HollowMod:PerfectDash+1","HollowMod:DescendingDark","HollowMod:VoidDash+1","HollowMod:MantisMark+1","HollowMod:WraithStrike","HollowMod:DashSlash+1","Necronomicurse","HandOfGreed","HollowMod:VoidDash+1","HollowMod:NewJinnsSoul","HollowMod:Weaversong","HollowMod:CloakDash+1","HollowMod:SlysStrikes+1","HollowMod:BlackTendrils+1","HollowMod:ShadowDash","HollowMod:NewJinnsSoul","HollowMod:SiblingsShadow+1","Madness","Madness"],"relics":["HollowMod:VesselMask","Golden Idol","StoneCalendar","hubris:Metronome","Lizard Tail","energizedSpire:NeverEndingSparkler","hubris:Towel","Necronomicon","War Paint","Lee\u0027s Waffle","Bag of Marbles","hubris:ScarierMask","Mango","Red Mask","Whetstone","Dead Branch","PreservedInsect","HollowMod:LumaflyLanternRelic"],"acts_visited":["Exordium","TheCity","TheBeyond"],"potions_floor_usage":[33,44,46,50,50,50,50,50],"damage_taken":[{"damage":1,"enemies":"Jaw Worm","floor":1,"turns":3},{"damage":2,"enemies":"2 Louse","floor":5,"turns":2},{"damage":20,"enemies":"3 Sentries","floor":7,"turns":10},{"damage":1,"enemies":"Cultist","floor":8,"turns":4},{"damage":16,"enemies":"Exordium Wildlife","floor":11,"turns":6},{"damage":16,"enemies":"Lagavulin","floor":12,"turns":7},{"damage":45,"enemies":"The Guardian","floor":16,"turns":7},{"damage":11,"enemies":"Chosen","floor":18,"turns":2},{"damage":0,"enemies":"Spheric Guardian","floor":21,"turns":3},{"damage":18,"enemies":"Snake Plant","floor":22,"turns":4},{"damage":6,"enemies":"Book of Stabbing","floor":28,"turns":4},{"damage":0,"enemies":"Shelled Parasite and Fungi","floor":31,"turns":4},{"damage":61,"enemies":"Champ","floor":33,"turns":9},{"damage":0,"enemies":"3 Shapes","floor":35,"turns":2},{"damage":9,"enemies":"2 Orb Walkers","floor":36,"turns":3},{"damage":0,"enemies":"3 Darklings","floor":39,"turns":2},{"damage":17,"enemies":"4 Shapes","floor":40,"turns":7},{"damage":10,"enemies":"Writhing Mass","floor":42,"turns":3},{"damage":44,"enemies":"Giant Head","floor":44,"turns":7},{"damage":31,"enemies":"Transient","floor":46,"turns":5},{"damage":15,"enemies":"Nemesis","floor":47,"turns":3},{"damage":142,"enemies":"Time Eater","floor":50,"turns":10}],"seed_played":"293072579303408134","potions_obtained":[{"floor":1,"key":"SteroidPotion"},{"floor":8,"key":"FairyPotion"},{"floor":16,"key":"EssenceOfSteel"},{"floor":31,"key":"PowerPotion"},{"floor":33,"key":"Dexterity Potion"},{"floor":35,"key":"Regen Potion"},{"floor":44,"key":"Energy Potion"},{"floor":46,"key":"EntropicBrew"}],"is_trial":false,"path_per_floor":["M","?","?","?","M","R","E","M","T","R","M","E","R","?","R","B",null,"M","?","?","M","M","R","?","?","T","$","E","$","?","M","R","B",null,"M","?","?","?","M","M","R","M","T","E","T","M","E","?","R","B",null],"character_chosen":"THE_BUGKNIGHT","items_purchased":["HandOfGreed","Lee\u0027s Waffle","HollowMod:NewJinnsSoul"],"campfire_rested":1,"item_purchase_floors":[27,27,29],"current_hp_per_floor":[74,69,69,69,67,67,57,62,62,62,64,65,65,65,65,20,69,58,58,58,58,40,40,57,41,41,76,70,70,70,70,70,19,76,76,81,81,81,81,80,80,70,70,39,39,41,35,24,51,11],"gold":253,"neow_bonus":"RANDOM_COLORLESS_2","is_daily":false,"chose_seed":false,"campfire_upgraded":7,"win_rate":0.0,"timestamp":1610875931,"path_taken":["M","?","?","?","?","R","E","M","T","R","M","E","R","?","R","BOSS","M","?","?","?","M","R","?","?","T","$","E","$","?","M","R","BOSS","M","?","?","?","M","M","R","M","T","E","?","?","E","?","R","BOSS"],"items_purchased_type":["Card","Relic","Card"],"build_version":"2020-12-22","purchased_purges":0,"victory":true,"max_hp_per_floor":[75,69,69,69,69,69,69,69,69,69,69,69,69,69,69,69,69,69,69,69,69,69,69,69,69,69,76,76,76,76,76,76,76,76,76,90,90,90,90,90,90,90,90,90,90,90,90,90,90,90],"card_choices":[{"not_picked":["Metamorphosis","Chrysalis"],"picked":"Violence","floor":0},{"not_picked":["HollowMod:SoulStrike","HollowMod:LifebloodCocoon"],"picked":"HollowMod:HeavyBlow","floor":1},{"not_picked":["HollowMod:DoubleDash","HollowMod:SoulStrike"],"picked":"HollowMod:SiblingsSouls","floor":5},{"not_picked":["HollowMod:AbyssShriek","HollowMod:RecoilStrike"],"picked":"HollowMod:Weaversong","floor":7},{"not_picked":["HollowMod:HowlingWraiths","HollowMod:HuntersJournal"],"picked":"HollowMod:CloakDash","floor":8},{"not_picked":["HollowMod:PureNailStrike","HollowMod:CycloneSlash"],"picked":"HollowMod:PerfectDash","floor":11},{"not_picked":["HollowMod:SoulStrike","HollowMod:DreamGate"],"picked":"HollowMod:DescendingDark","floor":12},{"not_picked":["HollowMod:AwokenDreamNail","HollowMod:NewInfectedGuardian"],"picked":"HollowMod:VoidDash","floor":16},{"not_picked":["HollowMod:GoodIntentions","HollowMod:DreamGate+1"],"picked":"HollowMod:MantisMark+1","floor":18},{"not_picked":["HollowMod:HuntersJournal","HollowMod:CornifersMapStart"],"picked":"HollowMod:WraithStrike","floor":21},{"not_picked":["HollowMod:VengefulVoid","HollowMod:NewLittleFool"],"picked":"HollowMod:DashSlash+1","floor":22},{"not_picked":["HollowMod:SiblingsSouls","HollowMod:SharpenedNail"],"picked":"HollowMod:VoidDash","floor":28},{"not_picked":["HollowMod:ChannelNail+1","HollowMod:SharpenedNail","HollowMod:GoodIntentions"],"picked":"SKIP","floor":31},{"not_picked":["HollowMod:SoulMaster","HollowMod:MidwifesHunger"],"picked":"HollowMod:Weaversong","floor":33},{"not_picked":["HollowMod:ChannelNail+1","HollowMod:DesolateDive+1"],"picked":"HollowMod:CloakDash+1","floor":35},{"not_picked":["HollowMod:SoulStrike+1","HollowMod:MantisMark"],"picked":"HollowMod:SlysStrikes","floor":39},{"not_picked":["HollowMod:DescendingDark+1","HollowMod:HowlingWraiths"],"picked":"HollowMod:BlackTendrils+1","floor":40},{"not_picked":["HollowMod:PureNailStrike+1","HollowMod:CrystalDash+1"],"picked":"HollowMod:ShadowDash","floor":42},{"not_picked":["HollowMod:CycloneSlash","HollowMod:MawleksShell+1"],"picked":"HollowMod:NewJinnsSoul","floor":44},{"not_picked":["HollowMod:InfectionAssault+1","HollowMod:NewJinnsSoul+1","HollowMod:CornifersMapStart+1"],"picked":"SKIP","floor":46},{"not_picked":["HollowMod:CornifersMapStart+1","HollowMod:InfectedAttack","HollowMod:SiblingsShadow+1"],"picked":"SKIP","floor":47},{"not_picked":["HollowMod:CornifersMapStart+1","HollowMod:InfectedAttack"],"picked":"HollowMod:SiblingsShadow+1","floor":47}],"player_experience":1853771,"relics_obtained":[{"floor":7,"key":"StoneCalendar"},{"floor":9,"key":"hubris:Metronome"},{"floor":12,"key":"Lizard Tail"},{"floor":25,"key":"Necronomicon"},{"floor":26,"key":"War Paint"},{"floor":28,"key":"Bag of Marbles"},{"floor":36,"key":"Mango"},{"floor":43,"key":"Whetstone"},{"floor":44,"key":"Dead Branch"},{"floor":45,"key":"PreservedInsect"},{"floor":47,"key":"HollowMod:LumaflyLanternRelic"}],"event_choices":[{"damage_healed":0,"gold_gain":0,"player_choice":"Lose Max HP","damage_taken":0,"relics_obtained":["Golden Idol"],"max_hp_gain":0,"max_hp_loss":6,"event_name":"Golden Idol","floor":2,"gold_loss":0},{"damage_healed":0,"gold_gain":0,"player_choice":"Ignored","damage_taken":0,"max_hp_gain":0,"max_hp_loss":0,"event_name":"Liars Game","floor":3,"gold_loss":0},{"damage_healed":0,"gold_gain":100,"player_choice":"Pray","damage_taken":0,"max_hp_gain":0,"max_hp_loss":0,"event_name":"Golden Shrine","floor":4,"gold_loss":0},{"cards_removed":["HollowMod:QuickDashStart"],"damage_healed":0,"gold_gain":0,"player_choice":"Card Removal","damage_taken":0,"max_hp_gain":0,"max_hp_loss":0,"event_name":"The Cleric","floor":14,"gold_loss":50},{"damage_healed":0,"gold_gain":0,"player_choice":"Got Potions","damage_taken":0,"max_hp_gain":0,"max_hp_loss":0,"event_name":"Lab","floor":20,"gold_loss":0},{"damage_healed":0,"gold_gain":0,"player_choice":"Obtained Book","damage_taken":16,"max_hp_gain":0,"max_hp_loss":0,"event_name":"Cursed Tome","floor":25,"gold_loss":0},{"damage_healed":0,"gold_gain":0,"player_choice":"Fight","damage_taken":0,"max_hp_gain":0,"max_hp_loss":0,"event_name":"Mysterious Sphere","floor":36,"gold_loss":0},{"damage_healed":0,"gold_gain":0,"player_choice":"Paid","damage_taken":0,"relics_obtained":["Red Mask"],"max_hp_gain":0,"max_hp_loss":0,"event_name":"Tomb of Lord Red Mask","floor":37,"gold_loss":301},{"cards_removed":["HollowMod:QuickDashStart"],"damage_healed":0,"gold_gain":0,"player_choice":"Removed Skill","damage_taken":0,"max_hp_gain":0,"max_hp_loss":0,"event_name":"Falling","floor":38,"gold_loss":0},{"damage_healed":0,"gold_gain":0,"player_choice":"Embrace Madness","damage_taken":11,"max_hp_gain":0,"max_hp_loss":0,"event_name":"Winding Halls","floor":48,"gold_loss":0,"cards_obtained":["Madness","Madness"]}],"is_beta":false,"boss_relics":[{"not_picked":["energizedSpire:OgreHead","energizedSpire:RedRose"],"picked":"energizedSpire:NeverEndingSparkler"},{"not_picked":["hubris:GrandSneckoEye","hubris:CrackedHourglass"],"picked":"hubris:ScarierMask"}],"items_purged_floors":[],"is_endless":false,"potions_floor_spawned":[1,8,16,22,31,33,35,44,46],"ascension_level":0}}