{"host":"dd2mx3pm3ovi0t1n","time":1610862307,"event":{"mods":["2.2 Compatiblity","AchievementEnabler","Aspiration","BaseMod","Beaked The Cultist","Better Altar","Better Match","Better Note","Better Sensory Stone","Better Skull","Better Third Choice","BetterRewards","Colored Map","Colored Powertips","Conspire","Defuse TimeMaze Blight","Downfall","Energized Spire","Friendly Minions","GifTheSpireLib","Gold Saver","Halation","Hermit","Highlight Path","Hubris","Infinite Spire","Jedi Mod","Marked Mod","Minty Spire (QoL Compilation)","Permanent Neow","Poor People Problems","Quick Restart","Shop Mod","Spicy Shops","Spikes Relics","StSLib","Stuff the Spire","TestMod","The Construct","Uncapped","Wandering Minibosses","vexMod","????"],"gold_per_floor":[337,396,413,428,428,458,458,558,569,569,581,593,593,36,55,157,157,157,173,188,188],"floor_reached":20,"language":"ENG","playtime":1085,"items_purged":[],"score":176,"play_id":"abb1ccb7-4e71-482e-b492-39334d70efbc","local_time":"20210116214507","is_ascension_mode":false,"campfire_choices":[{"data":"bronze:Goto","floor":1.0,"key":"SMITH"},{"data":"bronze:Strike","floor":10.0,"key":"SMITH"},{"floor":13.0,"key":"REST"},{"data":"bronze:AlphaBuild","floor":18,"key":"SMITH"}],"circlet_count":0,"master_deck":["bronze:Strike+1","bronze:Strike+1","bronze:Strike+1","bronze:Strike","bronze:Defend","bronze:Defend","bronze:Defend","bronze:Defend","bronze:Replicate","bronze:Goto+1","bronze:GetLatest","bronze:Iterate","bronze:DelayedSlice","bronze:FineTuning","bronze:Assembly","bronze:FineTuning","Dramatic Entrance","bronze:DelayedGuard","bronze:AlphaBuild+1","bronze:DelayedSlice","bronze:BitShift"],"relics":["bronze:BronzeCore","testmod-TestBox","testmod-BatchProcessingSystem","StuffTheSpire:NeowsTribute","Whetstone","halation:PinkSoulGem","Omamori","infinitespire:Lucky Rock","MerchantsRug","hubris:TenFootPole","vexMod:GhostlyGear","aspiration:SecretTechniqueScroll"],"acts_visited":["Exordium","TheCity"],"potions_floor_usage":[16],"damage_taken":[{"damage":32.0,"enemies":"Gremlin Nob","floor":2.0,"turns":4.0},{"damage":1.0,"enemies":"Jaw Worm","floor":3.0,"turns":3.0},{"damage":0.0,"enemies":"Small Slimes","floor":4.0,"turns":2.0},{"damage":6.0,"enemies":"Lagavulin","floor":6.0,"turns":4.0},{"damage":0.0,"enemies":"Cultist","floor":9.0,"turns":2.0},{"damage":0.0,"enemies":"Lots of Slimes","floor":11.0,"turns":1.0},{"damage":0.0,"enemies":"Blue Slaver","floor":12.0,"turns":1.0},{"damage":0.0,"enemies":"downfall:FleeingMerchant","floor":14.0,"turns":4.0},{"damage":0.0,"enemies":"Exordium Wildlife","floor":15.0,"turns":2.0},{"damage":34,"enemies":"DF_ARCHETYPE_STREAMLINE","floor":16,"turns":6},{"damage":20,"enemies":"3 Byrds","floor":19,"turns":5},{"damage":6,"enemies":"conspire:FuzzyDice","floor":20,"turns":7}],"seed_played":"2022882778399378008","potions_obtained":[{"floor":2.0,"key":"Fire Potion"},{"floor":4.0,"key":"AttackPotion"},{"floor":11.0,"key":"sneckomod:MuddlingPotion"},{"floor":15.0,"key":"PowerPotion"}],"is_trial":false,"path_per_floor":["R","?","M","M","?","E","T","?","M","R","M","M","R","$","M","B",null,"R","M","M"],"character_chosen":"THE_AUTOMATON","items_purchased":["MerchantsRug","hubris:TenFootPole","vexMod:GhostlyGear","bronze:FineTuning","Dramatic Entrance"],"campfire_rested":1,"item_purchase_floors":[14,14,14,14,14],"current_hp_per_floor":[63,31,30,30,30,24,24,24,24,24,24,24,42,42,42,8,63,63,43,37,37],"gold":188,"neow_bonus":"ONE_RARE_RELIC","is_daily":false,"chose_seed":false,"campfire_upgraded":3,"win_rate":0.0,"timestamp":1610862307,"path_taken":["R","?","M","M","?","E","T","?","?","R","M","M","R","$","M","BOSS","R","M","M"],"items_purchased_type":["Relic","Relic","Relic","Card","Card"],"build_version":"2020-12-22","purchased_purges":0,"victory":false,"max_hp_per_floor":[63,63,63,63,63,63,63,63,63,63,63,63,63,63,63,63,63,63,63,63,63],"card_choices":[{"not_picked":["bronze:Turbo","bronze:Frontload"],"picked":"bronze:GetLatest","floor":2.0},{"not_picked":["bronze:Shield","bronze:Shell"],"picked":"bronze:Iterate","floor":3.0},{"not_picked":["bronze:Shield","bronze:ItsAFeature"],"picked":"bronze:DelayedSlice","floor":4.0},{"not_picked":["bronze:OilSpill","bronze:ItsAFeature","bronze:Invalidate"],"picked":"SKIP","floor":6.0},{"not_picked":["bronze:BuggyMess","bronze:DarkDash","bronze:Backtrace"],"picked":"SKIP","floor":9.0},{"not_picked":["bronze:BitShift","bronze:Frontload","bronze:Allocate"],"picked":"SKIP","floor":11.0},{"not_picked":["bronze:Flail","bronze:ForLoop"],"picked":"bronze:FineTuning","floor":12.0},{"not_picked":["bronze:BitShift","bronze:ShipIt"],"picked":"bronze:Assembly","floor":14.0},{"not_picked":["bronze:Frontload","bronze:BuggyMess"],"picked":"bronze:DelayedGuard","floor":15.0},{"not_picked":["bronze:Assembly","bronze:HardenedForm"],"picked":"bronze:AlphaBuild","floor":16},{"not_picked":["bronze:Optimize+1","bronze:FollowUp"],"picked":"bronze:DelayedSlice","floor":19},{"not_picked":["bronze:WhirlingStrike","bronze:CutThrough+1"],"picked":"bronze:BitShift","floor":20}],"player_experience":464252,"relics_obtained":[{"floor":2.0,"key":"Whetstone"},{"floor":6.0,"key":"Omamori"},{"floor":7.0,"key":"infinitespire:Lucky Rock"}],"event_choices":[],"is_beta":false,"boss_relics":[{"not_picked":["Astrolabe","halation:SmartPhone"],"picked":"aspiration:SecretTechniqueScroll"}],"items_purged_floors":[],"is_endless":false,"potions_floor_spawned":[2,4,11,15],"killed_by":"conspire:FuzzyDice","ascension_level":0}}