{"host":"f5gffvlv6a66yqkd","time":1610880326,"event":{"mods":["2.2 Compatiblity","Alarm Clock","BaseMod","Colored Map","Custom Start","DeckTracker","Keyboard Shortcuts","Minty Spire (QoL Compilation)","Permanent Neow","Quick Restart","Relic Stats","Replay The Spire","StSLib","SuperFastMode"],"gold_per_floor":[111,128,128,69,87,87,105,105,105,105,105,105,46,46,46,119,169,188,188,205,42,54,70,85,85,85],"floor_reached":25,"language":"KOR","playtime":844,"items_purged":[],"score":486,"play_id":"c6ba2325-5337-47a2-a6cf-c6e135f88fe4","local_time":"20210117194526","is_ascension_mode":true,"campfire_choices":[{"data":"Coolheaded","floor":6.0,"key":"SMITH"},{"data":"Dualcast","floor":8.0,"key":"SMITH"},{"floor":12.0,"key":"REST"},{"data":"Reinforced Body","floor":15.0,"key":"SMITH"}],"circlet_count":0,"master_deck":["AscendersBane","Strike_B","Strike_B","Strike_B+1","Defend_B+1","Defend_B+1","Defend_B","Defend_B","Dualcast+1","Coolheaded+1","Panic Button","ReplayTheSpireMod:Calculation Training","Reinforced Body+1","Ball Lightning","Cold Snap","Loop+1","Deadly Poison","Seek","Coolheaded","Buffer","Go for the Eyes","Loop","FTL"],"relics":["StoneCalendar","Thread and Needle","Ring of the Snake","Tiny House","Replay:Antivirus Software"],"acts_visited":["Exordium","TheCity"],"potions_floor_usage":[23,24],"damage_taken":[{"damage":7.0,"enemies":"Jaw Worm","floor":1.0,"turns":4.0},{"damage":10.0,"enemies":"Small Slimes","floor":2.0,"turns":5.0},{"damage":1.0,"enemies":"2 Louse","floor":5.0,"turns":3.0},{"damage":7.0,"enemies":"Exordium Wildlife","floor":7.0,"turns":6.0},{"damage":0.0,"enemies":"Hexaghost","floor":16.0,"turns":8.0},{"damage":6.0,"enemies":"Shell Parasite","floor":18.0,"turns":7.0},{"damage":0,"enemies":"Spheric Guardian","floor":20,"turns":7},{"damage":13,"enemies":"Snake Plant","floor":22,"turns":7},{"damage":20,"enemies":"Centurion and Healer","floor":23,"turns":8},{"damage":9,"enemies":"Chosen and Byrds","floor":24,"turns":7},{"damage":22,"enemies":"Book of Stabbing","floor":25,"turns":4}],"seed_played":"-3480655089165384660","potions_obtained":[{"floor":2.0,"key":"SkillPotion"},{"floor":5.0,"key":"Fire Potion"},{"floor":16.0,"key":"ColorlessPotion"}],"is_trial":false,"path_per_floor":["M","M","?","$","M","R","M","R","T","?","?","R","$","?","R","B",null,"M","?","M","$","M","M","M","E"],"character_chosen":"DEFECT","items_purchased":["Ball Lightning","Loop+1","Replay:Antivirus Software"],"campfire_rested":1,"item_purchase_floors":[4,13,21],"current_hp_per_floor":[57,47,47,47,46,46,39,39,39,34,13,34,34,34,34,34,67,61,61,61,61,48,28,19,0,0],"gold":85,"neow_bonus":"THREE_CARDS","is_daily":false,"chose_seed":false,"campfire_upgraded":3,"win_rate":0.0,"timestamp":1610880326,"path_taken":["M","M","?","$","M","R","M","R","T","?","?","R","$","?","R","BOSS","M","?","?","$","?","M","M","E"],"items_purchased_type":["Card","Card","Relic"],"build_version":"2020-12-22","purchased_purges":0,"victory":false,"max_hp_per_floor":[71,71,71,71,71,71,71,71,71,71,71,71,71,71,71,71,76,76,76,76,76,76,76,76,76,76],"relic_stats":{"counters":[11,65],"StoneCalendar":[175],"obtain_stats":[{"Tiny House":17,"StoneCalendar":9,"Thread and Needle":10,"Replay:Antivirus Software":21,"Cracked Core":0,"Ring of the Snake":14},{"Tiny House":5,"StoneCalendar":4,"Thread and Needle":4,"Replay:Antivirus Software":7,"Cracked Core":0,"Ring of the Snake":4},{"Tiny House":26,"StoneCalendar":18,"Thread and Needle":18,"Replay:Antivirus Software":40,"Cracked Core":0,"Ring of the Snake":18}],"Ring of the Snake":[14]},"card_choices":[{"not_picked":["ReplayTheSpireMod:Repulse","Barrage"],"picked":"Coolheaded","floor":0.0},{"not_picked":["Stack","Scrape"],"picked":"Panic Button","floor":1.0},{"not_picked":["FIFO Queue","ReplayTheSpireMod:Repulse"],"picked":"ReplayTheSpireMod:Calculation Training","floor":2.0},{"not_picked":["FTL","Skim"],"picked":"Cold Snap","floor":5.0},{"not_picked":["Fusion","Turbo","Static Discharge"],"picked":"SKIP","floor":7.0},{"not_picked":["Fusion","Turbo","Static Discharge"],"picked":"SKIP","floor":7.0},{"not_picked":["Reboot","Mirror Shield"],"picked":"Seek","floor":16.0},{"not_picked":["Turbo","Panic Button"],"picked":"Coolheaded","floor":18.0},{"not_picked":["Force Field","Turbo"],"picked":"FTL","floor":20},{"not_picked":["Sweeping Beam","Go for the Eyes","Hologram"],"picked":"SKIP","floor":22},{"not_picked":["Storm","Panic Button","Gash"],"picked":"SKIP","floor":23},{"not_picked":["Rebound","BasicCrystalCard","Blizzard"],"picked":"SKIP","floor":24}],"player_experience":1585898,"relics_obtained":[{"floor":9.0,"key":"StoneCalendar"}],"event_choices":[{"damage_healed":0.0,"max_hp_gain":0.0,"max_hp_loss":0.0,"gold_gain":0.0,"cards_transformed":["Strike_B"],"event_name":"Living Wall","player_choice":"Change","floor":3.0,"gold_loss":0.0,"damage_taken":0.0,"cards_obtained":["Reinforced Body"]},{"damage_healed":0.0,"max_hp_gain":0.0,"max_hp_loss":0.0,"gold_gain":0.0,"event_name":"Scrap Ooze","player_choice":"Success","floor":10.0,"gold_loss":0.0,"damage_taken":5.0,"relics_obtained":["Thread and Needle"]},{"damage_healed":0.0,"max_hp_gain":0.0,"max_hp_loss":0.0,"gold_gain":0.0,"event_name":"Shining Light","player_choice":"Entered Light","floor":11.0,"gold_loss":0.0,"damage_taken":21.0,"cards_upgraded":["Defend_B","Defend_B"]},{"damage_healed":0,"gold_gain":0,"player_choice":"3 cards matched","damage_taken":0,"max_hp_gain":0,"max_hp_loss":0,"event_name":"Match and Keep!","floor":19,"gold_loss":0,"cards_obtained":["Buffer","Go for the Eyes","Loop"]}],"is_beta":false,"boss_relics":[{"not_picked":["ReplayTheSpireMod:DimensionalGlitch","Cursed Key"],"picked":"Tiny House"}],"items_purged_floors":[],"is_endless":false,"potions_floor_spawned":[2,5,16,20],"killed_by":"Book of Stabbing","ascension_level":20}}