{"host":"nsu382cuivk29rjh","time":1610866291,"event":{"mods":["BaseMod","Downfall","Minty Spire (QoL Compilation)","StSLib"],"gold_per_floor":[99,118,135,152,210,210,234,250,250,283,299,299,42,42,42,42],"floor_reached":14,"language":"ZHS","playtime":652,"items_purged":[],"score":113,"play_id":"c3bb2142-4ec6-4e98-ae42-79497413a8b1","local_time":"20210117145131","is_ascension_mode":true,"campfire_choices":[{"data":"Guardian:CurlUp","floor":1.0,"key":"SMITH"},{"floor":12,"key":"REST"}],"circlet_count":0,"master_deck":["Guardian:Strike_Guardian","Guardian:Strike_Guardian","Guardian:Strike_Guardian","Guardian:Defend_Guardian","Guardian:Defend_Guardian","Guardian:Defend_Guardian","Guardian:Defend_Guardian","Guardian:CurlUp+1","Guardian:TwinSlam","Finesse","Guardian:ChargeCore","Guardian:EvasiveProtocol","Guardian:Clone","Guardian:ExploitGems","Guardian:Harden","Guardian:Repulse"],"relics":["Guardian:ModeShifter","Toy Ornithopter","Blood Vial","Meat on the Bone","Bottled Lightning"],"acts_visited":[],"potions_floor_usage":[],"damage_taken":[{"damage":0.0,"enemies":"Small Slimes","floor":2.0,"turns":3.0},{"damage":3.0,"enemies":"2 Louse","floor":3.0,"turns":4.0},{"damage":0.0,"enemies":"Cultist","floor":4.0,"turns":4.0},{"damage":35.0,"enemies":"Lagavulin Event","floor":5.0,"turns":9.0},{"damage":19,"enemies":"Exordium Thugs","floor":8,"turns":6},{"damage":22,"enemies":"Gremlin Nob","floor":10,"turns":6},{"damage":6,"enemies":"Blue Slaver","floor":11,"turns":4},{"damage":0,"enemies":"downfall:FleeingMerchant","floor":13,"turns":4},{"damage":48,"enemies":"Lagavulin","floor":14,"turns":12}],"seed_played":"3171339613726624603","potions_obtained":[{"floor":3.0,"key":"Explosive Potion"},{"floor":4.0,"key":"AttackPotion"},{"floor":11,"key":"Guardian:BlockOnCardUsePotion"}],"is_trial":false,"path_per_floor":["R","M","M","M","?","?","T","M","?","E","M","R","$","E"],"character_chosen":"GUARDIAN","items_purchased":["Bottled Lightning"],"campfire_rested":1,"item_purchase_floors":[13],"current_hp_per_floor":[80,80,77,77,42,47,47,30,30,10,18,43,45,0,0,0],"gold":42,"neow_bonus":"RANDOM_COLORLESS","is_daily":false,"chose_seed":false,"campfire_upgraded":1,"win_rate":0.0,"timestamp":1610866291,"path_taken":["R","M","M","M","?","?","T","M","?","E","M","R","$","E"],"items_purchased_type":["Relic"],"build_version":"2020-12-22","purchased_purges":0,"victory":false,"max_hp_per_floor":[80,80,80,80,80,85,85,85,85,85,85,85,85,85,85,85],"card_choices":[{"not_picked":["Trip","Swift Strike"],"picked":"Finesse","floor":0.0},{"not_picked":["Guardian:EvasiveProtocol","Guardian:CrystalBeam"],"picked":"Guardian:ChargeCore","floor":2.0},{"not_picked":["Guardian:Planning","Guardian:TemporalStrike"],"picked":"Guardian:Gem_Blue","floor":3.0},{"not_picked":["Guardian:ShieldCharger","Guardian:ChargeCore","Guardian:Gem_Red"],"picked":"SKIP","floor":4.0},{"not_picked":["Guardian:CrystalBeam","Guardian:Suspension"],"picked":"Guardian:EvasiveProtocol","floor":5.0},{"not_picked":["Guardian:Gem_Purple","Guardian:ChargeUp"],"picked":"Guardian:Clone","floor":8},{"not_picked":["Guardian:GatlingBeam","Guardian:ShieldSpikes"],"picked":"Guardian:ExploitGems","floor":10},{"not_picked":["Guardian:VentSteam","Guardian:Suspension"],"picked":"Guardian:Harden","floor":11},{"not_picked":["Guardian:Gem_Cyan","Guardian:Preprogram"],"picked":"Guardian:Repulse","floor":13}],"player_experience":1140942,"relics_obtained":[{"floor":5.0,"key":"Toy Ornithopter"},{"floor":7,"key":"Blood Vial"},{"floor":10,"key":"Meat on the Bone"}],"event_choices":[{"damage_healed":0,"gold_gain":0,"player_choice":"Donut","damage_taken":0,"max_hp_gain":5,"max_hp_loss":0,"event_name":"Big Fish","floor":6,"gold_loss":0},{"cards_removed":["Guardian:Strike_Guardian"],"damage_healed":0,"gold_gain":0,"player_choice":"Card Removal","damage_taken":0,"max_hp_gain":0,"max_hp_loss":0,"event_name":"The Cleric","floor":9,"gold_loss":0}],"is_beta":false,"boss_relics":[],"items_purged_floors":[],"is_endless":false,"potions_floor_spawned":[3,4,11],"killed_by":"Lagavulin","ascension_level":5}}