{"host":"dowi7cgbhepuzvpj","time":1610918756,"event":{"mods":["AchievementEnabler","BaseMod","Colored Map","Highlight Path","Keyboard Shortcuts","Minty Spire (QoL Compilation)","Permanent Neow","Quick Restart","StSLib","SuperFastMode"],"gold_per_floor":[112,112,112,112,135,173,173,194,194,194,218,218,0,21,21,119,119,138,161,176,176,90,90,90],"floor_reached":23,"language":"KOR","playtime":443,"items_purged":["Strike_G"],"score":432,"play_id":"3cb44040-bc40-493e-88fb-9b6e96ef06d6","local_time":"20210118062556","is_ascension_mode":true,"campfire_choices":[{"data":"Neutralize","floor":7.0,"key":"SMITH"},{"floor":12.0,"key":"REST"},{"data":"Deadly Poison","floor":15.0,"key":"SMITH"}],"circlet_count":0,"master_deck":["AscendersBane","Strike_G","Strike_G","Strike_G","Defend_G","Defend_G","Defend_G","Defend_G","Defend_G","Survivor","Neutralize+1","Deadly Poison+1","Dagger Spray","PiercingWail","Bane","Blur","Deadly Poison+1","Bouncing Flask","Bane","Adrenaline","Concentrate","Leg Sweep","Footwork"],"relics":["Ring of the Snake","NeowsBlessing","Golden Idol","Question Card","Unceasing Top","Eternal Feather","Sozu"],"acts_visited":["Exordium","TheCity"],"potions_floor_usage":[],"damage_taken":[{"damage":0.0,"enemies":"2 Louse","floor":1.0,"turns":1.0},{"damage":0.0,"enemies":"Jaw Worm","floor":5.0,"turns":1.0},{"damage":0.0,"enemies":"Gremlin Nob","floor":6.0,"turns":1.0},{"damage":0.0,"enemies":"Small Slimes","floor":8.0,"turns":4.0},{"damage":16.0,"enemies":"Gremlin Gang","floor":11.0,"turns":7.0},{"damage":0.0,"enemies":"Lots of Slimes","floor":14.0,"turns":3.0},{"damage":17.0,"enemies":"The Guardian","floor":16.0,"turns":8.0},{"damage":19.0,"enemies":"Chosen","floor":18.0,"turns":4.0},{"damage":0,"enemies":"3 Byrds","floor":19,"turns":4},{"damage":37,"enemies":"Cultist and Chosen","floor":20,"turns":5},{"damage":0,"enemies":"Slavers","floor":23,"turns":1}],"seed_played":"-3772412892337880045","potions_obtained":[{"floor":8.0,"key":"DuplicationPotion"},{"floor":14.0,"key":"Explosive Potion"}],"is_trial":false,"path_per_floor":["M","?","?","?","M","E","R","M","T","?","M","R","$","M","R","B",null,"M","M","M","$","$","E"],"character_chosen":"THE_SILENT","items_purchased":["Deadly Poison","Bouncing Flask","Footwork"],"campfire_rested":1,"item_purchase_floors":[13,13,22],"current_hp_per_floor":[59,36,36,25,25,25,25,25,25,25,9,37,37,37,46,29,57,38,38,1,1,1,1,1],"gold":90,"neow_bonus":"THREE_ENEMY_KILL","is_daily":false,"chose_seed":false,"campfire_upgraded":2,"win_rate":0.0,"timestamp":1610918756,"path_taken":["M","?","?","?","M","E","R","M","T","?","?","R","$","M","R","BOSS","M","M","M","?","$","E"],"items_purchased_type":["Card","Card","Card"],"build_version":"2020-12-22","purchased_purges":1,"victory":false,"max_hp_per_floor":[66,66,66,66,66,66,66,66,66,66,66,66,66,66,66,66,66,66,66,66,66,66,66,66],"card_choices":[{"not_picked":["Prepared","Slice"],"picked":"Deadly Poison","floor":1.0},{"not_picked":["Outmaneuver","Underhanded Strike","Dagger Throw","Expertise"],"picked":"SKIP","floor":5.0},{"not_picked":["Acrobatics","Dagger Throw","Dodge and Roll"],"picked":"PiercingWail","floor":6.0},{"not_picked":["Cloak And Dagger","Calculated Gamble","Leg Sweep"],"picked":"Bane","floor":8.0},{"not_picked":["Terror","Calculated Gamble","Distraction"],"picked":"Blur","floor":11.0},{"not_picked":["Choke","Setup","Flying Knee"],"picked":"Bane","floor":14.0},{"not_picked":["Envenom","Wraith Form v2","Burst"],"picked":"Adrenaline","floor":16.0},{"not_picked":["Cloak And Dagger","Acrobatics","Bane"],"picked":"Concentrate","floor":18.0},{"not_picked":["Underhanded Strike","Prepared","Predator"],"picked":"Leg Sweep","floor":19},{"not_picked":["Backstab+1","Sucker Punch","Dagger Spray","Dagger Throw"],"picked":"SKIP","floor":20}],"player_experience":819988,"relics_obtained":[{"floor":6.0,"key":"Unceasing Top"},{"floor":9.0,"key":"Eternal Feather"}],"event_choices":[{"damage_healed":0.0,"max_hp_gain":0.0,"max_hp_loss":0.0,"gold_gain":0.0,"event_name":"Golden Idol","player_choice":"Take Damage","floor":2.0,"gold_loss":0.0,"damage_taken":23.0,"relics_obtained":["Golden Idol"]},{"damage_healed":0.0,"max_hp_gain":0.0,"max_hp_loss":0.0,"gold_gain":0.0,"cards_transformed":["Strike_G"],"event_name":"Living Wall","player_choice":"Change","floor":3.0,"gold_loss":0.0,"damage_taken":0.0,"cards_obtained":["Dagger Spray"]},{"damage_healed":0.0,"max_hp_gain":0.0,"max_hp_loss":0.0,"gold_gain":0.0,"event_name":"Scrap Ooze","player_choice":"Success","floor":4.0,"gold_loss":0.0,"damage_taken":11.0,"relics_obtained":["Question Card"]},{"damage_healed":0.0,"max_hp_gain":0.0,"max_hp_loss":0.0,"gold_gain":0.0,"event_name":"Accursed Blacksmith","player_choice":"Forge","floor":10.0,"gold_loss":0.0,"damage_taken":0.0,"cards_upgraded":["Deadly Poison"]}],"is_beta":false,"boss_relics":[{"not_picked":["Philosopher\u0027s Stone","SlaversCollar"],"picked":"Sozu"}],"items_purged_floors":[13],"is_endless":false,"potions_floor_spawned":[8,14],"killed_by":"Slavers","ascension_level":20}}