{"host":"mmxi1hjn5usmb1ga","time":1610894634,"event":{"mods":["BaseMod","BetterRewards","Downfall","Minty Spire (QoL Compilation)","Quick Restart","READ ME - Guardian Mod","READ ME - Snecko Mod","RumiaBox-露米娅的神秘盒子","Shop Mod","StSLib","Td1madao Mod","The Bug Knight","Yuri Mod","[IsaacMod]以撒尖塔"],"gold_per_floor":[116,166,70,70,82,537,537,553,553,553,553,13,13,30,30,129,129,139,139,139,162,162,162,192,205,205,221,221,221,241,268,268,268,268],"floor_reached":33,"language":"ZHS","playtime":1130,"items_purged":[],"score":281,"play_id":"c3d2a5d4-0b12-4f19-b4c7-5e5fbfc5c953","local_time":"20210117224354","is_ascension_mode":false,"campfire_choices":[{"data":"HollowMod:VengefulVoid","floor":7,"key":"SMITH"},{"data":"HollowMod:FocusHealStart","floor":11,"key":"SMITH"},{"data":"HollowMod:VengefulVoid","floor":15,"key":"SMITH"},{"data":"HollowMod:SharpenedShadows","floor":23,"key":"SMITH"},{"floor":32,"key":"REST"}],"circlet_count":0,"master_deck":["HollowMod:NailStrikeStart","HollowMod:NailStrikeStart","HollowMod:NailStrikeStart","HollowMod:QuickDashStart+1","HollowMod:QuickDashStart+1","HollowMod:FocusHealStart+1","HollowMod:PogoStrike","HollowMod:VengefulVoid+1","HollowMod:WraithStrike+1","HollowMod:VengefulVoid+1","HollowMod:LordofShades","HollowMod:SharpenedShadows+1","HollowMod:CycloneSlash","HollowMod:MantisMark","HollowMod:VengefulVoid","HollowMod:SlysStrikes"],"relics":["HollowMod:VesselMask","HushsDoor","Leech","NeowsBlessing","Singing Bowl","War Paint","Ccalipers","TheBean","GnawedLeaf","SatanicBible","Bird Faced Urn","Pantograph","Black Star","LastBattle","Bag of Preparation","Du-Vu Doll","Tiny Chest","Boot"],"acts_visited":["Exordium","TheCity"],"potions_floor_usage":[6,8,24,31,33,33],"damage_taken":[{"damage":0.0,"enemies":"Small Slimes","floor":1.0,"turns":1.0},{"damage":0.0,"enemies":"Hiden Room Battle","floor":2.0,"turns":1.0},{"damage":0.0,"enemies":"Cultist","floor":5.0,"turns":1.0},{"damage":100000005,"enemies":"Gremlin Nob","floor":6,"turns":4},{"damage":4,"enemies":"Jaw Worm","floor":8,"turns":2},{"damage":0,"enemies":"Exordium Thugs","floor":14,"turns":3},{"damage":30,"enemies":"Hexaghost","floor":16,"turns":10},{"damage":20,"enemies":"Shell Parasite","floor":18,"turns":3},{"damage":46,"enemies":"Slavers","floor":24,"turns":4},{"damage":0,"enemies":"Spheric Guardian","floor":25,"turns":3},{"damage":16,"enemies":"3 Cultists","floor":27,"turns":4},{"damage":30,"enemies":"Shelled Parasite and Fungi","floor":30,"turns":5},{"damage":49,"enemies":"Gremlin Leader","floor":31,"turns":7},{"damage":81,"enemies":"Champ","floor":33,"turns":8}],"seed_played":"-8593310757976934031","potions_obtained":[{"floor":1.0,"key":"Block Potion"},{"floor":2.0,"key":"Regen Potion"},{"floor":6,"key":"Fire Potion"},{"floor":6,"key":"Fire Potion"},{"floor":6,"key":"PowerPotion"},{"floor":16,"key":"SpeedPotion"},{"floor":27,"key":"bronze:BurnAndBuffPotion"},{"floor":31,"key":"Regen Potion"}],"is_trial":false,"path_per_floor":["M","?","$","?","M","E","R","M","T","?","R","$","?","M","R","B",null,"M","?","$","T","?","R","E","M","T","M","$","?","M","E","R","B"],"character_chosen":"THE_BUGKNIGHT","items_purchased":["FairyPotion","Bird Faced Urn","Pantograph"],"campfire_rested":1,"item_purchase_floors":[3,12,12],"current_hp_per_floor":[75,60,60,60,62,24,24,29,29,29,29,29,29,31,31,32,83,70,70,70,70,70,70,44,48,48,50,50,50,39,4,30,0,0],"gold":268,"neow_bonus":"THREE_ENEMY_KILL","is_daily":false,"chose_seed":false,"campfire_upgraded":4,"win_rate":0.0,"timestamp":1610894634,"path_taken":["M","?","$","?","M","E","R","M","T","?","R","$","?","?","R","BOSS","M","?","$","?","?","R","E","M","T","M","$","?","M","E","R","BOSS"],"items_purchased_type":["Potion","Relic","Relic"],"build_version":"2020-12-22","purchased_purges":0,"victory":false,"max_hp_per_floor":[75,75,75,75,77,81,81,83,83,83,83,83,83,83,83,83,83,83,83,83,83,83,83,85,85,85,87,87,87,89,89,89,89,89],"card_choices":[{"not_picked":[],"picked":"SuicideKing","floor":0.0},{"not_picked":["HollowMod:NewInfectedGuardian","HollowMod:SoulVessel"],"picked":"HollowMod:VengefulVoid","floor":1.0},{"not_picked":["HollowMod:LifebloodCocoon","HollowMod:ShadowDash"],"picked":"HollowMod:WraithStrike","floor":2.0},{"not_picked":["HollowMod:MawleksShell","HollowMod:TaintedHusks","HollowMod:DreamGate"],"picked":"Singing Bowl","floor":5.0},{"not_picked":["HollowMod:SoulStrike","HollowMod:FallenFury","HollowMod:NewJinnsSoul"],"picked":"Singing Bowl","floor":6},{"not_picked":["HollowMod:NewLittleFool","HollowMod:CornifersMapStart","HollowMod:Weaversong"],"picked":"Singing Bowl","floor":6},{"not_picked":["HollowMod:CornifersMapStart","HollowMod:SharpenedNail","HollowMod:TaintedHusks"],"picked":"Singing Bowl","floor":8},{"not_picked":["HollowMod:HowlingWraiths","HollowMod:ZotesMagnificence"],"picked":"HollowMod:VengefulVoid","floor":14},{"not_picked":["HollowMod:ElderbugsWisdom","HollowMod:MidwifesHunger"],"picked":"HollowMod:LordofShades","floor":16},{"not_picked":["HollowMod:FallenFury","HollowMod:WraithStrike"],"picked":"HollowMod:SharpenedShadows","floor":18},{"not_picked":["HollowMod:NewGlowingWomb","HollowMod:DoubleDash","HollowMod:NewLittleFool"],"picked":"Singing Bowl","floor":24},{"not_picked":["HollowMod:SiblingsSouls","HollowMod:SoulShaman"],"picked":"HollowMod:VengefulVoid","floor":25},{"not_picked":["HollowMod:PureNailStrike","HollowMod:HeavyBlow","HollowMod:DoubleDash"],"picked":"Singing Bowl","floor":27},{"not_picked":["HollowMod:SoulStrike+1","HollowMod:HuntersJournal","HollowMod:InfectedAttack"],"picked":"Singing Bowl","floor":30},{"not_picked":["HollowMod:CloakDash","HollowMod:GrimmsGift+1"],"picked":"HollowMod:SlysStrikes","floor":31}],"player_experience":693365,"relics_obtained":[{"floor":2.0,"key":"Singing Bowl"},{"floor":2.0,"key":"War Paint"},{"floor":6,"key":"Ccalipers"},{"floor":6,"key":"TheBean"},{"floor":6,"key":"GnawedLeaf"},{"floor":6,"key":"SatanicBible"},{"floor":24,"key":"LastBattle"},{"floor":24,"key":"Bag of Preparation"},{"floor":26,"key":"Du-Vu Doll"},{"floor":31,"key":"Tiny Chest"},{"floor":31,"key":"Boot"}],"event_choices":[{"damage_healed":0.0,"max_hp_gain":0.0,"max_hp_loss":0.0,"gold_gain":0.0,"event_name":"HidenRoomEvent","player_choice":"Fight","floor":2.0,"gold_loss":0.0,"damage_taken":0.0},{"damage_healed":0.0,"max_hp_gain":0.0,"max_hp_loss":0.0,"gold_gain":0.0,"event_name":"Upgrade Shrine","player_choice":"Upgraded","floor":4.0,"gold_loss":0.0,"damage_taken":0.0,"cards_upgraded":["HollowMod:WraithStrike"]},{"damage_healed":0,"gold_gain":0,"player_choice":"Got Potions","damage_taken":0,"max_hp_gain":0,"max_hp_loss":0,"event_name":"Lab","floor":10,"gold_loss":0},{"damage_healed":0,"gold_gain":0,"cards_transformed":["HollowMod:NailStrikeStart","HollowMod:QuickDashStart"],"player_choice":"Became Test Subject","damage_taken":0,"max_hp_gain":0,"max_hp_loss":0,"event_name":"Drug Dealer","floor":19,"gold_loss":0,"cards_obtained":["HollowMod:CycloneSlash","HollowMod:MantisMark"]},{"damage_healed":0,"gold_gain":0,"player_choice":"Ignored","damage_taken":0,"max_hp_gain":0,"max_hp_loss":0,"event_name":"Ghosts","floor":22,"gold_loss":0}],"is_beta":false,"boss_relics":[{"not_picked":["Velvet Choker","Snecko Eye"],"picked":"Black Star"},{"not_picked":[]}],"items_purged_floors":[],"is_endless":false,"potions_floor_spawned":[1,2,6,16,27,31],"killed_by":"Champ","ascension_level":0}}