{"host":"st1kg310ms6sytc5","time":1610862703,"event":{"mods":["Act Like it!","BaseMod","CapriCore","Downfall","Minty Spire (QoL Compilation)","StSLib","SuperFastMode"],"gold_per_floor":[99,119,29,29,47,47,47,58,74,74,105,115,147,161,178,178,178],"floor_reached":16,"language":"ZHS","playtime":714,"items_purged":["Shame"],"score":114,"play_id":"d5fc4214-b2b8-4055-bed9-92a9fd0656fa","local_time":"20210117135143","is_ascension_mode":false,"campfire_choices":[{"data":"bronze:Replicate","floor":1.0,"key":"SMITH"},{"data":"bronze:Goto","floor":6.0,"key":"SMITH"}],"circlet_count":0,"master_deck":["bronze:Strike","bronze:Strike","bronze:Strike","bronze:Strike","bronze:Defend","bronze:Defend","bronze:Defend","bronze:Defend","bronze:Replicate+1","bronze:Goto+1","bronze:Verify","bronze:BronzeOrb","bronze:ClassDefault","bronze:BuggyMess","bronze:Optimize","bronze:BitShift","bronze:Fortify","bronze:FineTuning","bronze:Branch"],"relics":["bronze:BronzeCore","Omamori","bronze:BottledCode","Mercury Hourglass","Art of War"],"acts_visited":["Exordium"],"potions_floor_usage":[13,13,14,16],"damage_taken":[{"damage":8.0,"enemies":"2 Louse","floor":2.0,"turns":3.0},{"damage":0.0,"enemies":"downfall:FleeingMerchant","floor":3.0,"turns":4.0},{"damage":2.0,"enemies":"Small Slimes","floor":5.0,"turns":3.0},{"damage":6.0,"enemies":"Cultist","floor":8.0,"turns":5.0},{"damage":13.0,"enemies":"Blue Slaver","floor":9.0,"turns":8.0},{"damage":16.0,"enemies":"Lagavulin","floor":11.0,"turns":7.0},{"damage":3.0,"enemies":"Red Slaver","floor":12.0,"turns":3.0},{"damage":10,"enemies":"Gremlin Nob","floor":13,"turns":3},{"damage":2,"enemies":"Exordium Wildlife","floor":14,"turns":3},{"damage":0,"enemies":"2 Fungi Beasts","floor":15,"turns":3},{"damage":24,"enemies":"SI_SHIV_ARCHETYPE","floor":16,"turns":4}],"seed_played":"-8558118367602559057","potions_obtained":[{"floor":2.0,"key":"Fire Potion"},{"floor":5.0,"key":"EssenceOfSteel"},{"floor":12.0,"key":"bronze:BurnAndBuffPotion"},{"floor":13,"key":"AttackPotion"},{"floor":14,"key":"Regen Potion"},{"floor":15,"key":"Explosive Potion"}],"is_trial":false,"path_per_floor":["R","M","$","?","M","R","T","M","M","?","E","M","E","M","M","B"],"character_chosen":"THE_AUTOMATON","items_purchased":[],"campfire_rested":0,"item_purchase_floors":[],"current_hp_per_floor":[70,62,62,62,60,60,60,54,41,41,25,22,12,10,10,0,0],"gold":178,"neow_bonus":"THREE_RARE_CARDS","is_daily":false,"chose_seed":false,"campfire_upgraded":2,"win_rate":0.0,"timestamp":1610862703,"path_taken":["R","M","$","?","M","R","T","M","M","?","E","M","E","M","M","BOSS"],"items_purchased_type":[],"build_version":"2020-12-22","purchased_purges":1,"victory":false,"max_hp_per_floor":[70,70,70,70,70,70,70,70,70,60,60,60,60,60,60,60,60],"card_choices":[{"not_picked":["bronze:BurnOut","bronze:Assembly"],"picked":"bronze:Verify","floor":0.0},{"not_picked":["bronze:Iterate","bronze:WildBeam"],"picked":"bronze:BronzeOrb","floor":2.0},{"not_picked":["bronze:Shield","bronze:BuggyMess"],"picked":"bronze:ClassDefault","floor":3.0},{"not_picked":["bronze:Invalidate","bronze:Constructor","bronze:Shield"],"picked":"SKIP","floor":5.0},{"not_picked":["bronze:Invalidate","bronze:Constructor","bronze:Shield"],"picked":"SKIP","floor":5.0},{"not_picked":["bronze:OilSpill","bronze:ItsAFeature"],"picked":"bronze:BuggyMess","floor":8.0},{"not_picked":["bronze:GetLatest","bronze:FineTuning"],"picked":"bronze:Optimize","floor":9.0},{"not_picked":["bronze:Break","bronze:Shield","bronze:Turbo"],"picked":"SKIP","floor":11.0},{"not_picked":["bronze:Safeguard","bronze:Constructor"],"picked":"bronze:BitShift","floor":12.0},{"not_picked":["bronze:Optimize","bronze:Shield"],"picked":"bronze:Fortify","floor":13},{"not_picked":["bronze:WildBeam","bronze:NullPointer"],"picked":"bronze:FineTuning","floor":14},{"not_picked":["bronze:WhirlingStrike","bronze:CutThrough"],"picked":"bronze:Branch","floor":15}],"player_experience":1547303,"relics_obtained":[{"floor":7.0,"key":"Omamori"},{"floor":11.0,"key":"Mercury Hourglass"},{"floor":13,"key":"Art of War"}],"event_choices":[],"is_beta":false,"boss_relics":[],"items_purged_floors":[3],"is_endless":false,"potions_floor_spawned":[2,5,12,13,14,15],"killed_by":"SI_SHIV_ARCHETYPE","ascension_level":0}}