{"host":"zk71suw73lg2r165","time":1610865536,"event":{"mods":["BaseMod","Colored Map","Minty Spire (QoL Compilation)","Permanent Neow","Relic Stats","StSLib"],"gold_per_floor":[116,133,151,162,182,182,215,215,215,215,215],"floor_reached":10,"language":"ENG","playtime":385,"items_purged":[],"score":140,"play_id":"af918951-9b1c-481b-8fa0-515fec272f43","local_time":"20210117013856","is_ascension_mode":true,"campfire_choices":[{"floor":6,"key":"REST"},{"data":"Uppercut","floor":8,"key":"SMITH"}],"circlet_count":0,"master_deck":["AscendersBane","Strike_R","Strike_R","Strike_R","Strike_R","Strike_R","Defend_R","Defend_R","Defend_R","Defend_R","Bash","Feed","True Grit","Sword Boomerang","Uppercut+1","Burning Pact","Dual Wield","Headbutt"],"relics":["Burning Blood","Boot","Matryoshka"],"acts_visited":["Exordium"],"potions_floor_usage":[5,5,7],"damage_taken":[{"damage":3,"enemies":"2 Louse","floor":1,"turns":3},{"damage":16,"enemies":"Cultist","floor":2,"turns":6},{"damage":12,"enemies":"Jaw Worm","floor":3,"turns":5},{"damage":40,"enemies":"Exordium Thugs","floor":4,"turns":8},{"damage":45,"enemies":"Large Slime","floor":5,"turns":7},{"damage":6,"enemies":"Gremlin Nob","floor":7,"turns":3},{"damage":50,"enemies":"3 Sentries","floor":10,"turns":5}],"seed_played":"4554808228478037191","potions_obtained":[{"floor":2,"key":"FairyPotion"},{"floor":3,"key":"EntropicBrew"}],"is_trial":false,"path_per_floor":["M","M","M","M","M","R","E","R","T","E"],"character_chosen":"IRONCLAD","items_purchased":[],"campfire_rested":1,"item_purchase_floors":[],"current_hp_per_floor":[56,49,43,12,16,42,45,45,45,0,0],"gold":215,"neow_bonus":"THREE_RARE_CARDS","is_daily":false,"chose_seed":false,"campfire_upgraded":1,"win_rate":0.0,"timestamp":1610865536,"path_taken":["M","M","M","M","M","R","E","R","T","E"],"items_purchased_type":[],"build_version":"2020-12-22","purchased_purges":0,"victory":false,"max_hp_per_floor":[78,81,81,84,87,87,90,90,90,93,93],"relic_stats":{"counters":[7,37],"Boot":[12],"obtain_stats":[{"Matryoshka":9,"Boot":7,"Burning Blood":0},{"Matryoshka":6,"Boot":6,"Burning Blood":0},{"Matryoshka":32,"Boot":32,"Burning Blood":0}],"Burning Blood":36},"card_choices":[{"not_picked":["Double Tap","Berserk"],"picked":"Feed","floor":0},{"not_picked":["Body Slam","Iron Wave"],"picked":"True Grit","floor":1},{"not_picked":["Headbutt","Iron Wave"],"picked":"Sword Boomerang","floor":2},{"not_picked":["Shockwave","Rampage"],"picked":"Uppercut","floor":3},{"not_picked":["Anger","Clothesline"],"picked":"Burning Pact","floor":4},{"not_picked":["Entrench","Rage"],"picked":"Dual Wield","floor":5},{"not_picked":["Clothesline","Reckless Charge"],"picked":"Headbutt","floor":7}],"player_experience":1344956,"relics_obtained":[{"floor":7,"key":"Boot"},{"floor":9,"key":"Matryoshka"}],"event_choices":[],"is_beta":false,"boss_relics":[],"items_purged_floors":[],"is_endless":false,"potions_floor_spawned":[2,3,4],"killed_by":"3 Sentries","ascension_level":20}}