{"host":"ibckqdmmf9y74ymf","time":1610886567,"event":{"mods":["2.2 Compatiblity","BaseMod","Colored Map","Curses Come First","Highlight Path","Minty Spire (QoL Compilation)","Quick Restart","Rare Cards Sparkle","Relic Stats","StSLib"],"gold_per_floor":[110,122,138,138,153,187,187,200,246,297,311,345,358,377,377,456,456,456,456],"floor_reached":18,"language":"ENG","playtime":477,"items_purged":[],"score":352,"play_id":"9d5ebf76-8e46-49ca-add7-f76508e21667","local_time":"20210117132927","is_ascension_mode":true,"campfire_choices":[{"floor":7.0,"key":"REST"},{"floor":15.0,"key":"REST"}],"circlet_count":0,"master_deck":["AscendersBane","Eruption","Vigilance","Consecrate","ReachHeaven","SashWhip","Vengeance","FlurryOfBlows","TalkToTheHand","LikeWater","DevaForm","Conclude","CrushJoints","WaveOfTheHand","MasterReality","CutThroughFate","TalkToTheHand","Conclude","Swivel"],"relics":["Fusion Hammer","Smiling Mask","Damaru","Bag of Preparation","The Courier","Pandora\u0027s Box"],"acts_visited":["Exordium","TheCity"],"potions_floor_usage":[],"damage_taken":[{"damage":14.0,"enemies":"Small Slimes","floor":1.0,"turns":3.0},{"damage":0.0,"enemies":"Jaw Worm","floor":2.0,"turns":3.0},{"damage":0.0,"enemies":"Cultist","floor":3.0,"turns":2.0},{"damage":0.0,"enemies":"Large Slime","floor":5.0,"turns":3.0},{"damage":17.0,"enemies":"Lagavulin","floor":6.0,"turns":4.0},{"damage":0.0,"enemies":"2 Fungi Beasts","floor":8.0,"turns":2.0},{"damage":0.0,"enemies":"Blue Slaver","floor":11.0,"turns":2.0},{"damage":9.0,"enemies":"3 Sentries","floor":12.0,"turns":5.0},{"damage":2.0,"enemies":"Looter","floor":13.0,"turns":3.0},{"damage":16.0,"enemies":"Gremlin Gang","floor":14.0,"turns":3.0},{"damage":47.0,"enemies":"Hexaghost","floor":16.0,"turns":10.0},{"damage":0,"enemies":"2 Thieves","floor":18,"turns":1}],"seed_played":"8793263456188492796","potions_obtained":[{"floor":3.0,"key":"DuplicationPotion"},{"floor":5.0,"key":"Ancient Potion"},{"floor":11.0,"key":"SpeedPotion"}],"is_trial":false,"path_per_floor":["M","M","M","?","M","E","R","M","T","T","M","E","M","M","R","B",null,"M"],"character_chosen":"WATCHER","items_purchased":[],"campfire_rested":2,"item_purchase_floors":[],"current_hp_per_floor":[47,47,47,52,52,35,56,56,56,56,56,47,45,29,50,3,56,56,56],"gold":456,"neow_bonus":"BOSS_RELIC","is_daily":false,"chose_seed":false,"campfire_upgraded":0,"win_rate":0.0,"timestamp":1610886567,"path_taken":["M","M","M","?","M","E","R","M","T","?","M","E","M","M","R","BOSS","M"],"items_purchased_type":[],"build_version":"2020-12-22","purchased_purges":0,"victory":false,"max_hp_per_floor":[68,68,68,73,73,73,73,73,73,73,73,73,73,73,73,73,73,73,73],"relic_stats":{"counters":[12,41],"Pandora\u0027s Box":["Conclude","CrushJoints","WaveOfTheHand","MasterReality","CutThroughFate","TalkToTheHand","Conclude","Swivel"],"Bag of Preparation":[12],"Smiling Mask":0,"obtain_stats":[{"Damaru":9,"Pandora\u0027s Box":17,"Fusion Hammer":0,"The Courier":12,"Bag of Preparation":10,"PureWater":0,"Smiling Mask":6},{"Damaru":6,"Pandora\u0027s Box":11,"Fusion Hammer":0,"The Courier":8,"Bag of Preparation":6,"PureWater":0,"Smiling Mask":5},{"Damaru":17,"Pandora\u0027s Box":40,"Fusion Hammer":0,"The Courier":24,"Bag of Preparation":17,"PureWater":0,"Smiling Mask":15}]},"card_choices":[{"not_picked":["BattleHymn","CarveReality"],"picked":"Consecrate","floor":1.0},{"not_picked":["ThirdEye","Swivel","Study"],"picked":"SKIP","floor":2.0},{"not_picked":["SashWhip","PathToVictory"],"picked":"ReachHeaven","floor":3.0},{"not_picked":["EmptyFist","CutThroughFate"],"picked":"SashWhip","floor":5.0},{"not_picked":["SignatureMove","SashWhip","WreathOfFlame"],"picked":"SKIP","floor":6.0},{"not_picked":["CutThroughFate","JustLucky"],"picked":"Vengeance","floor":8.0},{"not_picked":["PathToVictory","FlyingSleeves"],"picked":"FlurryOfBlows","floor":11.0},{"not_picked":["CutThroughFate","ThirdEye"],"picked":"TalkToTheHand","floor":12.0},{"not_picked":["LikeWater","CarveReality","FlyingSleeves"],"picked":"SKIP","floor":13.0},{"not_picked":["Evaluate","FollowUp"],"picked":"LikeWater","floor":14.0},{"not_picked":["Ragnarok","SpiritShield"],"picked":"DevaForm","floor":16.0}],"player_experience":920062,"relics_obtained":[{"floor":6.0,"key":"Smiling Mask"},{"floor":9.0,"key":"Damaru"},{"floor":10.0,"key":"Bag of Preparation"},{"floor":12.0,"key":"The Courier"}],"event_choices":[{"damage_healed":0.0,"max_hp_gain":5.0,"max_hp_loss":0.0,"gold_gain":0.0,"event_name":"Big Fish","player_choice":"Donut","floor":4.0,"gold_loss":0.0,"damage_taken":0.0}],"is_beta":false,"boss_relics":[{"not_picked":["Runic Pyramid","Empty Cage"],"picked":"Pandora\u0027s Box"}],"items_purged_floors":[],"is_endless":false,"potions_floor_spawned":[3,5,11,13],"killed_by":"2 Thieves","ascension_level":20}}