{"host":"2se5dq1do2gp0x9k","time":1610918718,"event":{"mods":["AchievementEnabler","BaseMod","Block Reminder","Colored Map","Colored Powertips","Minty Spire (QoL Compilation)","Relic Stats","StSLib","SuperFastMode"],"gold_per_floor":[110,125,125,73,73,106,56,56,56,56,77,77,77],"floor_reached":12,"language":"ENG","playtime":186,"items_purged":[],"score":202,"play_id":"1538d1e7-515d-44d0-9a6e-1c1d702052de","local_time":"20210117132518","is_ascension_mode":true,"campfire_choices":[{"data":"True Grit","floor":8,"key":"SMITH"},{"data":"Bloodletting","floor":10,"key":"SMITH"}],"circlet_count":0,"master_deck":["AscendersBane","Strike_R","Strike_R","Strike_R","Strike_R","Strike_R+1","Defend_R+1","Defend_R","Defend_R","Defend_R","Bash","Flame Barrier","Immolate","True Grit+1","Bloodletting+1","Shrug It Off","Feel No Pain"],"relics":["Burning Blood","NeowsBlessing","Golden Idol","Boot","Oddly Smooth Stone"],"acts_visited":["Exordium"],"potions_floor_usage":[12],"damage_taken":[{"damage":0,"enemies":"Jaw Worm","floor":1,"turns":1},{"damage":0,"enemies":"2 Louse","floor":2,"turns":1},{"damage":0,"enemies":"3 Sentries","floor":6,"turns":1},{"damage":0,"enemies":"Small Slimes","floor":11,"turns":3},{"damage":32,"enemies":"Lagavulin","floor":12,"turns":8}],"seed_played":"-5339057564603620630","potions_obtained":[{"floor":1,"key":"Block Potion"},{"floor":2,"key":"Swift Potion"}],"is_trial":false,"path_per_floor":["M","M","?","$","?","E","$","R","T","R","M","E"],"character_chosen":"IRONCLAD","items_purchased":["True Grit","Shrug It Off"],"campfire_rested":0,"item_purchase_floors":[4,7],"current_hp_per_floor":[74,75,52,52,52,58,58,58,58,58,64,32,32],"gold":77,"neow_bonus":"THREE_ENEMY_KILL","is_daily":false,"chose_seed":false,"campfire_upgraded":2,"win_rate":0.0,"timestamp":1610918718,"path_taken":["M","M","?","$","?","E","$","R","T","R","M","E"],"items_purchased_type":["Card","Card"],"build_version":"2020-12-22","purchased_purges":0,"victory":false,"max_hp_per_floor":[75,75,75,75,68,68,68,68,68,68,68,68,68],"relic_stats":{"counters":[5,14],"Golden Idol":11,"Boot":[1],"obtain_stats":[{"NeowsBlessing":0,"Golden Idol":5,"Oddly Smooth Stone":9,"Boot":6,"Burning Blood":0},{"NeowsBlessing":0,"Golden Idol":2,"Oddly Smooth Stone":3,"Boot":3,"Burning Blood":0},{"NeowsBlessing":0,"Golden Idol":2,"Oddly Smooth Stone":3,"Boot":3,"Burning Blood":0}],"Burning Blood":19},"card_choices":[{"not_picked":["Warcry","Iron Wave"],"picked":"Flame Barrier","floor":1},{"not_picked":["Pommel Strike","Body Slam"],"picked":"Immolate","floor":2},{"not_picked":["Bludgeon","Warcry"],"picked":"Bloodletting","floor":6},{"not_picked":["Iron Wave","Armaments"],"picked":"Feel No Pain","floor":11}],"player_experience":3894497,"relics_obtained":[{"floor":6,"key":"Boot"},{"floor":9,"key":"Oddly Smooth Stone"}],"event_choices":[{"damage_healed":0,"gold_gain":0,"player_choice":"Entered Light","damage_taken":23,"max_hp_gain":0,"max_hp_loss":0,"event_name":"Shining Light","floor":3,"gold_loss":0,"cards_upgraded":["Defend_R","Strike_R"]},{"damage_healed":0,"gold_gain":0,"player_choice":"Lose Max HP","damage_taken":0,"relics_obtained":["Golden Idol"],"max_hp_gain":0,"max_hp_loss":7,"event_name":"Golden Idol","floor":5,"gold_loss":0}],"is_beta":false,"boss_relics":[],"items_purged_floors":[],"is_endless":false,"potions_floor_spawned":[1,2,6],"killed_by":"Lagavulin","ascension_level":20}}