{"host":"uimu98mr9zvwuo5s","time":1610897442,"event":{"mods":["Aspiration","BaseMod","BetterRewards","Conspire","Defective Defect","GifTheSpireLib","Gremlin Mod","Highlight Path","Hubris","Infinite Spire","Jedi Mod","Minty Spire (QoL Compilation)","Replay The Spire","Shop Mod","StSLib","Stuff the Spire","Uncapped"],"gold_per_floor":[109,120,120,141,30,30,30],"floor_reached":6,"language":"ENG","playtime":347,"items_purged":[],"score":91,"play_id":"62da6783-af25-46a9-bae9-a85f2ae4fe6c","local_time":"20210117103042","is_ascension_mode":true,"campfire_choices":[],"circlet_count":0,"master_deck":["Strike_B","Strike_B","Strike_B","Strike_B","Defend_B","Defend_B","Defend_B","Defend_B","Zap","Dualcast","Heatsinks"],"relics":["Cracked Core","MerchantsRug","Molten Egg 2","Chemical X","Golden Egg","Symbiotic Virus","infinitespire:SolderingIron","Golden Idol","conspire:TreasureMap"],"acts_visited":["Exordium"],"potions_floor_usage":[],"damage_taken":[{"damage":1,"enemies":"Cultist","floor":1,"turns":4},{"damage":7,"enemies":"2 Louse","floor":2,"turns":2},{"damage":8,"enemies":"Jaw Worm","floor":4,"turns":5},{"damage":47,"enemies":"3 Sentries","floor":6,"turns":4}],"seed_played":"4604820051022508339","potions_obtained":[{"floor":2,"key":"Swift Potion"},{"floor":4,"key":"ColorlessPotion"}],"is_trial":false,"path_per_floor":["M","M","?","M","$","E"],"character_chosen":"DEFECT","items_purchased":["MerchantsRug","Molten Egg 2","Chemical X","Heatsinks","Golden Egg","Symbiotic Virus","infinitespire:SolderingIron","conspire:TreasureMap"],"campfire_rested":0,"item_purchase_floors":[0,0,0,0,0,0,0,5],"current_hp_per_floor":[74,67,49,41,41,0,0],"gold":30,"neow_bonus":"","is_daily":false,"chose_seed":false,"campfire_upgraded":0,"win_rate":0.0,"timestamp":1610897442,"path_taken":["M","?","?","M","$","E"],"items_purchased_type":["Relic","Relic","Relic","Card","Relic","Relic","Relic","Relic"],"build_version":"2020-12-22","purchased_purges":0,"victory":false,"max_hp_per_floor":[75,75,75,75,75,75,75],"card_choices":[{"not_picked":["Streamline+1","Steam","jedi:BurstFrost"],"picked":"SKIP","floor":1},{"not_picked":["Self Repair","Leap","jedi:BurstFrost"],"picked":"SKIP","floor":2},{"not_picked":["Streamline+1","Coolheaded","Leap"],"picked":"SKIP","floor":4}],"player_experience":205854,"relics_obtained":[],"event_choices":[{"damage_healed":0,"gold_gain":0,"player_choice":"Take Damage","damage_taken":18,"relics_obtained":["Golden Idol"],"max_hp_gain":0,"max_hp_loss":0,"event_name":"Golden Idol","floor":3,"gold_loss":0}],"is_beta":false,"boss_relics":[],"items_purged_floors":[],"is_endless":false,"potions_floor_spawned":[2,4],"killed_by":"3 Sentries","ascension_level":3}}