{"host":"rv8qrr1d2i1l2m12","time":1610920354,"event":{"mods":["BaseMod","Colored Map","Minty Spire (QoL Compilation)","StSLib"],"gold_per_floor":[12,26,39,39,57,87,99,99,99,117,131,131,131,151,151,252,252,264,280,17,17,32,32,32,32],"floor_reached":24,"language":"ENG","playtime":1271,"items_purged":[],"score":365,"play_id":"dfbe2ff3-77ed-40c1-b043-bab48bbefda1","local_time":"20210117165234","is_ascension_mode":true,"campfire_choices":[{"data":"The Bomb","floor":8,"key":"SMITH"},{"floor":15,"key":"REST"},{"floor":23,"key":"REST"}],"circlet_count":0,"master_deck":["Strike_R","Strike_R","Strike_R","Strike_R","Strike_R","Defend_R","Defend_R","Defend_R","Defend_R","Bash","The Bomb+1","Sword Boomerang","Spot Weakness","Offering","Cleave","Flex","Bash","Immolate","Flame Barrier","Juggernaut","Spot Weakness+1","Juggernaut","Carnage","Shockwave","Thunderclap"],"relics":["Burning Blood","Pear","Letter Opener","Black Star","Enchiridion"],"acts_visited":["Exordium","TheCity"],"potions_floor_usage":[14,16,18,22],"damage_taken":[{"damage":3,"enemies":"2 Louse","floor":1,"turns":3},{"damage":0,"enemies":"Cultist","floor":2,"turns":3},{"damage":0,"enemies":"Small Slimes","floor":3,"turns":3},{"damage":14,"enemies":"Blue Slaver","floor":5,"turns":5},{"damage":15,"enemies":"3 Sentries","floor":6,"turns":3},{"damage":4,"enemies":"Exordium Wildlife","floor":7,"turns":3},{"damage":13,"enemies":"2 Fungi Beasts","floor":10,"turns":2},{"damage":18,"enemies":"Gremlin Gang","floor":11,"turns":3},{"damage":16,"enemies":"Blue Slaver","floor":14,"turns":3},{"damage":6,"enemies":"Slime Boss","floor":16,"turns":5},{"damage":10,"enemies":"3 Byrds","floor":18,"turns":3},{"damage":33,"enemies":"Spheric Guardian","floor":19,"turns":4},{"damage":35,"enemies":"Centurion and Healer","floor":22,"turns":6},{"damage":44,"enemies":"Gremlin Leader","floor":24,"turns":4}],"seed_played":"-3498728890272910935","potions_obtained":[{"floor":1,"key":"Energy Potion"},{"floor":5,"key":"SpeedPotion"},{"floor":6,"key":"BlessingOfTheForge"},{"floor":16,"key":"BlessingOfTheForge"},{"floor":19,"key":"SteroidPotion"}],"is_trial":false,"path_per_floor":["M","M","M","?","M","E","M","R","T","M","M","$","?","M","R","B",null,"M","M","$","?","M","R","E"],"character_chosen":"IRONCLAD","items_purchased":["Juggernaut","Carnage","Shockwave"],"campfire_rested":2,"item_purchase_floors":[20,20,20],"current_hp_per_floor":[75,80,80,80,72,73,75,75,75,68,56,56,56,46,73,73,86,82,55,55,39,10,37,0,0],"gold":32,"neow_bonus":"RANDOM_COLORLESS_2","is_daily":false,"chose_seed":false,"campfire_upgraded":1,"win_rate":0.0,"timestamp":1610920354,"path_taken":["M","M","M","?","M","E","M","R","T","M","M","$","?","?","R","BOSS","M","M","$","?","M","R","E"],"items_purchased_type":["Card","Card","Card"],"build_version":"2020-12-22","purchased_purges":0,"victory":false,"max_hp_per_floor":[80,80,80,80,80,90,90,90,90,90,90,90,90,90,90,90,90,90,90,90,90,90,90,90,90],"card_choices":[{"not_picked":["Secret Weapon","Panache"],"picked":"The Bomb","floor":0},{"not_picked":["Heavy Blade","Havoc"],"picked":"Sword Boomerang","floor":1},{"not_picked":["Body Slam","Sentinel","Havoc"],"picked":"SKIP","floor":2},{"not_picked":["Bloodletting","Headbutt","Anger"],"picked":"SKIP","floor":3},{"not_picked":["Reckless Charge","Inflame"],"picked":"Spot Weakness","floor":5},{"not_picked":["Twin Strike","Sentinel"],"picked":"Offering","floor":6},{"not_picked":["Wild Strike","Battle Trance"],"picked":"Cleave","floor":7},{"not_picked":["Bloodletting","Burning Pact","Clash"],"picked":"SKIP","floor":10},{"not_picked":["Seeing Red","Shrug It Off"],"picked":"Flex","floor":11},{"not_picked":["Clothesline","Metallicize"],"picked":"Flame Barrier","floor":14},{"not_picked":["Corruption","Double Tap"],"picked":"Juggernaut","floor":16},{"not_picked":["Twin Strike","Havoc","Searing Blow"],"picked":"SKIP","floor":18},{"not_picked":["Combust+1","Infernal Blade"],"picked":"Spot Weakness+1","floor":19},{"not_picked":["Warcry","Ghostly Armor"],"picked":"Thunderclap","floor":22}],"player_experience":562923,"relics_obtained":[{"floor":6,"key":"Pear"},{"floor":9,"key":"Letter Opener"},{"floor":21,"key":"Enchiridion"}],"event_choices":[{"damage_healed":0,"gold_gain":0,"player_choice":"Leave","damage_taken":0,"max_hp_gain":0,"max_hp_loss":0,"event_name":"The Cleric","floor":4,"gold_loss":0},{"damage_healed":0,"gold_gain":0,"player_choice":"2 cards matched","damage_taken":0,"max_hp_gain":0,"max_hp_loss":0,"event_name":"Match and Keep!","floor":13,"gold_loss":0,"cards_obtained":["Bash","Immolate"]},{"damage_healed":0,"gold_gain":0,"player_choice":"Obtained Book","damage_taken":16,"max_hp_gain":0,"max_hp_loss":0,"event_name":"Cursed Tome","floor":21,"gold_loss":0}],"is_beta":false,"boss_relics":[{"not_picked":["Mark of Pain","Tiny House"],"picked":"Black Star"}],"items_purged_floors":[],"is_endless":false,"potions_floor_spawned":[1,5,6,11,16,19],"killed_by":"Gremlin Leader","ascension_level":9}}