{"host":"54jr43vd79817238","time":1610893364,"event":{"mods":["100% Spire Juice","ATMod(阿瑾Mod)","Act Like it!","Arknights The Spire","Aspiration","BaseMod","CapriCore","Dota2Spire","Friendly Minions","Gensokyo","GungeonMod","Hallownest","Hermit","Jedi Mod","KinomotoSakuraMod(木之本樱)","Lobotomy","LobotomyExtend","Mari Mod (Legacy)","Mari\u0027s V1 Patch","Marisa（F雨　魔理沙）","Minty Spire (QoL Compilation)","MostiFishMod","Quarter Circle Forward PUNCH!","Replay The Spire","Robot Space Explorer","RumiaBox-露米娅的神秘盒子","Spicy Shops","StSLib","TestMod","The Alterego","The Dragon Tamer","The Marked","WarShipGirlsR/战舰少女R mod","Yakumo Yukari mod","Youmu（魂魄妖梦）","vexMod","【遗物卡牌】REMEMod"],"gold_per_floor":[115,131,131,148,148,148,165,165,165,19,29,29,57,75,75,173,173,183,183,183,202,217,249,249,286,312,88,88,88,88,88,88,187,187,203,220,237,57,75,75,93,93,117,131,131,144,0,16,16,16,16,16,16,16,45,45],"floor_reached":57,"language":"ZHS","playtime":2159,"items_purged":["Pain"],"score":1176,"play_id":"dc243b16-7b31-4ff9-9e30-d2671e8f26a2","local_time":"20210117222244","is_ascension_mode":false,"campfire_choices":[{"floor":6.0,"key":"RECALL"},{"data":"AT_KingSlayer","floor":8.0,"key":"SMITH"},{"data":"theMarked:Indomitable","floor":15.0,"key":"SMITH"},{"floor":24,"key":"REST"},{"data":"theMarked:EternalStudent","floor":28,"key":"SMITH"},{"data":"theMarked:SoldierOfQuellstein","floor":30,"key":"SMITH"},{"floor":32,"key":"REST"},{"data":"theMarked:Improvise","floor":40,"key":"SMITH"},{"data":"theMarked:SuspiciousRaven","floor":45,"key":"SMITH"},{"data":"theMarked:ParalyzingBlade","floor":49,"key":"SMITH"},{"data":"theMarked:Electrocute","floor":53,"key":"SMITH"}],"circlet_count":0,"master_deck":["theMarked:Strike+1","theMarked:Strike+1","theMarked:Strike+1","theMarked:Strike+1","theMarked:Strike+1","theMarked:Defend","theMarked:Defend","theMarked:Defend","theMarked:Defend","theMarked:SoldierOfQuellstein+1","AT_KingSlayer+1","theMarked:Electrocute+1","theMarked:ContemptForTheProud","theMarked:Improvise+1","theMarked:SuspiciousRaven+1","theMarked:Indomitable+1","theMarked:EternalStudent+1","theMarked:ParalyzingBlade+1","theMarked:Aftermath","Doubt","theMarked:EmpowerWeapon+1","theMarked:ResourceFulStrike+1","theMarked:SwordAndMagic+1","theMarked:SwordAndMagic+1","theMarked:BanishingStrike+1","theMarked:ElectricStrings+1"],"relics":["theMarked:ArtifactOfAir","testmod-TestBox","DaveBox","REME_ComplimentaryCards","AT_ATBox","Chemical X","testmod-SaigiyounoYou","aspiration:Nostalgia","Boundary_crack","Ring of the Snake","Gensokyo:LunaticRedEyes","Dota2Spire:EchoSabre","Replay:Bottled Eggs","JellyFishMachine","Bag of Marbles","AT_RedTearstoneRing","SynthV","aspiration:PoetsPen_weak","Hallownest:StagBellRelic1","DemoMod:PoisonVial","REME_PuzzleBoxRelic","Snack Pack"],"acts_visited":["Gensokyo:Gensokyo","Hallownest:CityofTears","Hallownest:KingdomsEdge","TheEnding"],"potions_floor_usage":[23,50,56,56],"damage_taken":[{"damage":6.0,"enemies":"Gensokyo:Gryphon","floor":1.0,"turns":5.0},{"damage":4.0,"enemies":"Gensokyo:3_Fairies","floor":2.0,"turns":3.0},{"damage":5.0,"enemies":"Gensokyo:2_Kodama","floor":4.0,"turns":3.0},{"damage":15.0,"enemies":"Gensokyo:CorruptedTreant","floor":7.0,"turns":3.0},{"damage":4.0,"enemies":"Gensokyo:2_Rabbits","floor":11.0,"turns":3.0},{"damage":38.0,"enemies":"Gensokyo:Aya","floor":13.0,"turns":6.0},{"damage":2.0,"enemies":"Gensokyo:Gryphon_and_Rabbit","floor":14.0,"turns":4.0},{"damage":7.0,"enemies":"Gensokyo:Yukari","floor":16.0,"turns":7.0},{"damage":1.0,"enemies":"Hallownest:Flukemon_and_Top","floor":18.0,"turns":4.0},{"damage":3,"enemies":"Hallownest:2_Mistakes","floor":21,"turns":3},{"damage":11,"enemies":"Hallownest:3_Mistakes","floor":22,"turns":5},{"damage":80,"enemies":"Hallownest:eliteWatcherKnight","floor":23,"turns":12},{"damage":4,"enemies":"Hallownest:Glutton_and_Coward","floor":25,"turns":3},{"damage":47,"enemies":"Hallownest:BossMantisLord","floor":33,"turns":5},{"damage":0,"enemies":"Hallownest:Shield_Heavy","floor":35,"turns":3},{"damage":11,"enemies":"Hallownest:2_Littles","floor":36,"turns":3},{"damage":14,"enemies":"Hallownest:Slobbering_and_Violent","floor":37,"turns":3},{"damage":0,"enemies":"Hallownest:monsterPrimalAspid","floor":39,"turns":1},{"damage":0,"enemies":"Hallownest:2_Great","floor":41,"turns":2},{"damage":0,"enemies":"Hallownest:2_Soldiers_and_1_Guardian","floor":44,"turns":1},{"damage":0,"enemies":"Hallownest:monsterPrimalAspid","floor":46,"turns":2},{"damage":6,"enemies":"Hallownest:2_Wing_and_1_Kings","floor":48,"turns":2},{"damage":11,"enemies":"Hallownest:BossGreyPrinceZote","floor":50,"turns":2},{"damage":20,"enemies":"Shield and Spear","floor":55,"turns":2},{"damage":83,"enemies":"The Heart","floor":56,"turns":4}],"seed_played":"6594925365777773576","potions_obtained":[{"floor":2.0,"key":"Explosive Potion"},{"floor":11.0,"key":"Dexterity Potion"},{"floor":13.0,"key":"DemoMod:LeadSkinPotion"},{"floor":21,"key":"LiquidBronze"},{"floor":37,"key":"DuplicationPotion"},{"floor":39,"key":"ColorlessPotion"},{"floor":55,"key":"Strength Potion"}],"is_trial":false,"path_per_floor":["M","M","?","M","?","R","M","R","T","$","M","?","E","M","R","B",null,"M","?","?","M","M","E","R","M","T","$","R","?","R","$","R","B",null,"M","M","M","?","M","R","M","?","T","M","R","M","$","M","R","B",null,null,"R","$","E","B",null],"character_chosen":"THE_DEFAULT","items_purchased":["Dota2Spire:EchoSabre","SynthV","REME_PuzzleBoxRelic"],"campfire_rested":2,"item_purchase_floors":[10,27,47],"current_hp_per_floor":[69,68,68,69,69,69,59,59,59,59,63,63,36,41,41,57,70,70,70,70,70,67,14,35,39,39,39,39,39,39,39,60,33,70,70,60,63,63,64,64,70,70,70,70,70,68,68,66,66,64,64,68,68,68,53,23],"gold":45,"neow_bonus":"NOSTALGIA","is_daily":false,"chose_seed":false,"campfire_upgraded":8,"win_rate":0.0,"timestamp":1610893364,"path_taken":["M","M","?","?","?","R","?","R","T","$","M","?","E","M","R","BOSS","M","?","?","M","M","E","R","?","T","?","R","?","R","$","R","BOSS","M","?","M","?","M","R","M","?","T","M","R","M","$","M","R","BOSS","R","$","E","BOSS"],"items_purchased_type":["Relic","Relic","Relic"],"build_version":"2020-12-22","purchased_purges":1,"victory":true,"max_hp_per_floor":[70,70,70,70,70,70,70,70,70,70,70,70,70,70,70,70,70,70,70,70,70,70,70,70,70,70,70,70,70,70,70,70,70,70,70,70,70,70,70,70,70,70,70,70,70,68,68,68,68,68,68,68,68,68,68,68],"card_choices":[{"not_picked":["theMarked:WastefulDefense","theMarked:GodGivenPower"],"picked":"theMarked:Electrocute","floor":1.0},{"not_picked":["theMarked:ElectricStrings","theMarked:BanishingWave"],"picked":"theMarked:ContemptForTheProud","floor":2.0},{"not_picked":["theMarked:Frustration","theMarked:WastefulAttack","theMarked:Electrify"],"picked":"SKIP","floor":4.0},{"not_picked":["theMarked:Static","theMarked:ResourceFulStrike"],"picked":"theMarked:Improvise","floor":7.0},{"not_picked":["theMarked:EmpowerWeapon","theMarked:Static"],"picked":"theMarked:SuspiciousRaven","floor":11.0},{"not_picked":["theMarked:ResourceFulStrike","theMarked:WastefulAttack"],"picked":"theMarked:Indomitable","floor":12.0},{"not_picked":["theMarked:ChainLightning","theMarked:SwordAndMagic","theMarked:WardOff"],"picked":"SKIP","floor":13.0},{"not_picked":["theMarked:Generate","theMarked:Indomitable","theMarked:Electrify"],"picked":"SKIP","floor":14.0},{"not_picked":["theMarked:TurnInvisible","theMarked:SuspiciousRaven"],"picked":"theMarked:EternalStudent","floor":16.0},{"not_picked":["theMarked:BanishingWave","theMarked:EnhanceMovement","theMarked:ChainLightning"],"picked":"SKIP","floor":18.0},{"not_picked":["theMarked:EmpowerWeapon","theMarked:WastefulDefense"],"picked":"theMarked:ParalyzingBlade","floor":21},{"not_picked":["theMarked:ResourceFulStrike","theMarked:Improvise"],"picked":"theMarked:Aftermath","floor":22},{"not_picked":["theMarked:DeterminationOfTheMarked","theMarked:PowerFlow","theMarked:Frustration"],"picked":"SKIP","floor":23},{"not_picked":["theMarked:Aftermath+1","theMarked:SwordAndMagic+1","theMarked:Parry+1"],"picked":"SKIP","floor":25},{"not_picked":["theMarked:Generate","theMarked:Indomitable","theMarked:Improvise+1"],"picked":"SKIP","floor":35},{"not_picked":["theMarked:Overcharge","theMarked:TwofoldDefense","theMarked:MaelstromOfLightning+1"],"picked":"SKIP","floor":36},{"not_picked":["theMarked:Aftermath+1","theMarked:Overthink","theMarked:TwofoldDefense+1"],"picked":"SKIP","floor":37},{"not_picked":["theMarked:Static+1","theMarked:WardOff+1"],"picked":"theMarked:EmpowerWeapon+1","floor":39},{"not_picked":["theMarked:CreepingChasm","theMarked:TurnInvisible"],"picked":"theMarked:ResourceFulStrike+1","floor":41},{"not_picked":["theMarked:Static+1","theMarked:Frustration"],"picked":"theMarked:SwordAndMagic+1","floor":44},{"not_picked":["theMarked:Static","theMarked:HeightenedSenses"],"picked":"theMarked:SwordAndMagic+1","floor":46},{"not_picked":["theMarked:WastefulDefense","theMarked:Frustration"],"picked":"theMarked:BanishingStrike+1","floor":48},{"not_picked":["theMarked:WastefulAttack+1","theMarked:TunnelVision+1"],"picked":"theMarked:ElectricStrings+1","floor":55}],"player_experience":269410,"relics_obtained":[{"floor":13.0,"key":"Replay:Bottled Eggs"},{"floor":23,"key":"Bag of Marbles"},{"floor":26,"key":"AT_RedTearstoneRing"},{"floor":43,"key":"DemoMod:PoisonVial"},{"floor":55,"key":"Snack Pack"}],"event_choices":[{"damage_healed":0.0,"max_hp_gain":0.0,"max_hp_loss":0.0,"gold_gain":0.0,"event_name":"给自己的盒子","player_choice":"Swap Relic","floor":3.0,"relics_lost":["aspiration:Nostalgia"],"gold_loss":0.0,"damage_taken":0.0,"relics_obtained":["aspiration:Nostalgia"]}],"is_beta":false,"boss_relics":[{"not_picked":["MariMod:MariFestivalBadge","Empty Cage"],"picked":"JellyFishMachine"},{"not_picked":["vexMod:BigBerry","Painkiller Herb"],"picked":"aspiration:PoetsPen_weak"}],"items_purged_floors":[27],"is_endless":false,"potions_floor_spawned":[2,11,13,21,37,39,55],"ascension_level":0}}