{"host":"u5p72gjg7qm9i6r4","time":1610917701,"event":{"mods":["AchievementEnabler","BaseMod","Curses Come First","Highlight Path","Minty Spire (QoL Compilation)","Rare Cards Sparkle","StSLib"],"gold_per_floor":[115,130,144,162,162,162,14,74,74,88,118,118,143,44,44,145,145,157,157,157,176,196,230,230,247,247,24,54,67,67,96,96,198,198,209,209,258,268,283,283,308,318,318,336,362,375,375,387,387,387,387,387,92,125,125],"floor_reached":56,"language":"ENG","playtime":4118,"items_purged":["Strike_R","Parasite"],"score":1309,"play_id":"210e3247-9483-431a-90f9-38e4ca635c04","local_time":"20210117150821","is_ascension_mode":false,"campfire_choices":[{"data":"Clothesline","floor":6.0,"key":"SMITH"},{"data":"Bash","floor":12.0,"key":"SMITH"},{"data":"Shrug It Off","floor":15.0,"key":"SMITH"},{"data":"Double Tap","floor":24.0,"key":"SMITH"},{"floor":32.0,"key":"REST"},{"data":"Demon Form","floor":40.0,"key":"SMITH"},{"floor":47.0,"key":"RECALL"},{"floor":49.0,"key":"REST"},{"data":"Metallicize","floor":52.0,"key":"SMITH"}],"circlet_count":0,"master_deck":["Defend_R+1","Defend_R+1","Defend_R+1","Defend_R+1","Bash+1","Wild Strike","Spot Weakness+1","Clothesline+1","Pummel","Double Tap+1","Carnage","Bloodletting","Headbutt","Shrug It Off+1","Feed","Second Wind","Flex+1","Seeing Red","Metallicize+1","Evolve","Combust","Spot Weakness+1","Bite","Bite","Bite","Bite","Bite","Thunderclap+1","Demon Form+1","Spot Weakness+1","Flame Barrier+1","Pommel Strike+1","Heavy Blade","Pommel Strike+1","Exhume+1","Rage+1","Shrug It Off+1","Demon Form"],"relics":["Burning Blood","War Paint","Strange Spoon","Champion Belt","FossilizedHelix","Orichalcum","Sundial","Velvet Choker","Nilry\u0027s Codex","Mummified Hand","Bag of Marbles","Unceasing Top","Red Mask","SlaversCollar","Torii","Ice Cream","Toxic Egg 2","Centennial Puzzle","Happy Flower"],"acts_visited":["Exordium","TheCity","TheBeyond","TheEnding"],"potions_floor_usage":[55,55],"damage_taken":[{"damage":0.0,"enemies":"Cultist","floor":1.0,"turns":5.0},{"damage":5.0,"enemies":"Jaw Worm","floor":2.0,"turns":4.0},{"damage":3.0,"enemies":"Small Slimes","floor":3.0,"turns":3.0},{"damage":4.0,"enemies":"Looter","floor":4.0,"turns":4.0},{"damage":10.0,"enemies":"Gremlin Nob","floor":8.0,"turns":4.0},{"damage":4.0,"enemies":"2 Fungi Beasts","floor":10.0,"turns":4.0},{"damage":0.0,"enemies":"Gremlin Nob","floor":11.0,"turns":3.0},{"damage":3.0,"enemies":"Lagavulin","floor":13.0,"turns":6.0},{"damage":45.0,"enemies":"Hexaghost","floor":16.0,"turns":10.0},{"damage":2.0,"enemies":"Shell Parasite","floor":18.0,"turns":4.0},{"damage":0.0,"enemies":"Spheric Guardian","floor":21.0,"turns":3.0},{"damage":5.0,"enemies":"Snake Plant","floor":22.0,"turns":3.0},{"damage":8.0,"enemies":"Book of Stabbing","floor":23.0,"turns":4.0},{"damage":6.0,"enemies":"3 Cultists","floor":25.0,"turns":5.0},{"damage":17.0,"enemies":"Slavers","floor":28.0,"turns":6.0},{"damage":0.0,"enemies":"Shelled Parasite and Fungi","floor":29.0,"turns":3.0},{"damage":27.0,"enemies":"Masked Bandits","floor":31.0,"turns":4.0},{"damage":61.0,"enemies":"Collector","floor":33.0,"turns":12.0},{"damage":6.0,"enemies":"Orb Walker","floor":35.0,"turns":3.0},{"damage":0.0,"enemies":"2 Orb Walkers","floor":37.0,"turns":4.0},{"damage":4.0,"enemies":"3 Shapes","floor":38.0,"turns":5.0},{"damage":9.0,"enemies":"Jaw Worm Horde","floor":39.0,"turns":4.0},{"damage":56.0,"enemies":"Giant Head","floor":41.0,"turns":9.0},{"damage":1.0,"enemies":"Writhing Mass","floor":42.0,"turns":4.0},{"damage":17.0,"enemies":"Spire Growth","floor":44.0,"turns":6.0},{"damage":16.0,"enemies":"Reptomancer","floor":45.0,"turns":5.0},{"damage":13.0,"enemies":"Jaw Worm Horde","floor":46.0,"turns":5.0},{"damage":24.0,"enemies":"Sphere and 2 Shapes","floor":48.0,"turns":7.0},{"damage":24.0,"enemies":"Donu and Deca","floor":50.0,"turns":5.0},{"damage":56.0,"enemies":"Shield and Spear","floor":54.0,"turns":7.0},{"damage":79,"enemies":"The Heart","floor":55,"turns":11}],"seed_played":"-1201163172700802344","potions_obtained":[{"floor":8.0,"key":"ColorlessPotion"},{"floor":10.0,"key":"EssenceOfSteel"},{"floor":11.0,"key":"BloodPotion"},{"floor":18.0,"key":"Energy Potion"},{"floor":29.0,"key":"Energy Potion"},{"floor":38.0,"key":"LiquidMemories"},{"floor":39.0,"key":"LiquidMemories"},{"floor":45.0,"key":"ElixirPotion"},{"floor":46.0,"key":"FairyPotion"},{"floor":48.0,"key":"Ancient Potion"}],"is_trial":false,"path_per_floor":["M","M","M","M","?","R","$","?","T","M","E","R","E","$","R","B",null,"M","?","?","M","M","E","R","M","T","$","E","M","?","?","R","B",null,"M","?","?","M","M","R","E","M","T","M","E","M","R","M","R","B",null,"R","$","E","B",null],"character_chosen":"IRONCLAD","items_purchased":["Strange Spoon","Shrug It Off","Bag of Marbles","Evolve","Demon Form","BloodPotion"],"campfire_rested":2,"item_purchase_floors":[7,14,27,27,53,53],"current_hp_per_floor":[80,80,80,80,80,80,80,76,76,78,80,80,80,80,80,41,80,80,80,64,73,74,72,72,72,72,72,61,67,58,44,61,18,61,61,61,61,61,61,61,15,24,24,17,15,10,10,17,36,27,67,67,64,21,7],"gold":125,"neow_bonus":"RANDOM_COMMON_RELIC","is_daily":false,"chose_seed":false,"campfire_upgraded":6,"win_rate":0.0,"timestamp":1610917701,"path_taken":["M","M","M","M","?","R","$","?","T","M","E","R","E","$","R","BOSS","M","?","?","M","M","E","R","M","T","$","E","M","?","?","R","BOSS","M","?","?","M","M","R","E","M","T","M","E","M","R","M","R","BOSS","R","$","E","BOSS"],"items_purchased_type":["Relic","Card","Relic","Card","Card","Potion"],"build_version":"2020-12-22","purchased_purges":2,"victory":true,"max_hp_per_floor":[80,80,80,80,80,80,80,80,80,80,80,80,80,80,80,80,80,80,80,80,83,83,83,83,83,83,83,83,83,58,61,61,61,61,61,61,61,61,61,61,61,61,61,61,61,61,61,64,64,67,67,67,64,67,67],"card_choices":[{"not_picked":["Body Slam","Havoc"],"picked":"Wild Strike","floor":1.0},{"not_picked":["Clothesline","Entrench"],"picked":"Spot Weakness","floor":2.0},{"not_picked":["Clash","Flex"],"picked":"Clothesline","floor":3.0},{"not_picked":["Armaments","Dark Embrace"],"picked":"Pummel","floor":4.0},{"not_picked":["Warcry","Dark Embrace"],"picked":"Double Tap","floor":8.0},{"not_picked":["Havoc","Body Slam"],"picked":"Carnage","floor":10.0},{"not_picked":["Dropkick","Perfected Strike"],"picked":"Bloodletting","floor":11.0},{"not_picked":["Twin Strike","Carnage"],"picked":"Headbutt","floor":13.0},{"not_picked":["Barricade","Immolate"],"picked":"Feed","floor":16.0},{"not_picked":["Havoc+1","Iron Wave","Clothesline+1"],"picked":"SKIP","floor":18.0},{"not_picked":["Searing Blow","True Grit"],"picked":"Second Wind","floor":21.0},{"not_picked":["Second Wind","Armaments"],"picked":"Flex+1","floor":22.0},{"not_picked":["Wild Strike+1","Dropkick"],"picked":"Seeing Red","floor":23.0},{"not_picked":["Carnage+1","Rampage"],"picked":"Metallicize","floor":25.0},{"not_picked":["Uppercut","Impervious"],"picked":"Combust","floor":28.0},{"not_picked":["Pommel Strike+1","Armaments+1"],"picked":"Spot Weakness+1","floor":29.0},{"not_picked":["True Grit","Clash"],"picked":"Thunderclap+1","floor":31.0},{"not_picked":["Reaper","Fiend Fire"],"picked":"Demon Form","floor":33.0},{"not_picked":["Thunderclap+1","Anger"],"picked":"Spot Weakness+1","floor":35.0},{"not_picked":["Armaments","Twin Strike+1"],"picked":"Flame Barrier+1","floor":37.0},{"not_picked":["Wild Strike+1","Havoc+1"],"picked":"Pommel Strike+1","floor":38.0},{"not_picked":["Carnage","Second Wind+1"],"picked":"Heavy Blade","floor":39.0},{"not_picked":["Heavy Blade+1","Armaments","Flex"],"picked":"SKIP","floor":41.0},{"not_picked":["Heavy Blade+1","Armaments","Flex"],"picked":"SKIP","floor":41.0},{"not_picked":["Shrug It Off","Clash"],"picked":"Pommel Strike+1","floor":42.0},{"not_picked":["Wild Strike+1","Blood for Blood"],"picked":"Exhume+1","floor":44.0},{"not_picked":["Perfected Strike+1","True Grit+1","Wild Strike+1"],"picked":"SKIP","floor":45.0},{"not_picked":["Sword Boomerang","Perfected Strike+1"],"picked":"Rage+1","floor":46.0},{"not_picked":["Bloodletting+1","Wild Strike+1"],"picked":"Shrug It Off+1","floor":48.0},{"not_picked":["Hemokinesis+1","Bloodletting+1","Ghostly Armor+1"],"picked":"SKIP","floor":54.0}],"player_experience":103906,"relics_obtained":[{"floor":8.0,"key":"Champion Belt"},{"floor":9.0,"key":"FossilizedHelix"},{"floor":11.0,"key":"Orichalcum"},{"floor":13.0,"key":"Sundial"},{"floor":20.0,"key":"Nilry\u0027s Codex"},{"floor":23.0,"key":"Mummified Hand"},{"floor":28.0,"key":"Unceasing Top"},{"floor":31.0,"key":"Red Mask"},{"floor":37.0,"key":"Torii"},{"floor":41.0,"key":"Ice Cream"},{"floor":43.0,"key":"Toxic Egg 2"},{"floor":45.0,"key":"Centennial Puzzle"},{"floor":54.0,"key":"Happy Flower"}],"event_choices":[{"damage_healed":0.0,"max_hp_gain":0.0,"max_hp_loss":0.0,"gold_gain":0.0,"event_name":"Living Wall","player_choice":"Grow","floor":5.0,"gold_loss":0.0,"damage_taken":0.0,"cards_upgraded":["Spot Weakness"]},{"damage_healed":0.0,"max_hp_gain":0.0,"max_hp_loss":0.0,"gold_gain":0.0,"event_name":"Dead Adventurer","player_choice":"Searched \u00271\u0027 times","floor":8.0,"gold_loss":0.0,"damage_taken":0.0},{"damage_healed":0.0,"max_hp_gain":0.0,"max_hp_loss":0.0,"gold_gain":0.0,"event_name":"Back to Basics","player_choice":"Simplicity","floor":19.0,"gold_loss":0.0,"damage_taken":0.0,"cards_upgraded":["Strike_R","Strike_R","Strike_R","Strike_R","Defend_R","Defend_R"]},{"damage_healed":0.0,"max_hp_gain":0.0,"max_hp_loss":0.0,"gold_gain":0.0,"event_name":"Cursed Tome","player_choice":"Obtained Book","floor":20.0,"gold_loss":0.0,"damage_taken":16.0},{"damage_healed":0.0,"max_hp_gain":0.0,"max_hp_loss":25.0,"gold_gain":0.0,"event_name":"Vampires","player_choice":"Became a vampire","floor":30.0,"gold_loss":0.0,"damage_taken":0.0,"cards_obtained":["Bite","Bite","Bite","Bite","Bite"]},{"damage_healed":0.0,"max_hp_gain":0.0,"max_hp_loss":0.0,"gold_gain":0.0,"event_name":"Masked Bandits","player_choice":"Fought Bandits","floor":31.0,"gold_loss":0.0,"damage_taken":0.0},{"damage_healed":0.0,"max_hp_gain":0.0,"max_hp_loss":0.0,"gold_gain":0.0,"event_name":"SensoryStone","player_choice":"Memory 1","floor":36.0,"gold_loss":0.0,"damage_taken":0.0},{"damage_healed":0.0,"max_hp_gain":0.0,"max_hp_loss":0.0,"gold_gain":0.0,"event_name":"Mysterious Sphere","player_choice":"Fight","floor":37.0,"gold_loss":0.0,"damage_taken":0.0}],"is_beta":false,"boss_relics":[{"not_picked":["Calling Bell","Philosopher\u0027s Stone"],"picked":"Velvet Choker"},{"not_picked":["Tiny House","Runic Pyramid"],"picked":"SlaversCollar"}],"items_purged_floors":[14,53],"is_endless":false,"potions_floor_spawned":[8,10,11,18,21,22,29,33,38,39,45,46,48],"ascension_level":0}}