{"host":"fdmexzkyss3ff9bv","time":1610888255,"event":{"mods":["BaseMod","Beaked The Cultist","BetterRewards","Downfall","Glutton Mod","Halation","Hubris","Infinite Spire","Minty Spire (QoL Compilation)","Replay The Spire","StSLib","The Blackbeard","The Bug Knight","The Construct","The Mystic","The Servant 0.9.4","The Witch"],"gold_per_floor":[193,213,213,213,224,244,271,282,313,313,368,293,310,325,345,445,545,545,561,578,578,596,607,675,775,791,776,809,809,734,734,746,842,842,767,786,797,797,816,851,1151,1198,1198,1234,1234,792,792,792,815,815],"floor_reached":51,"playtime":4547,"items_purged":["Regret"],"score":829,"play_id":"9af3ce19-4a06-4a49-8aac-037e49d77789","local_time":"20210117135735","is_ascension_mode":false,"campfire_choices":[{"floor":12.0,"key":"REST"},{"floor":18.0,"key":"DIG"},{"floor":30.0,"key":"RECALL"},{"data":"Slimebound:Split","floor":35.0,"key":"SMITH"},{"floor":43,"key":"REST"},{"data":"Slimebound:OozeBath","floor":45,"key":"SMITH"},{"floor":47,"key":"DIG"}],"circlet_count":0,"master_deck":["Slimebound:Strike_Slimebound","Slimebound:Strike_Slimebound","Slimebound:Strike_Slimebound","Slimebound:Tackle","Slimebound:Defend_Slimebound","Slimebound:Defend_Slimebound","Slimebound:Defend_Slimebound","Slimebound:Defend_Slimebound","Slimebound:Split+1","Slimebound:CorrosiveSpit","Slimebound:PressTheAttack","Slimebound:SamplingLick","Slimebound:ItLooksTasty","Slimebound:AcidTongue","Slimebound:LeechLife","Slimebound:SamplingLick","Slimebound:GoopSpray","Slimebound:LeechingTouch","Slimebound:ViciousTackle","Slimebound:MassRepurpose","Slimebound:HauntingLick+1","Slimebound:SlimeBrawl","Slimebound:SplitMire","Slimebound:HauntingLick+1","Slimebound:OozeBath+1","Slimebound:GoopSpray+1","Slimebound:ViciousTackle+1","Slimebound:LeechEnergy","ReplayTheSpireMod:Echoes of Time","Pain","Slimebound:GoopSpray+1","Slimebound:MassRepurpose","Slimebound:GoopSpray+1","Slimebound:Schlurp+1","Slimebound:Darklings","Slimebound:Equalize+1","Slimebound:GoopSpray","Slimebound:ProtectTheBoss+1","Slimebound:SplitAcid+1","Slimebound:AcidTongue+1","Slimebound:RejuvenatingLick+1","Slimebound:ViciousTackle+1","Slimebound:SplitAcid+1"],"relics":["Slimebound:AbsorbEndCombat","HollowMod:StagPassRelic","halation:EternalFortune","Shuriken","hubris:Icosahedron","Blue Doll","downfall:HeartBlessingBlue","Replay:Wanted Poster","halation:VictoryRuler","infinitespire:BottledMercury","infinitespire:Joker Card","infinitespire:Bottled Soul","Art of War","downfall:HeartBlessingGreen","WarpedTongs","halation:PinkAlligatorPlush","downfall:HeartBlessingRed","HollowMod:PaleOreRelic","Old Coin","Ginger","CeramicFish","Shovel","hubris:SlimyHat"],"acts_visited":["Exordium","TheCity","TheBeyond"],"potions_floor_usage":[44],"damage_taken":[{"damage":16.0,"enemies":"Jaw Worm","floor":2.0,"turns":4.0},{"damage":13.0,"enemies":"Small Slimes","floor":5.0,"turns":3.0},{"damage":4.0,"enemies":"Cultist","floor":6.0,"turns":3.0},{"damage":23.0,"enemies":"3 Louse","floor":8.0,"turns":3.0},{"damage":34.0,"enemies":"3 Sentries","floor":9.0,"turns":8.0},{"damage":44.0,"enemies":"Gremlin Nob","floor":11.0,"turns":4.0},{"damage":32.0,"enemies":"Exordium Thugs","floor":13.0,"turns":5.0},{"damage":10.0,"enemies":"2 Fungi Beasts","floor":14.0,"turns":3.0},{"damage":4.0,"enemies":"Large Slime","floor":15.0,"turns":3.0},{"damage":90.0,"enemies":"downfall:Ironclad","floor":16.0,"turns":9.0},{"damage":27.0,"enemies":"Spheric Guardian","floor":19.0,"turns":4.0},{"damage":30.0,"enemies":"Shell Parasite","floor":20.0,"turns":5.0},{"damage":24.0,"enemies":"Snake Plant","floor":22.0,"turns":4.0},{"damage":32.0,"enemies":"Cultist and Chosen","floor":23.0,"turns":5.0},{"damage":46.0,"enemies":"Colosseum Nobs","floor":25.0,"turns":5.0},{"damage":21.0,"enemies":"Shelled Parasite and Fungi","floor":26.0,"turns":4.0},{"damage":17.0,"enemies":"downfall:FleeingMerchant","floor":27.0,"turns":4.0},{"damage":40.0,"enemies":"Book of Stabbing","floor":28.0,"turns":5.0},{"damage":24.0,"enemies":"Snake Plant","floor":32.0,"turns":3.0},{"damage":29.0,"enemies":"downfall:Defect","floor":33.0,"turns":5.0},{"damage":24.0,"enemies":"3 Shapes","floor":36.0,"turns":4.0},{"damage":38.0,"enemies":"Orb Walker","floor":37.0,"turns":3.0},{"damage":50,"enemies":"4 Shapes","floor":39,"turns":4},{"damage":66,"enemies":"Giant Head","floor":40,"turns":7},{"damage":45,"enemies":"2 Orb Walkers","floor":42,"turns":3},{"damage":98,"enemies":"Nemesis","floor":44,"turns":5},{"damage":22,"enemies":"downfall:FleeingMerchant","floor":46,"turns":4},{"damage":12,"enemies":"3 Darklings","floor":49,"turns":4},{"damage":44,"enemies":"downfall:Watcher","floor":50,"turns":6}],"seed_played":"3677010159606384846","potions_obtained":[{"floor":2.0,"key":"Explosive Potion"},{"floor":9.0,"key":"Swift Potion"},{"floor":15.0,"key":"Elixir"},{"floor":16.0,"key":"Swift Potion"},{"floor":21.0,"key":"Strength Potion"},{"floor":21.0,"key":"Cursed Concoction"},{"floor":25.0,"key":"ColorlessPotion"},{"floor":26.0,"key":"Languid Potion"},{"floor":28.0,"key":"Venom Potion"},{"floor":32.0,"key":"sneckomod:MuddlingPotion"}],"is_trial":false,"path_per_floor":["R","M","?","?","M","M","T","M","E","?","?","R","M","M","M","B",null,"R","M","M","?","M","M","T","?","M","$","E","?","R","?","M","B",null,"R","M","M","?","M","E","T","?","R","E","R","$","R","?","M","B",null],"character_chosen":"SLIMEBOUND","items_purchased":["Shovel","Slimebound:RejuvenatingLick","Slimebound:ViciousTackle"],"campfire_rested":2,"item_purchase_floors":[46,46,46],"current_hp_per_floor":[66,61,61,64,68,68,68,53,31,31,28,63,58,76,85,26,88,88,73,82,82,74,77,77,63,62,65,86,65,65,65,67,64,91,91,94,81,81,55,51,51,26,54,94,94,94,94,94,94,80],"gold":815,"neow_bonus":"TEN_PERCENT_HP_BONUS","is_daily":false,"chose_seed":false,"campfire_upgraded":2,"win_rate":0.0,"timestamp":1610888255,"path_taken":["R","M","?","?","M","?","T","M","E","?","?","R","M","M","M","BOSS","R","M","M","?","?","M","T","?","M","$","E","?","R","?","M","BOSS","R","M","M","?","M","E","T","?","R","E","R","$","R","?","M","BOSS"],"items_purchased_type":["Relic","Card","Card"],"build_version":"2020-12-13","purchased_purges":1,"victory":true,"max_hp_per_floor":[66,66,66,69,69,72,72,72,72,72,75,85,85,85,85,88,88,88,88,91,91,91,91,91,91,91,91,91,91,91,91,91,91,91,91,94,94,94,94,94,94,94,94,94,94,94,94,94,94,94],"card_choices":[{"not_picked":["Slimebound:SplitAcid","Slimebound:SlimeBarrage"],"picked":"Slimebound:PressTheAttack","floor":2.0},{"not_picked":["Slimebound:SpikyOuterGoop","Slimebound:PressTheAttack"],"picked":"Slimebound:SamplingLick","floor":5.0},{"not_picked":["Slimebound:SplitAcid","Slimebound:GoopTackle"],"picked":"Slimebound:ItLooksTasty","floor":6.0},{"not_picked":["Slimebound:PressTheAttack","Slimebound:Nibble"],"picked":"Slimebound:AcidTongue","floor":8.0},{"not_picked":["Slimebound:SamplingLick","Slimebound:SplitBruiser"],"picked":"Slimebound:LeechLife","floor":9.0},{"not_picked":["Slimebound:RollThrough","Slimebound:LeechingTouch"],"picked":"Slimebound:SamplingLick","floor":11.0},{"not_picked":["Slimebound:SplitMire","Slimebound:ProtectTheBoss"],"picked":"Slimebound:GoopSpray","floor":13.0},{"not_picked":["Slimebound:SplitLeeching","Slimebound:PressTheAttack"],"picked":"Slimebound:LeechingTouch","floor":14.0},{"not_picked":["Slimebound:ComboTackle","Slimebound:LeechEnergy"],"picked":"Slimebound:ViciousTackle","floor":15.0},{"not_picked":["Slimebound:DuplicatedForm","Slimebound:Overexert"],"picked":"Slimebound:MassRepurpose","floor":16.0},{"not_picked":["Slimebound:ComboTackle+1","Slimebound:ItLooksTasty"],"picked":"Slimebound:HauntingLick+1","floor":19.0},{"not_picked":["Slimebound:ProtectTheBoss","Slimebound:Repurpose"],"picked":"Slimebound:SlimeBrawl","floor":20.0},{"not_picked":["Slimebound:ComboTackle+1","Slimebound:ProtectTheBoss+1"],"picked":"Slimebound:SplitMire","floor":22.0},{"not_picked":["Slimebound:ViciousTackle","Slimebound:FlameTackle+1"],"picked":"Slimebound:HauntingLick+1","floor":23.0},{"not_picked":["Slimebound:DisruptingSlam+1","Slimebound:GrowthPunch"],"picked":"Slimebound:OozeBath","floor":25.0},{"not_picked":["Slimebound:FlameTackle","Slimebound:LeechEnergy"],"picked":"Slimebound:GoopSpray+1","floor":26.0},{"not_picked":["Slimebound:LeechEnergy","Slimebound:SelfFormingGoo"],"picked":"Slimebound:ViciousTackle","floor":27.0},{"not_picked":["Slimebound:SplitLeeching","Slimebound:GrowthPunch"],"picked":"Slimebound:LeechEnergy","floor":28.0},{"not_picked":["ReplayTheSpireMod:Haul","infinitespire:DeathsTouch"],"picked":"ReplayTheSpireMod:Echoes of Time","floor":29.0},{"not_picked":["Slimebound:Grow","Slimebound:ViciousTackle"],"picked":"Slimebound:GoopSpray+1","floor":32.0},{"not_picked":["Slimebound:Teamwork","Slimebound:SlimeSlap"],"picked":"Slimebound:MassRepurpose","floor":33.0},{"not_picked":["Slimebound:LeechingTouch+1","Slimebound:Nibble"],"picked":"Slimebound:GoopSpray+1","floor":36.0},{"not_picked":["Slimebound:RollThrough","Slimebound:Replication"],"picked":"Slimebound:Schlurp+1","floor":37.0},{"not_picked":["Slimebound:SplitLeeching","Slimebound:SplitBruiser"],"picked":"Slimebound:Equalize+1","floor":39},{"not_picked":["Slimebound:LeechEnergy+1","Slimebound:LeechingTouch"],"picked":"Slimebound:GoopSpray","floor":40},{"not_picked":["Slimebound:SplitAcid+1","Slimebound:SlimeTap"],"picked":"Slimebound:ProtectTheBoss+1","floor":42},{"not_picked":["Slimebound:MinionMaster","Slimebound:FinishingTackle+1"],"picked":"Slimebound:SplitAcid+1","floor":44},{"not_picked":["Slimebound:SlimeSpikes+1","Slimebound:RollThrough"],"picked":"Slimebound:AcidTongue","floor":46},{"not_picked":["Slimebound:SlimeBarrage+1","Slimebound:SplitBruiser+1"],"picked":"Slimebound:SplitAcid+1","floor":49}],"player_experience":138520,"relics_obtained":[{"floor":6.0,"key":"halation:EternalFortune"},{"floor":9.0,"key":"Shuriken"},{"floor":11.0,"key":"halation:EternalFortune"},{"floor":16.0,"key":"halation:EternalFortune"},{"floor":18.0,"key":"halation:VictoryRuler"},{"floor":20.0,"key":"halation:EternalFortune"},{"floor":24.0,"key":"infinitespire:BottledMercury"},{"floor":25.0,"key":"infinitespire:Joker Card"},{"floor":25.0,"key":"infinitespire:Bottled Soul"},{"floor":28.0,"key":"Art of War"},{"floor":36.0,"key":"halation:EternalFortune"},{"floor":40,"key":"HollowMod:PaleOreRelic"},{"floor":41,"key":"Old Coin"},{"floor":42,"key":"Ginger"},{"floor":44,"key":"CeramicFish"},{"floor":47,"key":"hubris:SlimyHat"}],"event_choices":[{"damage_healed":0.0,"max_hp_gain":0.0,"max_hp_loss":0.0,"gold_gain":0.0,"event_name":"Big Fish","player_choice":"Box","floor":3.0,"gold_loss":0.0,"damage_taken":0.0,"relics_obtained":["HollowMod:StagPassRelic"],"cards_obtained":["Regret"]},{"damage_healed":0.0,"max_hp_gain":0.0,"max_hp_loss":0.0,"gold_gain":0.0,"event_name":"Lab","player_choice":"Got Potions","floor":21.0,"gold_loss":0.0,"damage_taken":0.0},{"damage_healed":0.0,"max_hp_gain":0.0,"max_hp_loss":0.0,"gold_gain":0.0,"event_name":"Accursed Blacksmith","player_choice":"Rummage","floor":31.0,"gold_loss":0.0,"damage_taken":0.0,"relics_obtained":["WarpedTongs"],"cards_obtained":["Pain"]},{"damage_healed":0,"gold_gain":0,"player_choice":"Fight","damage_taken":0,"max_hp_gain":0,"max_hp_loss":0,"event_name":"Mysterious Sphere","floor":42,"gold_loss":0}],"is_beta":false,"boss_relics":[{"not_picked":["halation:ForbiddenBikini","Slimebound:AbsorbEndCombatUpgraded"],"picked":"Replay:Wanted Poster"},{"not_picked":["Busted Crown","hubris:GrandSneckoEye"],"picked":"halation:PinkAlligatorPlush"}],"items_purged_floors":[46],"is_endless":false,"potions_floor_spawned":[2,9,15,16,25,26,28,32,33,36,39,40],"ascension_level":0}}