{"host":"lzzv50t0ea3gz1kk","time":1610864457,"event":{"mods":["ATMod(°¢èªMod)","Act Like it!","BaseMod","Gensokyo","Hallownest","Hermit","Marisa£¨ìFÓê¡¡Ä§ÀíÉ³£©","Minty Spire (QoL Compilation)","Replay The Spire","Robot Space Explorer","StSLib","The Animator"],"gold_per_floor":[113,165,25,37,55,55,55,72,153,166,96,96,107,47,47,151,151,171,171,171,184,196,227,86,86,86],"floor_reached":25,"language":"ZHS","playtime":1236,"items_purged":["Clumsy","animator:Curse_Nutcracker"],"score":232,"play_id":"25eb4040-a98b-4d81-899e-562425d25dbd","local_time":"20210117142057","is_ascension_mode":true,"campfire_choices":[{"data":"Toxin Wave","floor":7,"key":"SMITH"},{"data":"Adrenaline","floor":15,"key":"SMITH"}],"circlet_count":0,"master_deck":["Strike_G","Strike_G+1","Defend_G","Defend_G","Defend_G","Survivor","Bullet Time+1","Toxin Wave+1","Deadly Poison","Adrenaline+1","Burst","animator:Curse_Nutcracker","A Thousand Cuts","Atom Bomb"],"relics":["Ring of the Snake","AT_ATBox","Oddly Smooth Stone","AT_RabadonDeathcap","Gensokyo:NagashiBinaDoll","The Courier","Happy Flower","Kintsugi","Pen Nib","Frozen Eye"],"acts_visited":["Gensokyo:Gensokyo","Gensokyo:Gensokyoer"],"potions_floor_usage":[22,22,22,25],"damage_taken":[{"damage":2,"enemies":"Gensokyo:Python","floor":1,"turns":4},{"damage":2,"enemies":"Gensokyo:Gryphon","floor":4,"turns":4},{"damage":0,"enemies":"Gensokyo:3_Fairies","floor":5,"turns":4},{"damage":7,"enemies":"Gensokyo:Kitsune","floor":8,"turns":4},{"damage":6,"enemies":"Gensokyo:2_Rabbits","floor":10,"turns":4},{"damage":0,"enemies":"Gensokyo:VengefulSpirit","floor":13,"turns":3},{"damage":41,"enemies":"Gensokyo:Reimu","floor":16,"turns":9},{"damage":6,"enemies":"Gensokyo:3_Dogs","floor":18,"turns":3},{"damage":10,"enemies":"Gensokyo:2_Gloops","floor":21,"turns":4},{"damage":8,"enemies":"Gensokyo:Swordslinger","floor":22,"turns":5},{"damage":28,"enemies":"Gensokyo:Tenshi","floor":23,"turns":3},{"damage":33,"enemies":"Gensokyo:Koishi","floor":25,"turns":4}],"seed_played":"-8940822851650830619","potions_obtained":[{"floor":2,"key":"Dexterity Potion"},{"floor":2,"key":"Reflective Coating"},{"floor":8,"key":"SpeedPotion"},{"floor":10,"key":"LiquidBronze"},{"floor":18,"key":"Regen Potion"},{"floor":22,"key":"FearPotion"}],"is_trial":false,"path_per_floor":["M","?","?","M","M","?","R","M","T","M","?","?","M","$","R","B",null,"M","?","?","M","M","E","$","E"],"character_chosen":"THE_SILENT","items_purchased":["Toxic Potion"],"campfire_rested":0,"item_purchase_floors":[24],"current_hp_per_floor":[68,68,68,66,66,66,66,59,59,53,53,53,53,53,53,12,70,64,64,64,54,60,32,32,0,0],"gold":86,"neow_bonus":"ONE_RANDOM_RARE_CARD","is_daily":false,"chose_seed":false,"campfire_upgraded":2,"win_rate":0.0,"timestamp":1610864457,"path_taken":["M","?","?","M","M","?","R","M","T","?","?","?","M","?","R","BOSS","M","?","?","?","M","E","$","E"],"items_purchased_type":["Potion"],"build_version":"2020-12-22","purchased_purges":2,"victory":false,"max_hp_per_floor":[70,70,70,70,70,70,70,70,70,70,70,70,70,70,70,70,70,70,70,70,70,70,70,70,70,70],"card_choices":[{"not_picked":["Deflect","Prepared"],"picked":"Toxin Wave","floor":1},{"not_picked":["PiercingWail","Outmaneuver"],"picked":"Deadly Poison","floor":2},{"not_picked":["Sucker Punch","Backflip","Quick Slash"],"picked":"SKIP","floor":4},{"not_picked":["Dagger Spray","Cloak And Dagger"],"picked":"Adrenaline","floor":5},{"not_picked":["Dagger Spray","PiercingWail"],"picked":"Bane","floor":8},{"not_picked":["Cloak And Dagger","All Out Attack","Quick Slash"],"picked":"SKIP","floor":10},{"not_picked":["Cloak And Dagger","Flying Knee","ReplayTheSpireMod:The Works"],"picked":"SKIP","floor":13},{"not_picked":["Unload","Bullet Time"],"picked":"Burst","floor":16},{"not_picked":["AT_ArcaneSupremacy","Slice+1","Blade Dance"],"picked":"SKIP","floor":18},{"not_picked":["Flying Knee","Dagger Throw","Distraction"],"picked":"SKIP","floor":21},{"not_picked":["Terror","Quick Slash"],"picked":"Atom Bomb","floor":22},{"not_picked":["Prepared","ReplayTheSpireMod:Scrap Shanks","Riddle With Holes"],"picked":"SKIP","floor":23}],"player_experience":331020,"relics_obtained":[{"floor":2,"key":"Oddly Smooth Stone"},{"floor":9,"key":"The Courier"},{"floor":23,"key":"Pen Nib"}],"event_choices":[],"is_beta":false,"boss_relics":[{"not_picked":["Ring of Chaos","Honey Jar"],"picked":"Kintsugi"}],"items_purged_floors":[14,24],"is_endless":false,"potions_floor_spawned":[8,10,16,18,22],"killed_by":"Gensokyo:Koishi","ascension_level":2}}