{"host":"51fyd6gkml7xavq8","time":1610915298,"event":{"mods":["BaseMod","BetterRewards","Colored Map","Energized Spire","Infinite Spire","Minty Spire (QoL Compilation)","Replay The Spire","Shop Mod","Spicy Shops","StSLib","The Blue Laboratory","[IsaacMod]????"],"gold_per_floor":[129,147,147,32,107,188,188,188,213,88,102,116,174,186,186,340,390,402,417,137,155,155,155,189,43,43,43,132,132,144,156,156,352,352,391,426,498,137,157,157,218,247,247,247,257,257,294,321,321,321,321],"floor_reached":50,"language":"ENG","playtime":3081,"items_purged":["Bash","Strike_R","Strike_R","True Grit","Defend_R","Strike_R"],"score":991,"play_id":"cba15ec4-c637-4b7f-a7ec-721088ee023e","local_time":"20210117172818","is_ascension_mode":true,"campfire_choices":[{"floor":7.0,"key":"REST"},{"floor":15.0,"key":"REST"},{"data":"infinitespire:OneForAll","floor":23.0,"key":"SMITH"},{"data":"BettingIsNotGood","floor":29,"key":"SMITH"},{"data":"infinitespire:UltimateForm","floor":32,"key":"SMITH"},{"data":"Metallicize","floor":40,"key":"SMITH"},{"floor":46,"key":"REST"},{"floor":49,"key":"REST"}],"circlet_count":0,"master_deck":["Strike_R","Strike_R+1","Defend_R","Defend_R","Defend_R","BettingIsNotGood+1","Mayhem","Madness+1","Mayhem","infinitespire:OneForAll+1","Apotheosis+1","Metallicize+1","infinitespire:UltimateForm+1","Rampage+1","Juggernaut","True Grit+1"],"relics":["Burning Blood","HushsDoor","MerchantsRug","Blue Doll","Leech","Regal Pillow","Self Forming Clay","PreservedInsect","ReplayFunnel","SteamSale","Replay:Bottled Flurry","NineVolt","Another Sword","D6","Lee\u0027s Waffle","Strange Spoon","Golden Egg","SharpPlug","Orichalcum"],"acts_visited":["Exordium","TheCity","TheBeyond"],"potions_floor_usage":[37,37,47,47,48],"damage_taken":[{"damage":8.0,"enemies":"2 Louse","floor":1.0,"turns":5.0},{"damage":16.0,"enemies":"Small Slimes","floor":2.0,"turns":6.0},{"damage":29.0,"enemies":"Replay:BlueRogue","floor":6.0,"turns":6.0},{"damage":0.0,"enemies":"Cultist","floor":11.0,"turns":3.0},{"damage":19.0,"enemies":"2 Fungi Beasts","floor":12.0,"turns":3.0},{"damage":20.0,"enemies":"Gremlin Nob","floor":13.0,"turns":4.0},{"damage":5.0,"enemies":"Blue Slaver","floor":14.0,"turns":5.0},{"damage":74.0,"enemies":"Hexaghost","floor":16.0,"turns":15.0},{"damage":18.0,"enemies":"Spheric Guardian","floor":18.0,"turns":5.0},{"damage":19.0,"enemies":"3 Byrds","floor":19.0,"turns":6.0},{"damage":27.0,"enemies":"Shelled Parasite and Fungi","floor":21.0,"turns":4.0},{"damage":14.0,"enemies":"Snecko","floor":24.0,"turns":6.0},{"damage":15,"enemies":"Centurion and Healer","floor":28,"turns":6},{"damage":8,"enemies":"3 Cultists","floor":30,"turns":3},{"damage":0,"enemies":"Shelled Parasite and Fungi","floor":31,"turns":1},{"damage":17,"enemies":"Collector","floor":33,"turns":10},{"damage":25,"enemies":"Orb Walker","floor":35,"turns":4},{"damage":24,"enemies":"3 Shapes","floor":36,"turns":6},{"damage":50,"enemies":"2 Orb Walkers","floor":37,"turns":7},{"damage":49,"enemies":"Sphere and 2 Shapes","floor":39,"turns":5},{"damage":24,"enemies":"3 Darklings","floor":41,"turns":4},{"damage":21,"enemies":"Giant Head","floor":42,"turns":7},{"damage":52,"enemies":"Transient","floor":45,"turns":5},{"damage":31,"enemies":"Spire Growth","floor":47,"turns":4},{"damage":42,"enemies":"Nemesis","floor":48,"turns":5},{"damage":72,"enemies":"Awakened One","floor":50,"turns":3}],"seed_played":"4222165163553576913","potions_obtained":[{"floor":11.0,"key":"PowerPotion"},{"floor":12.0,"key":"blueLaboratory:BottleOfRum"},{"floor":14.0,"key":"blueLaboratory:HorrorPotion"},{"floor":17.0,"key":"blueLaboratory:BubblePotion"},{"floor":18.0,"key":"blueLaboratory:AbyssPotion"},{"floor":19.0,"key":"Milkshake"},{"floor":30,"key":"BloodPotion"},{"floor":31,"key":"blueLaboratory:SavagePotion"},{"floor":36,"key":"blueLaboratory:FrostheartPotion"},{"floor":41,"key":"blueLaboratory:BottleOfVodka"},{"floor":42,"key":"Venom Potion"}],"is_trial":false,"path_per_floor":["M","M","?","$","?","E","R","?","T","$","M","M","E","M","R","B",null,"M","M","$","M","?","R","M","$","T","AVR","M","R","M","M","R","B",null,"M","M","?","$","M","R","M","E","T","AVR","M","R","M","E","R","B"],"character_chosen":"IRONCLAD","items_purchased":["Mayhem","MerchantsRug","Madness","DollysMirror","infinitespire:OneForAll","Blue Doll","Apotheosis","PreservedInsect","ReplayFunnel","SteamSale","D6","Lee\u0027s Waffle","Strange Spoon"],"campfire_rested":4,"item_purchase_floors":[0,0,0,0,0,0,4,20,20,25,38,38,38],"current_hp_per_floor":[27,17,43,43,32,19,43,27,27,27,35,24,13,23,62,10,68,60,53,53,36,36,36,34,34,34,34,41,41,41,48,48,73,82,66,71,33,92,62,62,48,59,59,59,18,60,39,25,67,0,0],"gold":321,"neow_bonus":"","is_daily":false,"chose_seed":false,"campfire_upgraded":4,"win_rate":0.0,"timestamp":1610915298,"path_taken":["M","M","?","$","?","E","R","?","T","$","?","M","E","M","R","BOSS","M","M","?","M","?","R","M","$","T","AVR","M","R","M","M","R","BOSS","M","M","?","$","M","R","M","E","T","AVR","M","R","M","E","R","BOSS"],"items_purchased_type":["Card","Relic","Card","Relic","Card","Relic","Card","Relic","Relic","Relic","Relic","Relic","Relic"],"build_version":"2020-12-22","purchased_purges":6,"victory":false,"max_hp_per_floor":[80,80,80,80,80,80,80,80,80,80,80,80,80,80,80,80,85,85,85,85,85,85,85,85,85,85,85,85,85,85,85,85,85,85,85,85,85,92,92,92,92,92,92,92,92,92,92,92,92,92,92],"card_choices":[{"not_picked":[],"picked":"BettingIsNotGood","floor":0.0},{"not_picked":["Sentinel","Wild Strike","Reckless Charge"],"picked":"SKIP","floor":1.0},{"not_picked":["Shrug It Off","Abandon","Infernal Blade"],"picked":"SKIP","floor":2.0},{"not_picked":["Carnage","ReplayTheSpireMod:Strike From Hell"],"picked":"Metallicize","floor":6.0},{"not_picked":["Warcry","ReplayTheSpireMod:Strike From Hell","Corruption"],"picked":"SKIP","floor":11.0},{"not_picked":["Replay:Undeath\u0027s Touch","Armaments","Warcry"],"picked":"SKIP","floor":12.0},{"not_picked":["Fire Breathing","Bloodletting","Wild Strike"],"picked":"SKIP","floor":13.0},{"not_picked":["Hemogenesis","Warcry","Perfected Strike"],"picked":"SKIP","floor":14.0},{"not_picked":["Heavy Blade","Pommel Strike","Defy Death"],"picked":"SKIP","floor":18.0},{"not_picked":["Clothesline+1","Heavy Blade"],"picked":"True Grit","floor":19.0},{"not_picked":["Heavy Blade","Carnage","Rupture+1"],"picked":"SKIP","floor":21.0},{"not_picked":["Carnage","Reckless Charge","True Grit"],"picked":"SKIP","floor":24.0},{"not_picked":["ReplayTheSpireMod:Limb From Limb","Run Through+1","Fire Breathing"],"picked":"SKIP","floor":28},{"not_picked":["Second Wind","Anger","Pommel Strike"],"picked":"SKIP","floor":30},{"not_picked":["Offering","Combust","Thunderclap+1"],"picked":"SKIP","floor":31},{"not_picked":["Headbutt+1","Heavy Blade","Body Slam"],"picked":"SKIP","floor":35},{"not_picked":["Sword Boomerang","Twin Strike+1"],"picked":"Rampage+1","floor":36},{"not_picked":["Body Slam+1","Armaments+1","Thunderclap"],"picked":"SKIP","floor":39},{"not_picked":["Rage","Twin Strike"],"picked":"Juggernaut","floor":41},{"not_picked":["Combust","Anger","Demonic Infusion"],"picked":"SKIP","floor":42},{"not_picked":["Anger+1","Battle Trance","Havoc+1"],"picked":"SKIP","floor":45},{"not_picked":["Wild Strike+1","Pommel Strike+1","True Grit+1"],"picked":"SKIP","floor":47},{"not_picked":["Wild Strike+1","Pommel Strike+1"],"picked":"True Grit+1","floor":47},{"not_picked":["Pommel Strike","Impervious","ReplayTheSpireMod:Limb From Limb+1"],"picked":"SKIP","floor":48}],"player_experience":579746,"relics_obtained":[{"floor":6.0,"key":"Leech"},{"floor":9.0,"key":"Regal Pillow"},{"floor":13.0,"key":"Self Forming Clay"},{"floor":26.0,"key":"Replay:Bottled Flurry"},{"floor":37,"key":"Another Sword"},{"floor":42,"key":"Golden Egg"},{"floor":43,"key":"SharpPlug"},{"floor":48,"key":"Orichalcum"}],"event_choices":[{"damage_healed":26.0,"max_hp_gain":0.0,"max_hp_loss":0.0,"gold_gain":0.0,"event_name":"Big Fish","player_choice":"Banana","floor":3.0,"gold_loss":0.0,"damage_taken":0.0},{"damage_healed":0.0,"max_hp_gain":0.0,"max_hp_loss":0.0,"gold_gain":75.0,"event_name":"World of Goop","player_choice":"Gather Gold","floor":5.0,"gold_loss":0.0,"damage_taken":11.0},{"damage_healed":0.0,"max_hp_gain":0.0,"max_hp_loss":0.0,"gold_gain":0.0,"event_name":"Shining Light","player_choice":"Entered Light","floor":8.0,"gold_loss":0.0,"damage_taken":16.0,"cards_upgraded":["Madness","Strike_R"]},{"damage_healed":0,"gold_gain":0,"player_choice":"Fight","damage_taken":0,"max_hp_gain":0,"max_hp_loss":0,"event_name":"Mysterious Sphere","floor":37,"gold_loss":0}],"is_beta":false,"boss_relics":[{"not_picked":["Ooze Armor","ReplayTheSpireMod:SealedPack"],"picked":"Tiny House"},{"not_picked":[]},{"not_picked":["energizedSpire:StickyHand","Pandora\u0027s Box","Runic Cube"]}],"items_purged_floors":[0,0,10,20,27,38],"is_endless":false,"potions_floor_spawned":[11,12,14,18,19,30,31,36,41,42],"killed_by":"Awakened One","ascension_level":9}}