{"host":"dlyy4wv9zatha4f7","time":1610907512,"event":{"mods":["BaseMod","Better Third Choice","Colored Map","GifTheSpireLib","Minty Spire (QoL Compilation)","Spicy Shops","StSLib","SuperFastMode","Unceasing Turn Reminder"],"gold_per_floor":[109,2,17,37,37,71,71,81,81,113,113,142,142,153,153,251,251,263,277,289,289,320,320,348,348,400,434,533,552,552,570,570,673,673,687,737,787,787,251,251,280,290,290,320,9,9,26,57,69,81],"floor_reached":51,"language":"ENG","playtime":2400,"items_purged":["Strike_B+1","Strike_B+1","Strike_B+1"],"score":1171,"play_id":"b4b90d00-fc68-470f-a2c8-869e150906af","local_time":"20210117201832","is_ascension_mode":true,"campfire_choices":[{"data":"Self Repair","floor":7.0,"key":"SMITH"},{"data":"Dualcast","floor":11.0,"key":"SMITH"},{"data":"Tempest","floor":13.0,"key":"SMITH"},{"data":"Defragment","floor":15.0,"key":"SMITH"},{"data":"Loop","floor":23.0,"key":"SMITH"},{"data":"Biased Cognition","floor":25.0,"key":"SMITH"},{"data":"Capacitor","floor":30.0,"key":"SMITH"},{"data":"Steam Power","floor":32.0,"key":"SMITH"},{"data":"Amplify","floor":40,"key":"SMITH"},{"floor":46,"key":"DIG"},{"floor":49,"key":"DIG"}],"circlet_count":0,"master_deck":["Strike_B+1","Defend_B+1","Defend_B+1","Defend_B+1","Defend_B+1","Zap+1","Dualcast+1","Ball Lightning","Ball Lightning","Capacitor+1","Melter","Self Repair+1","Core Surge","Sweeping Beam","FTL","Tempest+1","Defragment+1","Reboot","Barrage","Conserve Battery+1","Loop+1","Conserve Battery+1","Biased Cognition+1","Storm+1","Glacier","Steam Power+1","Amplify+1","Coolheaded+1","Hologram+1","Rainbow","Panacea","Storm","Coolheaded","Loop","Rebound","Seek"],"relics":["Cracked Core","NeowsBlessing","Nunchaku","Anchor","Eternal Feather","Odd Mushroom","Sozu","Red Mask","Dream Catcher","Potion Belt","PreservedInsect","Nuclear Battery","FossilizedHelix","Lizard Tail","Bottled Lightning","Regal Pillow","Shovel","Pantograph","Mummified Hand","MawBank","Bottled Flame"],"acts_visited":["Exordium","TheCity","TheBeyond"],"potions_floor_usage":[50,50,50],"damage_taken":[{"damage":0.0,"enemies":"Cultist","floor":1.0,"turns":1.0},{"damage":0.0,"enemies":"2 Louse","floor":3.0,"turns":1.0},{"damage":0.0,"enemies":"Jaw Worm","floor":4.0,"turns":1.0},{"damage":34.0,"enemies":"Gremlin Nob","floor":6.0,"turns":4.0},{"damage":0.0,"enemies":"2 Fungi Beasts","floor":8.0,"turns":2.0},{"damage":35.0,"enemies":"Lagavulin","floor":10.0,"turns":5.0},{"damage":11.0,"enemies":"The Mushroom Lair","floor":12.0,"turns":3.0},{"damage":0.0,"enemies":"3 Louse","floor":14.0,"turns":2.0},{"damage":43.0,"enemies":"Hexaghost","floor":16.0,"turns":8.0},{"damage":1.0,"enemies":"Spheric Guardian","floor":18.0,"turns":3.0},{"damage":16.0,"enemies":"Shell Parasite","floor":19.0,"turns":3.0},{"damage":28.0,"enemies":"Snake Plant","floor":20.0,"turns":3.0},{"damage":8.0,"enemies":"Masked Bandits","floor":22.0,"turns":4.0},{"damage":11.0,"enemies":"Book of Stabbing","floor":24.0,"turns":4.0},{"damage":28.0,"enemies":"Slavers","floor":27.0,"turns":4.0},{"damage":7.0,"enemies":"Centurion and Healer","floor":29.0,"turns":4.0},{"damage":8.0,"enemies":"Snecko","floor":31.0,"turns":6.0},{"damage":24.0,"enemies":"Automaton","floor":33.0,"turns":6.0},{"damage":0.0,"enemies":"3 Shapes","floor":35.0,"turns":4.0},{"damage":0,"enemies":"Mind Bloom Boss Battle","floor":36,"turns":4},{"damage":28,"enemies":"2 Orb Walkers","floor":37,"turns":3},{"damage":15,"enemies":"Giant Head","floor":41,"turns":6},{"damage":0,"enemies":"3 Darklings","floor":42,"turns":3},{"damage":25,"enemies":"Nemesis","floor":44,"turns":5},{"damage":0,"enemies":"Jaw Worm Horde","floor":47,"turns":3},{"damage":0,"enemies":"Giant Head","floor":48,"turns":4},{"damage":44,"enemies":"Time Eater","floor":50,"turns":7}],"seed_played":"1946234312279731040","potions_obtained":[{"floor":6.0,"key":"Swift Potion"},{"floor":10.0,"key":"FocusPotion"},{"floor":12.0,"key":"Fruit Juice"},{"floor":14.0,"key":"Ancient Potion"},{"floor":16.0,"key":"Dexterity Potion"}],"is_trial":false,"path_per_floor":["M","$","M","M","?","E","R","M","T","E","R","?","R","M","R","B",null,"M","M","M","?","?","R","E","R","T","E","?","M","R","M","R","B",null,"M","?","?","?","$","R","E","M","T","E","$","R","M","E","R","B",null],"character_chosen":"DEFECT","items_purchased":["Ball Lightning","Capacitor","Storm","Bottled Lightning","Loop","Rebound"],"campfire_rested":0,"item_purchase_floors":[2,2,39,39,45,45],"current_hp_per_floor":[68,68,68,68,68,34,34,44,44,19,28,27,41,51,63,30,68,67,61,43,43,45,60,59,74,74,56,56,59,74,66,80,66,77,80,80,52,42,42,60,65,65,65,50,50,71,80,80,80,46],"gold":93,"neow_bonus":"THREE_ENEMY_KILL","is_daily":false,"chose_seed":false,"campfire_upgraded":9,"win_rate":0.0,"timestamp":1610907512,"path_taken":["M","$","M","?","?","E","R","M","T","E","R","?","R","M","R","BOSS","M","M","M","?","?","R","E","R","T","E","?","M","R","M","R","BOSS","M","?","?","?","$","R","E","M","T","E","$","R","M","E","R","BOSS"],"items_purchased_type":["Card","Card","Card","Relic","Card","Card"],"build_version":"2020-12-22","purchased_purges":3,"victory":true,"max_hp_per_floor":[75,75,75,75,75,75,75,75,75,75,75,75,80,80,80,80,80,80,80,80,80,80,80,80,80,80,80,80,80,80,80,80,80,80,80,80,80,80,80,80,80,80,80,80,80,80,80,80,80,80],"card_choices":[{"not_picked":["Barrage","Stack"],"picked":"Ball Lightning","floor":1.0},{"not_picked":["Rip and Tear","Cold Snap"],"picked":"Melter","floor":3.0},{"not_picked":["Sweeping Beam","Undo"],"picked":"Self Repair","floor":4.0},{"not_picked":["Steam","Redo"],"picked":"Core Surge","floor":6.0},{"not_picked":["Stack","Streamline"],"picked":"Sweeping Beam","floor":8.0},{"not_picked":["Redo","Aggregate"],"picked":"FTL","floor":10.0},{"not_picked":["Hologram","Leap"],"picked":"Tempest","floor":12.0},{"not_picked":["Streamline","Redo"],"picked":"Defragment","floor":14.0},{"not_picked":["Multi-Cast","Machine Learning"],"picked":"Reboot","floor":16.0},{"not_picked":["Leap","Turbo"],"picked":"Barrage","floor":18.0},{"not_picked":["Streamline","Double Energy"],"picked":"Conserve Battery+1","floor":19.0},{"not_picked":["Sweeping Beam","Force Field"],"picked":"Loop","floor":20.0},{"not_picked":["Rebound+1","Stack"],"picked":"Conserve Battery+1","floor":22.0},{"not_picked":["Rebound","Sweeping Beam"],"picked":"Biased Cognition","floor":24.0},{"not_picked":["Gash","Rebound+1"],"picked":"Storm+1","floor":27.0},{"not_picked":["Lockon","Recycle"],"picked":"Glacier","floor":29.0},{"not_picked":["Chill+1","Leap"],"picked":"Steam Power","floor":31.0},{"not_picked":["Buffer","Rainbow"],"picked":"Amplify","floor":33.0},{"not_picked":["Gash+1","Streamline+1"],"picked":"Coolheaded+1","floor":35.0},{"not_picked":["Leap+1","Beam Cell+1"],"picked":"Hologram+1","floor":36},{"not_picked":["Leap","Cold Snap"],"picked":"Rainbow","floor":37},{"not_picked":["Finesse","Trip"],"picked":"Panacea","floor":38},{"not_picked":["Rip and Tear","Turbo","Gash+1"],"picked":"SKIP","floor":41},{"not_picked":["Gash","Hologram+1","Steam"],"picked":"SKIP","floor":42},{"not_picked":["Fusion+1","Ball Lightning+1"],"picked":"Coolheaded","floor":44},{"not_picked":["Melter","Sweeping Beam","Stack"],"picked":"SKIP","floor":47},{"not_picked":["Hello World+1","Storm"],"picked":"Seek","floor":48}],"player_experience":2249619,"relics_obtained":[{"floor":6.0,"key":"Nunchaku"},{"floor":9.0,"key":"Anchor"},{"floor":10.0,"key":"Eternal Feather"},{"floor":12.0,"key":"Odd Mushroom"},{"floor":22.0,"key":"Red Mask"},{"floor":24.0,"key":"Dream Catcher"},{"floor":26.0,"key":"Potion Belt"},{"floor":27.0,"key":"PreservedInsect"},{"floor":36,"key":"FossilizedHelix"},{"floor":37,"key":"Lizard Tail"},{"floor":41,"key":"Regal Pillow"},{"floor":43,"key":"Shovel"},{"floor":44,"key":"Pantograph"},{"floor":46,"key":"Mummified Hand"},{"floor":48,"key":"MawBank"},{"floor":49,"key":"Bottled Flame"}],"event_choices":[{"damage_healed":0.0,"max_hp_gain":0.0,"max_hp_loss":0.0,"gold_gain":0.0,"event_name":"Living Wall","player_choice":"Grow","floor":5.0,"gold_loss":0.0,"damage_taken":0.0,"cards_upgraded":["Zap"]},{"damage_healed":0.0,"max_hp_gain":0.0,"max_hp_loss":0.0,"gold_gain":0.0,"event_name":"Mushrooms","player_choice":"Fought Mushrooms","floor":12.0,"gold_loss":0.0,"damage_taken":0.0},{"damage_healed":0.0,"max_hp_gain":0.0,"max_hp_loss":8.0,"gold_gain":0.0,"event_name":"betterThird:BetterWriting","player_choice":"Simplicity","floor":21.0,"gold_loss":0.0,"damage_taken":0.0},{"damage_healed":0.0,"max_hp_gain":0.0,"max_hp_loss":0.0,"gold_gain":0.0,"event_name":"Masked Bandits","player_choice":"Fought Bandits","floor":22.0,"gold_loss":0.0,"damage_taken":0.0},{"damage_healed":0.0,"max_hp_gain":0.0,"max_hp_loss":0.0,"gold_gain":99.0,"event_name":"betterThird:BetterNest","player_choice":"Steal","floor":28.0,"gold_loss":0.0,"damage_taken":0.0},{"damage_healed":0,"gold_gain":0,"player_choice":"Fight","damage_taken":0,"max_hp_gain":0,"max_hp_loss":0,"event_name":"MindBloom","floor":36,"gold_loss":0},{"damage_healed":0,"gold_gain":0,"player_choice":"Fight","damage_taken":0,"max_hp_gain":0,"max_hp_loss":0,"event_name":"Mysterious Sphere","floor":37,"gold_loss":0},{"damage_healed":0,"gold_gain":0,"player_choice":"Memory 3","damage_taken":10,"max_hp_gain":0,"max_hp_loss":0,"event_name":"SensoryStone","floor":38,"gold_loss":0}],"is_beta":false,"boss_relics":[{"not_picked":["Tiny House","Busted Crown"],"picked":"Sozu"},{"not_picked":["Empty Cage","Black Star"],"picked":"Nuclear Battery"}],"items_purged_floors":[39,39,45],"is_endless":false,"potions_floor_spawned":[6,10,12,14,16,18,19,20,22,37,41,44],"ascension_level":9}}