{"host":"osk2oboccoevp2u5","time":1610917286,"event":{"mods":["AchievementEnabler","Alarm Clock","BaseMod","Colored Powertips","Disable Question Mark Monsters","Displayed Cursed Tome","Key Reminder","Minty Spire (QoL Compilation)","Potion Indicator Mod","Quick Restart","Rare Cards Sparkle","Reorder Act Four","StSLib","Steal the Spire","The Wild Card","Useless Jewels Mod"],"gold_per_floor":[113,63,63,81,96,128,128,7,76,76,92,92,92,116,116,216,216,230,250,250,250],"floor_reached":20,"language":"ENG","playtime":1859,"items_purged":[],"score":189,"play_id":"9bd96d06-0b6e-4cd5-9ccc-61f7a18104d2","local_time":"20210117170126","is_ascension_mode":true,"campfire_choices":[{"floor":7,"key":"REST"},{"floor":10,"key":"DIG"},{"floor":13,"key":"REST"},{"data":"theWildCard:Scathach","floor":15,"key":"SMITH"}],"circlet_count":0,"master_deck":["theWildCard:BasicStrike","theWildCard:BasicStrike+1","theWildCard:BasicStrike","theWildCard:BasicDefend","theWildCard:BasicDefend","theWildCard:BasicDefend","theWildCard:BasicDefend","theWildCard:CallToAdventure","theWildCard:Arsene","CurseOfTheBell","theWildCard:Alice+1","theWildCard:StingingStrike","theWildCard:StingingStrike","theWildCard:StalwartBlade","theWildCard:Scathach+1","theWildCard:Metatron","theWildCard:LadyLuck"],"relics":["Calling Bell","Regal Pillow","Blue Candle","Shovel","Bronze Scales","Bottled Lightning","Prayer Wheel","Odd Mushroom","SlaversCollar"],"acts_visited":["Exordium","TheCity"],"potions_floor_usage":[16,16,19,20],"damage_taken":[{"damage":11,"enemies":"Jaw Worm","floor":1,"turns":4},{"damage":3,"enemies":"2 Louse","floor":4,"turns":4},{"damage":1,"enemies":"Small Slimes","floor":5,"turns":3},{"damage":41,"enemies":"3 Sentries","floor":6,"turns":14},{"damage":10,"enemies":"Blue Slaver","floor":11,"turns":5},{"damage":15,"enemies":"The Mushroom Lair","floor":14,"turns":4},{"damage":21,"enemies":"Slime Boss","floor":16,"turns":9},{"damage":6,"enemies":"Chosen","floor":18,"turns":6},{"damage":6,"enemies":"3 Byrds","floor":19,"turns":4},{"damage":37,"enemies":"Centurion and Healer","floor":20,"turns":7}],"seed_played":"-3016549650319262004","potions_obtained":[{"floor":5,"key":"Ancient Potion"},{"floor":6,"key":"CultistPotion"},{"floor":16,"key":"SpeedPotion"},{"floor":19,"key":"EntropicBrew"}],"is_trial":false,"path_per_floor":["M","?","?","M","M","E","R","$","T","R","M","?","R","?","R","B",null,"M","M","M"],"character_chosen":"THE_WILD_CARD","items_purchased":["FairyPotion","theWildCard:StingingStrike"],"campfire_rested":2,"item_purchase_floors":[8,8],"current_hp_per_floor":[49,49,49,46,45,4,37,37,37,37,27,15,48,33,33,12,60,57,51,14,14],"gold":250,"neow_bonus":"BOSS_RELIC","is_daily":false,"chose_seed":false,"campfire_upgraded":1,"win_rate":0.0,"timestamp":1610917286,"path_taken":["M","?","?","M","M","E","R","?","T","R","M","?","R","?","R","BOSS","M","M","M"],"items_purchased_type":["Potion","Card"],"build_version":"2020-12-22","purchased_purges":0,"victory":false,"max_hp_per_floor":[60,60,60,60,60,60,60,60,60,60,60,60,60,60,60,60,60,60,60,60,60],"card_choices":[{"not_picked":["theWildCard:EnergizedStroke","theWildCard:BladeOfGenerations","theWildCard:ArcaneArts"],"picked":"SKIP","floor":1},{"not_picked":["theWildCard:Patience","theWildCard:Safeguard","theWildCard:ArchaicAssault"],"picked":"SKIP","floor":4},{"not_picked":["theWildCard:UnendingRitual","theWildCard:SeveringSlash","theWildCard:Patience"],"picked":"SKIP","floor":5},{"not_picked":["theWildCard:Desolation","theWildCard:EnergizedStroke","theWildCard:Providence"],"picked":"SKIP","floor":6},{"not_picked":["theWildCard:EnergizedStroke","theWildCard:ArcaneArts"],"picked":"theWildCard:StingingStrike","floor":11},{"not_picked":["theWildCard:PowerOfTheArcana","theWildCard:IdentityTheft"],"picked":"theWildCard:StalwartBlade","floor":11},{"not_picked":["theWildCard:UnderLockAndKey","theWildCard:IdentityTheft"],"picked":"theWildCard:Scathach","floor":14},{"not_picked":["theWildCard:Safeguard","theWildCard:Attunement+1","theWildCard:ArchaicAssault"],"picked":"SKIP","floor":18},{"not_picked":["theWildCard:MasterPlan+1","theWildCard:Patience","theWildCard:SeveringSlash"],"picked":"SKIP","floor":18},{"not_picked":["theWildCard:ArcanaArtistry","theWildCard:SacrificialStroke"],"picked":"theWildCard:Metatron","floor":19},{"not_picked":["theWildCard:TheGreatSeal","theWildCard:ArcanaArtistry"],"picked":"theWildCard:LadyLuck","floor":19}],"player_experience":935298,"relics_obtained":[{"floor":0,"key":"Regal Pillow"},{"floor":0,"key":"Blue Candle"},{"floor":0,"key":"Shovel"},{"floor":6,"key":"Bronze Scales"},{"floor":9,"key":"Bottled Lightning"},{"floor":10,"key":"Prayer Wheel"},{"floor":14,"key":"Odd Mushroom"}],"event_choices":[{"cards_removed":["theWildCard:BasicStrike"],"damage_healed":0,"gold_gain":0,"player_choice":"Card Removal","damage_taken":0,"max_hp_gain":0,"max_hp_loss":0,"event_name":"The Cleric","floor":2,"gold_loss":50},{"damage_healed":0,"gold_gain":0,"player_choice":"Entered Light","damage_taken":12,"max_hp_gain":0,"max_hp_loss":0,"event_name":"Shining Light","floor":12,"gold_loss":0,"cards_upgraded":["theWildCard:BasicStrike","theWildCard:Alice"]},{"damage_healed":0,"gold_gain":0,"player_choice":"Fought Mushrooms","damage_taken":0,"max_hp_gain":0,"max_hp_loss":0,"event_name":"Mushrooms","floor":14,"gold_loss":0}],"is_beta":false,"boss_relics":[{"not_picked":["Tiny House","Sozu"],"picked":"SlaversCollar"}],"items_purged_floors":[],"is_endless":false,"potions_floor_spawned":[5,6,14,16,19],"killed_by":"Centurion and Healer","ascension_level":2}}