{"host":"jyuuog6ydc2s7nd8","time":1610881968,"event":{"mods":["BaseMod","Better Vampires","Minty Spire (QoL Compilation)","Shop Mod","StSLib","The Hierophant","The Servant 0.9.4","TheBandit","[IsaacMod]ÒÔÈö¼âËþ"],"gold_per_floor":[118,193,211,136,147,147,174,174,174,174,205,205,56,75,75,146,146,161,172,190,240,103,128,143,176,256,256,256,291,307,327,327,401,401,414,232,232,244,64,99,110,139,139,164,183,199,224,242,242,256,15,64,82,97,127,134,134],"floor_reached":41,"language":"ZHS","playtime":3535,"items_purged":["Caltrops","Storm of Steel","Dagger Spray","Noxious Fumes","Neutralize+1","PiercingWail+1","DoctorFetus+1"],"score":1996,"play_id":"db13709e-134b-4693-8f6b-0a5986e20700","local_time":"20210117191248","is_ascension_mode":true,"campfire_choices":[{"data":"DoctorFetus","floor":6.0,"key":"SMITH"},{"data":"Wraith Form v2","floor":8.0,"key":"SMITH"},{"data":"Adrenaline","floor":10.0,"key":"SMITH"},{"data":"Neutralize","floor":15.0,"key":"SMITH"},{"data":"Bullet Time","floor":27.0,"key":"SMITH"},{"data":"Tactician","floor":32.0,"key":"SMITH"},{"floor":49.0,"key":"RECALL"}],"circlet_count":0,"master_deck":["AscendersBane","Survivor+1","Acrobatics+1","Burst+1","Wraith Form v2+1","Backflip+1","Adrenaline+1","Reflex+1","Bullet Time+1","Tactician+1","Blur+1","Night Terror+1","Corpse Explosion+1"],"relics":["HushsDoor","Pandora\u0027s Box","GuppysHead","Thread and Needle","The Courier","Mummified Hand","Black Star","GuppysTail","GuppysPaw","TwistedFunnel","Juzu Bracelet","Art of War","Smiling Mask","Nunchaku","Sundial","MutagenicStrength","TuHaoJin","Bottled Lightning","Empty Cage","GuppysCollar","Damocles","Happy Flower","Omamori","Mark of the Bloom","Boot","SteamSale","Orichalcum","Molten Egg 2","Potion Belt","EdensBlessing","SalivaCoin","Strawberry","Blue Candle","HowToJump","SharpPlug","Frozen Egg 2","MealTicket","Tough Bandages","BookOfRevelations","Singing Bowl","Void","Snake Skull","Lantern","Medical Kit","Turnip","Darkstone Periapt","Eternal Feather","Blood Vial","BelialBook","Bronze Scales","War Paint"],"acts_visited":["Exordium","TheCity","TheBeyond"],"potions_floor_usage":[],"damage_taken":[{"damage":8.0,"enemies":"Small Slimes","floor":1.0,"turns":3.0},{"damage":0.0,"enemies":"2 Louse","floor":3.0,"turns":3.0},{"damage":9.0,"enemies":"Jaw Worm","floor":5.0,"turns":4.0},{"damage":26.0,"enemies":"3 Sentries","floor":7.0,"turns":4.0},{"damage":0.0,"enemies":"Gremlin Nob","floor":11.0,"turns":4.0},{"damage":0.0,"enemies":"Gremlin Gang","floor":14.0,"turns":3.0},{"damage":0.0,"enemies":"The Guardian","floor":16.0,"turns":7.0},{"damage":0.0,"enemies":"3 Byrds","floor":18.0,"turns":3.0},{"damage":0.0,"enemies":"Shell Parasite","floor":19.0,"turns":3.0},{"damage":0.0,"enemies":"Snecko","floor":20.0,"turns":4.0},{"damage":0.0,"enemies":"Gremlin Leader","floor":23.0,"turns":4.0},{"damage":0.0,"enemies":"3 Cultists","floor":24.0,"turns":4.0},{"damage":0.0,"enemies":"Book of Stabbing","floor":25.0,"turns":3.0},{"damage":2.0,"enemies":"Gremlin Leader","floor":29.0,"turns":3.0},{"damage":0.0,"enemies":"Centurion and Healer","floor":30.0,"turns":3.0},{"damage":0.0,"enemies":"Cultist and Chosen","floor":31.0,"turns":3.0},{"damage":0.0,"enemies":"Collector","floor":33.0,"turns":5.0},{"damage":0.0,"enemies":"3 Shapes","floor":35.0,"turns":3.0},{"damage":0.0,"enemies":"3 Darklings","floor":38.0,"turns":4.0},{"damage":0.0,"enemies":"Reptomancer","floor":40.0,"turns":5.0},{"damage":0.0,"enemies":"Writhing Mass","floor":41.0,"turns":5.0},{"damage":0.0,"enemies":"Giant Head","floor":42.0,"turns":8.0},{"damage":0.0,"enemies":"Nemesis","floor":44.0,"turns":5.0},{"damage":0.0,"enemies":"Spire Growth","floor":45.0,"turns":4.0},{"damage":0.0,"enemies":"3 Darklings","floor":46.0,"turns":3.0},{"damage":0.0,"enemies":"Reptomancer","floor":47.0,"turns":5.0},{"damage":0.0,"enemies":"Jaw Worm Horde","floor":48.0,"turns":3.0},{"damage":0.0,"enemies":"3 Darklings","floor":35.0,"turns":3.0},{"damage":0,"enemies":"2 Orb Walkers","floor":37,"turns":3},{"damage":0,"enemies":"3 Shapes","floor":38,"turns":2},{"damage":0,"enemies":"Spire Growth","floor":39,"turns":4},{"damage":0,"enemies":"Nemesis","floor":40,"turns":7}],"seed_played":"3879140910724293928","potions_obtained":[{"floor":5.0,"key":"SpeedPotion"},{"floor":11.0,"key":"EssenceOfSteel"},{"floor":16.0,"key":"EssenceOfSteel"},{"floor":24.0,"key":"Poison Potion"},{"floor":29.0,"key":"LiquidMemories"},{"floor":38.0,"key":"LiquidBronze"},{"floor":41.0,"key":"Explosive Potion"},{"floor":42.0,"key":"Dexterity Potion"},{"floor":44.0,"key":"LiquidBronze"},{"floor":37,"key":"LiquidBronze"}],"is_trial":false,"path_per_floor":["M","?","M","$","M","R","E","R","T","R","E","?","$","M","R","B",null,"M","M","M","?","$","E","M","E","T","R","?","E","M","M","R","B",null,"M","$","?","M","$","E","M","E","T","E","M","M","E","M","R","M","$","?","M","M","E","?"],"character_chosen":"THE_SILENT","items_purchased":["Reflex","GuppysTail","GuppysPaw","TwistedFunnel","GuppysCollar","Damocles","Omamori","SteamSale","Snake Skull","Lantern","Medical Kit"],"campfire_rested":0,"item_purchase_floors":[13,17,17,22,34,34,36,39,36,36,36],"current_hp_per_floor":[51,40,40,40,31,31,5,5,5,5,5,5,5,5,5,5,32,32,32,32,32,32,32,32,32,32,32,32,30,30,30,30,30,11,11,11,1,1,1,1,1,1,1,1,1,1,1,1,1,1,1,1,1,1,1,0,0],"gold":134,"neow_bonus":"BOSS_RELIC","is_daily":false,"chose_seed":false,"campfire_upgraded":6,"win_rate":0.0,"timestamp":1610881968,"path_taken":["M","?","M","$","M","R","E","R","T","R","E","?","$","?","R","BOSS","M","M","M","?","$","E","M","E","T","R","?","E","M","M","R","BOSS","M","$","?","M","$","E","M","E","T","E","M","M","E","M","R","M","$","?","M","M","E","?"],"items_purchased_type":["Card","Relic","Relic","Relic","Relic","Relic","Relic","Relic","Relic","Relic","Relic"],"build_version":"2020-12-22","purchased_purges":7,"victory":false,"max_hp_per_floor":[66,66,66,66,66,66,66,66,66,66,66,66,66,66,66,66,41,41,41,41,41,41,41,41,41,41,41,41,41,41,41,41,41,11,11,11,1,1,1,1,1,8,8,1,1,1,1,1,1,3,1,1,3,1,1,1,1],"card_choices":[{"not_picked":[],"picked":"DoctorFetus","floor":0.0},{"not_picked":["Sucker Punch","Bane","Underhanded Strike"],"picked":"SKIP","floor":1.0},{"not_picked":["Crippling Poison","Outmaneuver","Noxious Fumes"],"picked":"SKIP","floor":3.0},{"not_picked":["Bane","Cloak And Dagger"],"picked":"Backflip","floor":5.0},{"not_picked":["Sucker Punch","Caltrops"],"picked":"Adrenaline","floor":7.0},{"not_picked":["Deflect","Dagger Spray","Crippling Poison"],"picked":"SKIP","floor":11.0},{"not_picked":["Eviscerate","Quick Slash"],"picked":"Bomb","floor":14.0},{"not_picked":["Storm of Steel","Doppelganger"],"picked":"Bullet Time","floor":16.0},{"not_picked":["Slice","Deadly Poison","PiercingWail"],"picked":"SKIP","floor":18.0},{"not_picked":["Underhanded Strike","Doppelganger"],"picked":"Tactician","floor":19.0},{"not_picked":["Underhanded Strike","Dagger Throw+1","Blade Dance"],"picked":"SKIP","floor":20.0},{"not_picked":["Reflex","Endless Agony","Dodge and Roll"],"picked":"SKIP","floor":23.0},{"not_picked":["Cloak And Dagger","Backstab","Dagger Throw"],"picked":"SKIP","floor":24.0},{"not_picked":["Night Terror","Bouncing Flask+1"],"picked":"Blur","floor":25.0},{"not_picked":["Burst","Masterful Stab+1","Dodge and Roll"],"picked":"SKIP","floor":29.0},{"not_picked":["Deadly Poison","Flying Knee","Sucker Punch"],"picked":"SKIP","floor":30.0},{"not_picked":["Sucker Punch","Blur"],"picked":"Night Terror","floor":31.0},{"not_picked":["Underhanded Strike","Dagger Throw","Deflect+1"],"picked":"SKIP","floor":35.0},{"not_picked":["Terror","Reflex","Bane"],"picked":"SKIP","floor":38.0},{"not_picked":["Night Terror","PiercingWail","All Out Attack+1"],"picked":"SKIP","floor":40.0},{"not_picked":["Outmaneuver","Deflect","Dagger Throw+1"],"picked":"SKIP","floor":41.0},{"not_picked":["Bane+1","Sucker Punch+1","Blur"],"picked":"SKIP","floor":42.0},{"not_picked":["Acrobatics","Flying Knee+1","Venomology"],"picked":"SKIP","floor":44.0},{"not_picked":["Bouncing Flask+1","Finisher+1","Dodge and Roll"],"picked":"SKIP","floor":45.0},{"not_picked":["Noxious Fumes+1","Tactician","PiercingWail"],"picked":"SKIP","floor":46.0},{"not_picked":["Deflect","Prepared"],"picked":"Corpse Explosion","floor":47.0},{"not_picked":["Poisoned Stab+1","Underhanded Strike+1","Blade Dance"],"picked":"Singing Bowl","floor":48.0},{"not_picked":["Poisoned Stab+1","Setup","Dagger Spray+1"],"picked":"Singing Bowl","floor":35.0},{"not_picked":["Blur","Prepared","PiercingWail"],"picked":"Singing Bowl","floor":37},{"not_picked":["Dagger Throw+1","Terror","Acrobatics"],"picked":"Singing Bowl","floor":38},{"not_picked":["Noxious Fumes+1","Malaise","Dagger Spray+1"],"picked":"Singing Bowl","floor":39},{"not_picked":["Footwork+1","Quick Slash+1","Skewer+1"],"picked":"Singing Bowl","floor":40}],"player_experience":1828746,"relics_obtained":[{"floor":7.0,"key":"Thread and Needle"},{"floor":9.0,"key":"The Courier"},{"floor":11.0,"key":"Mummified Hand"},{"floor":23.0,"key":"Juzu Bracelet"},{"floor":23.0,"key":"Art of War"},{"floor":25.0,"key":"Smiling Mask"},{"floor":25.0,"key":"Nunchaku"},{"floor":26.0,"key":"Sundial"},{"floor":29.0,"key":"TuHaoJin"},{"floor":29.0,"key":"Bottled Lightning"},{"floor":35.0,"key":"Happy Flower"},{"floor":38.0,"key":"Boot"},{"floor":40.0,"key":"Orichalcum"},{"floor":40.0,"key":"ForgetMeNow"},{"floor":40.0,"key":"Molten Egg 2"},{"floor":41.0,"key":"Potion Belt"},{"floor":42.0,"key":"EdensBlessing"},{"floor":42.0,"key":"SalivaCoin"},{"floor":42.0,"key":"Strawberry"},{"floor":44.0,"key":"Regal Pillow"},{"floor":44.0,"key":"Blue Candle"},{"floor":44.0,"key":"HowToJump"},{"floor":45.0,"key":"SharpPlug"},{"floor":46.0,"key":"Frozen Egg 2"},{"floor":47.0,"key":"MealTicket"},{"floor":47.0,"key":"Tough Bandages"},{"floor":47.0,"key":"BookOfRevelations"},{"floor":48.0,"key":"Singing Bowl"},{"floor":35.0,"key":"Void"},{"floor":37,"key":"Turnip"},{"floor":37,"key":"Darkstone Periapt"},{"floor":38,"key":"Eternal Feather"},{"floor":39,"key":"Blood Vial"},{"floor":40,"key":"BelialBook"},{"floor":40,"key":"Bronze Scales"},{"floor":40,"key":"War Paint"}],"event_choices":[{"damage_healed":0.0,"max_hp_gain":0.0,"max_hp_loss":0.0,"gold_gain":75.0,"event_name":"World of Goop","player_choice":"Gather Gold","floor":2.0,"gold_loss":0.0,"damage_taken":11.0},{"damage_healed":0.0,"max_hp_gain":0.0,"max_hp_loss":0.0,"gold_gain":0.0,"event_name":"Scrap Ooze","player_choice":"Fled","floor":12.0,"gold_loss":0.0,"damage_taken":0.0},{"damage_healed":0.0,"max_hp_gain":0.0,"max_hp_loss":0.0,"gold_gain":50.0,"event_name":"Nest","player_choice":"Stole From Cult","floor":21.0,"gold_loss":0.0,"damage_taken":0.0},{"damage_healed":0.0,"max_hp_gain":0.0,"max_hp_loss":0.0,"gold_gain":0.0,"event_name":"Drug Dealer","player_choice":"Inject Mutagens","floor":28.0,"gold_loss":0.0,"damage_taken":0.0,"relics_obtained":["MutagenicStrength"]},{"damage_healed":0.0,"max_hp_gain":0.0,"max_hp_loss":0.0,"gold_gain":0.0,"event_name":"MindBloom","player_choice":"Upgrade","floor":37.0,"gold_loss":0.0,"damage_taken":0.0,"cards_upgraded":["Survivor","Acrobatics","Burst","PiercingWail","Backflip","Reflex","Blur","Night Terror"],"relics_obtained":["Mark of the Bloom"]},{"damage_healed":0,"gold_gain":0,"player_choice":"Fight","damage_taken":0,"max_hp_gain":0,"max_hp_loss":0,"event_name":"Mysterious Sphere","floor":37,"gold_loss":0}],"is_beta":false,"boss_relics":[{"not_picked":["MagicMushroom","Philosopher\u0027s Stone"],"picked":"Black Star"},{"not_picked":[]},{"not_picked":["Runic Pyramid","SacredBark"],"picked":"Empty Cage"},{"not_picked":[]}],"items_purged_floors":[4,13,17,34,36,39,36],"is_endless":false,"potions_floor_spawned":[5,11,16,24,25,29,31,38,41,42,44,37,38,39],"ascension_level":20}}