{"host":"uyrebrj0204enqpc","time":1610922565,"event":{"mods":["Act Like it!","Bard","BaseMod","Block Reminder","Challenge The Spire","Colored Map","Colored Powertips","DeckTracker","Downfall","GifTheSpireLib","HexUI Lib","Highlight Path","Hubris","Infinite Spire","Minty Spire (QoL Compilation)","Pale of the Ancients","Quick Restart","Random Character Button","Relic Sorter","Relic Stats","Shop Mod","StSLib","The Blue Laboratory","The Bug Knight","The Cursed","The Jungle","The Marked","Wandering Minibosses"],"gold_per_floor":[99,116,130,144,144,144,144,170,170,186,199,219,237,250,260,260,260],"floor_reached":16,"language":"ENG","playtime":631,"items_purged":[],"score":108,"play_id":"d41e1140-8da1-4b5c-b106-0490b3774a05","local_time":"20210117172925","is_ascension_mode":false,"campfire_choices":[{"data":"bronze:Replicate","floor":1,"key":"SMITH"},{"data":"bronze:Constructor","floor":6,"key":"SMITH"},{"data":"Wild Strike","floor":9,"key":"SMITH"}],"circlet_count":0,"master_deck":["bronze:Strike","bronze:Strike","bronze:Strike","bronze:Strike","bronze:Defend","bronze:Defend","bronze:Defend","bronze:Defend","bronze:Replicate+1","bronze:Goto","bronze:Flail","bronze:Constructor+1","Wild Strike+1","bronze:Philosophize","bronze:Constructor","bronze:WildBeam","bronze:FollowUp","bronze:RecursiveStrike"],"relics":["Burning Blood","Blood Vial","infinitespire:Cubic Diamond","hubris:DisguiseKit"],"acts_visited":["Exordium"],"potions_floor_usage":[11,15,16],"damage_taken":[{"damage":8,"enemies":"Cultist","floor":2,"turns":6},{"damage":7,"enemies":"2 Louse","floor":3,"turns":2},{"damage":0,"enemies":"Small Slimes","floor":4,"turns":2},{"damage":37,"enemies":"3 Sentries","floor":8,"turns":9},{"damage":19,"enemies":"Exordium Wildlife","floor":10,"turns":6},{"damage":0,"enemies":"Lots of Slimes","floor":11,"turns":2},{"damage":7,"enemies":"2 Fungi Beasts","floor":12,"turns":3},{"damage":14,"enemies":"Large Slime","floor":13,"turns":6},{"damage":10,"enemies":"Exordium Thugs","floor":14,"turns":4},{"damage":21,"enemies":"Gremlin Gang","floor":15,"turns":5},{"damage":15,"enemies":"DF_ARCHETYPE_STREAMLINE","floor":16,"turns":6}],"seed_played":"5353604091331814384","potions_obtained":[{"floor":8,"key":"SkillPotion"},{"floor":10,"key":"Guardian:BlockOnCardUsePotion"},{"floor":14,"key":"BlessingOfTheForge"},{"floor":15,"key":"blueLaboratory:FrostheartPotion"}],"is_trial":false,"path_per_floor":["R","M","M","M","?","R","T","E","R","M","M","M","M","M","M","B"],"character_chosen":"THE_AUTOMATON","items_purchased":[],"campfire_rested":0,"item_purchase_floors":[],"current_hp_per_floor":[70,62,57,59,59,59,59,30,30,19,27,28,22,20,7,0,0],"gold":260,"neow_bonus":"RANDOM_COMMON_RELIC","is_daily":false,"chose_seed":false,"campfire_upgraded":3,"win_rate":0.0,"timestamp":1610922565,"path_taken":["R","M","?","M","?","R","T","E","R","M","M","M","M","M","M","BOSS"],"items_purchased_type":[],"build_version":"2020-12-22","purchased_purges":0,"victory":false,"max_hp_per_floor":[70,70,70,70,70,70,70,70,70,70,70,70,70,70,70,70,70],"relic_stats":{"Blood Vial":20,"counters":[11,51],"obtain_stats":[{"Blood Vial":0,"hubris:DisguiseKit":7,"bronze:BronzeCore":0,"infinitespire:Cubic Diamond":5,"Burning Blood":5},{"Blood Vial":0,"hubris:DisguiseKit":3,"bronze:BronzeCore":0,"infinitespire:Cubic Diamond":3,"Burning Blood":3},{"Blood Vial":0,"hubris:DisguiseKit":10,"bronze:BronzeCore":0,"infinitespire:Cubic Diamond":10,"Burning Blood":10}],"Burning Blood":42},"card_choices":[{"not_picked":["bronze:FineTuning","bronze:Backtrace"],"picked":"bronze:Flail","floor":2},{"not_picked":["bronze:DarkDash","bronze:Repulsor"],"picked":"bronze:Constructor","floor":3},{"not_picked":["bronze:CutThrough","bronze:BronzeOrb","bronze:DigitalCarnage"],"picked":"SKIP","floor":4},{"not_picked":["bronze:BugBarrage","bronze:Deprecate","bronze:BitShift"],"picked":"Wild Strike","floor":8},{"not_picked":["bronze:BuggyMess","bronze:Separator","Dropkick"],"picked":"bronze:Philosophize","floor":10},{"not_picked":["bronze:Invalidate","bronze:Separator","hubris:StunningStrike"],"picked":"bronze:Constructor","floor":11},{"not_picked":["bronze:OilSpill","bronze:Safeguard","Pummel"],"picked":"bronze:WildBeam","floor":12},{"not_picked":["bronze:NullPointer","bronze:Frontload","bronze:BronzeOrb","hubris:StunningStrike"],"picked":"SKIP","floor":13},{"not_picked":["bronze:BugBarrage","bronze:OilSpill","Shrug It Off"],"picked":"bronze:FollowUp","floor":14},{"not_picked":["bronze:DarkDash","bronze:ChosenStrike","Cleave"],"picked":"bronze:RecursiveStrike","floor":15}],"player_experience":1062285,"relics_obtained":[{"floor":7,"key":"hubris:DisguiseKit"}],"event_choices":[],"is_beta":false,"boss_relics":[],"items_purged_floors":[],"is_endless":false,"potions_floor_spawned":[8,10,14,15],"killed_by":"DF_ARCHETYPE_STREAMLINE","ascension_level":0}}