{"host":"8n2lgrrkrt9pi315","time":1610913632,"event":{"mods":["BaseMod","Colored Map","Downfall","Minty Spire (QoL Compilation)","StSLib","The Cursed"],"gold_per_floor":[111,130,130,1,76,76,42,42,67,83,83,83,104,144,144,269,269,284,117,132,146,71,112,112,133,133,157,181,199,233,24,24,155,218,236,261,277,301,301,301,320,71,98,50,74,99,137,155,155,155,155],"floor_reached":50,"language":"ENG","playtime":3283,"items_purged":["Strike_R","Strike_R","Defend_R"],"score":764,"play_id":"74fc59d0-8997-4c72-adfa-4678324b3bca","local_time":"20210117210032","is_ascension_mode":true,"campfire_choices":[{"data":"Shrug It Off","floor":6,"key":"SMITH"},{"data":"Havoc","floor":11,"key":"SMITH"},{"data":"Sentinel","floor":15,"key":"SMITH"},{"data":"Feel No Pain","floor":24,"key":"SMITH"},{"data":"Purity","floor":32,"key":"SMITH"},{"data":"Exhume","floor":40,"key":"SMITH"},{"data":"Havoc","floor":49,"key":"SMITH"}],"circlet_count":0,"master_deck":["Strike_R+1","Strike_R+1","Defend_R","Defend_R","Defend_R","Bash+1","Shrug It Off+1","Iron Wave+1","Havoc+1","Burning Pact","Sentinel+1","Second Wind","Feel No Pain+1","Feel No Pain+1","Infernal Blade","True Grit+1","Seeing Red","Purity+1","Exhume+1","Havoc+1","Havoc+1","Second Wind+1","Exhume","Havoc+1","True Grit+1"],"relics":["Burning Blood","Dead Branch","Golden Idol","Bag of Preparation","Whetstone","Sozu","Pantograph","InkBottle","Vajra","Gambling Chip","Tiny House","White Beast Statue","Orichalcum","Bottled Lightning"],"acts_visited":["Exordium","TheCity","TheBeyond"],"potions_floor_usage":[13,14,16,16],"damage_taken":[{"damage":3,"enemies":"Small Slimes","floor":1,"turns":5},{"damage":1,"enemies":"2 Louse","floor":2,"turns":3},{"damage":2,"enemies":"Jaw Worm","floor":10,"turns":4},{"damage":3,"enemies":"Gremlin Gang","floor":13,"turns":2},{"damage":7,"enemies":"3 Sentries","floor":14,"turns":7},{"damage":23,"enemies":"Slime Boss","floor":16,"turns":5},{"damage":0,"enemies":"Chosen","floor":18,"turns":5},{"damage":19,"enemies":"Spheric Guardian","floor":20,"turns":4},{"damage":0,"enemies":"Centurion and Healer","floor":21,"turns":6},{"damage":26,"enemies":"Slavers","floor":23,"turns":11},{"damage":37,"enemies":"Snecko","floor":25,"turns":6},{"damage":0,"enemies":"Chosen and Byrds","floor":27,"turns":8},{"damage":0,"enemies":"Centurion and Healer","floor":29,"turns":4},{"damage":13,"enemies":"Book of Stabbing","floor":30,"turns":2},{"damage":26,"enemies":"Champ","floor":33,"turns":9},{"damage":3,"enemies":"3 Shapes","floor":35,"turns":4},{"damage":6,"enemies":"Orb Walker","floor":36,"turns":2},{"damage":0,"enemies":"Sphere and 2 Shapes","floor":37,"turns":3},{"damage":2,"enemies":"3 Darklings","floor":38,"turns":3},{"damage":0,"enemies":"4 Shapes","floor":41,"turns":2},{"damage":11,"enemies":"Maw","floor":45,"turns":6},{"damage":7,"enemies":"Writhing Mass","floor":46,"turns":3},{"damage":5,"enemies":"Giant Head","floor":47,"turns":4},{"damage":3,"enemies":"Jaw Worm Horde","floor":48,"turns":2},{"damage":85,"enemies":"Time Eater","floor":50,"turns":16}],"seed_played":"-2370005533338994725","potions_obtained":[{"floor":1,"key":"hexamod:SoulburnPotion"},{"floor":2,"key":"Fire Potion"},{"floor":13,"key":"EssenceOfSteel"},{"floor":14,"key":"champ:CounterPotion"}],"is_trial":false,"path_per_floor":["M","M","?","$","?","R","$","?","T","M","R","?","M","E","R","B",null,"M","$","M","M","?","E","R","M","T","M","T","M","E","$","R","B",null,"M","M","M","M","?","R","M","$","T","$","M","M","E","M","R","B"],"character_chosen":"IRONCLAD","items_purchased":["Havoc","Burning Pact","Second Wind","Purity","White Beast Statue","Havoc"],"campfire_rested":0,"item_purchase_floors":[4,7,19,31,42,44],"current_hp_per_floor":[59,64,64,64,53,53,53,58,58,62,62,46,49,48,48,31,79,79,79,66,72,72,52,52,21,21,27,27,33,26,26,26,31,84,84,84,84,84,84,84,84,84,84,84,79,78,79,82,82,0,0],"gold":155,"neow_bonus":"ONE_RARE_RELIC","is_daily":false,"chose_seed":false,"campfire_upgraded":7,"win_rate":0.0,"timestamp":1610913632,"path_taken":["M","M","?","$","?","R","$","?","T","M","R","?","M","E","R","BOSS","M","$","M","M","?","E","R","M","T","M","?","M","E","$","R","BOSS","M","M","M","?","?","R","M","$","T","$","?","M","E","M","R","BOSS"],"items_purchased_type":["Card","Card","Card","Card","Relic","Card"],"build_version":"2020-12-22","purchased_purges":3,"victory":false,"max_hp_per_floor":[80,80,74,74,74,74,74,79,79,79,79,79,79,79,79,79,79,79,79,79,79,79,79,79,79,79,79,79,79,79,79,79,79,84,84,84,84,84,84,84,84,84,84,84,84,84,84,84,84,84,84],"card_choices":[{"not_picked":["Metallicize","Clash"],"picked":"Shrug It Off","floor":1},{"not_picked":["Flame Barrier","Warcry"],"picked":"Iron Wave","floor":2},{"not_picked":["Clash","Immolate","Hemokinesis"],"picked":"SKIP","floor":10},{"not_picked":["Second Wind","Havoc"],"picked":"Sentinel","floor":13},{"not_picked":["Twin Strike","Carnage","Entrench"],"picked":"SKIP","floor":14},{"not_picked":["Uppercut","Twin Strike","Dual Wield+1"],"picked":"SKIP","floor":18},{"not_picked":["Wild Strike","Armaments","Anger+1"],"picked":"SKIP","floor":20},{"not_picked":["Rage","Shrug It Off"],"picked":"Feel No Pain","floor":21},{"not_picked":["Sever Soul","Impervious"],"picked":"Feel No Pain+1","floor":23},{"not_picked":["Carnage","Searing Blow","Body Slam"],"picked":"SKIP","floor":25},{"not_picked":["Thunderclap","Uppercut"],"picked":"Infernal Blade","floor":27},{"not_picked":["Spot Weakness","Clash"],"picked":"True Grit","floor":29},{"not_picked":["Fire Breathing","Heavy Blade"],"picked":"Seeing Red","floor":30},{"not_picked":["Impervious","Demon Form"],"picked":"Exhume","floor":33},{"not_picked":["Heavy Blade+1","Twin Strike"],"picked":"Havoc+1","floor":34},{"not_picked":["Twin Strike+1","Iron Wave+1"],"picked":"Havoc","floor":35},{"not_picked":["Anger+1","Body Slam+1","Battle Trance"],"picked":"SKIP","floor":36},{"not_picked":["Anger","Shrug It Off","Twin Strike"],"picked":"SKIP","floor":37},{"not_picked":["Uppercut","Warcry"],"picked":"Second Wind+1","floor":38},{"not_picked":["Thunderclap","Iron Wave+1"],"picked":"Exhume","floor":41},{"not_picked":["Pommel Strike+1","Feel No Pain+1","Flex"],"picked":"SKIP","floor":45},{"not_picked":["Clothesline+1","Headbutt+1"],"picked":"True Grit+1","floor":46},{"not_picked":["Barricade","Fire Breathing+1","Iron Wave"],"picked":"SKIP","floor":47},{"not_picked":["Cleave","Pommel Strike","Clash+1"],"picked":"SKIP","floor":48}],"player_experience":84301,"relics_obtained":[{"floor":9,"key":"Bag of Preparation"},{"floor":14,"key":"Whetstone"},{"floor":23,"key":"Pantograph"},{"floor":26,"key":"InkBottle"},{"floor":28,"key":"Vajra"},{"floor":30,"key":"Gambling Chip"},{"floor":43,"key":"Orichalcum"},{"floor":47,"key":"Bottled Lightning"}],"event_choices":[{"damage_healed":0,"gold_gain":0,"player_choice":"Lose Max HP","damage_taken":0,"relics_obtained":["Golden Idol"],"max_hp_gain":0,"max_hp_loss":6,"event_name":"Golden Idol","floor":3,"gold_loss":0},{"damage_healed":0,"gold_gain":75,"player_choice":"Gather Gold","damage_taken":11,"max_hp_gain":0,"max_hp_loss":0,"event_name":"World of Goop","floor":5,"gold_loss":0},{"damage_healed":0,"gold_gain":0,"player_choice":"Donut","damage_taken":0,"max_hp_gain":5,"max_hp_loss":0,"event_name":"Big Fish","floor":8,"gold_loss":0},{"damage_healed":0,"gold_gain":0,"player_choice":"Entered Light","damage_taken":16,"max_hp_gain":0,"max_hp_loss":0,"event_name":"Shining Light","floor":12,"gold_loss":0,"cards_upgraded":["Iron Wave","Bash"]},{"cards_removed":["Strike_R"],"damage_healed":0,"gold_gain":0,"player_choice":"Gave Gold","damage_taken":0,"max_hp_gain":0,"max_hp_loss":0,"event_name":"Beggar","floor":22,"gold_loss":75},{"damage_healed":0,"gold_gain":0,"player_choice":"Forge","damage_taken":0,"max_hp_gain":0,"max_hp_loss":0,"event_name":"Accursed Blacksmith","floor":39,"gold_loss":0,"cards_upgraded":["Havoc"]}],"is_beta":false,"boss_relics":[{"not_picked":["Runic Pyramid","Philosopher\u0027s Stone"],"picked":"Sozu"},{"not_picked":["Empty Cage","Coffee Dripper"],"picked":"Tiny House"}],"items_purged_floors":[4,19,31],"is_endless":false,"potions_floor_spawned":[1,2,13,14,18,23,25,27,29,36,41,45,46,47,48],"killed_by":"Time Eater","ascension_level":4}}