{"host":"8rqsnaeml9gxb0kp","time":1610846868,"event":{"mods":["AchievementEnabler","BaseMod","Dark Map","Minty Spire (QoL Compilation)","StSLib"],"gold_per_floor":[115,190,190,10,23,55,55,55,55,73,90,124,124,154,154,251,251,267,267,267,267,267,297,310,326,326,343,343,112,130,148,148,248,248,268,268,284,72,17,17,47,47,129,143,193,0,0,0,0,0,0],"floor_reached":50,"language":"ENG","playtime":3037,"items_purged":["Strike_G","Strike_G"],"score":606,"play_id":"65e0d04c-00a0-4f34-b102-bba9742c9cc2","local_time":"20210116172748","is_ascension_mode":true,"campfire_choices":[{"data":"Deadly Poison","floor":8,"key":"SMITH"},{"floor":13,"key":"REST"},{"data":"Bouncing Flask","floor":15,"key":"SMITH"},{"floor":28,"key":"REST"},{"floor":32,"key":"REST"},{"floor":40,"key":"DIG"},{"floor":42,"key":"DIG"},{"floor":47,"key":"DIG"},{"floor":49,"key":"DIG"}],"circlet_count":0,"master_deck":["Strike_G","Strike_G","Strike_G","Defend_G","Defend_G","Defend_G","Defend_G","Defend_G","Survivor","Neutralize","Quick Slash","Dodge and Roll","Poisoned Stab","Deadly Poison+1","Flying Knee","Bouncing Flask+1","Acrobatics","Doppelganger","Wraith Form v2","Acrobatics","Necronomicurse","Noxious Fumes","Footwork","Tactician","Well Laid Plans+1","Quick Slash+1","Night Terror","Backflip","Writhe","Bane+1","Noxious Fumes+1","Noxious Fumes+1","Normality","Crippling Poison"],"relics":["Velvet Choker","Membership Card","Eternal Feather","White Beast Statue","Paper Crane","Mercury Hourglass","SlaversCollar","Shovel","Necronomicon","Matryoshka","Pear","Juzu Bracelet","Frozen Egg 2","Blood Vial","PreservedInsect","Cursed Key","Singing Bowl","Gremlin Horn","Toy Ornithopter","CaptainsWheel","Ice Cream","Oddly Smooth Stone","Kunai","TungstenRod","Red Mask","Ornamental Fan","Bag of Preparation"],"acts_visited":["Exordium","TheCity","TheBeyond"],"potions_floor_usage":[23,23,23,31,31,33,33,35,41,50,50,50],"damage_taken":[{"damage":3,"enemies":"Jaw Worm","floor":1,"turns":4},{"damage":0,"enemies":"Cultist","floor":5,"turns":3},{"damage":15,"enemies":"Lagavulin","floor":6,"turns":9},{"damage":0,"enemies":"Small Slimes","floor":10,"turns":2},{"damage":0,"enemies":"2 Fungi Beasts","floor":11,"turns":3},{"damage":27,"enemies":"3 Sentries","floor":12,"turns":9},{"damage":10,"enemies":"Lagavulin","floor":14,"turns":5},{"damage":19,"enemies":"Hexaghost","floor":16,"turns":8},{"damage":12,"enemies":"3 Byrds","floor":18,"turns":6},{"damage":33,"enemies":"Slavers","floor":23,"turns":6},{"damage":2,"enemies":"Shell Parasite","floor":24,"turns":5},{"damage":16,"enemies":"Shelled Parasite and Fungi","floor":25,"turns":6},{"damage":11,"enemies":"Snecko","floor":27,"turns":5},{"damage":37,"enemies":"Sentry and Sphere","floor":30,"turns":6},{"damage":13,"enemies":"Snake Plant","floor":31,"turns":4},{"damage":41,"enemies":"Collector","floor":33,"turns":8},{"damage":31,"enemies":"3 Darklings","floor":35,"turns":11},{"damage":22,"enemies":"3 Shapes","floor":37,"turns":5},{"damage":25,"enemies":"Reptomancer","floor":41,"turns":6},{"damage":20,"enemies":"Jaw Worm Horde","floor":44,"turns":5},{"damage":0,"enemies":"Mind Bloom Boss Battle","floor":45,"turns":6},{"damage":110,"enemies":"Awakened One","floor":50,"turns":10}],"seed_played":"-3649120548748855762","potions_obtained":[{"floor":3,"key":"PowerPotion"},{"floor":3,"key":"Fire Potion"},{"floor":3,"key":"BlessingOfTheForge"},{"floor":6,"key":"Regen Potion"},{"floor":12,"key":"DuplicationPotion"},{"floor":23,"key":"BlessingOfTheForge"},{"floor":24,"key":"CultistPotion"},{"floor":25,"key":"SpeedPotion"},{"floor":30,"key":"LiquidMemories"},{"floor":31,"key":"Swift Potion"},{"floor":33,"key":"Block Potion"},{"floor":35,"key":"SteroidPotion"},{"floor":37,"key":"Block Potion"},{"floor":41,"key":"SpeedPotion"},{"floor":44,"key":"Strength Potion"},{"floor":45,"key":"Fire Potion"}],"is_trial":false,"path_per_floor":["M","?","?","$","M","E","?","R","T","M","M","E","R","E","R","B",null,"M","?","?","?","T","E","M","M","T","M","R","$","M","M","R","B",null,"M","?","M","$","?","R","E","R","T","M","?","?","R","$","R","B"],"character_chosen":"THE_SILENT","items_purchased":["Membership Card","Dodge and Roll","Blood Vial","PreservedInsect","Well Laid Plans+1","Noxious Fumes+1","Singing Bowl"],"campfire_rested":3,"item_purchase_floors":[4,4,29,29,29,38,38],"current_hp_per_floor":[67,56,56,56,56,41,46,55,55,55,55,28,59,49,61,42,75,63,63,63,47,47,39,37,21,21,10,50,50,15,4,44,5,85,54,75,55,55,55,73,55,73,73,55,59,59,77,77,87,0,0],"gold":0,"neow_bonus":"BOSS_RELIC","is_daily":false,"chose_seed":false,"campfire_upgraded":2,"win_rate":0.0,"timestamp":1610846868,"path_taken":["M","?","?","$","?","E","?","R","T","M","M","E","R","E","R","BOSS","M","?","?","?","?","E","?","M","T","M","R","$","M","M","R","BOSS","M","?","M","$","?","R","E","R","T","M","?","?","R","$","R","BOSS"],"items_purchased_type":["Relic","Card","Relic","Relic","Card","Card","Relic"],"build_version":"2020-12-22","purchased_purges":2,"victory":false,"max_hp_per_floor":[70,70,70,70,70,70,75,75,75,75,75,75,75,75,75,75,75,75,75,75,75,75,85,85,85,85,85,85,85,85,85,85,85,85,85,85,85,85,85,85,85,85,85,85,87,87,87,87,87,87,87],"card_choices":[{"not_picked":["Backstab","Prepared"],"picked":"Quick Slash","floor":1},{"not_picked":["Masterful Stab","Slice"],"picked":"Poisoned Stab","floor":5},{"not_picked":["Blade Dance","Bane"],"picked":"Deadly Poison","floor":6},{"not_picked":["Cloak And Dagger","Backflip"],"picked":"Flying Knee","floor":10},{"not_picked":["Dash","Leg Sweep"],"picked":"Bouncing Flask","floor":11},{"not_picked":["Riddle With Holes","Bane"],"picked":"Acrobatics","floor":12},{"not_picked":["Infinite Blades","Quick Slash"],"picked":"Doppelganger","floor":14},{"not_picked":["Doppelganger","After Image"],"picked":"Wraith Form v2","floor":16},{"not_picked":["Prepared","Finisher"],"picked":"Acrobatics","floor":18},{"not_picked":["Dagger Spray","All Out Attack","Dagger Throw"],"picked":"SKIP","floor":23},{"not_picked":["Prepared","Acrobatics"],"picked":"Noxious Fumes","floor":24},{"not_picked":["Quick Slash","Dagger Throw"],"picked":"Footwork","floor":25},{"not_picked":["Deflect","Endless Agony"],"picked":"Tactician","floor":27},{"not_picked":["Phantasmal Killer","Sucker Punch"],"picked":"Quick Slash+1","floor":30},{"not_picked":["Underhanded Strike","Quick Slash","Dagger Throw"],"picked":"SKIP","floor":31},{"not_picked":["Glass Knife","After Image+1"],"picked":"Night Terror","floor":33},{"not_picked":["Blade Dance","Infinite Blades+1"],"picked":"Backflip","floor":35},{"not_picked":["Acrobatics","Quick Slash+1"],"picked":"Bane+1","floor":37},{"not_picked":["Sucker Punch","Quick Slash+1"],"picked":"Noxious Fumes+1","floor":41},{"not_picked":["Eviscerate","Dash"],"picked":"Crippling Poison","floor":44},{"not_picked":["Calculated Gamble","Eviscerate+1","Bane+1"],"picked":"Singing Bowl","floor":45}],"player_experience":79756,"relics_obtained":[{"floor":6,"key":"Eternal Feather"},{"floor":9,"key":"White Beast Statue"},{"floor":12,"key":"Paper Crane"},{"floor":14,"key":"Mercury Hourglass"},{"floor":21,"key":"Necronomicon"},{"floor":22,"key":"Matryoshka"},{"floor":23,"key":"Pear"},{"floor":26,"key":"Juzu Bracelet"},{"floor":26,"key":"Frozen Egg 2"},{"floor":40,"key":"Toy Ornithopter"},{"floor":41,"key":"CaptainsWheel"},{"floor":42,"key":"Ice Cream"},{"floor":43,"key":"Oddly Smooth Stone"},{"floor":43,"key":"Kunai"},{"floor":45,"key":"TungstenRod"},{"floor":47,"key":"Ornamental Fan"},{"floor":49,"key":"Bag of Preparation"}],"event_choices":[{"damage_healed":0,"gold_gain":75,"player_choice":"Gather Gold","damage_taken":11,"max_hp_gain":0,"max_hp_loss":0,"event_name":"World of Goop","floor":2,"gold_loss":0},{"damage_healed":0,"gold_gain":0,"player_choice":"Got Potions","damage_taken":0,"max_hp_gain":0,"max_hp_loss":0,"event_name":"Lab","floor":3,"gold_loss":0},{"damage_healed":0,"gold_gain":0,"player_choice":"Donut","damage_taken":0,"max_hp_gain":5,"max_hp_loss":0,"event_name":"Big Fish","floor":7,"gold_loss":0},{"damage_healed":0,"gold_gain":0,"player_choice":"Ignored","damage_taken":0,"max_hp_gain":0,"max_hp_loss":0,"event_name":"Ghosts","floor":19,"gold_loss":0},{"damage_healed":0,"gold_gain":0,"player_choice":"Opened","damage_taken":0,"relics_obtained":["Shovel"],"max_hp_gain":0,"max_hp_loss":0,"event_name":"The Mausoleum","floor":20,"gold_loss":0},{"damage_healed":0,"gold_gain":0,"player_choice":"Obtained Book","damage_taken":16,"max_hp_gain":0,"max_hp_loss":0,"event_name":"Cursed Tome","floor":21,"gold_loss":0},{"damage_healed":21,"gold_gain":0,"player_choice":"Writhe","damage_taken":0,"max_hp_gain":0,"max_hp_loss":0,"event_name":"Winding Halls","floor":36,"gold_loss":0,"cards_obtained":["Writhe"]},{"damage_healed":0,"gold_gain":0,"player_choice":"Paid Gold","damage_taken":0,"relics_obtained":["Gremlin Horn"],"max_hp_gain":0,"max_hp_loss":0,"event_name":"WeMeetAgain","floor":39,"gold_loss":55},{"damage_healed":0,"gold_gain":0,"player_choice":"Fight","damage_taken":0,"max_hp_gain":0,"max_hp_loss":0,"event_name":"MindBloom","floor":45,"gold_loss":0},{"damage_healed":0,"gold_gain":0,"player_choice":"Paid","damage_taken":0,"relics_obtained":["Red Mask"],"max_hp_gain":0,"max_hp_loss":0,"event_name":"Tomb of Lord Red Mask","floor":46,"gold_loss":193}],"is_beta":false,"boss_relics":[{"not_picked":["Coffee Dripper","Ectoplasm"],"picked":"SlaversCollar"},{"not_picked":["Tiny House","WristBlade"],"picked":"Cursed Key"}],"items_purged_floors":[29,38],"is_endless":false,"potions_floor_spawned":[6,10,11,12,14,16,18,23,24,25,27,30,31,33,35,37,41,44,45],"killed_by":"Awakened One","ascension_level":1}}