{"host":"epui4f5vutxtqbca","time":1610925991,"event":{"mods":["AchievementEnabler","BaseMod","Colored Map","Colored Powertips","Minty Spire (QoL Compilation)","Permanent Neow"],"gold_per_floor":[17,17,30,43,60,60,76,76,76,76,76,89,120,134,134,134,134],"floor_reached":16,"language":"ENG","playtime":2320,"items_purged":[],"score":104,"play_id":"4f7897a5-004e-4938-894d-d646c945fb2a","local_time":"20210117182631","is_ascension_mode":false,"campfire_choices":[{"floor":6,"key":"REST"},{"data":"Combust","floor":8,"key":"SMITH"},{"floor":10,"key":"REST"},{"floor":15,"key":"REST"}],"circlet_count":0,"master_deck":["Strike_R","Strike_R","Strike_R","Strike_R","Strike_R","Defend_R","Defend_R","Defend_R","Defend_R","Bash","Bludgeon","Sword Boomerang","Decay","Fire Breathing","Combust+1","Power Through","Warcry","Heavy Blade","Seeing Red","Dual Wield"],"relics":["Burning Blood","Frozen Egg 2","Bottled Lightning"],"acts_visited":["Exordium"],"potions_floor_usage":[13,16,16],"damage_taken":[{"damage":0,"enemies":"2 Louse","floor":1,"turns":2},{"damage":3,"enemies":"Cultist","floor":3,"turns":3},{"damage":11,"enemies":"Jaw Worm","floor":4,"turns":2},{"damage":20,"enemies":"3 Louse","floor":5,"turns":4},{"damage":19,"enemies":"Large Slime","floor":7,"turns":5},{"damage":18,"enemies":"2 Fungi Beasts","floor":12,"turns":3},{"damage":27,"enemies":"Lagavulin","floor":13,"turns":5},{"damage":1,"enemies":"Exordium Wildlife","floor":14,"turns":3},{"damage":78,"enemies":"The Guardian","floor":16,"turns":7}],"seed_played":"7471070786162693272","potions_obtained":[{"floor":7,"key":"LiquidMemories"},{"floor":12,"key":"Weak Potion"},{"floor":13,"key":"LiquidBronze"},{"floor":14,"key":"Swift Potion"}],"is_trial":false,"path_per_floor":["M","?","M","M","M","R","M","R","T","R","?","M","E","M","R","B"],"character_chosen":"IRONCLAD","items_purchased":[],"campfire_rested":3,"item_purchase_floors":[],"current_hp_per_floor":[80,80,80,75,61,80,67,67,67,80,80,68,47,52,76,0,0],"gold":134,"neow_bonus":"THREE_RARE_CARDS","is_daily":false,"chose_seed":false,"campfire_upgraded":1,"win_rate":0.0,"timestamp":1610925991,"path_taken":["M","?","M","M","?","R","M","R","T","R","?","M","E","M","R","BOSS"],"items_purchased_type":[],"build_version":"2020-12-22","purchased_purges":0,"victory":false,"max_hp_per_floor":[80,80,80,80,80,80,80,80,80,80,80,80,80,80,80,80,80],"card_choices":[{"not_picked":["Demon Form","Exhume"],"picked":"Bludgeon","floor":0},{"not_picked":["Shrug It Off","Havoc"],"picked":"Sword Boomerang","floor":1},{"not_picked":["Heavy Blade","Wild Strike"],"picked":"Fire Breathing","floor":3},{"not_picked":["Infernal Blade","Headbutt"],"picked":"Combust","floor":4},{"not_picked":["Clash","Second Wind"],"picked":"Power Through","floor":5},{"not_picked":["True Grit","Feel No Pain"],"picked":"Warcry","floor":7},{"not_picked":["Infernal Blade","Warcry"],"picked":"Heavy Blade","floor":12},{"not_picked":["Ghostly Armor","Limit Break"],"picked":"Seeing Red","floor":13},{"not_picked":["Seeing Red","Shrug It Off"],"picked":"Dual Wield","floor":14}],"player_experience":163278,"relics_obtained":[{"floor":9,"key":"Frozen Egg 2"},{"floor":13,"key":"Bottled Lightning"}],"event_choices":[{"damage_healed":0,"gold_gain":0,"player_choice":"Cursed","damage_taken":0,"max_hp_gain":0,"max_hp_loss":0,"event_name":"Wheel of Change","floor":2,"gold_loss":0,"cards_obtained":["Decay"]},{"damage_healed":0,"gold_gain":0,"player_choice":"Ignored","damage_taken":0,"max_hp_gain":0,"max_hp_loss":0,"event_name":"Liars Game","floor":11,"gold_loss":0}],"is_beta":false,"boss_relics":[],"items_purged_floors":[],"is_endless":false,"potions_floor_spawned":[7,12,13,14],"killed_by":"The Guardian","ascension_level":0}}