{"host":"dowi7cgbhepuzvpj","time":1610919082,"event":{"mods":["AchievementEnabler","BaseMod","Colored Map","Highlight Path","Keyboard Shortcuts","Minty Spire (QoL Compilation)","Permanent Neow","Quick Restart","StSLib","SuperFastMode"],"gold_per_floor":[110,124,124,274,274,274,284,37,37,101,120,170,170,249,249,249,249],"floor_reached":16,"language":"KOR","playtime":312,"items_purged":[],"score":180,"play_id":"e7b38c60-936e-4f1d-b3b6-a615aef52c78","local_time":"20210118063122","is_ascension_mode":true,"campfire_choices":[{"data":"Crippling Poison","floor":6.0,"key":"SMITH"},{"data":"Neutralize","floor":13.0,"key":"SMITH"},{"data":"After Image","floor":15.0,"key":"SMITH"}],"circlet_count":0,"master_deck":["AscendersBane","Strike_G","Strike_G","Strike_G","Strike_G","Defend_G","Defend_G","Defend_G","Defend_G","Defend_G","Survivor","Neutralize+1","Adrenaline","Dodge and Roll","Crippling Poison+1","Prepared","Doubt","After Image+1","PiercingWail"],"relics":["Ring of the Snake","SsserpentHead","Membership Card","Snake Skull","HornCleat","Odd Mushroom"],"acts_visited":["Exordium"],"potions_floor_usage":[],"damage_taken":[{"damage":3.0,"enemies":"Cultist","floor":1.0,"turns":4.0},{"damage":0.0,"enemies":"2 Louse","floor":2.0,"turns":3.0},{"damage":5.0,"enemies":"Small Slimes","floor":7.0,"turns":3.0},{"damage":0.0,"enemies":"2 Fungi Beasts","floor":10.0,"turns":5.0},{"damage":5.0,"enemies":"3 Louse","floor":11.0,"turns":2.0},{"damage":3.0,"enemies":"The Mushroom Lair","floor":14.0,"turns":3.0},{"damage":21,"enemies":"Hexaghost","floor":16,"turns":12}],"seed_played":"2519990885922061820","potions_obtained":[{"floor":2.0,"key":"Ancient Potion"},{"floor":11.0,"key":"FearPotion"}],"is_trial":false,"path_per_floor":["M","M","?","?","?","R","M","$","T","M","M","?","R","?","R","B"],"character_chosen":"THE_SILENT","items_purchased":["Membership Card","Snake Skull"],"campfire_rested":0,"item_purchase_floors":[8,8],"current_hp_per_floor":[41,41,41,41,41,41,36,36,36,36,31,36,36,33,33,12,12],"gold":249,"neow_bonus":"THREE_RARE_CARDS","is_daily":false,"chose_seed":false,"campfire_upgraded":3,"win_rate":0.0,"timestamp":1610919082,"path_taken":["M","M","?","?","?","R","M","$","T","?","M","?","R","?","R","BOSS"],"items_purchased_type":["Relic","Relic"],"build_version":"2020-12-22","purchased_purges":0,"victory":false,"max_hp_per_floor":[66,66,66,66,66,66,66,66,66,66,66,71,71,71,71,71,71],"card_choices":[{"not_picked":["Grand Finale","Doppelganger"],"picked":"Adrenaline","floor":0.0},{"not_picked":["Prepared","Outmaneuver"],"picked":"Dodge and Roll","floor":1.0},{"not_picked":["Masterful Stab","Bane"],"picked":"Crippling Poison","floor":2.0},{"not_picked":["Deadly Poison","Dagger Throw"],"picked":"After Image","floor":7.0},{"not_picked":["Quick Slash","Finisher","Flying Knee"],"picked":"SKIP","floor":10.0},{"not_picked":["Flechettes","Slice"],"picked":"PiercingWail","floor":11.0}],"player_experience":819988,"relics_obtained":[{"floor":9.0,"key":"HornCleat"},{"floor":14.0,"key":"Odd Mushroom"}],"event_choices":[{"damage_healed":0.0,"max_hp_gain":0.0,"max_hp_loss":0.0,"gold_gain":0.0,"cards_transformed":["Strike_G"],"event_name":"Living Wall","player_choice":"Change","floor":3.0,"gold_loss":0.0,"damage_taken":0.0,"cards_obtained":["Prepared"]},{"damage_healed":0.0,"max_hp_gain":0.0,"max_hp_loss":0.0,"gold_gain":150.0,"event_name":"Liars Game","player_choice":"AGREE","floor":4.0,"gold_loss":0.0,"damage_taken":0.0,"cards_obtained":["Doubt"]},{"damage_healed":0.0,"max_hp_gain":0.0,"max_hp_loss":0.0,"gold_gain":0.0,"event_name":"FaceTrader","player_choice":"Trade","floor":5.0,"gold_loss":0.0,"damage_taken":0.0,"relics_obtained":["SsserpentHead"]},{"damage_healed":0.0,"max_hp_gain":5.0,"max_hp_loss":0.0,"gold_gain":0.0,"event_name":"Big Fish","player_choice":"Donut","floor":12.0,"gold_loss":0.0,"damage_taken":0.0},{"damage_healed":0.0,"max_hp_gain":0.0,"max_hp_loss":0.0,"gold_gain":0.0,"event_name":"Mushrooms","player_choice":"Fought Mushrooms","floor":14.0,"gold_loss":0.0,"damage_taken":0.0}],"is_beta":false,"boss_relics":[],"items_purged_floors":[],"is_endless":false,"potions_floor_spawned":[2,11],"killed_by":"Hexaghost","ascension_level":20}}