{"host":"5icjlaq41ghjcr7h","time":1610875869,"event":{"mods":["AchievementEnabler","BaseMod","Colored Map","Minty Spire (QoL Compilation)","SuperFastMode","everything is the same but u backflip on backflip"],"gold_per_floor":[111,125,125,125,148,188,188,188,214,228,228,262,3,38,38,38,38],"floor_reached":16,"language":"KOR","playtime":397,"items_purged":["Strike_R"],"score":130,"play_id":"67924712-de39-4335-9f84-c970bceb3fdf","local_time":"20210117183109","is_ascension_mode":true,"campfire_choices":[{"data":"Double Tap","floor":8,"key":"SMITH"},{"data":"Apotheosis","floor":15,"key":"SMITH"}],"circlet_count":0,"master_deck":["Strike_R","Strike_R","Strike_R","Defend_R","Defend_R","Defend_R","Defend_R","Bash","Bloodletting","Dropkick","Inflame","Double Tap+1","Heavy Blade","Shrug It Off","Apotheosis+1","Corruption"],"relics":["Burning Blood","NeowsBlessing","Golden Idol","Vajra","MealTicket","Question Card","Nunchaku","Toy Ornithopter"],"acts_visited":["Exordium"],"potions_floor_usage":[6,10,16],"damage_taken":[{"damage":0,"enemies":"Jaw Worm","floor":1,"turns":1},{"damage":0,"enemies":"Small Slimes","floor":2,"turns":1},{"damage":0,"enemies":"Cultist","floor":5,"turns":1},{"damage":27,"enemies":"Gremlin Nob","floor":6,"turns":4},{"damage":15,"enemies":"Exordium Wildlife","floor":10,"turns":4},{"damage":25,"enemies":"3 Sentries","floor":12,"turns":6},{"damage":14,"enemies":"Gremlin Nob","floor":14,"turns":3},{"damage":36,"enemies":"Hexaghost","floor":16,"turns":9}],"seed_played":"7570545352727540067","potions_obtained":[{"floor":5,"key":"DistilledChaos"},{"floor":6,"key":"Dexterity Potion"},{"floor":14,"key":"Ancient Potion"}],"is_trial":false,"path_per_floor":["M","M","?","?","M","E","?","R","T","M","T","E","$","E","R","B"],"character_chosen":"IRONCLAD","items_purchased":["Apotheosis"],"campfire_rested":0,"item_purchase_floors":[13],"current_hp_per_floor":[80,80,85,64,70,49,49,49,49,40,40,21,36,28,28,0,0],"gold":38,"neow_bonus":"THREE_ENEMY_KILL","is_daily":false,"chose_seed":false,"campfire_upgraded":2,"win_rate":0.0,"timestamp":1610875869,"path_taken":["M","M","?","?","M","E","?","R","T","?","?","E","$","E","R","BOSS"],"items_purchased_type":["Card"],"build_version":"2020-12-22","purchased_purges":1,"victory":false,"max_hp_per_floor":[80,80,85,85,85,85,85,85,85,85,85,85,85,85,85,85,85],"card_choices":[{"not_picked":["Warcry","Battle Trance"],"picked":"Bloodletting","floor":1},{"not_picked":["Twin Strike","Intimidate"],"picked":"Dropkick","floor":2},{"not_picked":["Twin Strike","Metallicize"],"picked":"Inflame","floor":5},{"not_picked":["Twin Strike","True Grit"],"picked":"Double Tap","floor":6},{"not_picked":["Cleave","Clothesline"],"picked":"Heavy Blade","floor":10},{"not_picked":["Wild Strike","Evolve","Warcry"],"picked":"Shrug It Off","floor":12},{"not_picked":["Pommel Strike","Disarm","Armaments"],"picked":"Corruption","floor":14}],"player_experience":144238,"relics_obtained":[{"floor":6,"key":"Vajra"},{"floor":9,"key":"MealTicket"},{"floor":11,"key":"Question Card"},{"floor":12,"key":"Nunchaku"},{"floor":14,"key":"Toy Ornithopter"}],"event_choices":[{"damage_healed":0,"gold_gain":0,"player_choice":"Donut","damage_taken":0,"max_hp_gain":5,"max_hp_loss":0,"event_name":"Big Fish","floor":3,"gold_loss":0},{"damage_healed":0,"gold_gain":0,"player_choice":"Take Damage","damage_taken":21,"relics_obtained":["Golden Idol"],"max_hp_gain":0,"max_hp_loss":0,"event_name":"Golden Idol","floor":4,"gold_loss":0},{"cards_removed":["Strike_R"],"damage_healed":0,"gold_gain":0,"player_choice":"Offered Basic","damage_taken":0,"max_hp_gain":0,"max_hp_loss":0,"event_name":"Bonfire Elementals","floor":7,"gold_loss":0}],"is_beta":false,"boss_relics":[],"items_purged_floors":[13],"is_endless":false,"potions_floor_spawned":[5,6,14],"killed_by":"Hexaghost","ascension_level":2}}