{"host":"mnv5ukcvq49ry6ak","time":1610870422,"event":{"mods":["100% Spire Juice","ATMod(°¢èªMod)","Act Like it!","BaseMod","Better Vampires","Minty Spire (QoL Compilation)","MostiFishMod","Relic Stats","StSLib","¡¾ÒÅÎï¿¨ÅÆ¡¿REMEMod"],"gold_per_floor":[111,111,150,169,169,49,49,49],"floor_reached":7,"language":"ZHS","playtime":192,"items_purged":[],"score":41,"play_id":"83438137-8366-41cf-aca1-2b5bc47fd2ac","local_time":"20210117160022","is_ascension_mode":false,"campfire_choices":[],"circlet_count":0,"master_deck":["Moonworks:Strike","Moonworks:Strike","Moonworks:Strike","Moonworks:Strike","Moonworks:Defend","Moonworks:Defend","Moonworks:Defend","Moonworks:Defend","Moonworks:Ambush","Moonworks:LongDistanceShot","HandOfGreed+1","AT_DivineConfetti","Moonworks:JonathanRush","Moonworks:EvilSpyWorkPreparation","Moonworks:TreasureThief"],"relics":["Moonworks:BrokenBomb","Moonworks:Homemark","AT_ATBox","DaveBox","REME_ComplimentaryCards","RhineCircuit","NeowsBlessing","SynthV:TestCard","Golden Idol"],"acts_visited":["Exordium"],"potions_floor_usage":[],"damage_taken":[{"damage":0,"enemies":"Small Slimes","floor":1,"turns":1},{"damage":0,"enemies":"Cultist","floor":3,"turns":2},{"damage":0,"enemies":"Jaw Worm","floor":4,"turns":1},{"damage":0,"enemies":"3 Sentries","floor":7,"turns":1}],"seed_played":"8221340300656102473","potions_obtained":[{"floor":3,"key":"Dexterity Potion"},{"floor":4,"key":"Dexterity Potion"}],"is_trial":false,"path_per_floor":["M","?","M","M","?","$","E"],"character_chosen":"THE_STARBREAKER","items_purchased":[],"campfire_rested":0,"item_purchase_floors":[],"current_hp_per_floor":[60,60,60,60,45,45,45,45],"gold":49,"neow_bonus":"THREE_ENEMY_KILL","is_daily":false,"chose_seed":false,"campfire_upgraded":0,"win_rate":0.0,"timestamp":1610870422,"path_taken":["M","?","?","?","?","?","E"],"items_purchased_type":[],"build_version":"2020-12-22","purchased_purges":0,"victory":false,"max_hp_per_floor":[60,60,60,60,60,60,60,60],"relic_stats":{"counters":[4,5],"Golden Idol":0,"obtain_stats":[{"AT_ATBox":0,"SynthV:TestCard":1,"DaveBox":0,"NeowsBlessing":0,"Golden Idol":5,"Moonworks:Homemark":0,"Moonworks:BrokenBomb":0,"REME_ComplimentaryCards":0,"RhineCircuit":0},{"AT_ATBox":0,"SynthV:TestCard":1,"DaveBox":0,"NeowsBlessing":0,"Golden Idol":3,"Moonworks:Homemark":0,"Moonworks:BrokenBomb":0,"REME_ComplimentaryCards":0,"RhineCircuit":0},{"AT_ATBox":0,"SynthV:TestCard":1,"DaveBox":0,"NeowsBlessing":0,"Golden Idol":4,"Moonworks:Homemark":0,"Moonworks:BrokenBomb":0,"REME_ComplimentaryCards":0,"RhineCircuit":0}]},"card_choices":[{"not_picked":["Moonworks:RedAndBlue","Moonworks:BigMagnum"],"picked":"Moonworks:JonathanRush","floor":1},{"not_picked":["Moonworks:CloudOfSeagulls","Moonworks:TacticalRetreat","Moonworks:DeployBits","Moonworks:Bloodlust"],"picked":"Moonworks:EvilSpyWorkPreparation","floor":3},{"not_picked":["Moonworks:LulusLuckyEgg","Moonworks:BigMagnum","Moonworks:SakisCookie","Moonworks:ImOnFire"],"picked":"Moonworks:TreasureThief","floor":4}],"player_experience":448322,"relics_obtained":[{"floor":1,"key":"SynthV:TestCard"}],"event_choices":[{"damage_healed":0,"gold_gain":0,"player_choice":"Upgraded","damage_taken":0,"max_hp_gain":0,"max_hp_loss":0,"event_name":"Upgrade Shrine","floor":2,"gold_loss":0,"cards_upgraded":["HandOfGreed"]},{"damage_healed":0,"gold_gain":0,"player_choice":"Take Damage","damage_taken":15,"relics_obtained":["Golden Idol"],"max_hp_gain":0,"max_hp_loss":0,"event_name":"Golden Idol","floor":5,"gold_loss":0}],"is_beta":false,"boss_relics":[],"items_purged_floors":[],"is_endless":false,"potions_floor_spawned":[3,4],"killed_by":"3 Sentries","ascension_level":0}}