{"host":"ss2ocoam53r2lno0","time":1610895321,"event":{"mods":["Act Like it!","BaseMod","ChefMod","Clockwork Mod","Colored Powertips","Curses Come First","Displayed Cursed Tome","Downfall","Evolution","Googly Eyes","Hallownest","Highlight Path","Minty Spire (QoL Compilation)","Poor People Problems","Rare Cards Sparkle","Robot Space Explorer","Shade Mod","Shop Mod","Spicy Shops","StSLib","The Marked"],"gold_per_floor":[110,126,137,137,147,147,147,165,188,200,211,211,136,106,106,207,207,218,228,228,228,3,3,3,3],"floor_reached":24,"language":"ENG","playtime":1998,"items_purged":["Clockwork:Strike","Decay","Clockwork:Strike"],"score":282,"play_id":"32be530a-3cb8-48bd-aad3-985b22208bc7","local_time":"20210117155521","is_ascension_mode":true,"campfire_choices":[{"data":"Clockwork:ElasticNanites","floor":6,"key":"SMITH"},{"floor":12,"key":"REST"},{"data":"Clockwork:Shield","floor":15,"key":"SMITH"},{"data":"Clockwork:PerfectForm","floor":23,"key":"SMITH"}],"circlet_count":0,"master_deck":["AscendersBane","Clockwork:Strike","Clockwork:Strike","Clockwork:Shield","Clockwork:Shield","Clockwork:Shield+1","Clockwork:Tinker","Clockwork:WarmUp","Clockwork:ElasticNanites+1","Clockwork:Clone","Clockwork:PerfectForm+1","Clockwork:ChargingBlade+1","Clockwork:RevUp"],"relics":["Clockwork:MomentumEngine","EVO:Axolotl","NeowsBlessing","Boot","bronze:MakeshiftBattery","SsserpentHead"],"acts_visited":["Exordium","TheCity"],"potions_floor_usage":[8,24,24,24],"damage_taken":[{"damage":0,"enemies":"Cultist","floor":1,"turns":5},{"damage":0,"enemies":"Jaw Worm","floor":2,"turns":4},{"damage":0,"enemies":"Small Slimes","floor":3,"turns":1},{"damage":27,"enemies":"3 Louse","floor":5,"turns":11},{"damage":0,"enemies":"2 Fungi Beasts","floor":8,"turns":9},{"damage":0,"enemies":"Red Slaver","floor":10,"turns":10},{"damage":0,"enemies":"Large Slime","floor":11,"turns":11},{"damage":0,"enemies":"Looter","floor":14,"turns":4},{"damage":12,"enemies":"Slime Boss","floor":16,"turns":20},{"damage":43,"enemies":"Chosen","floor":18,"turns":10},{"damage":22,"enemies":"Shell Parasite","floor":19,"turns":8},{"damage":24,"enemies":"Book of Stabbing","floor":24,"turns":4}],"seed_played":"505181207673685149","potions_obtained":[{"floor":2,"key":"sneckomod:MuddlingPotion"},{"floor":8,"key":"Fruit Juice"},{"floor":10,"key":"FearPotion"},{"floor":11,"key":"Explosive Potion"},{"floor":16,"key":"Energy Potion"}],"is_trial":false,"path_per_floor":["M","M","M","?","M","R","?","M","T","M","M","R","$","M","R","B",null,"M","M","?","?","$","R","E"],"character_chosen":"CLOCKWORK","items_purchased":[],"campfire_rested":1,"item_purchase_floors":[],"current_hp_per_floor":[77,77,77,77,50,50,50,55,55,55,55,82,82,82,82,70,85,42,20,20,20,20,20,0,0],"gold":3,"neow_bonus":"THREE_ENEMY_KILL","is_daily":false,"chose_seed":false,"campfire_upgraded":3,"win_rate":0.0,"timestamp":1610895321,"path_taken":["M","?","?","?","?","R","?","M","T","M","M","R","$","M","R","BOSS","M","M","?","?","$","R","E"],"items_purchased_type":[],"build_version":"2020-12-22","purchased_purges":3,"victory":false,"max_hp_per_floor":[85,85,85,85,85,85,85,90,90,90,90,90,90,90,90,90,90,90,90,90,90,90,90,90,90],"card_choices":[{"not_picked":["Clockwork:AdaptiveCannon","Clockwork:SearingStrike","Clockwork:RampUp"],"picked":"SKIP","floor":1},{"not_picked":["Clockwork:TiltAWhirl","Clockwork:Roundhouse"],"picked":"Clockwork:ElasticNanites","floor":2},{"not_picked":["Clockwork:AdaptiveCannon","Clockwork:EnthusiasticStrike"],"picked":"Clockwork:Clone","floor":3},{"not_picked":["Clockwork:Friction","Clockwork:Pluck","Clockwork:CogBarrier"],"picked":"SKIP","floor":5},{"not_picked":["Clockwork:AdaptiveShield","Clockwork:CraftBloodPhial","Clockwork:SystemHardening"],"picked":"SKIP","floor":8},{"not_picked":["Clockwork:HoardingStrike","Clockwork:LiteraryArmor","Clockwork:ReserveSystems"],"picked":"SKIP","floor":10},{"not_picked":["Clockwork:AdaptiveShield","Clockwork:AdaptiveCannon","Clockwork:ReserveSystems"],"picked":"SKIP","floor":11},{"not_picked":["Clockwork:Roundhouse","Clockwork:SystemHardening","Clockwork:CogToss"],"picked":"SKIP","floor":14},{"not_picked":["Clockwork:CraftQuicksilverHourglass","Clockwork:UnlimitedCogworks"],"picked":"Clockwork:PerfectForm","floor":16},{"not_picked":["Clockwork:SystemHardening","Clockwork:SmithsMallet+1"],"picked":"Clockwork:ChargingBlade+1","floor":18},{"not_picked":["Clockwork:ReserveSystems","Clockwork:Improve"],"picked":"Clockwork:RevUp","floor":19}],"player_experience":763010,"relics_obtained":[{"floor":9,"key":"Boot"}],"event_choices":[{"cards_removed":["Clockwork:Shield"],"damage_healed":0,"gold_gain":0,"player_choice":"Purged","damage_taken":0,"max_hp_gain":0,"max_hp_loss":0,"event_name":"Purifier","floor":4,"gold_loss":0},{"damage_healed":0,"gold_gain":0,"player_choice":"Smashed Altar","damage_taken":0,"max_hp_gain":0,"max_hp_loss":0,"event_name":"Forgotten Altar","floor":20,"gold_loss":0,"cards_obtained":["Decay"]},{"damage_healed":0,"gold_gain":0,"player_choice":"Trade","damage_taken":0,"relics_obtained":["SsserpentHead"],"max_hp_gain":0,"max_hp_loss":0,"event_name":"FaceTrader","floor":21,"gold_loss":0}],"is_beta":false,"boss_relics":[{"not_picked":["SacredBark","Velvet Choker"],"picked":"bronze:MakeshiftBattery"}],"items_purged_floors":[13,22,22],"is_endless":false,"potions_floor_spawned":[2,8,10,11,16,19],"killed_by":"Book of Stabbing","ascension_level":10}}