{"host":"d5i1qeb9dejicw1z","time":1610867106,"event":{"mods":["AchievementEnabler","BaseMod","Better Note","BetterRewards","Downfall","Gold Saver","Hermit","Minty Spire (QoL Compilation)","StSLib"],"gold_per_floor":[286,303,303,320,320,233,280,280,294,294,307,307,318,337,354,449,449,449,465,484,53,153,153,153,153,167,177,177,177,191,21,40,139,189,189,205,205,228,241,241,241,241,253,253,280,296,296,296,296,296],"floor_reached":48,"language":"ENG","playtime":4246,"items_purged":["champ:Execute"],"score":529,"play_id":"6a48e1ea-bf3a-4eeb-896a-5d5a19f86d47","local_time":"20210116230506","is_ascension_mode":false,"campfire_choices":[{"data":"champ:Taunt","floor":1,"key":"SMITH"},{"data":"champ:IronFortress","floor":8,"key":"SMITH"},{"data":"champ:IronFortress","floor":10,"key":"SMITH"},{"data":"champ:GutPunch","floor":12,"key":"SMITH"},{"data":"champ:GladiatorForm","floor":18,"key":"SMITH"},{"floor":23,"key":"REST"},{"floor":25,"key":"REST"},{"data":"champ:IronFortress","floor":35,"key":"SMITH"},{"data":"champ:StanceDance","floor":42,"key":"SMITH"},{"floor":44,"key":"REST"}],"circlet_count":0,"master_deck":["champ:Strike","champ:Strike","champ:Strike","champ:Strike","champ:Defend","champ:Defend","champ:Defend","champ:Taunt+1","champ:Endure+1","champ:GutPunch+1","champ:IronFortress+1","champ:IronFortress+1","champ:FocusedDefense","champ:VampiricStrike","champ:BringItOn","champ:StanceDance+1","champ:GladiatorStyle+1","champ:GladiatorForm+1","champ:Circumvent","champ:EnGarde+1","champ:SetATrap+1","expansioncontent:DashGenerateEvil+1","champ:TornadoPunch","champ:PreciseThrust+1","champ:IronFortress+1","champ:StanceDance+1","champ:IronFortress","champ:DancingMaster","champ:LastStand","champ:Shatter+1","champ:StrikeOfGenius","champ:EnGarde+1","champ:DefensiveShout+1"],"relics":["champ:ChampionCrown","SlaversCollar","Strawberry","Potion Belt","Darkstone Periapt","Tiny House","Blood Vial","Unceasing Top","Nunchaku"],"acts_visited":["Exordium","TheCity","TheBeyond"],"potions_floor_usage":[13,16,16,16,22,26,26,26,27,27,33,36,36,39,43,43,43,43,45,45],"damage_taken":[{"damage":10,"enemies":"Small Slimes","floor":2,"turns":4},{"damage":10,"enemies":"Cultist","floor":4,"turns":4},{"damage":10,"enemies":"downfall:FleeingMerchant","floor":6,"turns":4},{"damage":15,"enemies":"2 Louse","floor":9,"turns":2},{"damage":26,"enemies":"Exordium Thugs","floor":11,"turns":4},{"damage":19,"enemies":"Gremlin Gang","floor":13,"turns":4},{"damage":15,"enemies":"Exordium Wildlife","floor":14,"turns":4},{"damage":15,"enemies":"Blue Slaver","floor":15,"turns":3},{"damage":25,"enemies":"DF_ARCHETYPE_STREAMLINE","floor":16,"turns":11},{"damage":31,"enemies":"Shell Parasite","floor":19,"turns":9},{"damage":47,"enemies":"Sentry and Sphere","floor":20,"turns":8},{"damage":15,"enemies":"downfall:FleeingMerchant","floor":21,"turns":4},{"damage":41,"enemies":"downfall:LadyInBlue","floor":22,"turns":14},{"damage":8,"enemies":"Shelled Parasite and Fungi","floor":26,"turns":6},{"damage":15,"enemies":"Snecko","floor":27,"turns":5},{"damage":24,"enemies":"Cultist and Chosen","floor":30,"turns":9},{"damage":0,"enemies":"downfall:FleeingMerchant","floor":31,"turns":4},{"damage":38,"enemies":"3 Cultists","floor":32,"turns":7},{"damage":32,"enemies":"IC_MUSHROOM_ARCHETYPE","floor":33,"turns":13},{"damage":0,"enemies":"3 Shapes","floor":36,"turns":6},{"damage":12,"enemies":"3 Darklings","floor":39,"turns":11},{"damage":32,"enemies":"Spire Growth","floor":43,"turns":3},{"damage":103,"enemies":"Nemesis","floor":45,"turns":11},{"damage":11,"enemies":"Maw","floor":46,"turns":8},{"damage":9,"enemies":"Jaw Worm Horde","floor":48,"turns":4}],"seed_played":"2424182822093394197","potions_obtained":[{"floor":9,"key":"GamblersBrew"},{"floor":11,"key":"DistilledChaos"},{"floor":13,"key":"AttackPotion"},{"floor":14,"key":"SteroidPotion"},{"floor":16,"key":"LiquidBronze"},{"floor":22,"key":"LiquidMemories"},{"floor":22,"key":"Explosive Potion"},{"floor":22,"key":"champ:OpenerPotion"},{"floor":22,"key":"BlessingOfTheForge"},{"floor":26,"key":"AttackPotion"},{"floor":32,"key":"sneckomod:MuddlingPotion"},{"floor":33,"key":"Dexterity Potion"},{"floor":34,"key":"EntropicBrew"},{"floor":39,"key":"SteroidPotion"},{"floor":43,"key":"champ:OpenerPotion"}],"is_trial":false,"path_per_floor":["R","M","?","M","?","$","T","R","M","R","M","R","M","M","M","B",null,"R","M","M","$","?","R","T","R","M","M","?","?","M","$","M","B",null,"R","M","?","?","M","?","T","R","M","R","E","M","?","M"],"character_chosen":"THE_CHAMP","items_purchased":["champ:IronFortress","champ:SetATrap","expansioncontent:DashGenerateEvil+1","Strawberry","champ:IronFortress"],"campfire_rested":3,"item_purchase_floors":[6,21,21,21,31],"current_hp_per_floor":[99,99,99,99,99,99,99,99,94,94,93,93,89,89,89,84,99,99,73,31,33,36,67,67,98,90,80,80,80,56,56,33,4,111,111,111,111,111,99,99,99,99,69,102,14,5,5,0,0,0],"gold":296,"neow_bonus":"TEN_PERCENT_HP_BONUS","is_daily":false,"chose_seed":false,"campfire_upgraded":7,"win_rate":0.0,"timestamp":1610867106,"path_taken":["R","M","?","?","?","?","T","R","M","R","M","R","M","?","M","BOSS","R","?","M","$","?","R","T","R","M","M","?","?","M","$","M","BOSS","R","M","?","?","M","?","T","R","?","R","E","?","?","M"],"items_purchased_type":["Card","Card","Card","Relic","Card"],"build_version":"2020-12-22","purchased_purges":1,"victory":false,"max_hp_per_floor":[99,99,99,99,99,99,99,99,99,99,99,99,99,99,99,99,99,99,99,99,106,106,106,106,106,106,106,106,106,106,106,106,106,111,111,111,111,111,111,111,111,111,111,111,111,111,111,111,111,111],"card_choices":[{"not_picked":["champ:CrownThrow","champ:SetATrap"],"picked":"champ:Endure","floor":2},{"not_picked":["champ:SetATrap","champ:Haymaker"],"picked":"champ:GutPunch","floor":4},{"not_picked":["champ:AdrenalArmor","champ:FalseCounter"],"picked":"champ:IronFortress","floor":6},{"not_picked":["champ:BringItOn","champ:FlashCut"],"picked":"champ:FocusedDefense","floor":9},{"not_picked":["champ:PreemptiveStrike","champ:Shatter"],"picked":"champ:VampiricStrike","floor":11},{"not_picked":["champ:FocusedDefense","champ:PreciseThrust"],"picked":"champ:BringItOn","floor":13},{"not_picked":["champ:Backstep","champ:CrownThrow"],"picked":"champ:StanceDance","floor":14},{"not_picked":["champ:Haymaker","champ:Shatter"],"picked":"champ:GladiatorStyle","floor":15},{"not_picked":["champ:SteelEdge","champ:SwordThrow"],"picked":"champ:GladiatorForm","floor":16},{"not_picked":["champ:BerserkersShout","champ:FocusedDefense+1","champ:Endure+1"],"picked":"SKIP","floor":19},{"not_picked":["champ:Haymaker","champ:DeathBlow"],"picked":"champ:Circumvent","floor":20},{"not_picked":["champ:DefensiveShout","champ:CrookedStrike"],"picked":"champ:EnGarde+1","floor":21},{"not_picked":["champ:Lariat+1","champ:CrookedStrike"],"picked":"champ:TornadoPunch","floor":22},{"not_picked":["champ:AdrenalArmor","champ:FanOfKnives"],"picked":"champ:PreciseThrust+1","floor":23},{"not_picked":["champ:EnGarde","champ:FlashCut","champ:CrownThrow"],"picked":"SKIP","floor":26},{"not_picked":["champ:Backstep","champ:TornadoPunch+1","champ:PreciseThrust"],"picked":"SKIP","floor":27},{"not_picked":["champ:DeathBlow","champ:HeavySlash","champ:BerserkersShout"],"picked":"SKIP","floor":30},{"not_picked":["champ:Circumvent","champ:EnGarde"],"picked":"champ:StanceDance+1","floor":31},{"not_picked":["champ:SkillfulDodge","champ:PreciseThrust+1"],"picked":"champ:DancingMaster","floor":32},{"not_picked":["champ:IgnorePain","champ:StrikeOfGenius"],"picked":"champ:LastStand","floor":33},{"not_picked":["champ:HeartStrike+1","champ:DeathBlow+1","champ:ArenaPreparation+1"],"picked":"SKIP","floor":36},{"not_picked":["champ:DeathBlow","champ:Lariat+1"],"picked":"champ:Shatter+1","floor":39},{"not_picked":["champ:GladiatorStyle","champ:RecklessLeap","champ:Endure"],"picked":"SKIP","floor":43},{"not_picked":["champ:FocusedBerserking","champ:GutPunch"],"picked":"champ:EnGarde+1","floor":45},{"not_picked":["champ:HeartStrike+1","champ:Backstep"],"picked":"champ:DefensiveShout+1","floor":46}],"player_experience":1211819,"relics_obtained":[{"floor":7,"key":"Dream Catcher"},{"floor":22,"key":"Potion Belt"},{"floor":24,"key":"Darkstone Periapt"},{"floor":38,"key":"Blood Vial"},{"floor":41,"key":"Unceasing Top"},{"floor":45,"key":"Nunchaku"}],"event_choices":[{"damage_healed":0,"gold_gain":0,"player_choice":"Grow","damage_taken":0,"max_hp_gain":0,"max_hp_loss":0,"event_name":"Living Wall","floor":5,"gold_loss":0,"cards_upgraded":["champ:Endure"]}],"is_beta":false,"boss_relics":[{"not_picked":["Runic Pyramid","Empty Cage"],"picked":"SlaversCollar"},{"not_picked":["Velvet Choker","Runic Dome"],"picked":"Tiny House"}],"items_purged_floors":[31],"is_endless":false,"potions_floor_spawned":[9,11,13,14,16,22,26,32,33,36,39,43],"killed_by":"Jaw Worm Horde","ascension_level":0}}