{"host":"h4qgcirtxz6qax9j","time":1610856575,"event":{"mods":["AchievementEnabler","Astrologer","BaseMod","Colored Powertips","Minty Spire (QoL Compilation)","StSLib","SuperFastMode","The Cursed"],"gold_per_floor":[112,122,139,139,154,154,186,205,205,224,224,224],"floor_reached":11,"language":"KOR","playtime":406,"items_purged":[],"score":77,"play_id":"d0a8ed43-9779-46cd-86d1-ef0505c6bc8a","local_time":"20210117130935","is_ascension_mode":false,"campfire_choices":[{"data":"astrologer:TheFool","floor":6,"key":"SMITH"}],"circlet_count":0,"master_deck":["astrologer:Strike","astrologer:Strike","astrologer:Strike","astrologer:Strike","astrologer:Defend","astrologer:Defend","astrologer:Defend","astrologer:Defend","astrologer:NorthStar","astrologer:TheFool+1","astrologer:ShiningStar","astrologer:Stardust","astrologer:SpaceDust","astrologer:Eclipse","astrologer:Moonlight","astrologer:SpaceDust","astrologer:FrozenStar"],"relics":["astrologer:SkyMirror","NeowsBlessing","Regal Pillow","Eternal Feather"],"acts_visited":["Exordium"],"potions_floor_usage":[11,11],"damage_taken":[{"damage":0,"enemies":"2 Louse","floor":1,"turns":1},{"damage":0,"enemies":"Cultist","floor":2,"turns":1},{"damage":0,"enemies":"Jaw Worm","floor":3,"turns":1},{"damage":6,"enemies":"3 Louse","floor":5,"turns":4},{"damage":30,"enemies":"Gremlin Nob","floor":7,"turns":5},{"damage":14,"enemies":"Large Slime","floor":8,"turns":8},{"damage":15,"enemies":"Exordium Wildlife","floor":10,"turns":7},{"damage":8,"enemies":"3 Sentries","floor":11,"turns":12}],"seed_played":"-7573639083551865763","potions_obtained":[{"floor":2,"key":"AttackPotion"},{"floor":3,"key":"Weak Potion"},{"floor":5,"key":"Energy Potion"}],"is_trial":false,"path_per_floor":["M","M","M","?","M","R","E","M","T","M","E"],"character_chosen":"ASTROLOGER","items_purchased":[],"campfire_rested":0,"item_purchase_floors":[],"current_hp_per_floor":[70,70,70,70,64,64,34,20,20,5,0,0],"gold":224,"neow_bonus":"THREE_ENEMY_KILL","is_daily":false,"chose_seed":false,"campfire_upgraded":1,"win_rate":0.0,"timestamp":1610856575,"path_taken":["M","M","M","?","M","R","E","M","T","?","E"],"items_purchased_type":[],"build_version":"2020-12-22","purchased_purges":0,"victory":false,"max_hp_per_floor":[70,70,70,70,70,70,70,70,70,70,70,70],"card_choices":[{"not_picked":["astrologer:ReadTheStars","astrologer:CrystalBall"],"picked":"astrologer:ShiningStar","floor":1},{"not_picked":["astrologer:MeteorShower","astrologer:TheHierophant"],"picked":"astrologer:Stardust","floor":2},{"not_picked":["astrologer:Stardust","astrologer:Fate"],"picked":"astrologer:SpaceDust","floor":3},{"not_picked":["astrologer:Cataclysm","astrologer:Prestidigitation"],"picked":"astrologer:Eclipse","floor":5},{"not_picked":["astrologer:FrozenStar","astrologer:MeteorShower"],"picked":"astrologer:Moonlight","floor":7},{"not_picked":["astrologer:Stardust","astrologer:Divination"],"picked":"astrologer:SpaceDust","floor":8},{"not_picked":["astrologer:GlassStar","astrologer:Justice"],"picked":"astrologer:FrozenStar","floor":10}],"player_experience":58814,"relics_obtained":[{"floor":7,"key":"Regal Pillow"},{"floor":9,"key":"Eternal Feather"}],"event_choices":[{"damage_healed":0,"gold_gain":0,"player_choice":"Ignored","damage_taken":0,"max_hp_gain":0,"max_hp_loss":0,"event_name":"Purifier","floor":4,"gold_loss":0}],"is_beta":false,"boss_relics":[],"items_purged_floors":[],"is_endless":false,"potions_floor_spawned":[2,3,5,8],"killed_by":"3 Sentries","ascension_level":0}}