{"host":"bhhjkloc4kd9nqc5","time":1610888356,"event":{"mods":["100% Spire Juice","Act Like it!","BaseMod","Chen","Gensokyo","Infinite Spire","Koishi","Lobotomy","LobotomyExtend","Marisa????????","Minty Spire (QoL Compilation)","Onozuka Komachi Mod","Remilia??????","Replay The Spire","RumiaBox-????????","StSLib","The Administrix","The Cursed","The Gatherer","Yakumo Yukari mod","Yuri Mod","Yuyuko","slay the spire mod where everything is the same but ironclad has a cowboy hat"],"gold_per_floor":[113,133,133,150,160,160,171,198,198,198,198,233,233,267,267,392,392,415,439,457,226,191,191,207,207,230,230,268,291,309,330,330,458,458,477,91,104,120,139,139,139,139],"floor_reached":41,"language":"ENG","playtime":5617,"items_purged":["Injury"],"score":582,"play_id":"1bfe33c5-a22e-4272-a45a-a7fb7068cc25","local_time":"20210117215916","is_ascension_mode":false,"campfire_choices":[{"floor":15.0,"key":"REST"},{"floor":23,"key":"REST"},{"floor":25,"key":"REST"},{"floor":27,"key":"REST"}],"circlet_count":0,"master_deck":["SpecialBullet","SpecialBullet","SpecialBullet","SpecialBullet","SpecialBullet","SpecialBullet","SpecialBullet","SpecialBullet","InformationCode","SecurityCode","RecordCode","VoidDream","Regret_ego","ExtractionCode","Regret_ego","Soda","OldLady","CherryBlossom","FourthMatchFlame","ShyLook","FourthMatchFlame","WallGazer","TodaysExpression+1","Noise","CENSORED_ego","Horn","OSAHOGD","Amita","SoundOfStar+1","Rudolta","Adoration+1","Variant","TodaysExpression+1","HereticApostle","ParadiseLost+1","GreenStem+1","Scarecrow","Lamp+6","Bloodbath","SomewhereSpear+1","Regret_ego+1","LongBird","Discord+1","Diffraction+1","CherryBlossom+1","WristCuter+1","BodiesMountain","Noise+1","DisciplinaryCode","Mimicry+1","Twilight+1","Twilight+1","Twilight+1","Moonlight+1","ScreamingWedge+1","Laetitia_ego+1","Lantern+1","Lamp+3","Wellcheers","Moonlight+1","Ecstasy+1","Lantern+1","SomewhereSpear+1","RedEyes+1","ParadiseLost+1"],"relics":["CogitoBucket","RabbitCall","infinitespire:Magic Flask","LetterFromLob","infinitespire:Cubic Diamond","ReplayTheSpireMod:Lightbulb","MagicDraw4","Golden Idol","Frozen Egg 2","infinitespire:PuzzleCube","Black Star","RedMistMask","Replay:Rubber Ducky","Blue Doll","Toxic Egg 2","Potion Belt","infinitespire:Lucky Rock","LuminousBracelet","Astrolabe","Medical Kit","infinitespire:Beetle Shell","SkinProphecy"],"acts_visited":["Exordium","TheCity","TheBeyond"],"potions_floor_usage":[20,24,33,33,36,41,41,41],"damage_taken":[{"damage":0.0,"enemies":"2 Louse","floor":1.0,"turns":2.0},{"damage":0.0,"enemies":"Small Slimes","floor":2.0,"turns":2.0},{"damage":6.0,"enemies":"Cultist","floor":4.0,"turns":3.0},{"damage":35.0,"enemies":"Exordium Wildlife","floor":5.0,"turns":5.0},{"damage":39.0,"enemies":"Red Slaver","floor":7.0,"turns":6.0},{"damage":57.0,"enemies":"Gremlin Nob","floor":8.0,"turns":6.0},{"damage":29.0,"enemies":"Replay:BlueRogue","floor":12.0,"turns":8.0},{"damage":52.0,"enemies":"Lagavulin","floor":14.0,"turns":9.0},{"damage":99.0,"enemies":"Hexaghost","floor":16.0,"turns":17.0},{"damage":32.0,"enemies":"Shell Parasite","floor":18.0,"turns":6.0},{"damage":32.0,"enemies":"Spheric Guardian","floor":19.0,"turns":4.0},{"damage":55,"enemies":"Shelled Parasite and Fungi","floor":20,"turns":8},{"damage":16,"enemies":"Centurion and Healer","floor":22,"turns":4},{"damage":77,"enemies":"Book of Stabbing","floor":24,"turns":7},{"damage":48,"enemies":"Slavers","floor":28,"turns":6},{"damage":54,"enemies":"3 Cultists","floor":29,"turns":2},{"damage":27,"enemies":"Snecko","floor":30,"turns":6},{"damage":59,"enemies":"Sentry and Sphere","floor":31,"turns":8},{"damage":71,"enemies":"Collector","floor":33,"turns":10},{"damage":42,"enemies":"3 Darklings","floor":35,"turns":4},{"damage":85,"enemies":"3 Shapes","floor":37,"turns":16},{"damage":40,"enemies":"Writhing Mass","floor":38,"turns":6},{"damage":22,"enemies":"3 Darklings","floor":39,"turns":3},{"damage":126,"enemies":"Nemesis","floor":41,"turns":11}],"seed_played":"7539912394838909828","potions_obtained":[{"floor":7.0,"key":"Energy Potion"},{"floor":8.0,"key":"EntropicBrew"},{"floor":12.0,"key":"FearPotion"},{"floor":16.0,"key":"Energy Potion"},{"floor":18.0,"key":"Elixir"},{"floor":24,"key":"SteroidPotion"},{"floor":28,"key":"GamblersBrew"},{"floor":29,"key":"Cursed Concoction"},{"floor":37,"key":"SneckoOil"},{"floor":38,"key":"Toxic Potion"}],"is_trial":false,"path_per_floor":["M","M","?","M","M","R","M","E","T","?","?","E","?","E","R","B",null,"M","M","M","$","M","R","E","R","T","R","E","M","M","M","R","B",null,"M","$","M","M","M","R","E"],"character_chosen":"Angela","items_purchased":["Replay:Rubber Ducky","Fruit Juice","Medical Kit","infinitespire:Beetle Shell"],"campfire_rested":4,"item_purchase_floors":[21,36,36,36],"current_hp_per_floor":[57,65,65,67,55,55,45,24,24,41,41,38,38,20,41,9,70,52,30,21,21,22,43,26,48,48,70,66,59,62,79,79,84,94,81,86,103,94,95,95,0,0],"gold":139,"neow_bonus":"ONE_RARE_RELIC","is_daily":false,"chose_seed":false,"campfire_upgraded":0,"win_rate":0.0,"timestamp":1610888356,"path_taken":["M","M","?","M","M","R","M","E","T","?","?","E","?","E","R","BOSS","M","M","M","$","M","R","E","R","T","R","E","M","M","M","R","BOSS","M","$","M","M","M","R","E"],"items_purchased_type":["Relic","Potion","Relic","Relic"],"build_version":"2020-12-22","purchased_purges":1,"victory":false,"max_hp_per_floor":[70,70,70,70,70,70,70,70,70,70,70,70,70,70,70,70,70,70,70,70,70,70,70,74,74,74,74,75,90,90,94,94,94,94,94,99,103,95,101,101,105,105],"card_choices":[{"not_picked":["BeautyBeast","Rudolta"],"picked":"VoidDream","floor":1.0},{"not_picked":["RapturousDream","Beak"],"picked":"SKIP","floor":1.0},{"not_picked":["Murderer","SpiderBud"],"picked":"Wellcheers","floor":2.0},{"not_picked":["WristCuter"],"picked":"Regret_ego","floor":2.0},{"not_picked":["BeautyBeast","FairyFestival"],"picked":"CENSORED","floor":4.0},{"not_picked":["Galaxy"],"picked":"Regret_ego","floor":4.0},{"not_picked":["FeatherOfHonor"],"picked":"Soda","floor":5.0},{"not_picked":["Porccubus","DreamingCurrent"],"picked":"OldLady","floor":5.0},{"not_picked":["TodaysExpression"],"picked":"CherryBlossom","floor":5.0},{"not_picked":["Horn","Beak"],"picked":"FourthMatchFlame","floor":7.0},{"not_picked":["CherryBlossoms","SpiderBud"],"picked":"ShyLook","floor":7.0},{"not_picked":["Tough","Harvest"],"picked":"FourthMatchFlame","floor":7.0},{"not_picked":["Murderer","BeautyBeast"],"picked":"WallGazer","floor":8.0},{"not_picked":["Loneliness","Harvest"],"picked":"TodaysExpression","floor":8.0},{"not_picked":["Hypocrisy","Loneliness"],"picked":"Noise","floor":12.0},{"not_picked":["Wingbeat","FourthMatchFlame"],"picked":"CENSORED_ego","floor":12.0},{"not_picked":["Spore","CUTE"],"picked":"Horn","floor":14.0},{"not_picked":["FairyFestival","BlackSwan"],"picked":"OSAHOGD","floor":14.0},{"not_picked":["WristCuter","Loneliness"],"picked":"Amita","floor":14.0},{"not_picked":["Pinks+1","Justitia+1"],"picked":"SoundOfStar+1","floor":16.0},{"not_picked":["PunishingBird","RedShoes","MHz"],"picked":"Singing Bowl","floor":16.0},{"not_picked":["WhitesApple","MeatLantern"],"picked":"Rudolta","floor":16.0},{"not_picked":["Justitia+1","SoundOfStar+1"],"picked":"Adoration+1","floor":16.0},{"not_picked":["QueenOfHatred","CherryBlossoms"],"picked":"Variant","floor":18.0},{"not_picked":["CUTE+1","Hypocrisy+1"],"picked":"TodaysExpression+1","floor":18.0},{"not_picked":["Porccubus","SingingMachine","NothingThere"],"picked":"Singing Bowl","floor":19.0},{"not_picked":["CherryBlossoms","BigBird"],"picked":"Freischutz","floor":19.0},{"not_picked":["Horn+1","Soda+1"],"picked":"ParadiseLost+1","floor":19.0},{"not_picked":["Tough+1","Wingbeat+1"],"picked":"GreenStem+1","floor":20},{"not_picked":["UniverseFragment","BigBadWolf","Woodsman"],"picked":"Singing Bowl","floor":20},{"not_picked":["MeatLantern","GreedKing"],"picked":"Scarecrow","floor":20},{"not_picked":["Regret_ego+1","Logging+1"],"picked":"Lamp+1","floor":20},{"not_picked":["CherryBlossoms","DespairKnight","QueenBee"],"picked":"Singing Bowl","floor":22},{"not_picked":["FairyFestival","BlackSwan"],"picked":"Bloodbath","floor":22},{"not_picked":["SoundOfStar+1","WristCuter+1"],"picked":"SomewhereSpear+1","floor":22},{"not_picked":["Yin","CherryBlossoms","HeroicMonk"],"picked":"Singing Bowl","floor":24},{"not_picked":["LittlePrince","BlackSwan"],"picked":"Porccubus","floor":24},{"not_picked":["TodaysExpression+1","Wingbeat+1"],"picked":"Regret_ego+1","floor":24},{"not_picked":["Funeral","HeroicMonk"],"picked":"LongBird","floor":28},{"not_picked":["Loneliness+1","Beak+1"],"picked":"Discord+1","floor":28},{"not_picked":["BlackArmy","LittlePrince","MeatLantern"],"picked":"Singing Bowl","floor":29},{"not_picked":["TheSmile+1","Horn+1"],"picked":"Diffraction+1","floor":29},{"not_picked":["Funeral","MHz","Scorched"],"picked":"Singing Bowl","floor":30},{"not_picked":["RedEyes+1","Noise+1"],"picked":"CherryBlossom+1","floor":30},{"not_picked":["RapturousDream+1","Horn+1"],"picked":"WristCuter+1","floor":31},{"not_picked":["Yin","Scorched","BeautyBeast"],"picked":"Singing Bowl","floor":31},{"not_picked":["SingingMachine","MHz"],"picked":"BodiesMountain","floor":31},{"not_picked":["Discord+1","RedEyes+1"],"picked":"Noise+1","floor":31},{"not_picked":["DaCapo+1","SoundOfStar+1"],"picked":"Twilight+1","floor":33},{"not_picked":["FairyFestival","PunishingBird","BigBadWolf"],"picked":"Singing Bowl","floor":33},{"not_picked":["Mimicry+1","Pinks+1"],"picked":"Twilight+1","floor":33},{"not_picked":["CENSORED_ego+1","Adoration+1"],"picked":"Twilight+1","floor":33},{"not_picked":["BeautyBeast","DespairKnight","CherryBlossoms"],"picked":"Singing Bowl","floor":35},{"not_picked":["Penitence+1","Hypocrisy+1"],"picked":"Lantern+1","floor":35},{"not_picked":["Galaxy+1","BearPaw+1"],"picked":"Lamp+1","floor":35},{"not_picked":["Woodsman","BeautyBeast"],"picked":"Wellcheers","floor":37},{"not_picked":["RapturousDream+1","Beak+1"],"picked":"Moonlight+1","floor":37},{"not_picked":["Gaze+1","MagicBullet+1"],"picked":"Ecstasy+1","floor":37},{"not_picked":["Alriune","BigBadWolf","Murderer"],"picked":"Singing Bowl","floor":38},{"not_picked":["TodaysExpression+1","Horn+1"],"picked":"Lantern+1","floor":38},{"not_picked":["RedEyes+1","Penitence+1"],"picked":"SomewhereSpear+1","floor":38},{"not_picked":["SingingMachine","Woodsman"],"picked":"WhiteNight","floor":39},{"not_picked":["Soda+1","Noise+1"],"picked":"RedEyes+1","floor":39},{"not_picked":["Loneliness+1","Wingbeat+1"],"picked":"ParadiseLost+1","floor":39}],"player_experience":251664,"relics_obtained":[{"floor":1.0,"key":"LetterFromLob"},{"floor":8.0,"key":"ReplayTheSpireMod:Lightbulb"},{"floor":9.0,"key":"MagicDraw4"},{"floor":12.0,"key":"Frozen Egg 2"},{"floor":14.0,"key":"infinitespire:PuzzleCube"},{"floor":18.0,"key":"RedMistMask"},{"floor":24,"key":"Blue Doll"},{"floor":24,"key":"Toxic Egg 2"},{"floor":28,"key":"Potion Belt"},{"floor":28,"key":"infinitespire:Lucky Rock"}],"event_choices":[{"damage_healed":17.0,"max_hp_gain":0.0,"max_hp_loss":0.0,"gold_gain":0.0,"event_name":"Mushrooms","player_choice":"Healed and dodged fight","floor":10.0,"gold_loss":0.0,"damage_taken":0.0,"cards_obtained":["Parasite"]},{"damage_healed":0.0,"max_hp_gain":0.0,"max_hp_loss":0.0,"gold_gain":0.0,"event_name":"Golden Idol","player_choice":"Take Wound","floor":11.0,"gold_loss":0.0,"damage_taken":0.0,"relics_obtained":["Golden Idol"],"cards_obtained":["Injury"]}],"is_beta":false,"boss_relics":[{"not_picked":["SlaversCollar","Kintsugi"],"picked":"Black Star"},{"not_picked":["Replay:Bronze Core","Replay:Ancient Bell"],"picked":"Astrolabe"}],"items_purged_floors":[21],"is_endless":false,"potions_floor_spawned":[7,8,12,16,18,24,28,29,37,38],"killed_by":"Nemesis","ascension_level":0}}