{"host":"bb5r3ba2ig485dr2","time":1610887905,"event":{"mods":["Act Like it!","BaseMod","CapriCore","Chen","Curses Come First","Gensokyo","Hallownest","Koishi","Lobotomy","LobotomyExtend","Marisa（霧雨　魔理沙）","Minty Spire (QoL Compilation)","Random Character Button","Rare Cards Sparkle","Reimu（博??梦）","StSLib","Td1madao Mod","The Administrix","The Bug Knight","The Immortal","The Servant 0.9.4","The Wild Card"],"gold_per_floor":[364,379,399,414,24,24,49,61,100,123,146,83,129,141,153,262,274,296,228,260,291,323,323],"floor_reached":22,"language":"ENG","playtime":1787,"items_purged":[],"score":198,"play_id":"f272afa7-d825-4d73-87b2-c0c4a5544085","local_time":"20210117135145","is_ascension_mode":false,"campfire_choices":[{"data":"HollowMod:PogoStrike","floor":6,"key":"SMITH"},{"data":"HollowMod:ShapeofUnn","floor":8,"key":"SMITH"},{"data":"HollowMod:BrokenVessel","floor":15,"key":"SMITH"}],"circlet_count":0,"master_deck":["HollowMod:NailStrikeStart","HollowMod:NailStrikeStart","HollowMod:NailStrikeStart","HollowMod:NailStrikeStart","HollowMod:QuickDashStart","HollowMod:QuickDashStart","HollowMod:QuickDashStart","HollowMod:QuickDashStart","HollowMod:FocusHealStart","HollowMod:PogoStrike+1","Writhe","HollowMod:MonarchWings","HollowMod:DashSlash","HollowMod:MonomonsArchive","HollowMod:BrokenVessel+1","Sadistic Nature","HollowMod:ShapeofUnn+1","HollowMod:TaintedHusks","HollowMod:Grubsong","Hallownest:skillGreenpathMap","HollowMod:MawleksShell","HollowMod:NewInfectedGuardian","HollowMod:DoubleDash+1","Hallownest:skillCityofTearsMap","HollowMod:InfectionAssault","HollowMod:DoubleDash"],"relics":["HollowMod:VesselMask","ClockworkSouvenir","MawBank","Orichalcum","Potion Belt","RedLine:ReiMu"],"acts_visited":["Hallownest:Greenpath","Hallownest:CityofTears"],"potions_floor_usage":[16,16,16,20],"damage_taken":[{"damage":8,"enemies":"Hallownest:monsterHuskGuard","floor":1,"turns":6},{"damage":2,"enemies":"2_ Uuma","floor":2,"turns":5},{"damage":1,"enemies":"Hallownest:2_MossCreeps","floor":3,"turns":5},{"damage":5,"enemies":"Hallownest:monsterFoolEater","floor":4,"turns":4},{"damage":8,"enemies":"Hallownest:eliteCrystalGuardian","floor":7,"turns":8},{"damage":12,"enemies":"Hallownest:1_Baldur_1_Crawlid_1_Warrior","floor":10,"turns":7},{"damage":0,"enemies":"Hallownest:monsterMossCharger","floor":11,"turns":4},{"damage":7,"enemies":"Hallownest:eliteVengeflyKing","floor":13,"turns":9},{"damage":65,"enemies":"Hallownest:BossHornet","floor":16,"turns":12},{"damage":29,"enemies":"Hallownest:3_Youths","floor":18,"turns":10},{"damage":45,"enemies":"Hallownest:2_Mistakes","floor":20,"turns":7},{"damage":19,"enemies":"Hallownest:monsterShrumalOgre","floor":21,"turns":5},{"damage":18,"enemies":"Hallownest:Glutton_and_Coward","floor":22,"turns":4}],"seed_played":"-5730887888448490790","potions_obtained":[{"floor":2,"key":"FairyPotion"},{"floor":4,"key":"Dexterity Potion"},{"floor":7,"key":"Weak Potion"},{"floor":13,"key":"Block Potion"},{"floor":18,"key":"DistilledChaos"},{"floor":21,"key":"Ancient Potion"}],"is_trial":false,"path_per_floor":["M","M","M","M","$","R","E","R","T","M","M","?","E","$","R","B",null,"M","?","M","M","M"],"character_chosen":"THE_BUGKNIGHT","items_purchased":["ClockworkSouvenir","HollowMod:BrokenVessel","Sadistic Nature"],"campfire_rested":0,"item_purchase_floors":[5,5,5],"current_hp_per_floor":[73,75,75,75,75,75,73,73,73,71,71,71,73,73,73,14,75,52,52,7,10,0,0],"gold":323,"neow_bonus":"TWO_FIFTY_GOLD","is_daily":false,"chose_seed":false,"campfire_upgraded":3,"win_rate":0.0,"timestamp":1610887905,"path_taken":["M","M","M","M","$","R","E","R","T","M","M","?","E","$","R","BOSS","M","?","M","M","M"],"items_purchased_type":["Relic","Card","Card"],"build_version":"2020-12-22","purchased_purges":0,"victory":false,"max_hp_per_floor":[75,75,75,75,75,75,75,75,75,75,75,75,75,75,75,75,75,75,75,75,75,75,75],"card_choices":[{"not_picked":["HollowMod:DescendingDark","HollowMod:FastStrike"],"picked":"HollowMod:MonarchWings","floor":1},{"not_picked":["HollowMod:SoulStrike","HollowMod:WraithStrike"],"picked":"HollowMod:DashSlash","floor":2},{"not_picked":["HollowMod:LifebloodCocoon","HollowMod:SiblingsSouls"],"picked":"HollowMod:MonomonsArchive","floor":3},{"not_picked":["HollowMod:SiblingsSouls","HollowMod:InfectedAttack","HollowMod:VengefulVoid"],"picked":"SKIP","floor":4},{"not_picked":["HollowMod:CrystalDash","HollowMod:SiblingsShadow"],"picked":"HollowMod:ShapeofUnn","floor":7},{"not_picked":["HollowMod:SharpenedNail","HollowMod:VengefulVoid"],"picked":"HollowMod:TaintedHusks","floor":10},{"not_picked":["HollowMod:LifebloodCocoon","HollowMod:GrimmsGift"],"picked":"HollowMod:Grubsong","floor":11},{"not_picked":["HollowMod:SiblingsShadow","HollowMod:HowlingWraiths"],"picked":"HollowMod:MawleksShell","floor":13},{"not_picked":["HollowMod:ElderbugsWisdom","HollowMod:HerrahsAnger"],"picked":"HollowMod:NewInfectedGuardian","floor":16},{"not_picked":["HollowMod:WraithStrike","HollowMod:NewJinnsSoul"],"picked":"HollowMod:DoubleDash+1","floor":18},{"not_picked":["HollowMod:MonarchWings","HollowMod:SoulEater+1"],"picked":"HollowMod:InfectionAssault","floor":20},{"not_picked":["HollowMod:BaldurShell","HollowMod:SiblingsShadow"],"picked":"HollowMod:DoubleDash","floor":21}],"player_experience":246885,"relics_obtained":[{"floor":7,"key":"MawBank"},{"floor":9,"key":"Orichalcum"},{"floor":13,"key":"Potion Belt"}],"event_choices":[],"is_beta":false,"boss_relics":[{"not_picked":["Tiny House","Fusion Hammer"],"picked":"RedLine:ReiMu"}],"items_purged_floors":[],"is_endless":false,"potions_floor_spawned":[2,4,7,13,18,21],"killed_by":"Hallownest:Glutton_and_Coward","ascension_level":0}}