{"host":"dm4yvegl9um2tlqd","time":1610882942,"event":{"mods":["2.2 Compatiblity","AchievementEnabler","BaseMod","Colored Map","DeckTracker","Highlight Path","KOR Keyword Fix","Keyboard Shortcuts","Minty Spire (QoL Compilation)","Permanent Neow","Quick Restart","Random Character Button","StSLib","SuperFastMode","everything is the same but u backflip on backflip"],"gold_per_floor":[117,192,192,211,230,265,265,285,285,268,215,215,225,237,237,342,342,354,29,49,59,59,59,72,92,92,92,110,110,110],"floor_reached":29,"language":"KOR","playtime":1157,"items_purged":[],"score":323,"play_id":"a7b67356-f647-450f-a2d7-695064fb8d43","local_time":"20210117202902","is_ascension_mode":true,"campfire_choices":[{"data":"Noxious Fumes","floor":7.0,"key":"SMITH"},{"floor":12,"key":"REST"},{"data":"Dagger Spray","floor":15,"key":"SMITH"},{"data":"Well Laid Plans","floor":23,"key":"SMITH"},{"data":"Bullet Time","floor":27,"key":"SMITH"}],"circlet_count":0,"master_deck":["Strike_G","Strike_G","Strike_G","Defend_G","Defend_G","Defend_G","Defend_G","Defend_G","Survivor","Neutralize+1","Dagger Spray+1","Quick Slash","Well Laid Plans+1","Noxious Fumes+1","After Image","PiercingWail+1","ThirdEye+1","Dark Shackles","Infinite Blades","Bullet Time+1","Dash+1"],"relics":["Ring of the Snake","Singing Bowl","Du-Vu Doll","The Specimen","SacredBark","PrismaticShard","Eternal Feather"],"acts_visited":["Exordium","TheCity"],"potions_floor_usage":[10,18,21,24],"damage_taken":[{"damage":0.0,"enemies":"Jaw Worm","floor":1.0,"turns":4.0},{"damage":0.0,"enemies":"2 Louse","floor":4.0,"turns":2.0},{"damage":0.0,"enemies":"Cultist","floor":5.0,"turns":3.0},{"damage":22.0,"enemies":"Gremlin Nob","floor":6.0,"turns":5.0},{"damage":11.0,"enemies":"Large Slime","floor":8.0,"turns":7.0},{"damage":15,"enemies":"Exordium Thugs","floor":10,"turns":4},{"damage":2,"enemies":"Exordium Wildlife","floor":13,"turns":4},{"damage":2,"enemies":"Blue Slaver","floor":14,"turns":4},{"damage":24,"enemies":"The Guardian","floor":16,"turns":12},{"damage":25,"enemies":"3 Byrds","floor":18,"turns":5},{"damage":3,"enemies":"Shell Parasite","floor":20,"turns":8},{"damage":5,"enemies":"Snecko","floor":21,"turns":8},{"damage":11,"enemies":"Cultist and Chosen","floor":24,"turns":8},{"damage":10,"enemies":"Snake Plant","floor":25,"turns":7},{"damage":4,"enemies":"Centurion and Healer","floor":28,"turns":8}],"seed_played":"-5236741392632920262","potions_obtained":[{"floor":1.0,"key":"Weak Potion"},{"floor":8.0,"key":"FearPotion"},{"floor":16,"key":"Energy Potion"},{"floor":20,"key":"Dexterity Potion"},{"floor":25,"key":"ColorlessPotion"}],"is_trial":false,"path_per_floor":["M","?","?","M","M","E","R","M","T","M","?","R","M","M","R","B",null,"M","$","M","M","?","R","M","M","T","R","M","$"],"character_chosen":"THE_SILENT","items_purchased":["PrismaticShard","FairyPotion","EssenceOfSteel"],"campfire_rested":1,"item_purchase_floors":[19,19,19],"current_hp_per_floor":[63,52,52,52,52,30,30,21,21,8,8,30,30,30,30,6,60,35,35,32,27,27,27,18,10,10,22,18,18,18],"gold":110,"neow_bonus":"UPGRADE_CARD","is_daily":false,"chose_seed":false,"campfire_upgraded":4,"win_rate":0.0,"timestamp":1610882942,"path_taken":["M","?","?","M","M","E","R","?","T","M","?","R","M","M","R","BOSS","M","$","?","M","?","R","M","M","T","R","M","$"],"items_purchased_type":["Relic","Potion","Potion"],"build_version":"2020-12-22","purchased_purges":0,"victory":false,"max_hp_per_floor":[70,70,70,70,70,70,70,72,72,74,74,74,76,78,78,78,78,78,78,78,78,78,78,80,82,82,82,82,82,82],"card_choices":[{"not_picked":["Endless Agony","Dagger Throw"],"picked":"Dagger Spray","floor":1.0},{"not_picked":["Outmaneuver","Slice"],"picked":"Quick Slash","floor":4.0},{"not_picked":["Quick Slash","Dagger Spray"],"picked":"Well Laid Plans","floor":5.0},{"not_picked":["Escape Plan","Glass Knife"],"picked":"Noxious Fumes","floor":6.0},{"not_picked":["Backflip","Well Laid Plans","Dodge and Roll"],"picked":"Singing Bowl","floor":8.0},{"not_picked":["Cloak And Dagger","Sucker Punch","Dagger Throw"],"picked":"Singing Bowl","floor":10},{"not_picked":["Poisoned Stab","Heel Hook","Outmaneuver"],"picked":"Singing Bowl","floor":13},{"not_picked":["Dagger Spray","Deflect","Caltrops"],"picked":"Singing Bowl","floor":14},{"not_picked":["Burst","Envenom"],"picked":"After Image","floor":16},{"not_picked":["Deflect+1","Dagger Spray"],"picked":"PiercingWail+1","floor":18},{"not_picked":["ClearTheMind","Deflect"],"picked":"ThirdEye+1","floor":20},{"not_picked":["Consecrate","FlyingSleeves"],"picked":"Dark Shackles","floor":21},{"not_picked":["Dropkick","Well Laid Plans","Accuracy+1"],"picked":"Singing Bowl","floor":24},{"not_picked":["Beam Cell","Aggregate","InnerPeace"],"picked":"Singing Bowl","floor":25},{"not_picked":["Deadly Poison+1","Backstab+1"],"picked":"Dash+1","floor":28}],"player_experience":66712,"relics_obtained":[{"floor":6.0,"key":"Singing Bowl"},{"floor":9.0,"key":"Du-Vu Doll"},{"floor":26,"key":"Eternal Feather"}],"event_choices":[{"damage_healed":0.0,"max_hp_gain":0.0,"max_hp_loss":0.0,"gold_gain":75.0,"event_name":"World of Goop","player_choice":"Gather Gold","floor":2.0,"gold_loss":0.0,"damage_taken":11.0},{"damage_healed":0.0,"max_hp_gain":0.0,"max_hp_loss":0.0,"gold_gain":0.0,"event_name":"Liars Game","player_choice":"Ignored","floor":3.0,"gold_loss":0.0,"damage_taken":0.0},{"damage_healed":0,"gold_gain":0,"player_choice":"Paid Gold","damage_taken":0,"relics_obtained":["The Specimen"],"max_hp_gain":0,"max_hp_loss":0,"event_name":"WeMeetAgain","floor":11,"gold_loss":53},{"damage_healed":0,"gold_gain":0,"cards_transformed":["Strike_G","Strike_G"],"player_choice":"Became Test Subject","damage_taken":0,"max_hp_gain":0,"max_hp_loss":0,"event_name":"Drug Dealer","floor":22,"gold_loss":0,"cards_obtained":["Infinite Blades","Bullet Time"]}],"is_beta":false,"boss_relics":[{"not_picked":["Runic Dome","HoveringKite"],"picked":"SacredBark"}],"items_purged_floors":[],"is_endless":false,"potions_floor_spawned":[1,8,16,20,25],"ascension_level":8}}