{"host":"sc0o2qwpf9j16a4i","time":1610893491,"event":{"mods":["AchievementEnabler","BaseMod","BetterRewards","Block Reminder","Colored Map","Colored Powertips","Custom Start","Highlight Path","Minty Spire (QoL Compilation)","Relic Stats"],"gold_per_floor":[114,127,202,218,218,218,232,232,232,272,272,310,310,350,350,449,449,469,39,60,60,83,83,98,116,116,116,116],"floor_reached":27,"language":"ENG","playtime":793,"items_purged":["Strike_B"],"score":666,"play_id":"858cb246-162d-4096-a339-e93bdac3f319","local_time":"20210117162451","is_ascension_mode":true,"campfire_choices":[{"data":"Go for the Eyes","floor":6,"key":"SMITH"},{"data":"FTL","floor":8,"key":"SMITH"},{"data":"White Noise","floor":15,"key":"SMITH"},{"floor":23,"key":"REST"}],"circlet_count":0,"master_deck":["AscendersBane","Strike_B","Strike_B","Defend_B","Defend_B","Defend_B","Defend_B","Zap","Dualcast","Go for the Eyes+1","FTL+1","Self Repair","White Noise+1","Conserve Battery","Ball Lightning","Core Surge","Cold Snap","Sweeping Beam","Pain","Electrodynamics"],"relics":["Cracked Core","Toy Ornithopter","Golden Idol","Symbiotic Virus","Smiling Mask","Pocketwatch","Turnip","SlaversCollar","OrangePellets","Pen Nib","WarpedTongs"],"acts_visited":["Exordium","TheCity"],"potions_floor_usage":[10,12,12,16,25],"damage_taken":[{"damage":3,"enemies":"2 Louse","floor":1,"turns":3},{"damage":7,"enemies":"Small Slimes","floor":2,"turns":4},{"damage":4,"enemies":"Cultist","floor":4,"turns":4},{"damage":15,"enemies":"3 Louse","floor":7,"turns":3},{"damage":10,"enemies":"Lagavulin","floor":10,"turns":5},{"damage":22,"enemies":"Gremlin Nob","floor":12,"turns":4},{"damage":8,"enemies":"Lagavulin","floor":14,"turns":5},{"damage":46,"enemies":"Hexaghost","floor":16,"turns":10},{"damage":7,"enemies":"Chosen","floor":18,"turns":4},{"damage":25,"enemies":"2 Thieves","floor":20,"turns":3},{"damage":33,"enemies":"3 Cultists","floor":22,"turns":5},{"damage":16,"enemies":"Snake Plant","floor":24,"turns":5},{"damage":6,"enemies":"Centurion and Healer","floor":25,"turns":7},{"damage":29,"enemies":"Book of Stabbing","floor":27,"turns":4}],"seed_played":"7112196645415729208","potions_obtained":[{"floor":2,"key":"EntropicBrew"},{"floor":4,"key":"PowerPotion"},{"floor":18,"key":"Ancient Potion"},{"floor":20,"key":"SpeedPotion"}],"is_trial":false,"path_per_floor":["M","M","?","M","?","R","M","R","T","E","?","E","?","E","R","B",null,"M","$","M","?","M","R","M","M","T","E"],"character_chosen":"DEFECT","items_purchased":["Go for the Eyes","Toy Ornithopter","FTL","OrangePellets","Cold Snap","Pen Nib"],"campfire_rested":1,"item_purchase_floors":[0,0,0,19,19,19],"current_hp_per_floor":[52,52,41,44,44,44,36,36,36,38,31,26,47,46,46,12,51,58,58,40,40,7,26,20,26,26,0,0],"gold":116,"neow_bonus":"","is_daily":false,"chose_seed":false,"campfire_upgraded":3,"win_rate":0.0,"timestamp":1610893491,"path_taken":["M","M","?","M","?","R","M","R","T","E","?","E","?","E","R","BOSS","M","$","M","?","?","R","M","M","T","E"],"items_purchased_type":["Card","Relic","Card","Relic","Card","Relic"],"build_version":"2020-12-22","purchased_purges":1,"victory":false,"max_hp_per_floor":[71,71,71,71,64,64,64,64,64,64,64,64,64,64,64,64,64,64,64,64,64,64,64,64,64,64,64,64],"relic_stats":{"OrangePellets":[17],"counters":[68,309],"Golden Idol":94,"Turnip":[8],"Pen Nib":[4],"Smiling Mask":25,"obtain_stats":[{"Ice Cream":0,"Darkstone Periapt":7,"Lantern":0,"Regal Pillow":0,"Gremlin Horn":9,"CeramicFish":9,"Juzu Bracelet":26,"Ginger":11,"Smiling Mask":10,"Old Coin":14,"Sozu":17,"Matryoshka":6,"Gambling Chip":0,"MealTicket":11,"Philosopher\u0027s Stone":17,"Kunai":24,"Cracked Core":0,"Golden Idol":10,"Astrolabe":17,"Pen Nib":19,"Omamori":7,"Letter Opener":0,"Orichalcum":19,"Frozen Egg 2":0,"Question Card":20,"Cables":9,"WarpedTongs":21,"OrangePellets":0,"SlaversCollar":17,"Shuriken":0,"Ornamental Fan":9,"Bronze Scales":7,"Turnip":14,"Art of War":12,"Membership Card":0,"Symbiotic Virus":9,"FossilizedHelix":0,"Toy Ornithopter":0,"Pocketwatch":12},{"Ice Cream":0,"Darkstone Periapt":38,"Lantern":15,"Regal Pillow":15,"Gremlin Horn":38,"CeramicFish":19,"Juzu Bracelet":14,"Ginger":27,"Smiling Mask":59,"Old Coin":21,"Sozu":9,"Matryoshka":50,"Gambling Chip":24,"MealTicket":7,"Philosopher\u0027s Stone":30,"Kunai":13,"Cracked Core":0,"Golden Idol":26,"Astrolabe":22,"Pen Nib":63,"Omamori":5,"Letter Opener":34,"Orichalcum":43,"Frozen Egg 2":46,"Question Card":32,"Cables":6,"WarpedTongs":64,"OrangePellets":34,"SlaversCollar":62,"Shuriken":46,"Ornamental Fan":51,"Bronze Scales":19,"Turnip":61,"Art of War":20,"Membership Card":24,"Symbiotic Virus":58,"FossilizedHelix":24,"Toy Ornithopter":54,"Pocketwatch":60},{"Ice Cream":0,"Darkstone Periapt":171,"Lantern":67,"Regal Pillow":67,"Gremlin Horn":171,"CeramicFish":83,"Juzu Bracelet":66,"Ginger":117,"Smiling Mask":262,"Old Coin":91,"Sozu":36,"Matryoshka":228,"Gambling Chip":102,"MealTicket":26,"Philosopher\u0027s Stone":134,"Kunai":59,"Cracked Core":0,"Golden Idol":109,"Astrolabe":98,"Pen Nib":285,"Omamori":19,"Letter Opener":154,"Orichalcum":200,"Frozen Egg 2":214,"Question Card":144,"Cables":21,"WarpedTongs":288,"OrangePellets":154,"SlaversCollar":281,"Shuriken":214,"Ornamental Fan":231,"Bronze Scales":83,"Turnip":271,"Art of War":86,"Membership Card":102,"Symbiotic Virus":257,"FossilizedHelix":102,"Toy Ornithopter":243,"Pocketwatch":266}],"Toy Ornithopter":46,"Pocketwatch":[42],"WarpedTongs":[21]},"card_choices":[{"not_picked":["Barrage","Conserve Battery"],"picked":"Self Repair","floor":1},{"not_picked":["Recycle","Gash","Hello World"],"picked":"SKIP","floor":2},{"not_picked":["Stack","Heatsinks"],"picked":"White Noise","floor":4},{"not_picked":["Stack","Gash"],"picked":"Conserve Battery","floor":7},{"not_picked":["Streamline","Thunder Strike"],"picked":"Ball Lightning","floor":10},{"not_picked":["Go for the Eyes","Rebound","Scrape"],"picked":"SKIP","floor":12},{"not_picked":["Recycle","FTL","Ball Lightning"],"picked":"SKIP","floor":14},{"not_picked":["Amplify","Meteor Strike"],"picked":"Core Surge","floor":16},{"not_picked":["Go for the Eyes+1","Gash","Beam Cell"],"picked":"SKIP","floor":18},{"not_picked":["Barrage","FTL"],"picked":"Sweeping Beam","floor":20},{"not_picked":["Gash+1","Aggregate","Barrage"],"picked":"SKIP","floor":22},{"not_picked":["Gash","Consume","Conserve Battery+1"],"picked":"SKIP","floor":24},{"not_picked":["Sweeping Beam+1","Coolheaded"],"picked":"Electrodynamics","floor":25}],"player_experience":696768,"relics_obtained":[{"floor":9,"key":"Symbiotic Virus"},{"floor":10,"key":"Smiling Mask"},{"floor":12,"key":"Pocketwatch"},{"floor":14,"key":"Turnip"}],"event_choices":[{"damage_healed":0,"gold_gain":75,"player_choice":"Gather Gold","damage_taken":11,"max_hp_gain":0,"max_hp_loss":0,"event_name":"World of Goop","floor":3,"gold_loss":0},{"damage_healed":0,"gold_gain":0,"player_choice":"Lose Max HP","damage_taken":0,"relics_obtained":["Golden Idol"],"max_hp_gain":0,"max_hp_loss":7,"event_name":"Golden Idol","floor":5,"gold_loss":0},{"cards_removed":["Strike_B"],"damage_healed":0,"gold_gain":0,"player_choice":"Card Removal","damage_taken":7,"max_hp_gain":0,"max_hp_loss":0,"event_name":"Golden Wing","floor":11,"gold_loss":0},{"damage_healed":21,"gold_gain":0,"player_choice":"Banana","damage_taken":0,"max_hp_gain":0,"max_hp_loss":0,"event_name":"Big Fish","floor":13,"gold_loss":0},{"damage_healed":0,"gold_gain":0,"player_choice":"Rummage","damage_taken":0,"relics_obtained":["WarpedTongs"],"max_hp_gain":0,"max_hp_loss":0,"event_name":"Accursed Blacksmith","floor":21,"gold_loss":0,"cards_obtained":["Pain"]}],"is_beta":false,"boss_relics":[{"not_picked":["Astrolabe","FrozenCore"],"picked":"SlaversCollar"}],"items_purged_floors":[19],"is_endless":false,"potions_floor_spawned":[2,4,7,18,20,24],"killed_by":"Book of Stabbing","ascension_level":20}}