{"host":"utqe55yv0jihe4d6","time":1610849455,"event":{"mods":["2.2 Compatiblity","AchievementEnabler","BaseMod","Block Reminder","Colored Map","Colored Powertips","Minty Spire (QoL Compilation)","Quick Restart","Rare Cards Sparkle","Relic Stats","SuperFastMode"],"gold_per_floor":[115,132,33,50,63,63,63,102,127,127,158,123,123,142,142,238,238,259,259,23,47,47,86,86,110,110,110,133,133,172,172,172],"floor_reached":31,"language":"ENG","playtime":1793,"items_purged":["Strike_R","Strike_R"],"score":566,"play_id":"a6dea45c-4575-461d-b567-95818b971d81","local_time":"20210116211055","is_ascension_mode":true,"campfire_choices":[{"data":"Blood for Blood","floor":6.0,"key":"SMITH"},{"data":"Battle Trance","floor":10.0,"key":"SMITH"},{"data":"Bash","floor":13.0,"key":"SMITH"},{"data":"Inflame","floor":15.0,"key":"SMITH"},{"floor":24,"key":"REST"},{"floor":27,"key":"REST"},{"data":"True Grit","floor":29,"key":"SMITH"}],"circlet_count":0,"master_deck":["AscendersBane","Strike_R","Strike_R","Strike_R","Defend_R","Defend_R","Defend_R","Defend_R","Bash+1","Blood for Blood+1","Inflame+1","Wild Strike","Sword Boomerang","Battle Trance+1","Shrug It Off","Feed","Clothesline+1","Warcry+1","True Grit+1"],"relics":["Burning Blood","FossilizedHelix","Golden Idol","Nunchaku","Blood Vial","Lantern","Sozu","Membership Card","Gambling Chip","Bottled Lightning","Darkstone Periapt"],"acts_visited":["Exordium","TheCity"],"potions_floor_usage":[23],"damage_taken":[{"damage":6.0,"enemies":"Cultist","floor":1.0,"turns":4.0},{"damage":8.0,"enemies":"2 Louse","floor":2.0,"turns":4.0},{"damage":0.0,"enemies":"Small Slimes","floor":4.0,"turns":3.0},{"damage":0.0,"enemies":"2 Fungi Beasts","floor":5.0,"turns":4.0},{"damage":24.0,"enemies":"Gremlin Nob","floor":8.0,"turns":4.0},{"damage":27.0,"enemies":"Lagavulin","floor":11.0,"turns":6.0},{"damage":8.0,"enemies":"Lots of Slimes","floor":14.0,"turns":4.0},{"damage":17,"enemies":"Slime Boss","floor":16,"turns":8},{"damage":10,"enemies":"Chosen","floor":18,"turns":4},{"damage":13,"enemies":"Spheric Guardian","floor":21,"turns":4},{"damage":48,"enemies":"Gremlin Leader","floor":23,"turns":6},{"damage":7,"enemies":"3 Cultists","floor":25,"turns":5},{"damage":19,"enemies":"Shelled Parasite and Fungi","floor":28,"turns":7},{"damage":51,"enemies":"Book of Stabbing","floor":30,"turns":6},{"damage":20,"enemies":"Cultist and Chosen","floor":31,"turns":5}],"seed_played":"5052159351406963124","potions_obtained":[{"floor":2.0,"key":"PowerPotion"},{"floor":8.0,"key":"SkillPotion"},{"floor":11.0,"key":"EssenceOfSteel"}],"is_trial":false,"path_per_floor":["M","M","$","M","M","R","?","E","T","R","E","?","R","M","R","B",null,"M","?","$","M","?","E","R","M","T","R","M","R","E","M"],"character_chosen":"IRONCLAD","items_purchased":["Wild Strike","Membership Card","Clothesline"],"campfire_rested":2,"item_purchase_floors":[3,20,20],"current_hp_per_floor":[50,48,48,54,60,60,60,42,42,42,23,40,40,40,40,31,59,57,57,57,55,55,18,40,41,41,63,55,55,12,0,0],"gold":172,"neow_bonus":"ONE_RARE_RELIC","is_daily":false,"chose_seed":false,"campfire_upgraded":5,"win_rate":0.0,"timestamp":1610849455,"path_taken":["M","?","$","M","M","R","?","E","T","R","E","?","R","M","R","BOSS","M","?","$","?","?","E","R","M","T","R","M","R","E","?"],"items_purchased_type":["Card","Relic","Card"],"build_version":"2020-12-22","purchased_purges":2,"victory":false,"max_hp_per_floor":[75,75,75,75,75,75,68,68,68,68,68,68,68,68,68,68,68,68,68,68,71,71,74,74,74,74,74,77,77,77,80,80],"relic_stats":{"Blood Vial":20,"Sozu":4,"Darkstone Periapt":0,"Nunchaku":[10],"counters":[15,74],"Golden Idol":72,"Gambling Chip":[8],"obtain_stats":[{"Blood Vial":9,"Sozu":17,"Darkstone Periapt":30,"Nunchaku":8,"Lantern":11,"Golden Idol":7,"Gambling Chip":23,"Membership Card":20,"Bottled Lightning":26,"Burning Blood":0,"FossilizedHelix":0},{"Blood Vial":5,"Sozu":8,"Darkstone Periapt":14,"Nunchaku":5,"Lantern":6,"Golden Idol":4,"Gambling Chip":11,"Membership Card":9,"Bottled Lightning":12,"Burning Blood":0,"FossilizedHelix":0},{"Blood Vial":19,"Sozu":37,"Darkstone Periapt":69,"Nunchaku":19,"Lantern":25,"Golden Idol":15,"Gambling Chip":51,"Membership Card":41,"Bottled Lightning":56,"Burning Blood":0,"FossilizedHelix":0}],"Burning Blood":84},"card_choices":[{"not_picked":["True Grit","Anger"],"picked":"Blood for Blood","floor":1.0},{"not_picked":["Second Wind","Flex"],"picked":"Inflame","floor":2.0},{"not_picked":["Seeing Red","Barricade","Wild Strike"],"picked":"SKIP","floor":4.0},{"not_picked":["Havoc","Ghostly Armor"],"picked":"Sword Boomerang","floor":5.0},{"not_picked":["True Grit","Sever Soul"],"picked":"Battle Trance","floor":8.0},{"not_picked":["Reckless Charge","Iron Wave","Clash"],"picked":"SKIP","floor":11.0},{"not_picked":["Power Through","Entrench"],"picked":"Shrug It Off","floor":14.0},{"not_picked":["Offering","Berserk"],"picked":"Feed","floor":16},{"not_picked":["Thunderclap","Armaments","Perfected Strike"],"picked":"SKIP","floor":18},{"not_picked":["Seeing Red+1","Carnage"],"picked":"Warcry+1","floor":21},{"not_picked":["Clash","Clothesline"],"picked":"True Grit","floor":23},{"not_picked":["Sentinel","Combust","Thunderclap"],"picked":"SKIP","floor":25},{"not_picked":["Twin Strike","Rage","Sentinel"],"picked":"SKIP","floor":28},{"not_picked":["Headbutt","Dark Embrace","Infernal Blade"],"picked":"SKIP","floor":30}],"player_experience":2953877,"relics_obtained":[{"floor":8.0,"key":"Nunchaku"},{"floor":9.0,"key":"Blood Vial"},{"floor":11.0,"key":"Lantern"},{"floor":23,"key":"Gambling Chip"},{"floor":26,"key":"Bottled Lightning"},{"floor":30,"key":"Darkstone Periapt"}],"event_choices":[{"damage_healed":0.0,"max_hp_gain":0.0,"max_hp_loss":7.0,"gold_gain":0.0,"event_name":"Golden Idol","player_choice":"Lose Max HP","floor":7.0,"gold_loss":0.0,"damage_taken":0.0,"relics_obtained":["Golden Idol"]},{"damage_healed":17.0,"max_hp_gain":0.0,"max_hp_loss":0.0,"gold_gain":0.0,"event_name":"The Cleric","player_choice":"Healed","floor":12.0,"gold_loss":35.0,"damage_taken":0.0},{"damage_healed":0,"gold_gain":0,"player_choice":"Got Potions","damage_taken":0,"max_hp_gain":0,"max_hp_loss":0,"event_name":"Lab","floor":19,"gold_loss":0},{"damage_healed":0,"gold_gain":0,"player_choice":"Forge","damage_taken":0,"max_hp_gain":0,"max_hp_loss":0,"event_name":"Accursed Blacksmith","floor":22,"gold_loss":0,"cards_upgraded":["Clothesline"]}],"is_beta":false,"boss_relics":[{"not_picked":["SlaversCollar","Ectoplasm"],"picked":"Sozu"}],"items_purged_floors":[3,20],"is_endless":false,"potions_floor_spawned":[2,8,11,18,25,30],"killed_by":"Cultist and Chosen","ascension_level":20}}