{"host":"w0w6jcqjdtkzk2bw","time":1610844937,"event":{"mods":["AchievementEnabler","BaseMod","Bestiary","Block Reminder","Colored Map","Colored Powertips","Filter the Spire","Highlight Path","Minty Spire (QoL Compilation)","Permanent Neow","Quick Restart","Relic Stats","StSLib","Synergy Search"],"gold_per_floor":[109,128,128,144,156,156,331,331,331,331,331,286,307,307,307],"floor_reached":14,"language":"ENG","playtime":837,"items_purged":[],"score":100,"play_id":"a9adb00f-763f-4f3f-b584-4fb6876b55d5","local_time":"20210116195537","is_ascension_mode":true,"campfire_choices":[{"floor":6.0,"key":"REST"},{"floor":8.0,"key":"REST"},{"floor":10.0,"key":"RECALL"}],"circlet_count":0,"master_deck":["Strike_P","Strike_P","Strike_P","Strike_P","Defend_P","Defend_P","Defend_P","Defend_P","Eruption+1","Vigilance","Evaluate","WaveOfTheHand","DevaForm","JustLucky","Doubt","ForeignInfluence","CutThroughFate"],"relics":["PureWater","Mercury Hourglass","Golden Idol"],"acts_visited":["Exordium"],"potions_floor_usage":[],"damage_taken":[{"damage":1.0,"enemies":"2 Louse","floor":1.0,"turns":2.0},{"damage":0.0,"enemies":"Jaw Worm","floor":2.0,"turns":3.0},{"damage":9.0,"enemies":"Small Slimes","floor":4.0,"turns":10.0},{"damage":30.0,"enemies":"Exordium Thugs","floor":5.0,"turns":5.0},{"damage":10.0,"enemies":"Looter","floor":12.0,"turns":5.0},{"damage":5.0,"enemies":"3 Louse","floor":13.0,"turns":2.0},{"damage":58,"enemies":"Gremlin Nob","floor":14,"turns":5}],"seed_played":"7199544750096266900","potions_obtained":[{"floor":2.0,"key":"Fruit Juice"},{"floor":4.0,"key":"Block Potion"},{"floor":13.0,"key":"ColorlessPotion"}],"is_trial":false,"path_per_floor":["M","M","$","M","M","R","?","R","T","R","?","M","M","E"],"character_chosen":"WATCHER","items_purchased":[],"campfire_rested":2,"item_purchase_floors":[],"current_hp_per_floor":[71,71,71,62,32,53,53,72,72,72,72,62,57,0,0],"gold":307,"neow_bonus":"UPGRADE_CARD","is_daily":false,"chose_seed":false,"campfire_upgraded":0,"win_rate":0.0,"timestamp":1610844937,"path_taken":["M","M","$","M","M","R","?","R","T","R","?","M","?","E"],"items_purchased_type":[],"build_version":"2020-12-22","purchased_purges":0,"victory":false,"max_hp_per_floor":[72,72,72,72,72,72,72,72,72,72,72,72,72,72,72],"relic_stats":{"counters":[7,32],"Golden Idol":4,"obtain_stats":[{"Golden Idol":11,"PureWater":0,"Mercury Hourglass":9},{"Golden Idol":4,"PureWater":0,"Mercury Hourglass":4},{"Golden Idol":20,"PureWater":0,"Mercury Hourglass":20}],"Mercury Hourglass":[43]},"card_choices":[{"not_picked":["FollowUp","CrushJoints"],"picked":"Evaluate","floor":1.0},{"not_picked":["SignatureMove","Fasting2"],"picked":"WaveOfTheHand","floor":2.0},{"not_picked":["CrushJoints","CarveReality"],"picked":"DevaForm","floor":4.0},{"not_picked":["FollowUp","EmptyFist"],"picked":"JustLucky","floor":5.0},{"not_picked":["Protect","JustLucky"],"picked":"ForeignInfluence","floor":12.0},{"not_picked":["Perseverance","ClearTheMind"],"picked":"CutThroughFate","floor":13.0}],"player_experience":203112,"relics_obtained":[{"floor":9.0,"key":"Mercury Hourglass"}],"event_choices":[{"damage_healed":0.0,"max_hp_gain":0.0,"max_hp_loss":0.0,"gold_gain":175.0,"event_name":"Liars Game","player_choice":"AGREE","floor":7.0,"gold_loss":0.0,"damage_taken":0.0,"cards_obtained":["Doubt"]},{"damage_healed":0.0,"max_hp_gain":0.0,"max_hp_loss":5.0,"gold_gain":0.0,"event_name":"Golden Idol","player_choice":"Lose Max HP","floor":11.0,"gold_loss":0.0,"damage_taken":0.0,"relics_obtained":["Golden Idol"]}],"is_beta":false,"boss_relics":[],"items_purged_floors":[],"is_endless":false,"potions_floor_spawned":[2,4,13],"killed_by":"Gremlin Nob","ascension_level":5}}