{"host":"Ian","time":1610878863,"event":{"mods":["BaseMod","Bestiary","Block Reminder","Colored Map","Highlight Path","Key Reminder","Minty Spire (QoL Compilation)","Relic Stats"],"gold_per_floor":[114,26,26,26,101,130,130,158,158,188,212,225,225,242,242,318,318,329,343,370,381,381,381],"floor_reached":22,"language":"ENG","playtime":926,"items_purged":[],"score":504,"play_id":"9f9c3fec-7672-4037-950c-9dd7b6c51497","local_time":"20210117102103","is_ascension_mode":true,"campfire_choices":[{"data":"Bash","floor":7,"key":"SMITH"},{"data":"Clothesline","floor":13,"key":"SMITH"},{"data":"Fire Breathing","floor":15,"key":"SMITH"}],"circlet_count":0,"master_deck":["AscendersBane","Strike_R","Strike_R","Strike_R","Strike_R","Strike_R","Defend_R","Defend_R","Defend_R","Defend_R+1","Bash+1","True Grit+1","Fire Breathing+1","Clothesline+1","Power Through","Perfected Strike","Perfected Strike","Inflame","Power Through","Impervious","Twin Strike","Pummel","Disarm","Spot Weakness"],"relics":["Burning Blood","NeowsBlessing","Red Skull","keyreminder:keyreminder","War Paint","Vajra","Mummified Hand","MealTicket","Odd Mushroom","SlaversCollar","Red Mask"],"acts_visited":["Exordium","TheCity"],"potions_floor_usage":[10,19,20,21],"damage_taken":[{"damage":0,"enemies":"Cultist","floor":1,"turns":1},{"damage":0,"enemies":"Lagavulin","floor":6,"turns":1},{"damage":0,"enemies":"3 Sentries","floor":8,"turns":2},{"damage":21,"enemies":"Gremlin Nob","floor":10,"turns":4},{"damage":13,"enemies":"The Mushroom Lair","floor":11,"turns":4},{"damage":0,"enemies":"Small Slimes","floor":12,"turns":2},{"damage":4,"enemies":"Jaw Worm","floor":14,"turns":3},{"damage":22,"enemies":"Hexaghost","floor":16,"turns":9},{"damage":25,"enemies":"3 Byrds","floor":18,"turns":6},{"damage":11,"enemies":"2 Thieves","floor":19,"turns":5},{"damage":31,"enemies":"Masked Bandits","floor":20,"turns":5},{"damage":11,"enemies":"Shelled Parasite and Fungi","floor":21,"turns":5},{"damage":15,"enemies":"Snecko","floor":22,"turns":3}],"seed_played":"-7907511551007692752","potions_obtained":[{"floor":1,"key":"DistilledChaos"},{"floor":10,"key":"SneckoOil"},{"floor":11,"key":"AttackPotion"},{"floor":12,"key":"SteroidPotion"},{"floor":20,"key":"EssenceOfSteel"}],"is_trial":false,"path_per_floor":["M","$","?","?","?","E","R","E","T","E","?","M","R","M","R","B",null,"M","M","?","M","M"],"character_chosen":"IRONCLAD","items_purchased":["Fire Breathing"],"campfire_rested":0,"item_purchase_floors":[2],"current_hp_per_floor":[74,74,79,53,42,48,48,54,54,39,32,38,38,40,40,24,66,47,42,17,12,0,0],"gold":381,"neow_bonus":"THREE_ENEMY_KILL","is_daily":false,"chose_seed":false,"campfire_upgraded":3,"win_rate":0.0,"timestamp":1610878863,"path_taken":["M","$","?","?","?","E","R","E","T","E","?","M","R","M","R","BOSS","M","M","?","M","M"],"items_purchased_type":["Card"],"build_version":"2020-12-18","purchased_purges":0,"victory":false,"max_hp_per_floor":[75,75,80,80,80,80,80,80,80,80,80,80,80,80,80,80,80,80,80,80,80,80,80],"relic_stats":{"counters":[13,50],"Mummified Hand":[18],"MealTicket":0,"War Paint":["True Grit","Defend_R"],"obtain_stats":[{"keyreminder:keyreminder":6,"SlaversCollar":17,"NeowsBlessing":0,"Mummified Hand":9,"Vajra":8,"MealTicket":10,"Red Mask":20,"War Paint":6,"Odd Mushroom":11,"Burning Blood":0,"Red Skull":4},{"keyreminder:keyreminder":2,"SlaversCollar":8,"NeowsBlessing":0,"Mummified Hand":3,"Vajra":3,"MealTicket":4,"Red Mask":11,"War Paint":2,"Odd Mushroom":5,"Burning Blood":0,"Red Skull":1},{"keyreminder:keyreminder":2,"SlaversCollar":26,"NeowsBlessing":0,"Mummified Hand":4,"Vajra":4,"MealTicket":8,"Red Mask":42,"War Paint":2,"Odd Mushroom":12,"Burning Blood":0,"Red Skull":1}],"Burning Blood":72},"card_choices":[{"not_picked":["Intimidate","Entrench"],"picked":"True Grit","floor":1},{"not_picked":["Headbutt","Searing Blow"],"picked":"Clothesline","floor":6},{"not_picked":["Entrench","Infernal Blade"],"picked":"Power Through","floor":8},{"not_picked":["Shockwave","Body Slam"],"picked":"Perfected Strike","floor":10},{"not_picked":["Heavy Blade","True Grit"],"picked":"Perfected Strike","floor":11},{"not_picked":["Anger","True Grit"],"picked":"Inflame","floor":12},{"not_picked":["Thunderclap","Headbutt"],"picked":"Power Through","floor":14},{"not_picked":["Fiend Fire","Immolate"],"picked":"Impervious","floor":16},{"not_picked":["Armaments","Anger"],"picked":"Twin Strike","floor":18},{"not_picked":["Clash","Cleave"],"picked":"Pummel","floor":19},{"not_picked":["Wild Strike","Anger"],"picked":"Disarm","floor":20},{"not_picked":["Perfected Strike+1","Iron Wave"],"picked":"Spot Weakness","floor":21}],"player_experience":2698999,"relics_obtained":[{"floor":6,"key":"War Paint"},{"floor":8,"key":"Vajra"},{"floor":9,"key":"Mummified Hand"},{"floor":10,"key":"MealTicket"},{"floor":11,"key":"Odd Mushroom"},{"floor":20,"key":"Red Mask"}],"event_choices":[{"damage_healed":0,"gold_gain":0,"player_choice":"Donut","damage_taken":0,"max_hp_gain":5,"max_hp_loss":0,"event_name":"Big Fish","floor":3,"gold_loss":0},{"damage_healed":0,"gold_gain":0,"player_choice":"Success","damage_taken":26,"relics_obtained":["Red Skull"],"max_hp_gain":0,"max_hp_loss":0,"event_name":"Scrap Ooze","floor":4,"gold_loss":0},{"damage_healed":0,"gold_gain":75,"player_choice":"Gather Gold","damage_taken":11,"max_hp_gain":0,"max_hp_loss":0,"event_name":"World of Goop","floor":5,"gold_loss":0},{"damage_healed":0,"gold_gain":0,"player_choice":"Fought Mushrooms","damage_taken":0,"max_hp_gain":0,"max_hp_loss":0,"event_name":"Mushrooms","floor":11,"gold_loss":0},{"damage_healed":0,"gold_gain":0,"player_choice":"Fought Bandits","damage_taken":0,"max_hp_gain":0,"max_hp_loss":0,"event_name":"Masked Bandits","floor":20,"gold_loss":0}],"is_beta":true,"boss_relics":[{"not_picked":["Calling Bell","Cursed Key"],"picked":"SlaversCollar"}],"items_purged_floors":[],"is_endless":false,"potions_floor_spawned":[1,10,11,12,20],"killed_by":"Snecko","ascension_level":20}}