{"host":"oztwkdn1ogbv4ny9","time":1610857646,"event":{"mods":["AchievementEnabler","BaseMod","Colored Map","Hermit","Minty Spire (QoL Compilation)","Replay The Spire","StSLib","SuperFastMode","The Construct","The Cursed","The Disciple","The Hierophant","The Necromancer","The Servant 0.9.4"],"gold_per_floor":[116,116,126,136,156,183,208,220,282,325,355,377,389,401,433,460,472,581,593,593],"floor_reached":19,"language":"ENG","playtime":849,"items_purged":[],"score":233,"play_id":"5b9f2022-681d-4674-ab26-1673d84780f3","local_time":"20210116232726","is_ascension_mode":false,"campfire_choices":[{"data":"SurpressingFire","floor":8,"key":"SMITH"},{"data":"Dilation","floor":17,"key":"SMITH"}],"circlet_count":0,"master_deck":["Strike_S","Strike_S","Strike_S","Strike_S","Defend_S","Defend_S","Defend_S","KidneyShot","Exchange","Starlight","SurpressingFire+1","Ricochet","Comet","GearUp","Dilation+1","TheWorld"],"relics":["Uniform","MawBank","Replay:Wax Seal","Mirror","SlaversCollar"],"acts_visited":["Exordium","TheCity"],"potions_floor_usage":[5,6,18,18],"damage_taken":[{"damage":3,"enemies":"Small Slimes","floor":1,"turns":4},{"damage":1,"enemies":"Jaw Worm","floor":3,"turns":3},{"damage":3,"enemies":"2 Louse","floor":4,"turns":3},{"damage":4,"enemies":"Lots of Slimes","floor":5,"turns":2},{"damage":10,"enemies":"Lagavulin","floor":6,"turns":7},{"damage":2,"enemies":"Blue Slaver","floor":7,"turns":4},{"damage":4,"enemies":"Gremlin Nob","floor":10,"turns":5},{"damage":3,"enemies":"Large Slime","floor":11,"turns":7},{"damage":0,"enemies":"Exordium Wildlife","floor":12,"turns":4},{"damage":1,"enemies":"Looter","floor":15,"turns":3},{"damage":0,"enemies":"Large Slime","floor":16,"turns":5},{"damage":0,"enemies":"The Guardian","floor":18,"turns":13}],"seed_played":"3298999044462039457","potions_obtained":[{"floor":1,"key":"PowerPotion"},{"floor":3,"key":"Toxic Potion"},{"floor":10,"key":"Swift Potion"},{"floor":12,"key":"FearPotion"},{"floor":15,"key":"construct:ShiftPotion"},{"floor":18,"key":"Elixir"}],"is_trial":false,"path_per_floor":["M","?","M","M","M","E","M","R","T","E","M","M","PTL","PTL","M","M","R","B",null],"character_chosen":"THE_SERVANT","items_purchased":[],"campfire_rested":0,"item_purchase_floors":[],"current_hp_per_floor":[67,67,66,63,59,49,47,47,47,43,40,40,40,40,39,39,39,39,70,70],"gold":593,"neow_bonus":"RANDOM_EVENT","is_daily":false,"chose_seed":false,"campfire_upgraded":2,"win_rate":0.0,"timestamp":1610857646,"path_taken":["M","?","M","M","M","E","M","R","T","E","M","M","PTL","PTL","M","M","R","BOSS"],"items_purchased_type":[],"build_version":"2020-12-22","purchased_purges":0,"victory":false,"max_hp_per_floor":[70,70,70,70,70,70,70,70,70,70,70,70,70,70,70,70,70,70,70,70],"card_choices":[{"not_picked":["Alleviate","Replace"],"picked":"Starlight","floor":1},{"not_picked":["Starlight","Read"],"picked":"SurpressingFire","floor":3},{"not_picked":["Spin","ShiftingGears"],"picked":"Ricochet","floor":4},{"not_picked":["FastForward","Defy"],"picked":"Comet","floor":5},{"not_picked":["Potential","Rearm","Reset"],"picked":"SKIP","floor":6},{"not_picked":["BottledTime","Deny"],"picked":"GearUp","floor":7},{"not_picked":["Sunlight","Unruled"],"picked":"Dilation","floor":10},{"not_picked":["DualDimension","Ricochet","Moonlight"],"picked":"SKIP","floor":11},{"not_picked":["ShiftingGears","Rewind","Initiator"],"picked":"SKIP","floor":12},{"not_picked":["BottledTime","Revamp","Spin"],"picked":"SKIP","floor":15},{"not_picked":["ShatteredReality","Spin","Defy"],"picked":"SKIP","floor":16},{"not_picked":["Initiator","KillingDoll"],"picked":"TheWorld","floor":18}],"player_experience":220224,"relics_obtained":[{"floor":6,"key":"MawBank"},{"floor":9,"key":"Replay:Wax Seal"},{"floor":10,"key":"Mirror"}],"event_choices":[{"damage_healed":0,"gold_gain":0,"player_choice":"Donut","damage_taken":0,"max_hp_gain":5,"max_hp_loss":0,"event_name":"Big Fish","floor":0,"gold_loss":0}],"is_beta":false,"boss_relics":[{"not_picked":["Snecko Eye","Kintsugi"],"picked":"SlaversCollar"}],"items_purged_floors":[],"is_endless":false,"potions_floor_spawned":[1,3,10,12,15,18],"ascension_level":0}}