{"host":"ojme7g6xlqwffsso","time":1610896320,"event":{"mods":["BaseMod","Downfall","Minty Spire (QoL Compilation)","StSLib"],"gold_per_floor":[99,114,214,214,226,61,132,143,168,168,182,216,226,160,171,269,269,169,182,198,198,210,210,210,210,286,86,112,126,140,156,175,278,278,278,298,312,329,349,399,399,32,42,42,77,129,162,184,214,226,238,282,57,57,57,57],"floor_reached":57,"language":"ENG","playtime":3482,"items_purged":["bronze:Strike"],"score":1395,"play_id":"164dcc53-079c-47ef-b209-bc96e91b561d","local_time":"20210118001200","is_ascension_mode":true,"campfire_choices":[{"data":"bronze:Replicate","floor":1,"key":"SMITH"},{"data":"bronze:MaxOutput","floor":18,"key":"SMITH"},{"floor":23,"key":"RECALL"},{"data":"bronze:Terminator","floor":27,"key":"SMITH"},{"floor":35,"key":"DIG"},{"floor":44,"key":"DIG"},{"floor":54,"key":"DIG"}],"circlet_count":0,"master_deck":["bronze:Replicate+1","bronze:Goto+1","bronze:OilSpill","bronze:Separator","bronze:InfiniteBeams","bronze:Separator","bronze:HardenedForm","bronze:MaxOutput+1","bronze:ItsAFeature","bronze:Branch","bronze:CutThrough","bronze:CutThrough","bronze:Turbo","bronze:ThunderWave","bronze:Allocate","bronze:Verify","bronze:Boost","bronze:Constructor","bronze:Philosophize","bronze:WildBeam","bronze:Shield","bronze:ChosenStrike+1","bronze:FollowUp","bronze:GetLatest+1","bronze:Terminator+1","bronze:FollowUp","bronze:InfiniteLoop","bronze:OilSpill+1","bronze:FineTuning+1","bronze:Mutator","bronze:Turbo","bronze:CutThrough+1","bronze:Overload+1","bronze:BurnOut"],"relics":["Sozu","Meat on the Bone","Lizard Tail","Blood Vial","Pandora\u0027s Box","downfall:HeartBlessingGreen","Matryoshka","Shuriken","Omamori","downfall:HeartBlessingBlue","downfall:HeartBlessingRed","Shovel","Coffee Dripper","Orichalcum","TungstenRod","The Courier","Ice Cream","Dead Branch","Medical Kit","Gremlin Horn","Blue Candle","Turnip","MawBank","Bottled Tornado","Boot","Ornamental Fan"],"acts_visited":["Exordium","TheCity","TheBeyond","TheEnding"],"potions_floor_usage":[],"damage_taken":[{"damage":0,"enemies":"Small Slimes","floor":2,"turns":3},{"damage":7,"enemies":"Jaw Worm","floor":5,"turns":2},{"damage":0,"enemies":"downfall:FleeingMerchant","floor":6,"turns":4},{"damage":0,"enemies":"Cultist","floor":8,"turns":2},{"damage":26,"enemies":"Lagavulin","floor":9,"turns":4},{"damage":8,"enemies":"Blue Slaver","floor":11,"turns":2},{"damage":10,"enemies":"Gremlin Nob","floor":12,"turns":4},{"damage":25,"enemies":"Exordium Thugs","floor":13,"turns":5},{"damage":0,"enemies":"downfall:FleeingMerchant","floor":14,"turns":4},{"damage":9,"enemies":"2 Fungi Beasts","floor":15,"turns":2},{"damage":37,"enemies":"WA_ARCHETYPE_RETAIN","floor":16,"turns":6},{"damage":0,"enemies":"Spheric Guardian","floor":19,"turns":3},{"damage":24,"enemies":"Chosen","floor":20,"turns":4},{"damage":27,"enemies":"Snake Plant","floor":22,"turns":4},{"damage":10,"enemies":"downfall:FleeingMerchant","floor":26,"turns":4},{"damage":24,"enemies":"Gremlin Leader","floor":28,"turns":5},{"damage":0,"enemies":"Centurion and Healer","floor":29,"turns":3},{"damage":13,"enemies":"Snecko","floor":30,"turns":5},{"damage":8,"enemies":"Snake Plant","floor":31,"turns":2},{"damage":2,"enemies":"Cultist and Chosen","floor":32,"turns":2},{"damage":34,"enemies":"SI_MIRROR_ARCHETYPE","floor":33,"turns":7},{"damage":0,"enemies":"Orb Walker","floor":36,"turns":2},{"damage":5,"enemies":"3 Shapes","floor":37,"turns":3},{"damage":18,"enemies":"3 Darklings","floor":38,"turns":5},{"damage":37,"enemies":"Writhing Mass","floor":39,"turns":3},{"damage":0,"enemies":"Writhing Mass","floor":40,"turns":4},{"damage":12,"enemies":"Spire Growth","floor":43,"turns":3},{"damage":0,"enemies":"Giant Head","floor":45,"turns":5},{"damage":19,"enemies":"2 Orb Walkers","floor":46,"turns":3},{"damage":23,"enemies":"Nemesis","floor":47,"turns":5},{"damage":0,"enemies":"Jaw Worm Horde","floor":48,"turns":2},{"damage":0,"enemies":"Sphere and 2 Shapes","floor":49,"turns":2},{"damage":25,"enemies":"DF_ARCHETYPE_ORBS","floor":50,"turns":6},{"damage":22,"enemies":"downfall:CharBossMerchant","floor":52,"turns":7},{"damage":5,"enemies":"downfall:NeowBoss","floor":55,"turns":10},{"damage":55,"enemies":"downfall:NeowBossFinal","floor":56,"turns":6}],"seed_played":"-4835884239701651937","potions_obtained":[],"is_trial":false,"path_per_floor":["R","M","?","?","M","$","T","M","E","?","M","E","M","$","M","B",null,"R","M","M","?","M","R","T","?","$","R","E","M","M","M","M","B",null,"R","M","M","M","M","?","T","$","M","R","E","?","E","M","M","B",null,"E","$","R","B","B",null],"character_chosen":"THE_AUTOMATON","items_purchased":["bronze:InfiniteBeams","bronze:CutThrough","bronze:Terminator","bronze:FollowUp","Omamori","Dead Branch","Medical Kit","bronze:BurnOut","Boot"],"campfire_rested":0,"item_purchase_floors":[6,14,26,26,26,42,42,53,53],"current_hp_per_floor":[70,70,70,70,63,63,63,63,37,37,41,43,32,46,39,16,70,70,70,46,46,33,33,33,33,37,47,37,51,52,46,46,26,80,80,80,75,59,36,50,50,50,52,52,54,49,40,42,44,33,80,58,58,58,55,14],"gold":57,"neow_bonus":"BOSS_RELIC","is_daily":false,"chose_seed":false,"campfire_upgraded":3,"win_rate":0.0,"timestamp":1610896320,"path_taken":["R","M","?","?","M","$","T","?","E","?","M","E","M","?","M","BOSS","R","M","M","?","M","R","T","?","$","R","E","M","M","M","M","BOSS","R","M","M","?","M","?","T","$","M","R","E","?","E","?","M","BOSS","E","$","R","BOSS","BOSS"],"items_purchased_type":["Card","Card","Card","Card","Relic","Relic","Relic","Card","Relic"],"build_version":"2020-12-22","purchased_purges":1,"victory":true,"max_hp_per_floor":[70,70,70,70,70,70,70,70,70,70,70,70,70,70,70,70,70,70,70,70,70,70,70,70,70,70,80,80,80,80,80,80,80,80,80,80,80,80,80,80,80,80,80,80,80,80,80,80,80,80,80,80,80,80,80,80],"card_choices":[{"not_picked":["bronze:DelayedSlice","bronze:ForLoop"],"picked":"bronze:OilSpill","floor":2},{"not_picked":["bronze:Invalidate","bronze:Shell"],"picked":"bronze:Separator","floor":5},{"not_picked":["bronze:DelayedSlice","bronze:BitShift","bronze:OilSpill"],"picked":"SKIP","floor":6},{"not_picked":["bronze:ForLoop","bronze:Deprecate"],"picked":"bronze:Separator","floor":8},{"not_picked":["bronze:BronzeOrb","bronze:HyperBeam"],"picked":"bronze:HardenedForm","floor":9},{"not_picked":["bronze:Separator","bronze:DelayedGuard"],"picked":"bronze:MaxOutput","floor":11},{"not_picked":["bronze:Overheat","bronze:MaxOutput"],"picked":"bronze:ItsAFeature","floor":12},{"not_picked":["bronze:Separator","bronze:WildBeam"],"picked":"bronze:Branch","floor":13},{"not_picked":["bronze:Backtrace","bronze:Invalidate"],"picked":"bronze:CutThrough","floor":14},{"not_picked":["bronze:ForceShield","bronze:CloningBeam"],"picked":"bronze:Turbo","floor":15},{"not_picked":["bronze:CleanCode","bronze:BurnOut"],"picked":"bronze:ThunderWave","floor":16},{"not_picked":["bronze:WhirlingStrike","bronze:BuggyMess","bronze:Refactor"],"picked":"SKIP","floor":19},{"not_picked":["bronze:Constructor","bronze:Overheat"],"picked":"bronze:ChosenStrike+1","floor":20},{"not_picked":["bronze:Safeguard","bronze:Iterate+1"],"picked":"bronze:FollowUp","floor":22},{"not_picked":["bronze:Separator","bronze:Shell"],"picked":"bronze:GetLatest+1","floor":26},{"not_picked":["bronze:Return","bronze:Virus"],"picked":"bronze:InfiniteLoop","floor":28},{"not_picked":["bronze:FineTuning","bronze:Branch","bronze:Allocate"],"picked":"SKIP","floor":29},{"not_picked":["bronze:BugBarrage+1","bronze:BronzeArmor","bronze:DigitalCarnage"],"picked":"SKIP","floor":30},{"not_picked":["bronze:Deprecate+1","bronze:DelayedGuard"],"picked":"bronze:OilSpill+1","floor":31},{"not_picked":["bronze:InfiniteBeams","bronze:ForceShield"],"picked":"bronze:FineTuning+1","floor":32},{"not_picked":["bronze:Assembly","bronze:TinkerersToolbox"],"picked":"bronze:Mutator","floor":33},{"not_picked":["bronze:Boost","bronze:InfiniteBeams+1","bronze:Shield"],"picked":"SKIP","floor":36},{"not_picked":["bronze:DelayedGuard","bronze:BugBarrage+1","bronze:Fortify"],"picked":"SKIP","floor":37},{"not_picked":["bronze:ForLoop","bronze:BitShift","bronze:DelayedGuard+1"],"picked":"SKIP","floor":38},{"not_picked":["bronze:Mutator","bronze:Invalidate"],"picked":"bronze:Turbo","floor":39},{"not_picked":["bronze:Separator","bronze:Iterate"],"picked":"bronze:CutThrough+1","floor":40},{"not_picked":["bronze:Return","bronze:Overheat+1","bronze:DigitalCarnage"],"picked":"SKIP","floor":43},{"not_picked":["bronze:BitShift+1","bronze:ForceShield","bronze:Allocate"],"picked":"SKIP","floor":45},{"not_picked":["bronze:BronzeOrb","bronze:ClassDefault"],"picked":"bronze:Overload+1","floor":46},{"not_picked":["bronze:FindAndReplace","bronze:BugBarrage","bronze:DelayedGuard+1"],"picked":"SKIP","floor":47},{"not_picked":["bronze:OilSpill+1","bronze:Shield+1","bronze:Frontload+1"],"picked":"SKIP","floor":48},{"not_picked":["bronze:DelayedGuard+1","bronze:DelayedSlice+1","bronze:Shell"],"picked":"SKIP","floor":49},{"not_picked":["bronze:Branch","bronze:Safeguard+1","bronze:BugBarrage+1"],"picked":"SKIP","floor":52}],"player_experience":873531,"relics_obtained":[{"floor":7,"key":"Meat on the Bone"},{"floor":9,"key":"Lizard Tail"},{"floor":12,"key":"Blood Vial"},{"floor":24,"key":"Shuriken"},{"floor":28,"key":"Shovel"},{"floor":35,"key":"Orichalcum"},{"floor":40,"key":"TungstenRod"},{"floor":41,"key":"The Courier"},{"floor":41,"key":"Ice Cream"},{"floor":44,"key":"Gremlin Horn"},{"floor":45,"key":"Blue Candle"},{"floor":46,"key":"Turnip"},{"floor":47,"key":"MawBank"},{"floor":52,"key":"Bottled Tornado"},{"floor":54,"key":"Ornamental Fan"}],"event_choices":[{"damage_healed":0,"gold_gain":0,"player_choice":"Got Potions","damage_taken":0,"max_hp_gain":0,"max_hp_loss":0,"event_name":"Lab","floor":4,"gold_loss":0},{"damage_healed":0,"gold_gain":0,"player_choice":"Stole Relic","damage_taken":0,"relics_obtained":["Matryoshka"],"max_hp_gain":0,"max_hp_loss":0,"event_name":"Addict","floor":21,"gold_loss":0,"cards_obtained":["Pride"]},{"damage_healed":0,"gold_gain":0,"player_choice":"Fight","damage_taken":0,"max_hp_gain":0,"max_hp_loss":0,"event_name":"Mysterious Sphere","floor":46,"gold_loss":0}],"is_beta":false,"boss_relics":[{"not_picked":["Black Star","SacredBark"],"picked":"Pandora\u0027s Box"},{"not_picked":["Tiny House","Busted Crown"],"picked":"Coffee Dripper"}],"items_purged_floors":[6],"is_endless":false,"potions_floor_spawned":[2,5,8,20,22,28,38,43,45,47,49],"ascension_level":2}}