{"host":"wogey4gsknv4ot2d","time":1610886432,"event":{"mods":["2.2 Compatiblity","AchievementEnabler","BaseMod","Bestiary","Better Third Choice","Colored Map","Colored Powertips","Googly Eyes","Key Reminder","Minty Spire (QoL Compilation)","Permanent Neow","Rare Cards Sparkle","Relic Stats","StSLib"],"gold_per_floor":[110,185,185,185,11,44,44,44,44,44,63,77,96,119,119,215,215,226,226,236,236,11,11,31,31,31,58,58,84,84,97,97,97,97],"floor_reached":33,"language":"ENG","playtime":1170,"items_purged":[],"score":281,"play_id":"afbbcb56-f047-494f-8e4f-7d0c5c73a3f0","local_time":"20210117062712","is_ascension_mode":false,"campfire_choices":[{"floor":7,"key":"REST"},{"floor":10,"key":"REST"},{"floor":15,"key":"REST"},{"floor":23,"key":"REST"},{"floor":25,"key":"REST"},{"floor":28,"key":"REST"},{"floor":32,"key":"REST"}],"circlet_count":0,"master_deck":["Strike_B+1","Strike_B+1","Strike_B+1","Strike_B+1","Defend_B+1","Defend_B+1","Defend_B+1","Defend_B+1","Zap","Dualcast","Defragment+1","Doom and Gloom","Conserve Battery","Storm","Conserve Battery","Streamline","Core Surge","Doom and Gloom","Stack","Barrage","Creative AI","Steam+1","Zap","Conserve Battery","Capacitor+1"],"relics":["Cracked Core","Bag of Marbles","Membership Card","Bottled Flame","Kunai","Ancient Tea Set","Snecko Eye","Bronze Scales","Sling","Bag of Preparation","Meat on the Bone","Prayer Wheel","Anchor"],"acts_visited":["Exordium","TheCity"],"potions_floor_usage":[20,20,29,29],"damage_taken":[{"damage":0,"enemies":"Cultist","floor":1,"turns":3},{"damage":49,"enemies":"Lagavulin","floor":6,"turns":6},{"damage":6,"enemies":"Jaw Worm","floor":11,"turns":3},{"damage":0,"enemies":"2 Louse","floor":12,"turns":1},{"damage":19,"enemies":"Exordium Wildlife","floor":13,"turns":3},{"damage":30,"enemies":"The Guardian","floor":16,"turns":10},{"damage":32,"enemies":"2 Thieves","floor":18,"turns":5},{"damage":16,"enemies":"Shell Parasite","floor":20,"turns":3},{"damage":10,"enemies":"Cultist and Chosen","floor":24,"turns":3},{"damage":8,"enemies":"Gremlin Leader","floor":27,"turns":4},{"damage":30,"enemies":"Book of Stabbing","floor":29,"turns":4},{"damage":1,"enemies":"Sentry and Sphere","floor":31,"turns":3},{"damage":88,"enemies":"Collector","floor":33,"turns":9}],"seed_played":"4116597576584812691","potions_obtained":[{"floor":6,"key":"FocusPotion"},{"floor":18,"key":"Dexterity Potion"},{"floor":20,"key":"Block Potion"},{"floor":27,"key":"Explosive Potion"}],"is_trial":false,"path_per_floor":["M","?","?","?","$","E","R","?","T","R","M","M","M","T","R","B",null,"M","?","M","?","$","R","M","R","T","E","R","E","?","M","R","B"],"character_chosen":"DEFECT","items_purchased":["Membership Card","Doom and Gloom","Bronze Scales","Sling","Bag of Preparation"],"campfire_rested":7,"item_purchase_floors":[5,5,22,22,22],"current_hp_per_floor":[75,64,61,61,61,12,34,39,39,63,57,57,38,38,62,32,80,48,33,17,17,17,42,32,57,57,49,74,44,44,43,68,0,0],"gold":97,"neow_bonus":"RANDOM_COMMON_RELIC","is_daily":false,"chose_seed":false,"campfire_upgraded":0,"win_rate":0.0,"timestamp":1610886432,"path_taken":["M","?","?","?","$","E","R","?","T","R","?","M","M","?","R","BOSS","M","?","M","?","?","R","?","R","T","E","R","E","?","?","R","BOSS"],"items_purchased_type":["Relic","Card","Relic","Relic","Relic"],"build_version":"2020-12-22","purchased_purges":0,"victory":false,"max_hp_per_floor":[75,75,75,75,75,75,75,80,80,80,80,80,80,80,80,80,80,80,85,85,85,85,85,85,85,85,85,85,85,85,85,85,85,85],"relic_stats":{"counters":[13,57],"Bronze Scales":[69],"Snecko Eye":[48,54,59,67],"Prayer Wheel":1,"Bag of Preparation":[10],"Kunai":[6],"obtain_stats":[{"Bag of Preparation":22,"Ancient Tea Set":14,"Sling":22,"Bottled Flame":6,"Anchor":29,"Bronze Scales":22,"Snecko Eye":17,"Prayer Wheel":27,"Bag of Marbles":0,"Membership Card":5,"Kunai":9,"Cracked Core":0,"Meat on the Bone":26},{"Bag of Preparation":8,"Ancient Tea Set":5,"Sling":8,"Bottled Flame":2,"Anchor":11,"Bronze Scales":8,"Snecko Eye":6,"Prayer Wheel":10,"Bag of Marbles":0,"Membership Card":1,"Kunai":2,"Cracked Core":0,"Meat on the Bone":9},{"Bag of Preparation":34,"Ancient Tea Set":16,"Sling":34,"Bottled Flame":9,"Anchor":45,"Bronze Scales":34,"Snecko Eye":26,"Prayer Wheel":41,"Bag of Marbles":0,"Membership Card":3,"Kunai":9,"Cracked Core":0,"Meat on the Bone":37}],"Meat on the Bone":0},"card_choices":[{"not_picked":["Sweeping Beam","Static Discharge"],"picked":"Defragment","floor":1},{"not_picked":["Chill","Leap"],"picked":"Conserve Battery","floor":6},{"not_picked":["Streamline","Loop"],"picked":"Storm","floor":11},{"not_picked":["Sunder","Rebound"],"picked":"Conserve Battery","floor":12},{"not_picked":["Steam Power","Turbo"],"picked":"Streamline","floor":13},{"not_picked":["Hyperbeam","Creative AI"],"picked":"Core Surge","floor":16},{"not_picked":["Sweeping Beam","Coolheaded"],"picked":"Doom and Gloom","floor":18},{"not_picked":["Hologram","Heatsinks+1"],"picked":"Stack","floor":20},{"not_picked":["Gash","Ball Lightning"],"picked":"Barrage","floor":24},{"not_picked":["Gash","Double Energy+1"],"picked":"Creative AI","floor":27},{"not_picked":["Cold Snap","Redo"],"picked":"Steam+1","floor":29},{"not_picked":["Sweeping Beam","Undo"],"picked":"Conserve Battery","floor":31},{"not_picked":["Heatsinks","Steam+1"],"picked":"Capacitor+1","floor":31}],"player_experience":41834,"relics_obtained":[{"floor":6,"key":"Bottled Flame"},{"floor":9,"key":"Kunai"},{"floor":14,"key":"Ancient Tea Set"},{"floor":26,"key":"Meat on the Bone"},{"floor":27,"key":"Prayer Wheel"},{"floor":29,"key":"Anchor"}],"event_choices":[{"damage_healed":0,"gold_gain":75,"player_choice":"Gold","damage_taken":11,"max_hp_gain":0,"max_hp_loss":0,"event_name":"betterThird:BetterGoop","floor":2,"gold_loss":0},{"damage_healed":0,"gold_gain":0,"player_choice":"LEAVE","damage_taken":3,"max_hp_gain":0,"max_hp_loss":0,"event_name":"betterThird:BetterScrap","floor":3,"gold_loss":0,"cards_obtained":["TalkToTheHand"]},{"damage_healed":0,"gold_gain":0,"player_choice":"Grow","damage_taken":0,"max_hp_gain":0,"max_hp_loss":0,"event_name":"Living Wall","floor":4,"gold_loss":0,"cards_upgraded":["Defragment"]},{"damage_healed":0,"gold_gain":0,"player_choice":"Donut","damage_taken":0,"max_hp_gain":5,"max_hp_loss":0,"event_name":"Big Fish","floor":8,"gold_loss":0},{"damage_healed":0,"gold_gain":0,"player_choice":"Shed Blood","damage_taken":20,"max_hp_gain":5,"max_hp_loss":0,"event_name":"Forgotten Altar","floor":19,"gold_loss":0},{"damage_healed":0,"gold_gain":0,"player_choice":"Simplicity","damage_taken":0,"max_hp_gain":0,"max_hp_loss":8,"event_name":"betterThird:BetterWriting","floor":21,"gold_loss":0},{"damage_healed":0,"gold_gain":0,"player_choice":"1 cards matched","damage_taken":0,"max_hp_gain":0,"max_hp_loss":0,"event_name":"Match and Keep!","floor":30,"gold_loss":0,"cards_obtained":["Zap"]}],"is_beta":false,"boss_relics":[{"not_picked":["Cursed Key","SacredBark"],"picked":"Snecko Eye"}],"items_purged_floors":[],"is_endless":false,"potions_floor_spawned":[6,18,20,27],"killed_by":"Collector","ascension_level":0}}