{"host":"q9718omregw4er46","time":1610910221,"event":{"mods":["BaseMod","Bestiary","Colored Powertips","Minty Spire (QoL Compilation)","Quick Restart","Relic Stats"],"gold_per_floor":[112,112,112,122,140,140,166,166,246,246,288,297,336,360,360,431,431,447,427,454,454,454,454,489,489,543,567,604,613,613,613],"floor_reached":30,"language":"ENG","playtime":848,"items_purged":[],"score":564,"play_id":"882e36d4-ab41-47c9-82be-ddc3883c0318","local_time":"20210118000341","is_ascension_mode":true,"campfire_choices":[{"data":"Bash","floor":6.0,"key":"SMITH"},{"data":"Combust","floor":8.0,"key":"SMITH"},{"floor":10.0,"key":"REST"},{"data":"Clothesline","floor":15.0,"key":"SMITH"},{"data":"Flame Barrier","floor":23,"key":"SMITH"},{"data":"Hemokinesis","floor":25,"key":"SMITH"}],"circlet_count":0,"master_deck":["AscendersBane","Strike_R","Strike_R","Strike_R","Strike_R","Strike_R","Defend_R","Defend_R","Defend_R","Defend_R","Bash+1","Thunderclap","Twin Strike","Combust+1","Clothesline+1","Pain","Hemokinesis+1","Anger","Flame Barrier+1","Feel No Pain+1","Spot Weakness"],"relics":["Burning Blood","Magic Flower","Bronze Scales","CeramicFish","Gremlin Horn","Self Forming Clay","WarpedTongs","Pen Nib","Coffee Dripper","Nilry\u0027s Codex","Matryoshka","Dream Catcher","Bag of Preparation","Oddly Smooth Stone","Happy Flower","Bottled Lightning"],"acts_visited":["Exordium","TheCity"],"potions_floor_usage":[20,24,24,24,28],"damage_taken":[{"damage":1.0,"enemies":"Cultist","floor":1.0,"turns":3.0},{"damage":9.0,"enemies":"Jaw Worm","floor":4.0,"turns":5.0},{"damage":4.0,"enemies":"Small Slimes","floor":5.0,"turns":3.0},{"damage":35.0,"enemies":"Gremlin Nob","floor":7.0,"turns":4.0},{"damage":13.0,"enemies":"3 Sentries","floor":11.0,"turns":4.0},{"damage":20.0,"enemies":"Gremlin Nob","floor":13.0,"turns":4.0},{"damage":7.0,"enemies":"2 Fungi Beasts","floor":14.0,"turns":3.0},{"damage":10.0,"enemies":"Hexaghost","floor":16.0,"turns":9.0},{"damage":13,"enemies":"Spheric Guardian","floor":18,"turns":3},{"damage":26,"enemies":"2 Thieves","floor":20,"turns":3},{"damage":12,"enemies":"Book of Stabbing","floor":24,"turns":5},{"damage":23,"enemies":"Gremlin Leader","floor":28,"turns":5},{"damage":26,"enemies":"Centurion and Healer","floor":30,"turns":2}],"seed_played":"-2351900511057530968","potions_obtained":[{"floor":1.0,"key":"EssenceOfSteel"},{"floor":5.0,"key":"Explosive Potion"},{"floor":14.0,"key":"HeartOfIron"},{"floor":16.0,"key":"PowerPotion"},{"floor":19,"key":"AttackPotion"},{"floor":20,"key":"EntropicBrew"}],"is_trial":false,"path_per_floor":["M","?","?","M","M","R","E","R","T","R","E","?","E","M","R","B",null,"M","?","M","?","?","R","E","R","T","T","E","?","M"],"character_chosen":"IRONCLAD","items_purchased":[],"campfire_rested":1,"item_purchase_floors":[],"current_hp_per_floor":[68,68,50,50,55,55,29,29,29,49,45,45,34,36,36,35,60,56,56,39,18,18,18,37,37,37,37,23,23,0,0],"gold":613,"neow_bonus":"ONE_RARE_RELIC","is_daily":false,"chose_seed":false,"campfire_upgraded":5,"win_rate":0.0,"timestamp":1610910221,"path_taken":["M","?","?","M","M","R","E","R","T","R","E","?","E","?","R","BOSS","M","?","?","?","?","R","E","R","T","?","E","?","M"],"items_purchased_type":[],"build_version":"2020-12-22","purchased_purges":0,"victory":false,"max_hp_per_floor":[68,68,68,68,68,68,68,68,68,68,68,68,68,68,68,68,68,68,68,68,68,68,68,68,68,68,68,68,68,68,68],"relic_stats":{"Gremlin Horn":[8,8],"Happy Flower":[2],"counters":[13,53],"Self Forming Clay":[126],"CeramicFish":63,"Magic Flower":[41],"Pen Nib":[6],"Bag of Preparation":[4],"Burning Blood":100,"WarpedTongs":[34],"Dream Catcher":0,"Bronze Scales":[131],"obtain_stats":[{"Gremlin Horn":9,"Happy Flower":27,"Self Forming Clay":11,"Nilry\u0027s Codex":21,"CeramicFish":7,"Magic Flower":0,"Oddly Smooth Stone":27,"Pen Nib":13,"Bag of Preparation":26,"Burning Blood":0,"WarpedTongs":12,"Dream Catcher":26,"Matryoshka":24,"Bronze Scales":3,"Coffee Dripper":17,"Bottled Lightning":28},{"Gremlin Horn":4,"Happy Flower":11,"Self Forming Clay":5,"Nilry\u0027s Codex":10,"CeramicFish":4,"Magic Flower":0,"Oddly Smooth Stone":11,"Pen Nib":6,"Bag of Preparation":11,"Burning Blood":0,"WarpedTongs":5,"Dream Catcher":11,"Matryoshka":11,"Bronze Scales":1,"Coffee Dripper":8,"Bottled Lightning":12},{"Gremlin Horn":15,"Happy Flower":46,"Self Forming Clay":19,"Nilry\u0027s Codex":41,"CeramicFish":15,"Magic Flower":0,"Oddly Smooth Stone":46,"Pen Nib":23,"Bag of Preparation":46,"Burning Blood":0,"WarpedTongs":19,"Dream Catcher":46,"Matryoshka":46,"Bronze Scales":3,"Coffee Dripper":35,"Bottled Lightning":51}]},"card_choices":[{"not_picked":["Havoc","Iron Wave"],"picked":"Thunderclap","floor":1.0},{"not_picked":["Shrug It Off","Havoc"],"picked":"Twin Strike","floor":4.0},{"not_picked":["Metallicize","Anger"],"picked":"Combust","floor":5.0},{"not_picked":["Power Through","Seeing Red","Heavy Blade"],"picked":"SKIP","floor":7.0},{"not_picked":["Clash","Dual Wield"],"picked":"Clothesline","floor":11.0},{"not_picked":["Warcry","Double Tap"],"picked":"Hemokinesis","floor":13.0},{"not_picked":["Flex","Carnage"],"picked":"Anger","floor":14.0},{"not_picked":["Reckless Charge+1","Infernal Blade","Sever Soul"],"picked":"SKIP","floor":18},{"not_picked":["Wild Strike+1","Iron Wave"],"picked":"Flame Barrier","floor":20},{"not_picked":["Wild Strike","Headbutt","Perfected Strike"],"picked":"SKIP","floor":24},{"not_picked":["Pommel Strike+1","Pummel"],"picked":"Feel No Pain+1","floor":28}],"player_experience":1216572,"relics_obtained":[{"floor":7.0,"key":"CeramicFish"},{"floor":9.0,"key":"Gremlin Horn"},{"floor":11.0,"key":"Self Forming Clay"},{"floor":13.0,"key":"Pen Nib"},{"floor":21,"key":"Nilry\u0027s Codex"},{"floor":24,"key":"Matryoshka"},{"floor":26,"key":"Dream Catcher"},{"floor":26,"key":"Bag of Preparation"},{"floor":27,"key":"Oddly Smooth Stone"},{"floor":27,"key":"Happy Flower"},{"floor":28,"key":"Bottled Lightning"}],"event_choices":[{"damage_healed":0.0,"max_hp_gain":0.0,"max_hp_loss":0.0,"gold_gain":0.0,"event_name":"Liars Game","player_choice":"Ignored","floor":2.0,"gold_loss":0.0,"damage_taken":0.0},{"damage_healed":0.0,"max_hp_gain":0.0,"max_hp_loss":0.0,"gold_gain":0.0,"event_name":"Scrap Ooze","player_choice":"Success","floor":3.0,"gold_loss":0.0,"damage_taken":18.0,"relics_obtained":["Bronze Scales"]},{"damage_healed":0.0,"max_hp_gain":0.0,"max_hp_loss":0.0,"gold_gain":0.0,"event_name":"Accursed Blacksmith","player_choice":"Rummage","floor":12.0,"gold_loss":0.0,"damage_taken":0.0,"relics_obtained":["WarpedTongs"],"cards_obtained":["Pain"]},{"damage_healed":0,"gold_gain":0,"player_choice":"Bought 1 Potion","damage_taken":0,"max_hp_gain":0,"max_hp_loss":0,"event_name":"The Woman in Blue","floor":19,"gold_loss":0},{"damage_healed":0,"gold_gain":0,"player_choice":"Obtained Book","damage_taken":21,"max_hp_gain":0,"max_hp_loss":0,"event_name":"Cursed Tome","floor":21,"gold_loss":0},{"damage_healed":0,"gold_gain":0,"player_choice":"Ignored","damage_taken":0,"max_hp_gain":0,"max_hp_loss":0,"event_name":"Ghosts","floor":22,"gold_loss":0},{"damage_healed":0,"gold_gain":0,"player_choice":"Read","damage_taken":0,"max_hp_gain":0,"max_hp_loss":0,"event_name":"The Library","floor":29,"gold_loss":0,"cards_obtained":["Spot Weakness"]}],"is_beta":false,"boss_relics":[{"not_picked":["Tiny House","SlaversCollar"],"picked":"Coffee Dripper"}],"items_purged_floors":[],"is_endless":false,"potions_floor_spawned":[1,5,14,16,18,20],"killed_by":"Centurion and Healer","ascension_level":20}}