{"host":"r4r4helli6evr3pz","time":1610926883,"event":{"mods":["A Magickal Journey","AchievementEnabler","Act Like it!","Aspiration","BaseMod","Better Note","BetterRewards","Challenge The Spire","Conspire","Curses Come First","DeckTracker","Evolution","GifTheSpireLib","Gold Saver","GungeonMod","Hermit","Hubris","Hyrulean Relics","Infinite Spire","JesterMod","Lobotomy","Mimic Mod","Minty Spire (QoL Compilation)","Quick Restart","Random Character Button","Relic Sorter","Relic Stats","Replay The Spire","Reworked Bosses","Shop Mod","Somnambulant","StSLib","Stuff the Spire","The Blackbeard","The Bug Knight","The Clintock","The Construct","The Cursed","The Druid","The Forsaken","The Hierophant","The Necromancer","The Poker Player","The Problem Sleuth","The Runesmith","vexMod"],"gold_per_floor":[239,219,232,246,246,246,272,13,13,53,328,328,328,328,328],"floor_reached":13,"language":"RUS","playtime":564,"items_purged":[],"score":96,"play_id":"b69bfd0d-b2e4-4639-bbab-b59776ede4e5","local_time":"20210118034123","is_ascension_mode":true,"campfire_choices":[{"data":"blackbeard:Fencing","floor":6,"key":"SMITH"},{"floor":12,"key":"REST"}],"circlet_count":0,"master_deck":["blackbeard:BlackbeardStrike","blackbeard:BlackbeardStrike","blackbeard:BlackbeardStrike","blackbeard:IntimidatingStrike","blackbeard:BlackbeardDefend","blackbeard:BlackbeardDefend","blackbeard:BlackbeardDefend","blackbeard:BlackbeardDefend","blackbeard:Cutlass","ShyLook","blackbeard:Fencing+1","CrumblingArmor","blackbeard:FieryDefense","blackbeard:Dagger","Murderer","blackbeard:MegaUpgrade","blackbeard:MegaUpgrade","Regret"],"relics":["blackbeard:LoadTheCannons","EVO:Axolotl","CogitoBucket","Matryoshka","DemoMod:GnawedKey","blackbeard:TreasureChest","Shovel"],"acts_visited":["Exordium"],"potions_floor_usage":[7,7,7,7,13],"damage_taken":[{"damage":5,"enemies":"Small Slimes","floor":1,"turns":3},{"damage":0,"enemies":"Cultist","floor":3,"turns":2},{"damage":0,"enemies":"2 Louse","floor":4,"turns":3},{"damage":6,"enemies":"3 Sentries","floor":7,"turns":8},{"damage":38,"enemies":"Gremlin Nob","floor":10,"turns":4},{"damage":42,"enemies":"3 Sentries","floor":13,"turns":5}],"seed_played":"527456400906702142","potions_obtained":[{"floor":2,"key":"EntropicBrew"},{"floor":4,"key":"Ancient Potion"}],"is_trial":false,"path_per_floor":["M","?","M","M","?","R","E","$","T","E","?","R","E"],"character_chosen":"BLACKBEARD_CLASS","items_purchased":["blackbeard:MegaUpgrade","DemoMod:GnawedKey"],"campfire_rested":1,"item_purchase_floors":[8,8],"current_hp_per_floor":[70,70,70,70,63,63,57,57,57,19,19,41,0,0,0],"gold":328,"neow_bonus":"","is_daily":false,"chose_seed":false,"campfire_upgraded":1,"win_rate":0.0,"timestamp":1610926883,"path_taken":["M","?","M","?","?","R","E","$","T","E","?","R","E"],"items_purchased_type":["Card","Relic"],"build_version":"2020-12-22","purchased_purges":0,"victory":false,"max_hp_per_floor":[75,75,75,75,75,75,75,75,75,75,75,75,75,75,75],"relic_stats":{"Shovel":0,"counters":[6,25],"obtain_stats":[{"CogitoBucket":0,"blackbeard:TreasureChest":9,"Matryoshka":7,"Shovel":10,"blackbeard:LoadTheCannons":0,"DemoMod:GnawedKey":8,"EVO:Axolotl":0},{"CogitoBucket":0,"blackbeard:TreasureChest":4,"Matryoshka":4,"Shovel":5,"blackbeard:LoadTheCannons":0,"DemoMod:GnawedKey":4,"EVO:Axolotl":0},{"CogitoBucket":0,"blackbeard:TreasureChest":16,"Matryoshka":16,"Shovel":20,"blackbeard:LoadTheCannons":0,"DemoMod:GnawedKey":16,"EVO:Axolotl":0}]},"card_choices":[{"not_picked":["Variant","Bloodbath"],"picked":"ShyLook","floor":1},{"not_picked":["blackbeard:Toast","blackbeard:Recklessness"],"picked":"blackbeard:Fencing","floor":1},{"not_picked":["Scorched","UniverseFragment","MHz"],"picked":"Singing Bowl","floor":3},{"not_picked":["OldLady","CherryBlossoms"],"picked":"CrumblingArmor","floor":3},{"not_picked":["blackbeard:Anchor","blackbeard:GoldenDefense"],"picked":"blackbeard:FieryDefense","floor":3},{"not_picked":["blackbeard:AgileStrike","blackbeard:FieryDefense"],"picked":"blackbeard:Dagger","floor":4},{"not_picked":["PunishingBird","Mercenary","MeatLantern"],"picked":"Singing Bowl","floor":7},{"not_picked":["Bloodbath","LaLuna"],"picked":"Murderer","floor":7},{"not_picked":["blackbeard:Recklessness","blackbeard:GoldenDefense","blackbeard:GoldenStrike"],"picked":"SKIP","floor":7},{"not_picked":["blackbeard:Toast","blackbeard:GhostInTheRum"],"picked":"blackbeard:MegaUpgrade","floor":10},{"not_picked":["FairyFestival","Scarecrow","OSAHOGD"],"picked":"Singing Bowl","floor":10}],"player_experience":671026,"relics_obtained":[{"floor":7,"key":"Matryoshka"},{"floor":9,"key":"blackbeard:TreasureChest"},{"floor":10,"key":"Shovel"}],"event_choices":[{"damage_healed":0,"gold_gain":0,"player_choice":"Bought 1 Potion","damage_taken":0,"max_hp_gain":0,"max_hp_loss":0,"event_name":"The Woman in Blue","floor":2,"gold_loss":0},{"cards_removed":["blackbeard:BlackbeardStrike"],"damage_healed":0,"gold_gain":0,"player_choice":"Card Removal","damage_taken":7,"max_hp_gain":0,"max_hp_loss":0,"event_name":"Golden Wing","floor":5,"gold_loss":0},{"damage_healed":0,"gold_gain":275,"player_choice":"Desecrate","damage_taken":0,"max_hp_gain":0,"max_hp_loss":0,"event_name":"Golden Shrine","floor":11,"gold_loss":0,"cards_obtained":["Regret"]}],"is_beta":false,"boss_relics":[],"items_purged_floors":[],"is_endless":false,"potions_floor_spawned":[4],"killed_by":"3 Sentries","ascension_level":1}}