{"host":"56ghxnzsglgdq727","time":1610912969,"event":{"mods":["AchievementEnabler","BaseMod","Downfall","Duelist Mod","Minty Spire (QoL Compilation)","Rare Cards Sparkle","StSLib","The Bug Knight","The Exalted","The Senshi","The Wild Card"],"gold_per_floor":[136,54,54,54,54,54,0,20,20,20,20,41,41,69,69,198,198,138,138],"floor_reached":18,"language":"ENG","playtime":605,"items_purged":[],"score":207,"play_id":"cd852c0c-635c-4fd4-95d5-82fdb02b4584","local_time":"20210117144928","is_ascension_mode":true,"campfire_choices":[{"data":"theDuelist:BugMatrix","floor":6,"key":"SMITH"},{"data":"theDuelist:MudragonSwamp","floor":10,"key":"SMITH"},{"floor":15,"key":"REST"}],"circlet_count":0,"master_deck":["theDuelist:CastleWalls","theDuelist:CastleWalls","theDuelist:CrossSwordBeetle","theDuelist:EmpressMantis","theDuelist:InsectKnight","theDuelist:RazorLizard","theDuelist:RazorLizard","theDuelist:Sparks","theDuelist:Sparks","theDuelist:Sparks","theDuelist:MudragonSwamp+1","theDuelist:BugMatrix+1","theDuelist:ZefraMetaltron","theDuelist:CobraJar","theDuelist:MotherSpider","theDuelist:LinkSpider"],"relics":["theDuelist:MillenniumPuzzle","theDuelist:CardPoolRelic","theDuelist:CardPoolBasicRelic","theDuelist:BoosterPackPoolRelic","theDuelist:CardPoolAddRelic","theDuelist:CardPoolMinusRelic","theDuelist:CardPoolSaveRelic","theDuelist:CardPoolOptionsRelic","Oddly Smooth Stone","theDuelist:KaibaToken","Bromod:ArcaneGrace"],"acts_visited":["TheCity"],"potions_floor_usage":[16,18],"damage_taken":[{"damage":2,"enemies":"Small Slimes","floor":1,"turns":3},{"damage":15,"enemies":"Jaw Worm","floor":8,"turns":4},{"damage":2,"enemies":"Cultist","floor":12,"turns":4},{"damage":13,"enemies":"Blue Slaver","floor":14,"turns":3},{"damage":34,"enemies":"The Guardian","floor":16,"turns":10},{"damage":21,"enemies":"2 Thieves","floor":18,"turns":4}],"seed_played":"-1063269526873914431","potions_obtained":[{"floor":12,"key":"theDuelist:FreezingPotion"},{"floor":16,"key":"theDuelist:WaterBottle"}],"is_trial":false,"path_per_floor":["M","$","?","?","?","R","$","M","T","R","?","M","?","M","R","B",null,"M"],"character_chosen":"THE_DUELIST","items_purchased":["theDuelist:BugMatrix","theDuelist:ZefraMetaltron"],"campfire_rested":1,"item_purchase_floors":[2,7],"current_hp_per_floor":[70,70,70,70,70,70,70,55,55,55,49,47,47,34,58,24,66,48,48],"gold":138,"neow_bonus":"RANDOM_COLORLESS","is_daily":false,"chose_seed":false,"campfire_upgraded":2,"win_rate":0.0,"timestamp":1610912968,"path_taken":["M","$","?","?","?","R","$","?","T","R","?","M","?","?","R","BOSS","M"],"items_purchased_type":["Card","Card"],"build_version":"2020-12-22","purchased_purges":0,"victory":false,"max_hp_per_floor":[80,80,80,80,80,80,80,80,80,80,80,80,80,80,80,80,80,80,80],"card_choices":[{"not_picked":["theDuelist:BlackPendant","theDuelist:PowerGiant"],"picked":"theDuelist:MudragonSwamp","floor":0},{"not_picked":["theDuelist:CrossSwordBeetle","theDuelist:NeoBug","theDuelist:BiteBug","theDuelist:DrillBug","theDuelist:JiraiGumo"],"picked":"SKIP","floor":1},{"not_picked":["theDuelist:MudGolem","theDuelist:DianKeto","theDuelist:DarklordSuperbia","theDuelist:FluteKuriboh","theDuelist:FuryFire"],"picked":"SKIP","floor":8},{"not_picked":["theDuelist:BasicInsect","theDuelist:Chiwen","theDuelist:PoseidonBeetle","theDuelist:InsectKing"],"picked":"theDuelist:CobraJar","floor":12},{"not_picked":["theDuelist:HunterSpider","theDuelist:NeoBug","theDuelist:Gagagigo","theDuelist:BasicInsect"],"picked":"theDuelist:MotherSpider","floor":14},{"not_picked":["theDuelist:Greatfly","theDuelist:PoisonFangs","theDuelist:SpiritualForest","theDuelist:Zektahawk"],"picked":"theDuelist:LinkSpider","floor":16}],"player_experience":274883,"relics_obtained":[{"floor":9,"key":"Oddly Smooth Stone"}],"event_choices":[{"damage_healed":0,"gold_gain":0,"player_choice":"Leave","duelist":true,"damage_taken":0,"max_hp_gain":0,"max_hp_loss":0,"event_name":"Egyptian Village","floor":3,"gold_loss":0},{"damage_healed":0,"gold_gain":0,"player_choice":"Leave","damage_taken":0,"max_hp_gain":0,"max_hp_loss":0,"event_name":"The Cleric","floor":4,"gold_loss":0},{"damage_healed":0,"gold_gain":0,"player_choice":"Ignored","damage_taken":0,"max_hp_gain":0,"max_hp_loss":0,"event_name":"Golden Idol","floor":5,"gold_loss":0},{"damage_healed":0,"gold_gain":0,"player_choice":"Dig - random Duelist relic","duelist":true,"damage_taken":0,"max_hp_gain":0,"max_hp_loss":0,"event_name":"Aknamkanon\u0027s Tomb","floor":11,"gold_loss":0},{"damage_healed":0,"gold_gain":0,"player_choice":"Leave","duelist":true,"damage_taken":0,"max_hp_gain":0,"max_hp_loss":0,"event_name":"Battle City","floor":13,"gold_loss":0}],"is_beta":false,"boss_relics":[{"not_picked":["Bromod:ArcaneEnergize","Empty Cage"],"picked":"Bromod:ArcaneGrace"}],"items_purged_floors":[],"is_endless":false,"potions_floor_spawned":[12,16],"killed_by":"2 Thieves","ascension_level":8}}