{"host":"vyjryxuuuxkt43k4","time":1610852596,"event":{"mods":["AchievementEnabler","BaseMod","Colored Map","DeckTracker","Minty Spire (QoL Compilation)","Permanent Neow","Quick Restart","StSLib","SuperFastMode","everything is the same but u backflip on backflip"],"gold_per_floor":[17,33,49,67,67,97,97,122,147,147,181,193,224,236,248,260,260],"floor_reached":16,"language":"KOR","playtime":638,"items_purged":[],"score":138,"play_id":"30a329c3-c975-42ca-9548-284203cd5f89","local_time":"20210117120316","is_ascension_mode":true,"campfire_choices":[{"floor":7,"key":"REST"},{"data":"Fusion","floor":10,"key":"SMITH"},{"floor":15,"key":"REST"}],"circlet_count":0,"master_deck":["Strike_B","Strike_B","Defend_B","Defend_B","Defend_B","Zap","Dualcast","Turbo","Rebound","FTL","Compile Driver","Fusion+1","Doom and Gloom","Streamline"],"relics":["Cracked Core","Symbiotic Virus","Vajra","CeramicFish","MawBank"],"acts_visited":["Exordium"],"potions_floor_usage":[6,8],"damage_taken":[{"damage":6,"enemies":"Cultist","floor":1,"turns":3},{"damage":3,"enemies":"2 Louse","floor":2,"turns":2},{"damage":7,"enemies":"Jaw Worm","floor":3,"turns":3},{"damage":16,"enemies":"Exordium Wildlife","floor":4,"turns":5},{"damage":20,"enemies":"3 Sentries","floor":6,"turns":5},{"damage":15,"enemies":"Lagavulin","floor":8,"turns":4},{"damage":10,"enemies":"3 Sentries","floor":11,"turns":3},{"damage":0,"enemies":"Large Slime","floor":13,"turns":3},{"damage":42,"enemies":"The Guardian","floor":16,"turns":7}],"seed_played":"955175145940195913","potions_obtained":[{"floor":1,"key":"SpeedPotion"},{"floor":2,"key":"SteroidPotion"},{"floor":4,"key":"Fire Potion"},{"floor":8,"key":"SteroidPotion"},{"floor":13,"key":"CultistPotion"}],"is_trial":false,"path_per_floor":["M","M","M","M","?","E","R","E","T","R","E","$","M","?","R","B"],"character_chosen":"DEFECT","items_purchased":[],"campfire_rested":2,"item_purchase_floors":[],"current_hp_per_floor":[69,66,59,43,43,23,45,30,30,30,20,20,20,20,42,0,0],"gold":260,"neow_bonus":"REMOVE_TWO","is_daily":false,"chose_seed":false,"campfire_upgraded":1,"win_rate":0.0,"timestamp":1610852596,"path_taken":["M","M","?","M","?","E","R","E","T","R","E","?","?","?","R","BOSS"],"items_purchased_type":[],"build_version":"2020-12-22","purchased_purges":0,"victory":false,"max_hp_per_floor":[75,75,75,75,75,75,75,75,75,75,75,75,75,75,75,75,75],"card_choices":[{"not_picked":["Fusion","Chaos"],"picked":"Turbo","floor":1},{"not_picked":["Stack","Recycle"],"picked":"Rebound","floor":2},{"not_picked":["Lockon","Force Field"],"picked":"FTL","floor":3},{"not_picked":["Hologram","Steam Power"],"picked":"Compile Driver","floor":4},{"not_picked":["Hyperbeam","Heatsinks"],"picked":"Fusion","floor":6},{"not_picked":["Gash","Undo"],"picked":"Doom and Gloom","floor":8},{"not_picked":["Blizzard","Compile Driver","Gash"],"picked":"SKIP","floor":11},{"not_picked":["Blizzard","Compile Driver","Gash"],"picked":"SKIP","floor":11},{"not_picked":["Force Field","Turbo"],"picked":"Streamline","floor":13}],"player_experience":394414,"relics_obtained":[{"floor":6,"key":"Symbiotic Virus"},{"floor":8,"key":"Vajra"},{"floor":9,"key":"CeramicFish"},{"floor":11,"key":"MawBank"}],"event_choices":[{"cards_removed":["Strike_B"],"damage_healed":0,"gold_gain":0,"player_choice":"Offered Basic","damage_taken":0,"max_hp_gain":0,"max_hp_loss":0,"event_name":"Bonfire Elementals","floor":5,"gold_loss":0},{"damage_healed":0,"gold_gain":0,"player_choice":"Ignored","damage_taken":0,"max_hp_gain":0,"max_hp_loss":0,"event_name":"Liars Game","floor":14,"gold_loss":0}],"is_beta":false,"boss_relics":[],"items_purged_floors":[],"is_endless":false,"potions_floor_spawned":[1,2,4,8,13],"killed_by":"The Guardian","ascension_level":3}}