{"host":"t6r1isv2bex5ovch","time":1610928160,"event":{"mods":["AchievementEnabler","Act Like it!","Aspiration","BaseMod","Better Altar","Better Match","Better Note","Better Sensory Stone","Better Skull","Better Third Choice","Better Vampires","Colored Powertips","Displayed Cursed Tome","Downfall","Energized Spire","Evolution","Fox Events","Hubris","Minty Spire (QoL Compilation)","StSLib","The Disciple","The Jungle","The Runesmith"],"gold_per_floor":[99,112,112,37,22,22,22,22,56,70,95,95,122,32,51,147,147,97,112,97,108,353,373,398,48,82,94,44,44,70,83,100,198,198,148,167,181,197,212,240,264,264,282,232,232,265,276,276,295,295,295,325,19,19,19,19],"floor_reached":57,"language":"ENG","playtime":6901,"items_purged":["Slimebound:Tackle","Slimebound:Strike_Slimebound","Slimebound:Strike_Slimebound","Slimebound:Defend_Slimebound+1","Slimebound:Defend_Slimebound+1","Slimebound:Defend_Slimebound+1","Slimebound:Darklings"],"score":1661,"play_id":"5ca5381f-1028-440f-b24d-1b47e5f2dec3","local_time":"20210118100240","is_ascension_mode":true,"campfire_choices":[{"floor":1.0,"key":"RECALL"},{"data":"Slimebound:ItLooksTasty","floor":8.0,"key":"SMITH"},{"data":"Slimebound:MassFeed","floor":18.0,"key":"SMITH"},{"data":"Slimebound:GrowthPunch","floor":25.0,"key":"SMITH"},{"data":"Slimebound:GoopSpray","floor":28.0,"key":"SMITH"},{"floor":35.0,"key":"REST"},{"data":"Slimebound:CorrosiveSpit+1","floor":44.0,"key":"PURGE"},{"data":"Slimebound:OozeBath","floor":54.0,"key":"SMITH"}],"circlet_count":0,"master_deck":["Slimebound:GoopSpray+1","Slimebound:Split+1","Slimebound:GoopSpray+1","Slimebound:GoopSpray+1","Slimebound:GrowthPunch+1","Slimebound:MassFeed+1","Slimebound:MegaLick+1","Slimebound:SamplingLick+1","Slimebound:ProtectTheBoss+1","Slimebound:OozeBath+1"],"relics":["Slimebound:AbsorbEndCombatUpgraded","EVO:Axolotl","Slimebound:GreedOozeRelic","hubris:SphereOfDissonance","Peace Pipe","Slimebound:MaxSlimesRelic","Matryoshka","Anchor","energizedSpire:CursedPentagram","StrikeDummy","downfall:HeartBlessingGreen","downfall:HeartBlessingRed","downfall:HeartBlessingBlue","hubris:SlimyHat","HornCleat","Akabeko","aspiration:HummingbirdHeart","Lantern","Blue Candle","Letter Opener","hubris:64BitClover","Runesmith:AutoHammer"],"acts_visited":["Exordium","TheCity","TheBeyond","TheEnding"],"potions_floor_usage":[56],"damage_taken":[{"damage":0.0,"enemies":"2 Louse","floor":2.0,"turns":1.0},{"damage":0.0,"enemies":"downfall:FleeingMerchant","floor":5.0,"turns":4.0},{"damage":7.0,"enemies":"Gremlin Nob","floor":9.0,"turns":3.0},{"damage":0.0,"enemies":"Small Slimes","floor":10.0,"turns":2.0},{"damage":1.0,"enemies":"3 Sentries","floor":11.0,"turns":7.0},{"damage":0.0,"enemies":"Lagavulin","floor":13.0,"turns":4.0},{"damage":0.0,"enemies":"downfall:FleeingMerchant","floor":14.0,"turns":4.0},{"damage":0.0,"enemies":"Jaw Worm","floor":15.0,"turns":2.0},{"damage":6.0,"enemies":"DF_ARCHETYPE_STREAMLINE","floor":16.0,"turns":7.0},{"damage":4.0,"enemies":"Spheric Guardian","floor":19.0,"turns":4.0},{"damage":7.0,"enemies":"downfall:FleeingMerchant","floor":20.0,"turns":4.0},{"damage":0.0,"enemies":"Centurion and Healer","floor":21.0,"turns":6.0},{"damage":0.0,"enemies":"downfall:FleeingMerchant","floor":22.0,"turns":3.0},{"damage":0.0,"enemies":"Snake Plant","floor":23.0,"turns":3.0},{"damage":0.0,"enemies":"Book of Stabbing","floor":26.0,"turns":4.0},{"damage":0.0,"enemies":"Cultist and Chosen","floor":27.0,"turns":3.0},{"damage":0.0,"enemies":"Gremlin Leader","floor":30.0,"turns":5.0},{"damage":0.0,"enemies":"Centurion and Healer","floor":31.0,"turns":3.0},{"damage":0.0,"enemies":"3 Cultists","floor":32.0,"turns":3.0},{"damage":0.0,"enemies":"SI_MIRROR_ARCHETYPE","floor":33.0,"turns":9.0},{"damage":0.0,"enemies":"Orb Walker","floor":36.0,"turns":4.0},{"damage":0.0,"enemies":"3 Darklings","floor":37.0,"turns":3.0},{"damage":0.0,"enemies":"Maw","floor":38.0,"turns":7.0},{"damage":0.0,"enemies":"Transient","floor":39.0,"turns":5.0},{"damage":30.0,"enemies":"Reptomancer","floor":40.0,"turns":7.0},{"damage":0.0,"enemies":"Spire Growth","floor":43.0,"turns":5.0},{"damage":0.0,"enemies":"Giant Head","floor":46.0,"turns":9.0},{"damage":0.0,"enemies":"4 Shapes","floor":47.0,"turns":4.0},{"damage":0.0,"enemies":"Sphere and 2 Shapes","floor":49.0,"turns":4.0},{"damage":0.0,"enemies":"WA_ARCHETYPE_DIVINITY","floor":50.0,"turns":12.0},{"damage":4.0,"enemies":"downfall:CharBossMerchant","floor":52.0,"turns":10.0},{"damage":2,"enemies":"downfall:NeowBoss","floor":55,"turns":20},{"damage":5,"enemies":"downfall:NeowBossFinal","floor":56,"turns":12}],"seed_played":"-1663335222097462801","potions_obtained":[{"floor":9.0,"key":"Fire Potion"},{"floor":16.0,"key":"AttackPotion"},{"floor":19.0,"key":"sneckomod:MuddlingPotion"},{"floor":21.0,"key":"Strength Potion"},{"floor":26.0,"key":"bronze:BurnAndBuffPotion"},{"floor":30.0,"key":"DuplicationPotion"},{"floor":31.0,"key":"GamblersBrew"},{"floor":36.0,"key":"SneckoOil"},{"floor":40.0,"key":"hexamod:SoulburnPotion"},{"floor":43.0,"key":"EssenceOfSteel"},{"floor":46.0,"key":"SteroidPotion"}],"is_trial":false,"path_per_floor":["R","M","?","?","$","?","T","R","E","M","E","$","E","$","M","B",null,"R","M","$","M","$","M","T","R","E","M","R","?","E","M","M","B",null,"R","M","M","M","M","E","T","T","M","R","?","E","M","?","M","B",null,"E","$","R","B","B",null],"character_chosen":"SLIMEBOUND","items_purchased":["Matryoshka","Slimebound:OozeBath","Runesmith:AutoHammer"],"campfire_rested":1,"item_purchase_floors":[12,53,53],"current_hp_per_floor":[65,65,65,65,65,65,65,65,59,61,64,4,7,10,12,13,65,65,66,64,77,81,85,85,95,99,107,107,107,111,119,131,135,135,135,139,143,147,147,129,129,129,141,141,141,159,171,171,179,183,183,187,187,187,187,187],"gold":19,"neow_bonus":"RANDOM_COMMON_RELIC","is_daily":false,"chose_seed":false,"campfire_upgraded":5,"win_rate":0.0,"timestamp":1610928160,"path_taken":["R","M","?","?","$","?","T","R","E","M","E","?","E","$","M","BOSS","R","M","$","M","$","M","T","R","E","M","R","?","E","M","M","BOSS","R","M","M","M","M","E","T","?","M","R","?","E","?","?","M","BOSS","E","$","R","BOSS","BOSS"],"items_purchased_type":["Relic","Card","Relic"],"build_version":"2020-12-22","purchased_purges":7,"victory":true,"max_hp_per_floor":[65,65,65,65,65,65,65,65,65,65,65,65,65,65,65,65,65,65,69,69,77,81,85,85,95,99,107,107,107,111,119,131,135,135,135,139,143,147,147,151,151,151,155,155,155,159,171,171,179,183,183,187,187,187,187,187],"card_choices":[{"not_picked":["Slimebound:LeechEnergy","Slimebound:SplitAcid","Slimebound:ItLooksTasty"],"picked":"SKIP","floor":2.0},{"not_picked":["Slimebound:SpikyOuterGoop","Slimebound:SplitLeeching"],"picked":"Slimebound:GoopSpray","floor":5.0},{"not_picked":["Slimebound:LeechEnergy","Slimebound:SplitLeeching"],"picked":"Slimebound:Darklings","floor":9.0},{"not_picked":["Slimebound:ServeAndProtect","Slimebound:SlimeTap"],"picked":"Slimebound:GoopSpray","floor":10.0},{"not_picked":["Slimebound:MegaLick","Slimebound:GoopTackle"],"picked":"Slimebound:GrowthPunch","floor":11.0},{"not_picked":["Slimebound:GoopTackle","Slimebound:SplitAcid","Slimebound:Dissolve"],"picked":"SKIP","floor":13.0},{"not_picked":["Slimebound:Prepare","Slimebound:GoopTackle","Slimebound:SplitBruiser"],"picked":"SKIP","floor":14.0},{"not_picked":["Slimebound:LevelUp","Slimebound:GrowthPunch","Slimebound:PressTheAttack"],"picked":"SKIP","floor":15.0},{"not_picked":["Slimebound:CheckThePlaybook","Slimebound:SelfFormingGoo"],"picked":"Slimebound:MassFeed","floor":16.0},{"not_picked":["Slimebound:SamplingLick","Slimebound:Schlurp+1","Slimebound:ItLooksTasty"],"picked":"SKIP","floor":19.0},{"not_picked":["Slimebound:SplitLeeching+1","Slimebound:LeechEnergy","Slimebound:ComboTackle"],"picked":"SKIP","floor":20.0},{"not_picked":["Slimebound:Nibble","Slimebound:DisruptingSlam","Slimebound:Schlurp"],"picked":"SKIP","floor":21.0},{"not_picked":["Slimebound:LeechingTouch","Slimebound:FormOfPuddle","Slimebound:RainOfGoop"],"picked":"SKIP","floor":22.0},{"not_picked":["Slimebound:ProtectTheBoss","Slimebound:SlimeBrawl","Slimebound:SlimeTap+1"],"picked":"SKIP","floor":23.0},{"not_picked":["Slimebound:ComboTackle","Slimebound:LeechLife"],"picked":"Slimebound:MegaLick+1","floor":26.0},{"not_picked":["Slimebound:FinishingTackle","Slimebound:LeechingTouch+1","Slimebound:SplitBruiser"],"picked":"SKIP","floor":27.0},{"not_picked":["Slimebound:DivideAndConquer","Slimebound:AcidTongue","Slimebound:Chomp+1"],"picked":"SKIP","floor":30.0},{"not_picked":["Slimebound:DisruptingSlam+1","Slimebound:LivingWall"],"picked":"Slimebound:SamplingLick+1","floor":31.0},{"not_picked":["Slimebound:Schlurp+1","Slimebound:Repurpose"],"picked":"Slimebound:ProtectTheBoss+1","floor":32.0},{"not_picked":["Slimebound:AcidTongue","Slimebound:ProtectTheBoss","Slimebound:Schlurp+1"],"picked":"SKIP","floor":36.0},{"not_picked":["Slimebound:GrowthPunch","Slimebound:LevelUp","Slimebound:LivingWall+1"],"picked":"SKIP","floor":37.0},{"not_picked":["Slimebound:SplitBruiser+1","Slimebound:DisruptingSlam+1","Slimebound:RejuvenatingLick+1"],"picked":"SKIP","floor":38.0},{"not_picked":["Slimebound:Grow+1","Slimebound:ComboTackle+1","Slimebound:SplitBruiser+1"],"picked":"SKIP","floor":39.0},{"not_picked":["Slimebound:ItLooksTasty","Slimebound:Schlurp","Slimebound:LeechingTouch"],"picked":"SKIP","floor":40.0},{"not_picked":["Slimebound:Schlurp","Slimebound:SplitBruiser+1","Slimebound:GrowthPunch+1"],"picked":"SKIP","floor":43.0},{"not_picked":["Slimebound:ForwardTackle","Slimebound:HauntingLick+1","Slimebound:TongueLash"],"picked":"SKIP","floor":46.0},{"not_picked":["Slimebound:FormOfPuddle","Slimebound:Schlurp","Slimebound:SlimeTap+1"],"picked":"SKIP","floor":47.0},{"not_picked":["Slimebound:ComboTackle","Slimebound:PressTheAttack","Slimebound:GrowthPunch"],"picked":"SKIP","floor":49.0},{"not_picked":["Slimebound:FinishingTackle","Slimebound:Repurpose","Slimebound:DivideAndConquer"],"picked":"SKIP","floor":52.0}],"player_experience":378325,"relics_obtained":[{"floor":7.0,"key":"hubris:SphereOfDissonance"},{"floor":9.0,"key":"Peace Pipe"},{"floor":11.0,"key":"Slimebound:MaxSlimesRelic"},{"floor":13.0,"key":"Anchor"},{"floor":24.0,"key":"StrikeDummy"},{"floor":26.0,"key":"hubris:SlimyHat"},{"floor":30.0,"key":"HornCleat"},{"floor":40.0,"key":"Akabeko"},{"floor":41.0,"key":"aspiration:HummingbirdHeart"},{"floor":41.0,"key":"Lantern"},{"floor":42.0,"key":"Blue Candle"},{"floor":46.0,"key":"Letter Opener"},{"floor":52.0,"key":"hubris:64BitClover"}],"event_choices":[{"cards_removed":["Slimebound:Defend_Slimebound"],"damage_healed":0.0,"max_hp_gain":0.0,"max_hp_loss":0.0,"gold_gain":0.0,"event_name":"The Cleric","player_choice":"Card Removal","floor":3.0,"gold_loss":0.0,"damage_taken":0.0},{"cards_removed":["Slimebound:ItLooksTasty"],"damage_healed":5.0,"max_hp_gain":0.0,"max_hp_loss":0.0,"gold_gain":0.0,"event_name":"Bonfire Elementals","player_choice":"Offered Common","floor":29.0,"gold_loss":0.0,"damage_taken":0.0},{"cards_removed":["Slimebound:ItLooksTasty"],"damage_healed":5.0,"max_hp_gain":0.0,"max_hp_loss":0.0,"gold_gain":0.0,"event_name":"Bonfire Elementals","player_choice":"Offered Special","floor":29.0,"gold_loss":0.0,"damage_taken":0.0}],"is_beta":false,"boss_relics":[{"not_picked":["Philosopher\u0027s Stone","energizedSpire:HugeHouse"],"picked":"energizedSpire:CursedPentagram"},{"not_picked":["Calling Bell","Cursed Key"],"picked":"Slimebound:AbsorbEndCombatUpgraded"}],"items_purged_floors":[12,12,12,12,12,14,22],"is_endless":false,"potions_floor_spawned":[9,16,19,21,26,30,31,36,40,43,46],"ascension_level":1}}