{"host":"2se5dq1do2gp0x9k","time":1610919458,"event":{"mods":["AchievementEnabler","BaseMod","Block Reminder","Colored Map","Colored Powertips","Minty Spire (QoL Compilation)","Relic Stats","StSLib","SuperFastMode"],"gold_per_floor":[112,112,126,126,26,26,54,65,92,112,112,128,142,158,158,233,233,245,245,67,78,89,89,121,121,121,133,145,187,199,227,239,251,251],"floor_reached":33,"language":"ENG","playtime":728,"items_purged":["Pain","Bash+1"],"score":584,"play_id":"b3b4d8ae-dee3-4962-824b-4990d89e121c","local_time":"20210117133738","is_ascension_mode":true,"campfire_choices":[{"data":"Bash","floor":6,"key":"SMITH"},{"data":"Cleave","floor":11,"key":"SMITH"},{"data":"Shockwave","floor":15,"key":"SMITH"},{"data":"Inflame","floor":23,"key":"SMITH"},{"data":"Disarm","floor":25,"key":"SMITH"},{"data":"Inflame","floor":30,"key":"SMITH"},{"data":"Wild Strike","floor":32,"key":"SMITH"}],"circlet_count":0,"master_deck":["AscendersBane","Strike_R+1","Strike_R+1","Strike_R+1","Strike_R+1","Strike_R+1","Defend_R+1","Defend_R+1","Defend_R+1","Defend_R+1","Perfected Strike","Perfected Strike","Hemokinesis","Shrug It Off","Cleave+1","Disarm+1","Inflame+1","Shockwave+1","Feed","Intimidate","J.A.X.","Inflame+1","Shrug It Off","Twin Strike","Wild Strike+1"],"relics":["Burning Blood","NeowsBlessing","Lantern","WarpedTongs","Dream Catcher","Bag of Preparation","Coffee Dripper","Pear","MawBank","Red Mask"],"acts_visited":["Exordium","TheCity"],"potions_floor_usage":[16,24,31,33],"damage_taken":[{"damage":0,"enemies":"Cultist","floor":1,"turns":1},{"damage":0,"enemies":"2 Louse","floor":3,"turns":1},{"damage":0,"enemies":"3 Sentries","floor":7,"turns":2},{"damage":2,"enemies":"Jaw Worm","floor":8,"turns":2},{"damage":0,"enemies":"2 Fungi Beasts","floor":10,"turns":2},{"damage":2,"enemies":"Exordium Wildlife","floor":12,"turns":2},{"damage":2,"enemies":"Looter","floor":13,"turns":3},{"damage":9,"enemies":"3 Louse","floor":14,"turns":2},{"damage":34,"enemies":"Slime Boss","floor":16,"turns":8},{"damage":5,"enemies":"Spheric Guardian","floor":18,"turns":3},{"damage":7,"enemies":"Chosen","floor":21,"turns":4},{"damage":24,"enemies":"Snake Plant","floor":22,"turns":5},{"damage":30,"enemies":"Book of Stabbing","floor":24,"turns":5},{"damage":29,"enemies":"Masked Bandits","floor":29,"turns":4},{"damage":19,"enemies":"Chosen and Byrds","floor":31,"turns":6},{"damage":15,"enemies":"Champ","floor":33,"turns":2}],"seed_played":"768599779495553443","potions_obtained":[{"floor":8,"key":"Energy Potion"},{"floor":10,"key":"Energy Potion"},{"floor":12,"key":"FearPotion"},{"floor":16,"key":"Fire Potion"},{"floor":18,"key":"ColorlessPotion"},{"floor":24,"key":"SkillPotion"}],"is_trial":false,"path_per_floor":["M","?","M","?","$","R","E","M","T","M","R","M","M","M","R","B",null,"M","?","$","M","M","R","E","R","T","?","$","?","R","M","R","B"],"character_chosen":"IRONCLAD","items_purchased":["Perfected Strike","Inflame"],"campfire_rested":0,"item_purchase_floors":[5,20],"current_hp_per_floor":[74,69,75,75,75,75,75,75,75,75,75,75,75,72,72,44,67,71,71,71,70,55,55,41,41,41,41,41,21,21,8,8,0,0],"gold":251,"neow_bonus":"THREE_ENEMY_KILL","is_daily":false,"chose_seed":false,"campfire_upgraded":7,"win_rate":0.0,"timestamp":1610919458,"path_taken":["M","?","M","?","$","R","E","M","T","M","R","M","?","M","R","BOSS","M","?","$","M","M","R","E","R","T","?","?","?","R","M","R","BOSS"],"items_purchased_type":["Card","Card"],"build_version":"2020-12-22","purchased_purges":2,"victory":false,"max_hp_per_floor":[75,75,75,75,75,75,75,75,75,75,75,75,75,75,75,75,75,78,78,78,78,81,81,91,91,91,91,91,94,94,94,94,94,94],"relic_stats":{"Dream Catcher":0,"counters":[16,52],"Bag of Preparation":[24],"MawBank":84,"obtain_stats":[{"Lantern":2,"Dream Catcher":7,"Pear":24,"NeowsBlessing":0,"Bag of Preparation":9,"Coffee Dripper":17,"Red Mask":29,"MawBank":26,"Burning Blood":0,"WarpedTongs":4},{"Lantern":1,"Dream Catcher":3,"Pear":13,"NeowsBlessing":0,"Bag of Preparation":4,"Coffee Dripper":9,"Red Mask":14,"MawBank":13,"Burning Blood":0,"WarpedTongs":2},{"Lantern":1,"Dream Catcher":4,"Pear":40,"NeowsBlessing":0,"Bag of Preparation":6,"Coffee Dripper":23,"Red Mask":44,"MawBank":40,"Burning Blood":0,"WarpedTongs":2}],"Burning Blood":66,"WarpedTongs":[48]},"card_choices":[{"not_picked":["Havoc","Rupture"],"picked":"Perfected Strike","floor":1},{"not_picked":["Havoc","Metallicize","Body Slam"],"picked":"SKIP","floor":3},{"not_picked":["Infernal Blade","Clash"],"picked":"Hemokinesis","floor":7},{"not_picked":["Burning Pact","Thunderclap"],"picked":"Shrug It Off","floor":8},{"not_picked":["Exhume","Armaments"],"picked":"Cleave","floor":10},{"not_picked":["Warcry","Flex"],"picked":"Disarm","floor":12},{"not_picked":["Burning Pact","Wild Strike"],"picked":"Inflame","floor":13},{"not_picked":["Hemokinesis","Clash"],"picked":"Shockwave","floor":14},{"not_picked":["Bludgeon","Exhume"],"picked":"Feed","floor":16},{"not_picked":["Havoc","Bloodletting"],"picked":"Intimidate","floor":18},{"not_picked":["Combust","Dual Wield","Spot Weakness"],"picked":"SKIP","floor":21},{"not_picked":["Battle Trance","Entrench"],"picked":"Shrug It Off","floor":22},{"not_picked":["Pommel Strike","Evolve","Sentinel"],"picked":"SKIP","floor":24},{"not_picked":["Bloodletting","Perfected Strike"],"picked":"Twin Strike","floor":29},{"not_picked":["Sentinel","Fire Breathing"],"picked":"Wild Strike","floor":31}],"player_experience":3894683,"relics_obtained":[{"floor":7,"key":"Dream Catcher"},{"floor":9,"key":"Bag of Preparation"},{"floor":24,"key":"Pear"},{"floor":26,"key":"MawBank"},{"floor":29,"key":"Red Mask"}],"event_choices":[{"damage_healed":0,"gold_gain":0,"player_choice":"Success","damage_taken":5,"relics_obtained":["Lantern"],"max_hp_gain":0,"max_hp_loss":0,"event_name":"Scrap Ooze","floor":2,"gold_loss":0},{"damage_healed":0,"gold_gain":0,"player_choice":"Rummage","damage_taken":0,"relics_obtained":["WarpedTongs"],"max_hp_gain":0,"max_hp_loss":0,"event_name":"Accursed Blacksmith","floor":4,"gold_loss":0,"cards_obtained":["Pain"]},{"damage_healed":0,"gold_gain":0,"player_choice":"Obtain J.A.X.","damage_taken":0,"max_hp_gain":0,"max_hp_loss":0,"event_name":"Drug Dealer","floor":19,"gold_loss":0,"cards_obtained":["J.A.X."]},{"damage_healed":0,"gold_gain":0,"player_choice":"Simplicity","damage_taken":0,"max_hp_gain":0,"max_hp_loss":0,"event_name":"Back to Basics","floor":27,"gold_loss":0,"cards_upgraded":["Strike_R","Strike_R","Strike_R","Strike_R","Strike_R","Defend_R","Defend_R","Defend_R","Defend_R"]},{"damage_healed":0,"gold_gain":0,"player_choice":"Fought Bandits","damage_taken":0,"max_hp_gain":0,"max_hp_loss":0,"event_name":"Masked Bandits","floor":29,"gold_loss":0}],"is_beta":false,"boss_relics":[{"not_picked":["Runic Dome","Calling Bell"],"picked":"Coffee Dripper"}],"items_purged_floors":[5,20],"is_endless":false,"potions_floor_spawned":[8,10,12,14,16,18,22,24],"killed_by":"Champ","ascension_level":20}}