{"host":"s3s7xsmblwiz356v","time":1610915693,"event":{"mods":["AchievementEnabler","BaseMod","Block Reminder","Colored Map","Colored Powertips","Minty Spire (QoL Compilation)"],"gold_per_floor":[116,266,236,253,272,307,324,356,356,356,356,93,111,129,129,129,129],"floor_reached":16,"language":"ENG","playtime":2346,"items_purged":["Doubt"],"score":196,"play_id":"60b40231-236d-409b-9404-788fd4f706ad","local_time":"20210117153453","is_ascension_mode":true,"campfire_choices":[{"floor":10,"key":"REST"},{"floor":15,"key":"RECALL"}],"circlet_count":0,"master_deck":["AscendersBane","Strike_G","Strike_G","Strike_G","Strike_G","Strike_G","Defend_G","Defend_G","Defend_G","Defend_G","Defend_G","Survivor","Neutralize","Eviscerate","Cloak And Dagger","Poisoned Stab","Quick Slash","Dagger Throw","Footwork","Acrobatics"],"relics":["Fusion Hammer","Smiling Mask","Mango","Gambling Chip","Bag of Marbles"],"acts_visited":[],"potions_floor_usage":[6,7,16,16],"damage_taken":[{"damage":0,"enemies":"Cultist","floor":1,"turns":5},{"damage":0,"enemies":"Small Slimes","floor":4,"turns":3},{"damage":0,"enemies":"2 Louse","floor":5,"turns":2},{"damage":8,"enemies":"Gremlin Nob","floor":6,"turns":4},{"damage":2,"enemies":"Exordium Wildlife","floor":7,"turns":4},{"damage":32,"enemies":"3 Sentries","floor":8,"turns":10},{"damage":1,"enemies":"Looter","floor":13,"turns":2},{"damage":6,"enemies":"Large Slime","floor":14,"turns":4},{"damage":36,"enemies":"Hexaghost","floor":16,"turns":13}],"seed_played":"-971735243583600406","potions_obtained":[{"floor":3,"key":"SneckoOil"},{"floor":3,"key":"Ancient Potion"},{"floor":5,"key":"Weak Potion"},{"floor":6,"key":"Fire Potion"},{"floor":8,"key":"GamblersBrew"}],"is_trial":false,"path_per_floor":["M","?","?","M","M","E","M","E","T","R","?","$","M","M","R","B"],"character_chosen":"THE_SILENT","items_purchased":["Footwork","Bag of Marbles"],"campfire_rested":1,"item_purchase_floors":[12,12],"current_hp_per_floor":[59,59,59,59,59,51,49,31,31,55,43,43,42,36,36,0,0],"gold":129,"neow_bonus":"BOSS_RELIC","is_daily":false,"chose_seed":false,"campfire_upgraded":0,"win_rate":0.0,"timestamp":1610915693,"path_taken":["M","?","?","M","?","E","M","E","T","R","?","$","M","M","R","BOSS"],"items_purchased_type":["Card","Relic"],"build_version":"2020-12-22","purchased_purges":1,"victory":false,"max_hp_per_floor":[66,66,66,66,66,66,66,80,80,80,80,80,80,80,80,80,80],"card_choices":[{"not_picked":["Prepared","Footwork"],"picked":"Eviscerate","floor":1},{"not_picked":["Blur","Quick Slash"],"picked":"Cloak And Dagger","floor":4},{"not_picked":["Backflip","Noxious Fumes"],"picked":"Poisoned Stab","floor":5},{"not_picked":["Deadly Poison","Deflect"],"picked":"Quick Slash","floor":6},{"not_picked":["Dash","Flying Knee"],"picked":"Dagger Throw","floor":7},{"not_picked":["Cloak And Dagger","Dagger Spray","Bane"],"picked":"SKIP","floor":8},{"not_picked":["Deflect","Flying Knee"],"picked":"Acrobatics","floor":13},{"not_picked":["Underhanded Strike","Bouncing Flask","Quick Slash"],"picked":"SKIP","floor":14}],"player_experience":434202,"relics_obtained":[{"floor":6,"key":"Smiling Mask"},{"floor":8,"key":"Mango"},{"floor":9,"key":"Gambling Chip"}],"event_choices":[{"damage_healed":0,"gold_gain":150,"player_choice":"AGREE","damage_taken":0,"max_hp_gain":0,"max_hp_loss":0,"event_name":"Liars Game","floor":2,"gold_loss":0,"cards_obtained":["Doubt"]},{"damage_healed":0,"gold_gain":0,"player_choice":"Bought 2 Potions","damage_taken":0,"max_hp_gain":0,"max_hp_loss":0,"event_name":"The Woman in Blue","floor":3,"gold_loss":0},{"damage_healed":0,"gold_gain":0,"player_choice":"Damaged","damage_taken":12,"max_hp_gain":0,"max_hp_loss":0,"event_name":"Wheel of Change","floor":11,"gold_loss":0}],"is_beta":false,"boss_relics":[],"items_purged_floors":[12],"is_endless":false,"potions_floor_spawned":[5,6,8,13],"killed_by":"Hexaghost","ascension_level":15}}