{"host":"2pmmafybkq7zb6na","time":1610885375,"event":{"mods":["AchievementEnabler","BaseMod","Colored Map","Highlight Path","Keyboard Shortcuts","Minty Spire (QoL Compilation)","Quick Restart","StSLib","SuperFastMode"],"gold_per_floor":[115,132,144,158,158,185,185,200,200,218,237,19,94,94,94,195,195,213,213,213,312,332,332,362,362,388,40,55,55,55,75,75,175,175,189,202,77,94,94,94,145,162,162,162,175,25,25,25,25,25,25],"floor_reached":50,"language":"KOR","playtime":3969,"items_purged":["Strike_R","Bash","True Grit","Double Tap"],"score":487,"play_id":"da9de685-8952-4d91-8eda-556995c60e4d","local_time":"20210117210935","is_ascension_mode":false,"campfire_choices":[{"data":"Armaments","floor":7.0,"key":"SMITH"},{"data":"Heavy Blade","floor":15.0,"key":"SMITH"},{"data":"Bloodletting","floor":23.0,"key":"SMITH"},{"floor":25.0,"key":"REST"},{"data":"Seeing Red","floor":29.0,"key":"SMITH"},{"floor":32.0,"key":"REST"},{"data":"Whirlwind","floor":40,"key":"SMITH"},{"floor":44,"key":"REST"},{"data":"Heavy Blade","floor":49,"key":"SMITH"}],"circlet_count":0,"master_deck":["Thunderclap","Whirlwind+1","Armaments+1","Flex","Heavy Blade+1","Berserk","Combust","Bloodletting+1","Heavy Blade+1","Second Wind","Thunderclap","Flex","Seeing Red+1","Warcry","Feed","Bloodletting+1"],"relics":["Burning Blood","Eternal Feather","Blood Vial","Pen Nib","Pandora\u0027s Box","Vajra","Bottled Tornado","Question Card","Regal Pillow","Paper Frog","Snecko Eye","Torii","Ornamental Fan"],"acts_visited":["Exordium","TheCity","TheBeyond"],"potions_floor_usage":[36,42,50,50],"damage_taken":[{"damage":5.0,"enemies":"Small Slimes","floor":1.0,"turns":4.0},{"damage":1.0,"enemies":"Cultist","floor":2.0,"turns":3.0},{"damage":0.0,"enemies":"2 Louse","floor":3.0,"turns":2.0},{"damage":8.0,"enemies":"Exordium Wildlife","floor":4.0,"turns":4.0},{"damage":48.0,"enemies":"Gremlin Nob","floor":6.0,"turns":6.0},{"damage":19.0,"enemies":"Blue Slaver","floor":8.0,"turns":3.0},{"damage":9.0,"enemies":"2 Fungi Beasts","floor":10.0,"turns":3.0},{"damage":0.0,"enemies":"Gremlin Gang","floor":11.0,"turns":1.0},{"damage":39.0,"enemies":"The Guardian","floor":16.0,"turns":13.0},{"damage":9.0,"enemies":"Shell Parasite","floor":18.0,"turns":3.0},{"damage":32.0,"enemies":"2 Thieves","floor":22.0,"turns":3.0},{"damage":81.0,"enemies":"Book of Stabbing","floor":24.0,"turns":5.0},{"damage":21.0,"enemies":"Snecko","floor":28.0,"turns":4.0},{"damage":17.0,"enemies":"Cultist and Chosen","floor":31.0,"turns":4.0},{"damage":78,"enemies":"Automaton","floor":33,"turns":7},{"damage":3,"enemies":"Orb Walker","floor":35,"turns":2},{"damage":17,"enemies":"3 Darklings","floor":36,"turns":3},{"damage":59,"enemies":"Maw","floor":38,"turns":6},{"damage":51,"enemies":"2 Orb Walkers","floor":41,"turns":3},{"damage":16,"enemies":"Sphere and 2 Shapes","floor":42,"turns":3},{"damage":0,"enemies":"3 Darklings","floor":45,"turns":1},{"damage":85,"enemies":"Awakened One","floor":50,"turns":3}],"seed_played":"-1746371901330355491","potions_obtained":[{"floor":2.0,"key":"Dexterity Potion"},{"floor":3.0,"key":"SkillPotion"},{"floor":6.0,"key":"Strength Potion"},{"floor":10.0,"key":"FairyPotion"},{"floor":18.0,"key":"EssenceOfSteel"},{"floor":33,"key":"DistilledChaos"},{"floor":41,"key":"Swift Potion"},{"floor":42,"key":"ElixirPotion"},{"floor":48,"key":"Swift Potion"},{"floor":48,"key":"Fire Potion"}],"is_trial":false,"path_per_floor":["M","M","M","M","?","E","R","M","T","M","M","$","?","?","R","B",null,"M","?","T","?","M","R","E","R","T","$","M","R","$","M","R","B",null,"M","M","$","M","?","R","?","M","T","R","M","$","$","?","R","B"],"character_chosen":"IRONCLAD","items_purchased":["Pen Nib","Paper Frog"],"campfire_rested":3,"item_purchase_floors":[12,27],"current_hp_per_floor":[88,88,88,86,86,44,50,37,37,36,44,44,33,38,44,13,93,90,90,90,90,66,72,27,60,60,60,47,53,53,44,93,21,93,93,82,82,35,85,85,40,32,32,81,85,85,85,85,85,0,0],"gold":25,"neow_bonus":"TEN_PERCENT_HP_BONUS","is_daily":false,"chose_seed":false,"campfire_upgraded":6,"win_rate":0.0,"timestamp":1610885375,"path_taken":["M","M","M","M","?","E","R","M","T","?","M","$","?","?","R","BOSS","M","?","?","?","M","R","E","R","T","$","M","R","$","M","R","BOSS","M","M","$","M","?","R","?","M","T","R","M","?","$","?","R","BOSS"],"items_purchased_type":["Relic","Relic"],"build_version":"2020-12-22","purchased_purges":4,"victory":false,"max_hp_per_floor":[88,88,88,88,88,88,88,88,88,88,88,88,88,93,93,93,93,93,93,93,93,93,93,93,93,93,93,93,93,93,93,93,93,93,93,93,93,97,85,85,85,85,85,85,85,85,85,85,85,85,85],"card_choices":[{"not_picked":["Combust","Power Through"],"picked":"Thunderclap","floor":1.0},{"not_picked":["Shrug It Off","Pommel Strike"],"picked":"Whirlwind","floor":2.0},{"not_picked":["Body Slam","Clothesline"],"picked":"Armaments","floor":3.0},{"not_picked":["Rage","Twin Strike"],"picked":"Flex","floor":4.0},{"not_picked":["Thunderclap","Uppercut"],"picked":"Heavy Blade","floor":6.0},{"not_picked":["Armaments","Cleave","Iron Wave"],"picked":"SKIP","floor":8.0},{"not_picked":["Twin Strike","Cleave","Clothesline"],"picked":"SKIP","floor":10.0},{"not_picked":["Warcry","Ghostly Armor","Headbutt"],"picked":"SKIP","floor":11.0},{"not_picked":["Reaper","Brutality"],"picked":"Berserk","floor":16.0},{"not_picked":["Shrug It Off","Heavy Blade","Warcry"],"picked":"SKIP","floor":18.0},{"not_picked":["Dark Embrace","Hemokinesis","Reckless Charge"],"picked":"SKIP","floor":22.0},{"not_picked":["Armaments","Feel No Pain","Ghostly Armor+1"],"picked":"SKIP","floor":24.0},{"not_picked":["Second Wind","Armaments","Infernal Blade"],"picked":"Seeing Red","floor":28.0},{"not_picked":["Twin Strike+1","Infernal Blade","Anger"],"picked":"Warcry","floor":31.0},{"not_picked":["Juggernaut","Impervious","Bludgeon"],"picked":"Feed","floor":33},{"not_picked":["Clothesline","Pummel+1","Pommel Strike+1"],"picked":"Bloodletting+1","floor":35},{"not_picked":["Twin Strike+1","Heavy Blade","Warcry+1","Feel No Pain+1"],"picked":"SKIP","floor":36},{"not_picked":["Shrug It Off","Flex","Thunderclap","Bludgeon"],"picked":"SKIP","floor":38},{"not_picked":["Anger+1","Whirlwind","Battle Trance","Pommel Strike+1"],"picked":"SKIP","floor":42},{"not_picked":["True Grit+1","Perfected Strike","Anger"],"picked":"Double Tap","floor":45}],"player_experience":80763,"relics_obtained":[{"floor":6.0,"key":"Eternal Feather"},{"floor":9.0,"key":"Blood Vial"},{"floor":20.0,"key":"Bottled Tornado"},{"floor":24.0,"key":"Question Card"},{"floor":26.0,"key":"Regal Pillow"},{"floor":41,"key":"Torii"},{"floor":43,"key":"Ornamental Fan"}],"event_choices":[{"cards_removed":["Strike_R"],"damage_healed":0.0,"max_hp_gain":0.0,"max_hp_loss":0.0,"gold_gain":0.0,"event_name":"Purifier","player_choice":"Purged","floor":5.0,"gold_loss":0.0,"damage_taken":0.0},{"damage_healed":0.0,"max_hp_gain":0.0,"max_hp_loss":0.0,"gold_gain":75.0,"event_name":"World of Goop","player_choice":"Gather Gold","floor":13.0,"gold_loss":0.0,"damage_taken":11.0},{"damage_healed":0.0,"max_hp_gain":5.0,"max_hp_loss":0.0,"gold_gain":0.0,"event_name":"Big Fish","player_choice":"Donut","floor":14.0,"gold_loss":0.0,"damage_taken":0.0},{"damage_healed":0.0,"max_hp_gain":0.0,"max_hp_loss":0.0,"gold_gain":0.0,"event_name":"The Mausoleum","player_choice":"Opened","floor":19.0,"gold_loss":0.0,"damage_taken":0.0,"relics_obtained":["Vajra"]},{"damage_healed":0.0,"max_hp_gain":0.0,"max_hp_loss":0.0,"gold_gain":99.0,"event_name":"Nest","player_choice":"Stole From Cult","floor":21.0,"gold_loss":0.0,"damage_taken":0.0},{"damage_healed":85,"gold_gain":0,"player_choice":"Heal","damage_taken":0,"max_hp_gain":0,"max_hp_loss":12,"event_name":"The Moai Head","floor":39,"gold_loss":0},{"damage_healed":0,"gold_gain":0,"player_choice":"Fight","damage_taken":0,"max_hp_gain":0,"max_hp_loss":0,"event_name":"Mysterious Sphere","floor":41,"gold_loss":0},{"damage_healed":0,"gold_gain":0,"player_choice":"Got Potions","damage_taken":0,"max_hp_gain":0,"max_hp_loss":0,"event_name":"Lab","floor":48,"gold_loss":0}],"is_beta":false,"boss_relics":[{"not_picked":["Astrolabe","SacredBark"],"picked":"Pandora\u0027s Box"},{"not_picked":["Cursed Key","Runic Pyramid"],"picked":"Snecko Eye"}],"items_purged_floors":[12,27,37,46],"is_endless":false,"potions_floor_spawned":[2,3,6,10,18,33,41,42],"killed_by":"Awakened One","ascension_level":0}}