{"host":"zekcc3vicrep0och","time":1610918239,"event":{"mods":["AchievementEnabler","BaseMod","Colored Map","Colored Powertips","Displayed Cursed Tome","Highlight Path","Minty Spire (QoL Compilation)","Quick Restart","Relic Stats","StSLib","The Cursed"],"gold_per_floor":[111,125,125,21,34,72,72,105,105,105,105,70,42,60,60,151,151,171,185,16,39,62,62,76,76,76],"floor_reached":25,"language":"ENG","playtime":886,"items_purged":["Injury"],"score":405,"play_id":"e389f8a1-82c9-4cd0-aa16-e0efe0b40148","local_time":"20210118001719","is_ascension_mode":true,"campfire_choices":[{"data":"Chill","floor":7.0,"key":"SMITH"},{"data":"Force Field","floor":10.0,"key":"SMITH"},{"data":"Machine Learning","floor":15.0,"key":"SMITH"},{"data":"Electrodynamics","floor":23.0,"key":"SMITH"}],"circlet_count":0,"master_deck":["AscendersBane","Strike_B","Strike_B","Strike_B","Strike_B","Defend_B","Defend_B","Defend_B","Defend_B","Zap","Dualcast","Chill+1","Ball Lightning","Rebound","White Noise","Machine Learning+1","Force Field+1","Conserve Battery","Ball Lightning","Electrodynamics+1","CurseOfTheBell","Leap+1","Conserve Battery+1","Defragment"],"relics":["Coffee Dripper","Golden Idol","Boot","StoneCalendar","HornCleat","Calling Bell","Orichalcum","Letter Opener","Thread and Needle","Blood Vial"],"acts_visited":["Exordium","TheCity"],"potions_floor_usage":[25,25],"damage_taken":[{"damage":2.0,"enemies":"Jaw Worm","floor":1.0,"turns":4.0},{"damage":6.0,"enemies":"Small Slimes","floor":2.0,"turns":4.0},{"damage":0.0,"enemies":"Cultist","floor":5.0,"turns":3.0},{"damage":14.0,"enemies":"3 Sentries","floor":6.0,"turns":6.0},{"damage":13.0,"enemies":"Lagavulin","floor":8.0,"turns":6.0},{"damage":8.0,"enemies":"Exordium Wildlife","floor":14.0,"turns":3.0},{"damage":11.0,"enemies":"Hexaghost","floor":16.0,"turns":8.0},{"damage":9.0,"enemies":"3 Byrds","floor":18.0,"turns":4.0},{"damage":10.0,"enemies":"Shell Parasite","floor":19.0,"turns":6.0},{"damage":6.0,"enemies":"Shelled Parasite and Fungi","floor":21.0,"turns":5.0},{"damage":9.0,"enemies":"Centurion and Healer","floor":22.0,"turns":7.0},{"damage":10.0,"enemies":"Chosen and Byrds","floor":24.0,"turns":7.0},{"damage":26,"enemies":"Book of Stabbing","floor":25,"turns":4}],"seed_played":"-4128524839159881690","potions_obtained":[{"floor":1.0,"key":"FearPotion"},{"floor":2.0,"key":"BlessingOfTheForge"},{"floor":19.0,"key":"FocusPotion"},{"floor":21.0,"key":"CultistPotion"},{"floor":22.0,"key":"BlessingOfTheForge"}],"is_trial":false,"path_per_floor":["M","M","?","$","M","E","R","E","T","R","?","?","$","M","R","B",null,"M","M","$","M","M","R","M","E"],"character_chosen":"DEFECT","items_purchased":["Rebound","Conserve Battery","Blood Vial"],"campfire_rested":0,"item_purchase_floors":[4,13,20],"current_hp_per_floor":[62,56,56,56,56,42,42,29,29,29,29,46,46,38,38,27,60,51,41,41,37,30,30,22,0,0],"gold":76,"neow_bonus":"BOSS_RELIC","is_daily":false,"chose_seed":false,"campfire_upgraded":4,"win_rate":0.0,"timestamp":1610918239,"path_taken":["M","M","?","$","M","E","R","E","T","R","?","?","?","M","R","BOSS","M","M","?","M","M","R","M","E"],"items_purchased_type":["Card","Card","Relic"],"build_version":"2020-12-22","purchased_purges":1,"victory":false,"max_hp_per_floor":[71,71,71,71,71,71,71,71,71,71,71,71,71,71,71,71,71,71,71,71,71,71,71,71,71,71],"relic_stats":{"Blood Vial":8,"counters":[13,67],"Golden Idol":60,"StoneCalendar":[61],"Letter Opener":[42],"Orichalcum":[18],"Boot":[32],"obtain_stats":[{"Calling Bell":17,"Blood Vial":20,"HornCleat":9,"Golden Idol":3,"StoneCalendar":8,"Thread and Needle":17,"Coffee Dripper":0,"Letter Opener":17,"Orichalcum":17,"Cracked Core":0,"Boot":6},{"Calling Bell":7,"Blood Vial":9,"HornCleat":5,"Golden Idol":2,"StoneCalendar":5,"Thread and Needle":7,"Coffee Dripper":0,"Letter Opener":7,"Orichalcum":7,"Cracked Core":0,"Boot":4},{"Calling Bell":34,"Blood Vial":44,"HornCleat":23,"Golden Idol":8,"StoneCalendar":23,"Thread and Needle":34,"Coffee Dripper":0,"Letter Opener":34,"Orichalcum":34,"Cracked Core":0,"Boot":17}]},"card_choices":[{"not_picked":["Sweeping Beam","Reinforced Body"],"picked":"Chill","floor":1.0},{"not_picked":["Doom and Gloom","Reprogram"],"picked":"Ball Lightning","floor":2.0},{"not_picked":["Coolheaded","Redo"],"picked":"White Noise","floor":5.0},{"not_picked":["Blizzard","Beam Cell"],"picked":"Machine Learning","floor":6.0},{"not_picked":["Leap","Multi-Cast"],"picked":"Force Field","floor":8.0},{"not_picked":["Cold Snap","Barrage"],"picked":"Ball Lightning","floor":14.0},{"not_picked":["Rainbow","Amplify"],"picked":"Electrodynamics","floor":16.0},{"not_picked":["Gash","Steam"],"picked":"Leap+1","floor":18.0},{"not_picked":["Multi-Cast","Ball Lightning+1"],"picked":"Conserve Battery+1","floor":19.0},{"not_picked":["Force Field","Beam Cell","Rebound"],"picked":"SKIP","floor":21.0},{"not_picked":["Redo","Heatsinks","Undo"],"picked":"SKIP","floor":22.0},{"not_picked":["White Noise","Turbo+1"],"picked":"Defragment","floor":24.0}],"player_experience":540490,"relics_obtained":[{"floor":6.0,"key":"Boot"},{"floor":8.0,"key":"StoneCalendar"},{"floor":9.0,"key":"HornCleat"},{"floor":17.0,"key":"Orichalcum"},{"floor":17.0,"key":"Letter Opener"},{"floor":17.0,"key":"Thread and Needle"}],"event_choices":[{"damage_healed":0.0,"max_hp_gain":0.0,"max_hp_loss":0.0,"gold_gain":0.0,"event_name":"Golden Idol","player_choice":"Take Wound","floor":3.0,"gold_loss":0.0,"damage_taken":0.0,"relics_obtained":["Golden Idol"],"cards_obtained":["Injury"]},{"damage_healed":0.0,"max_hp_gain":0.0,"max_hp_loss":0.0,"gold_gain":0.0,"event_name":"Shining Light","player_choice":"Ignored","floor":11.0,"gold_loss":0.0,"damage_taken":0.0},{"damage_healed":17.0,"max_hp_gain":0.0,"max_hp_loss":0.0,"gold_gain":0.0,"event_name":"The Cleric","player_choice":"Healed","floor":12.0,"gold_loss":35.0,"damage_taken":0.0}],"is_beta":false,"boss_relics":[{"not_picked":["Philosopher\u0027s Stone","Velvet Choker"],"picked":"Calling Bell"}],"items_purged_floors":[4],"is_endless":false,"potions_floor_spawned":[1,2,5,19,21,22],"killed_by":"Book of Stabbing","ascension_level":18}}