{"host":"4gr5irrdjh39ysed","time":1610899796,"event":{"mods":["AchievementEnabler","BaseMod","Colored Map","Downfall","Hermit","Minty Spire (QoL Compilation)","Random Character Button","StSLib","The Construct","The Cursed","The Disciple","The Hierophant","The Mystic","The Necromancer","The Runesmith"],"gold_per_floor":[110,35,53,53,70,70,96,107,107,107,122,135,85,117,117,217,217,237,253,78,97,108,138,138,138,162,194,194,204,204,204,204,303,303,316,316,245,263,128,128,138,138,138,138,164,190,225,269,281,293,305,317,45,76,76],"floor_reached":56,"language":"ENG","playtime":2454,"items_purged":["Defend_P","Defend_P","Parasite"],"score":1426,"play_id":"ef32afad-f46a-4f94-983c-a0d9e8275b1a","local_time":"20210117090956","is_ascension_mode":true,"campfire_choices":[{"floor":6,"key":"RECALL"},{"data":"Brilliance","floor":10,"key":"SMITH"},{"data":"Crescendo","floor":15,"key":"SMITH"},{"data":"Judgement","floor":28,"key":"SMITH"},{"data":"Adaptation","floor":30,"key":"SMITH"},{"data":"Prostrate","floor":32,"key":"SMITH"},{"data":"Establishment","floor":40,"key":"SMITH"},{"data":"Collect","floor":42,"key":"SMITH"},{"data":"Pray","floor":49,"key":"SMITH"},{"data":"Forethought","floor":52,"key":"SMITH"}],"circlet_count":0,"master_deck":["Strike_P+1","Strike_P+1","Strike_P+1","Eruption+1","Adaptation+1","WindmillStrike+1","SashWhip+1","Crescendo+1","Brilliance+1","Prostrate+1","FollowUp+1","EmptyFist+1","LessonLearned+1","Wallop+1","FollowUp+1","Judgement+1","FlyingSleeves+1","ReachHeaven+1","FollowUp+1","FollowUp+1","Weave+1","Alpha+1","Collect+1","Forethought+1","Pray+1","BowlingBash+1","Establishment+1","Halt+1","Consecrate+1","Brilliance+1","WreathOfFlame"],"relics":["PureWater","Tiny Chest","Molten Egg 2","Mango","Coffee Dripper","Gremlin Horn","Potion Belt","Whetstone","Empty Cage","Runesmith:Nanobots","MawBank","Anchor","Damaru","Nunchaku"],"acts_visited":["Exordium","TheCity","TheBeyond","TheEnding"],"potions_floor_usage":[16,19,19,23,48,50,55,55,55],"damage_taken":[{"damage":0,"enemies":"Cultist","floor":1,"turns":2},{"damage":32,"enemies":"2 Louse","floor":3,"turns":2},{"damage":18,"enemies":"Jaw Worm","floor":5,"turns":4},{"damage":22,"enemies":"3 Sentries","floor":7,"turns":4},{"damage":26,"enemies":"3 Louse","floor":8,"turns":3},{"damage":40,"enemies":"Exordium Thugs","floor":11,"turns":3},{"damage":0,"enemies":"Large Slime","floor":12,"turns":3},{"damage":24,"enemies":"Gremlin Nob","floor":14,"turns":3},{"damage":61,"enemies":"The Guardian","floor":16,"turns":5},{"damage":0,"enemies":"Spheric Guardian","floor":18,"turns":1},{"damage":3,"enemies":"2 Thieves","floor":19,"turns":2},{"damage":48,"enemies":"Centurion and Healer","floor":21,"turns":3},{"damage":12,"enemies":"Chosen and Byrds","floor":22,"turns":3},{"damage":14,"enemies":"Slavers","floor":23,"turns":2},{"damage":55,"enemies":"Book of Stabbing","floor":27,"turns":3},{"damage":0,"enemies":"Cultist and Chosen","floor":29,"turns":3},{"damage":56,"enemies":"Collector","floor":33,"turns":6},{"damage":39,"enemies":"3 Darklings","floor":35,"turns":3},{"damage":22,"enemies":"3 Shapes","floor":38,"turns":2},{"damage":55,"enemies":"3 Darklings","floor":41,"turns":4},{"damage":122,"enemies":"Nemesis","floor":45,"turns":5},{"damage":107,"enemies":"Writhing Mass","floor":46,"turns":5},{"damage":73,"enemies":"Giant Head","floor":48,"turns":6},{"damage":199,"enemies":"Awakened One","floor":50,"turns":9},{"damage":94,"enemies":"Shield and Spear","floor":54,"turns":5},{"damage":368,"enemies":"The Heart","floor":55,"turns":10}],"seed_played":"8052817630717065814","potions_obtained":[{"floor":3,"key":"AttackPotion"},{"floor":11,"key":"Swift Potion"},{"floor":14,"key":"Strength Potion"},{"floor":16,"key":"Fire Potion"},{"floor":21,"key":"Swift Potion"},{"floor":27,"key":"EssenceOfSteel"},{"floor":29,"key":"Ambrosia"},{"floor":41,"key":"SteroidPotion"},{"floor":46,"key":"LiquidBronze"},{"floor":48,"key":"champ:CounterPotion"},{"floor":54,"key":"PowerPotion"}],"is_trial":false,"path_per_floor":["M","$","M","$","M","R","E","M","T","R","M","M","?","E","R","B",null,"M","M","$","M","M","E","?","T","T","E","R","M","R","?","R","B",null,"M","?","$","M","$","R","M","R","T","?","E","M","T","E","R","B",null,"R","$","E","B",null],"character_chosen":"WATCHER","items_purchased":["Conclude+1","Pray","Establishment","Brilliance+1"],"campfire_rested":0,"item_purchase_floors":[20,37,39,53],"current_hp_per_floor":[2072,2072,2040,2040,2022,2022,2000,1974,1974,1974,1934,1934,1934,1924,1924,1863,2086,2086,2083,2083,2035,2023,2009,1492,1492,1492,1437,1437,1437,1437,1437,1437,1381,2091,2052,2052,2052,2030,2030,2030,1975,1975,1975,1975,1853,1746,1746,1673,1673,1474,2091,2091,2088,1994,1626],"gold":76,"neow_bonus":"UPGRADE_CARD","is_daily":false,"chose_seed":false,"campfire_upgraded":9,"win_rate":0.0,"timestamp":1610899796,"path_taken":["M","?","M","$","M","R","E","M","T","R","?","M","?","E","R","BOSS","M","M","$","M","M","E","?","?","T","E","R","M","R","?","R","BOSS","M","?","$","M","$","R","M","R","T","?","E","M","?","E","R","BOSS","R","$","E","BOSS"],"items_purchased_type":["Card","Card","Card","Card"],"build_version":"2020-12-22","purchased_purges":3,"victory":true,"max_hp_per_floor":[2072,2072,2072,2072,2072,2072,2072,2072,2072,2072,2072,2072,2072,2086,2086,2086,2086,2086,2086,2086,2086,2086,2086,2091,2091,2091,2091,2091,2091,2091,2091,2091,2091,2091,2091,2091,2091,2091,2091,2091,2091,2091,2091,2091,2091,2091,2091,2091,2091,2091,2091,2091,2088,2088,2088],"card_choices":[{"not_picked":["JustLucky","FlyingSleeves"],"picked":"Adaptation","floor":1},{"not_picked":["Crescendo","Evaluate"],"picked":"WindmillStrike","floor":3},{"not_picked":["EmptyBody","Consecrate"],"picked":"SashWhip","floor":5},{"not_picked":["Pray","EmptyFist"],"picked":"Crescendo","floor":7},{"not_picked":["Halt","EmptyBody"],"picked":"Brilliance","floor":8},{"not_picked":["Weave+1","Crescendo"],"picked":"Prostrate","floor":11},{"not_picked":["Protect","Collect"],"picked":"FollowUp+1","floor":12},{"not_picked":["ThirdEye","DeceiveReality"],"picked":"EmptyFist+1","floor":14},{"not_picked":["Blasphemy","Scrawl"],"picked":"LessonLearned+1","floor":16},{"not_picked":["EmptyBody+1","SashWhip+1"],"picked":"Wallop+1","floor":18},{"not_picked":["Crescendo","CrushJoints+1"],"picked":"FollowUp+1","floor":19},{"not_picked":["Fasting2","FlurryOfBlows+1"],"picked":"Judgement","floor":21},{"not_picked":["LikeWater+1","MentalFortress"],"picked":"FlyingSleeves+1","floor":22},{"not_picked":["Consecrate+1","Nirvana"],"picked":"ReachHeaven+1","floor":23},{"not_picked":["EmptyBody","Halt+1"],"picked":"FollowUp+1","floor":27},{"not_picked":["Conclude+1","LikeWater"],"picked":"FollowUp+1","floor":29},{"not_picked":["Omniscience","DevaForm"],"picked":"Alpha","floor":33},{"not_picked":["EmptyFist+1","CrushJoints+1"],"picked":"Collect","floor":35},{"not_picked":["Impatience","Jack Of All Trades"],"picked":"Forethought","floor":36},{"not_picked":["CutThroughFate+1","FollowUp+1"],"picked":"BowlingBash+1","floor":38},{"not_picked":["SashWhip+1","Crescendo+1","Evaluate"],"picked":"SKIP","floor":41},{"not_picked":["Nirvana+1","Protect","BowlingBash+1"],"picked":"SKIP","floor":45},{"not_picked":["Fasting2","BowlingBash+1"],"picked":"Halt+1","floor":46},{"not_picked":["WindmillStrike+1","InnerPeace"],"picked":"Consecrate+1","floor":48},{"not_picked":["Sanctity+1","Consecrate+1"],"picked":"WreathOfFlame","floor":54}],"player_experience":217680,"relics_obtained":[{"floor":7,"key":"Tiny Chest"},{"floor":9,"key":"Molten Egg 2"},{"floor":14,"key":"Mango"},{"floor":23,"key":"Gremlin Horn"},{"floor":26,"key":"Potion Belt"},{"floor":27,"key":"Whetstone"},{"floor":43,"key":"Runesmith:Nanobots"},{"floor":45,"key":"MawBank"},{"floor":47,"key":"Anchor"},{"floor":48,"key":"Damaru"},{"floor":54,"key":"Nunchaku"}],"event_choices":[{"cards_removed":["Defend_P"],"damage_healed":0,"gold_gain":0,"player_choice":"Card Removal","damage_taken":0,"max_hp_gain":0,"max_hp_loss":0,"event_name":"The Cleric","floor":13,"gold_loss":50},{"damage_healed":0,"gold_gain":0,"player_choice":"Shed Blood","damage_taken":522,"max_hp_gain":5,"max_hp_loss":0,"event_name":"Forgotten Altar","floor":24,"gold_loss":0},{"damage_healed":0,"gold_gain":0,"cards_transformed":["Defend_P"],"player_choice":"Transformed","damage_taken":0,"max_hp_gain":0,"max_hp_loss":0,"event_name":"Transmorgrifier","floor":31,"gold_loss":0,"cards_obtained":["Weave"]},{"damage_healed":0,"gold_gain":0,"player_choice":"Memory 1","damage_taken":0,"max_hp_gain":0,"max_hp_loss":0,"event_name":"SensoryStone","floor":36,"gold_loss":0},{"cards_removed":["Conclude"],"damage_healed":0,"gold_gain":0,"player_choice":"Removed Attack","damage_taken":0,"max_hp_gain":0,"max_hp_loss":0,"event_name":"Falling","floor":44,"gold_loss":0}],"is_beta":false,"boss_relics":[{"not_picked":["Runesmith:UraniumAnvil","Ectoplasm"],"picked":"Coffee Dripper"},{"not_picked":["Velvet Choker","Fusion Hammer"],"picked":"Empty Cage"}],"items_purged_floors":[2,20,53],"is_endless":false,"potions_floor_spawned":[3,11,14,16,18,21,27,29,41,46,48,54],"ascension_level":2}}