{"host":"ormi09wwzv7sq47a","time":1610905035,"event":{"mods":["2.2 Compatiblity","AchievementEnabler","Act Like it!","BaseMod","Bestiary","Better Altar","Better Note","Better Sensory Stone","Better Silent Start","Better Skull","Better Third Choice","Better Vampires","BetterRewards","Block Reminder","Card Forge","Colored Map","Colored Powertips","Curses Come First","DeckTracker","Downfall","Highlight Path","Minty Spire (QoL Compilation)","Permanent Neow","Quick Restart","Rare Cards Sparkle","Relic Stats","Shop Mod","StSLib","The Jungle"],"gold_per_floor":[119,119,135,60,60,60,95,95,95,95,112,112,125,141,141,242,242,254,271,290,302,312,312,325,325,352,378,303,51,86,99,99,199,199,209,209,4,16,27,27,58,58,106,6,6,6,24,71,71,71,71,71],"floor_reached":50,"language":"ENG","playtime":3661,"items_purged":["champ:Strike","champ:Strike","champ:Defend"],"score":728,"play_id":"d6d10879-ef20-40ff-825d-cafdb1ae48be","local_time":"20210117153715","is_ascension_mode":true,"campfire_choices":[{"data":"champ:Taunt","floor":6.0,"key":"SMITH"},{"data":"champ:FanOfKnives","floor":8.0,"key":"SMITH"},{"data":"champ:LastStand","floor":10.0,"key":"SMITH"},{"data":"champ:PerfectedStrike","floor":15.0,"key":"SMITH"},{"data":"champ:EnchantSword","floor":23,"key":"SMITH"},{"data":"champ:ShieldSlam","floor":25,"key":"SMITH"},{"data":"champ:EnGarde","floor":32,"key":"SMITH"},{"data":"champ:HoldFirm","floor":40,"key":"SMITH"},{"data":"champ:GladiatorForm","floor":42,"key":"SMITH"},{"floor":46,"key":"RECALL"},{"data":"champ:AdrenalArmor","floor":49,"key":"SMITH"}],"circlet_count":0,"master_deck":["champ:Strike","champ:Strike","champ:Defend","champ:Defend","champ:Execute","champ:Taunt+1","champ:Endure","champ:FanOfKnives+1","champ:LastStand+1","champ:AdrenalArmor+1","champ:PerfectedStrike+1","champ:EnchantSword+1","champ:PerfectedStrike+1","champ:BringItOn+1","champ:RisingSlash","champ:EnragedBash+1","champ:ShieldWall+1","champ:ShieldSlam+1","champ:GladiatorForm+1","champ:StanceDance","champ:EnGarde+1","champ:HoldFirm+1","CurseOfTheBell","champ:BerserkersShout+1","champ:GladiatorForm+1"],"relics":["champ:ChampionCrown","Hammer of Thor","Seething Fire","Anvil of the Gods","champ:DeflectingBracers","Shuriken","Eternal Feather","The Courier","Meat on the Bone","expansioncontent:StudyCardRelic","PreservedInsect","Blue Candle","CaptainsWheel","Pantograph","Calling Bell","Omamori","Letter Opener","hexamod:Sixitude","hexamod:BolsterEngine","Orichalcum","Toy Ornithopter"],"acts_visited":["Exordium","TheCity","TheBeyond"],"potions_floor_usage":[20,24,30,33,47,47],"damage_taken":[{"damage":12.0,"enemies":"2 Louse","floor":1.0,"turns":3.0},{"damage":27.0,"enemies":"Jaw Worm","floor":3.0,"turns":5.0},{"damage":61.0,"enemies":"3 Sentries","floor":7.0,"turns":5.0},{"damage":22.0,"enemies":"Small Slimes","floor":11.0,"turns":3.0},{"damage":26.0,"enemies":"2 Fungi Beasts","floor":13.0,"turns":4.0},{"damage":21.0,"enemies":"3 Louse","floor":14.0,"turns":3.0},{"damage":74.0,"enemies":"The Guardian","floor":16.0,"turns":9.0},{"damage":10.0,"enemies":"3 Byrds","floor":18.0,"turns":4.0},{"damage":6.0,"enemies":"Spheric Guardian","floor":19.0,"turns":3.0},{"damage":0,"enemies":"Snecko","floor":20,"turns":3},{"damage":15,"enemies":"Snake Plant","floor":21,"turns":4},{"damage":22,"enemies":"3 Cultists","floor":22,"turns":4},{"damage":11,"enemies":"Snecko","floor":24,"turns":4},{"damage":12,"enemies":"Book of Stabbing","floor":27,"turns":4},{"damage":24,"enemies":"Gremlin Leader","floor":30,"turns":4},{"damage":27,"enemies":"Cultist and Chosen","floor":31,"turns":4},{"damage":74,"enemies":"Automaton","floor":33,"turns":8},{"damage":15,"enemies":"Orb Walker","floor":35,"turns":2},{"damage":20,"enemies":"3 Shapes","floor":38,"turns":3},{"damage":16,"enemies":"Sphere and 2 Shapes","floor":39,"turns":4},{"damage":57,"enemies":"Nemesis","floor":41,"turns":7},{"damage":49,"enemies":"Transient","floor":47,"turns":5},{"damage":170,"enemies":"Awakened One","floor":50,"turns":11}],"seed_played":"6723392515983698365","potions_obtained":[{"floor":3.0,"key":"champ:TechniquePotion"},{"floor":14.0,"key":"Weak Potion"},{"floor":16.0,"key":"GamblersBrew"},{"floor":18.0,"key":"Weak Potion"},{"floor":19.0,"key":"FearPotion"},{"floor":24,"key":"LiquidBronze"},{"floor":27,"key":"Swift Potion"},{"floor":31,"key":"LiquidBronze"},{"floor":38,"key":"Explosive Potion"},{"floor":39,"key":"Explosive Potion"}],"is_trial":false,"path_per_floor":["M","?","M","$","?","R","E","R","T","R","M","?","M","M","R","B",null,"M","M","M","M","M","R","M","R","T","E","?","$","E","M","R","B",null,"M","?","$","M","M","R","E","R","T","$","?","R","M","T","R","B"],"character_chosen":"THE_CHAMP","items_purchased":["Shuriken","champ:StanceDance","CaptainsWheel","hexamod:BolsterEngine"],"campfire_rested":0,"item_purchase_floors":[0,29,29,37],"current_hp_per_floor":[79,67,60,60,60,66,45,51,51,57,57,62,51,47,53,24,95,95,94,94,79,77,89,83,95,95,88,88,88,79,67,79,56,95,95,90,90,75,74,89,67,82,82,82,82,90,51,51,66,0,0,0],"gold":71,"neow_bonus":"","is_daily":false,"chose_seed":false,"campfire_upgraded":10,"win_rate":0.0,"timestamp":1610905035,"path_taken":["M","?","M","$","?","R","E","R","T","R","M","?","M","M","R","BOSS","M","M","M","M","M","R","M","R","T","E","?","$","E","M","R","BOSS","M","?","$","M","M","R","E","R","T","?","?","R","?","?","R","BOSS"],"items_purchased_type":["Relic","Card","Relic","Relic"],"build_version":"2020-12-22","purchased_purges":3,"victory":false,"max_hp_per_floor":[90,90,90,90,90,90,90,90,90,90,90,95,95,95,95,95,95,95,95,95,95,95,95,95,95,95,95,95,95,95,95,95,95,95,95,90,90,90,90,90,90,90,90,90,90,90,90,90,90,90,90,90],"relic_stats":{"counters":[84,401],"Shuriken":[49],"Blue Candle":[1],"Pantograph":40,"Eternal Feather":113,"PreservedInsect":133,"Letter Opener":[67],"Orichalcum":[108],"obtain_stats":[{"Lantern":2,"Singing Bowl":13,"Gremlin Horn":7,"champ:ChampionCrown":0,"Hammer of Thor":0,"expansioncontent:StudyCardRelic":17,"Whetstone":9,"Ginger":9,"Smiling Mask":7,"Boot":9,"Sozu":34,"Blood Vial":39,"Centennial Puzzle":20,"Dream Catcher":27,"downfall:BrokenWingStatue":3,"Matryoshka":7,"DollysMirror":20,"Pantograph":6,"Tiny Chest":9,"Kunai":26,"InkBottle":9,"Golden Idol":4,"Blue Candle":27,"Velvet Choker":17,"hexamod:Sixitude":34,"Eternal Feather":2,"PreservedInsect":26,"champ:DeflectingBracers":0,"The Courier":7,"Omamori":34,"Seething Fire":0,"Letter Opener":34,"Orichalcum":9,"MawBank":6,"champ:PowerArmor":17,"Peace Pipe":0,"Calling Bell":34,"SlaversCollar":34,"CaptainsWheel":29,"Anvil of the Gods":0,"Shuriken":26,"champ:LiftRelic":14,"Bronze Scales":37,"hexamod:BolsterEngine":37,"TungstenRod":29,"Toy Ornithopter":48,"Meat on the Bone":30,"Pocketwatch":11},{"Lantern":31,"Singing Bowl":5,"Gremlin Horn":41,"champ:ChampionCrown":0,"Hammer of Thor":0,"expansioncontent:StudyCardRelic":68,"Whetstone":3,"Ginger":33,"Smiling Mask":2,"Boot":11,"Sozu":23,"Blood Vial":55,"Centennial Puzzle":17,"Dream Catcher":20,"downfall:BrokenWingStatue":0,"Matryoshka":11,"DollysMirror":17,"Pantograph":2,"Tiny Chest":11,"Kunai":19,"InkBottle":26,"Golden Idol":32,"Blue Candle":75,"Velvet Choker":16,"hexamod:Sixitude":78,"Eternal Feather":62,"PreservedInsect":19,"champ:DeflectingBracers":61,"The Courier":64,"Omamori":78,"Seething Fire":0,"Letter Opener":78,"Orichalcum":42,"MawBank":33,"champ:PowerArmor":45,"Peace Pipe":25,"Calling Bell":78,"SlaversCollar":52,"CaptainsWheel":75,"Anvil of the Gods":0,"Shuriken":49,"champ:LiftRelic":5,"Bronze Scales":24,"hexamod:BolsterEngine":79,"TungstenRod":50,"Toy Ornithopter":83,"Meat on the Bone":21,"Pocketwatch":27},{"Lantern":147,"Singing Bowl":19,"Gremlin Horn":190,"champ:ChampionCrown":0,"Hammer of Thor":0,"expansioncontent:StudyCardRelic":327,"Whetstone":12,"Ginger":158,"Smiling Mask":8,"Boot":44,"Sozu":109,"Blood Vial":254,"Centennial Puzzle":75,"Dream Catcher":87,"downfall:BrokenWingStatue":0,"Matryoshka":44,"DollysMirror":75,"Pantograph":8,"Tiny Chest":44,"Kunai":83,"InkBottle":121,"Golden Idol":150,"Blue Candle":353,"Velvet Choker":70,"hexamod:Sixitude":369,"Eternal Feather":298,"PreservedInsect":83,"champ:DeflectingBracers":295,"The Courier":308,"Omamori":369,"Seething Fire":0,"Letter Opener":369,"Orichalcum":193,"MawBank":158,"champ:PowerArmor":209,"Peace Pipe":118,"Calling Bell":369,"SlaversCollar":240,"CaptainsWheel":353,"Anvil of the Gods":0,"Shuriken":224,"champ:LiftRelic":19,"Bronze Scales":113,"hexamod:BolsterEngine":371,"TungstenRod":228,"Toy Ornithopter":390,"Meat on the Bone":91,"Pocketwatch":129}],"Toy Ornithopter":0,"Meat on the Bone":36},"card_choices":[{"not_picked":["champ:EnGarde","champ:RecklessLeap"],"picked":"champ:Endure","floor":1.0},{"not_picked":["champ:DefensiveShout","champ:AdrenalArmor"],"picked":"champ:FanOfKnives","floor":3.0},{"not_picked":["champ:SkillfulDodge","champ:ShieldSlam"],"picked":"champ:LastStand","floor":7.0},{"not_picked":["champ:EnGarde","champ:Encircle"],"picked":"champ:AdrenalArmor","floor":11.0},{"not_picked":["champ:AdrenalArmor","champ:ShieldSlam"],"picked":"champ:PerfectedStrike","floor":13.0},{"not_picked":["champ:Shatter","champ:GutPunch","champ:FocusedDefense"],"picked":"SKIP","floor":14.0},{"not_picked":["champ:Improvising","champ:EnchantShield"],"picked":"champ:EnchantSword","floor":16.0},{"not_picked":["champ:PreemptiveStrike","champ:DefensiveShout"],"picked":"champ:PerfectedStrike+1","floor":18.0},{"not_picked":["champ:BerserkersShout","champ:GutPunch"],"picked":"champ:BringItOn+1","floor":19.0},{"not_picked":["champ:EnchantCrown","champ:AdrenalArmor"],"picked":"champ:RisingSlash","floor":20},{"not_picked":["champ:CrownThrow","champ:DefensiveShout"],"picked":"champ:EnragedBash+1","floor":21},{"not_picked":["champ:GutPunch+1","champ:FanOfKnives+1"],"picked":"champ:ShieldWall+1","floor":22},{"not_picked":["champ:Circumvent","champ:PreciseThrust+1"],"picked":"champ:ShieldSlam","floor":24},{"not_picked":["champ:Shatter+1","champ:FanOfKnives+1"],"picked":"champ:GladiatorForm","floor":27},{"not_picked":["champ:Circumvent","champ:BladeFlurry","champ:RapidStrikes"],"picked":"SKIP","floor":30},{"not_picked":["champ:Parry","champ:BladeFlurry"],"picked":"champ:EnGarde","floor":31},{"not_picked":["champ:MurderStrike","champ:VampiricStrike"],"picked":"champ:HoldFirm","floor":33},{"not_picked":["champ:DeathBlow+1","champ:Circumvent","champ:Shatter"],"picked":"SKIP","floor":35},{"not_picked":["champ:GutPunch","champ:VampiricStrike","champ:CrownThrow"],"picked":"SKIP","floor":38},{"not_picked":["champ:CrookedStrike+1","champ:ShieldSigil+1"],"picked":"champ:BerserkersShout+1","floor":39},{"not_picked":["champ:EnchantShield","champ:ViciousMockery+1","champ:HeartStrike"],"picked":"SKIP","floor":41},{"not_picked":["champ:Circumvent+1","champ:GladiatorStyle+1","champ:ViciousMockery+1"],"picked":"SKIP","floor":47}],"player_experience":978860,"relics_obtained":[{"floor":7.0,"key":"The Courier"},{"floor":9.0,"key":"Meat on the Bone"},{"floor":26,"key":"PreservedInsect"},{"floor":27,"key":"Blue Candle"},{"floor":30,"key":"Pantograph"},{"floor":34,"key":"Omamori"},{"floor":34,"key":"Letter Opener"},{"floor":34,"key":"hexamod:Sixitude"},{"floor":41,"key":"Orichalcum"},{"floor":48,"key":"Toy Ornithopter"}],"event_choices":[{"damage_healed":0.0,"max_hp_gain":0.0,"max_hp_loss":0.0,"gold_gain":0.0,"event_name":"betterThird:BetterScrap","player_choice":"Relic ","floor":2.0,"gold_loss":0.0,"damage_taken":12.0,"cards_obtained":["Genetic Algorithm"]},{"damage_healed":0.0,"max_hp_gain":0.0,"max_hp_loss":0.0,"gold_gain":0.0,"event_name":"betterThird:BetterSerpent","player_choice":"Ignored","floor":5.0,"gold_loss":0.0,"damage_taken":60.0},{"damage_healed":0.0,"max_hp_gain":5.0,"max_hp_loss":0.0,"gold_gain":0.0,"event_name":"Big Fish","player_choice":"Donut","floor":12.0,"gold_loss":0.0,"damage_taken":0.0},{"cards_removed":["champ:Defend"],"damage_healed":0,"gold_gain":0,"player_choice":"Gave Gold","damage_taken":0,"max_hp_gain":0,"max_hp_loss":0,"event_name":"Beggar","floor":28,"gold_loss":75},{"damage_healed":0,"gold_gain":0,"player_choice":"Max HP","damage_taken":0,"max_hp_gain":0,"max_hp_loss":5,"event_name":"Winding Halls","floor":36,"gold_loss":0},{"damage_healed":0,"gold_gain":0,"player_choice":"Copied","damage_taken":0,"max_hp_gain":0,"max_hp_loss":0,"event_name":"Duplicator","floor":45,"gold_loss":0,"cards_obtained":["champ:GladiatorForm"]}],"is_beta":false,"boss_relics":[{"not_picked":["bronze:MakeshiftBattery","Empty Cage"],"picked":"expansioncontent:StudyCardRelic"},{"not_picked":["Fusion Hammer","champ:PowerArmor"],"picked":"Calling Bell"}],"items_purged_floors":[4,37,44],"is_endless":false,"potions_floor_spawned":[3,14,16,18,19,24,27,31,38,39],"killed_by":"Awakened One","ascension_level":2}}