{"host":"87e8r31j2s2gs0rw","time":1610895919,"event":{"mods":["BaseMod","BetterRewards","Colored Powertips","Downfall","Minty Spire (QoL Compilation)","Shop Mod","StSLib","The Bug Knight"],"gold_per_floor":[112,287,287,307,324,324,343,369,395,395,360,386,405,14,14,109,109,119,129,129,0,0,0,26,43,43,43,43],"floor_reached":27,"language":"ENG","playtime":1991,"items_purged":[],"score":254,"play_id":"7c04f613-e2e4-421a-96b1-981ef710164d","local_time":"20210117160519","is_ascension_mode":false,"campfire_choices":[{"data":"Deadly Poison","floor":6,"key":"SMITH"},{"data":"Blade Dance","floor":10,"key":"SMITH"},{"floor":15,"key":"REST"},{"floor":23,"key":"REST"}],"circlet_count":0,"master_deck":["Strike_G","Strike_G","Strike_G","Strike_G","Defend_G","Defend_G","Defend_G","Survivor","Neutralize","Bane+1","All Out Attack+1","Backflip+1","Distraction","PiercingWail","Deadly Poison+1","Outmaneuver","Blade Dance+1","Blade Dance","Expertise","Adrenaline","Finisher","Blade Dance","Corpse Explosion","Blade Dance","Backflip","RitualDagger","Unload"],"relics":["Astrolabe","Boot","Ancient Tea Set","Odd Mushroom","MerchantsRug","Black Star","HollowMod:PaleOreRelic","Pantograph","HornCleat"],"acts_visited":["Exordium","TheCity"],"potions_floor_usage":[8],"damage_taken":[{"damage":0,"enemies":"2 Louse","floor":1,"turns":2},{"damage":0,"enemies":"Jaw Worm","floor":4,"turns":3},{"damage":0,"enemies":"Cultist","floor":5,"turns":4},{"damage":0,"enemies":"2 Fungi Beasts","floor":7,"turns":2},{"damage":23,"enemies":"3 Sentries","floor":8,"turns":6},{"damage":0,"enemies":"The Mushroom Lair","floor":12,"turns":2},{"damage":7,"enemies":"Large Slime","floor":13,"turns":5},{"damage":13,"enemies":"Hexaghost","floor":16,"turns":7},{"damage":24,"enemies":"Shell Parasite","floor":18,"turns":5},{"damage":20,"enemies":"2 Thieves","floor":19,"turns":2},{"damage":29,"enemies":"Book of Stabbing","floor":24,"turns":5},{"damage":14,"enemies":"Shelled Parasite and Fungi","floor":27,"turns":3}],"seed_played":"-162035750431751591","potions_obtained":[{"floor":5,"key":"DuplicationPotion"},{"floor":8,"key":"champ:CounterPotion"},{"floor":13,"key":"SpeedPotion"},{"floor":24,"key":"champ:CounterPotion"}],"is_trial":false,"path_per_floor":["M","?","?","M","M","R","M","E","T","R","?","?","M","$","R","B",null,"M","M","?","?","?","R","E","$","T","M"],"character_chosen":"THE_SILENT","items_purchased":["Adrenaline","MerchantsRug","Finisher","Blade Dance"],"campfire_rested":2,"item_purchase_floors":[14,14,14,14],"current_hp_per_floor":[70,70,70,70,70,70,70,47,47,47,64,64,57,57,70,57,70,46,26,26,26,20,41,12,12,12,0,0],"gold":43,"neow_bonus":"BOSS_RELIC","is_daily":false,"chose_seed":false,"campfire_upgraded":2,"win_rate":0.0,"timestamp":1610895919,"path_taken":["M","?","?","M","?","R","M","E","T","R","?","?","M","$","R","BOSS","M","M","?","?","?","R","E","$","T","M"],"items_purchased_type":["Card","Relic","Card","Card"],"build_version":"2020-12-22","purchased_purges":0,"victory":false,"max_hp_per_floor":[70,70,70,70,70,70,70,70,70,70,70,70,70,70,70,70,70,70,70,70,70,70,70,70,70,70,70,70],"card_choices":[{"not_picked":["Slice","Expertise"],"picked":"Distraction","floor":1},{"not_picked":["Quick Slash","Crippling Poison"],"picked":"PiercingWail","floor":4},{"not_picked":["Masterful Stab","Reflex"],"picked":"Deadly Poison","floor":5},{"not_picked":["Quick Slash","Dash"],"picked":"Outmaneuver","floor":7},{"not_picked":["Blur","Reflex"],"picked":"Blade Dance","floor":8},{"not_picked":["Bullet Time","Deflect"],"picked":"Blade Dance","floor":12},{"not_picked":["Acrobatics","Prepared"],"picked":"Expertise","floor":13},{"not_picked":["Bullet Time","Die Die Die"],"picked":"Corpse Explosion","floor":16},{"not_picked":["Terror","Dagger Throw"],"picked":"Blade Dance","floor":18},{"not_picked":["Dagger Throw+1","Dagger Spray"],"picked":"Backflip","floor":19},{"not_picked":["Deadly Poison","Dodge and Roll"],"picked":"Unload","floor":24}],"player_experience":134088,"relics_obtained":[{"floor":8,"key":"Boot"},{"floor":9,"key":"Ancient Tea Set"},{"floor":12,"key":"Odd Mushroom"},{"floor":24,"key":"HollowMod:PaleOreRelic"},{"floor":24,"key":"Pantograph"},{"floor":26,"key":"HornCleat"}],"event_choices":[{"damage_healed":0,"gold_gain":175,"player_choice":"AGREE","damage_taken":0,"max_hp_gain":0,"max_hp_loss":0,"event_name":"Liars Game","floor":2,"gold_loss":0,"cards_obtained":["Doubt"]},{"cards_removed":["Doubt"],"damage_healed":0,"gold_gain":0,"player_choice":"Purged","damage_taken":0,"max_hp_gain":0,"max_hp_loss":0,"event_name":"Purifier","floor":3,"gold_loss":0},{"damage_healed":17,"gold_gain":0,"player_choice":"Healed","damage_taken":0,"max_hp_gain":0,"max_hp_loss":0,"event_name":"The Cleric","floor":11,"gold_loss":35},{"damage_healed":0,"gold_gain":0,"player_choice":"Fought Mushrooms","damage_taken":0,"max_hp_gain":0,"max_hp_loss":0,"event_name":"Mushrooms","floor":12,"gold_loss":0},{"damage_healed":0,"gold_gain":0,"player_choice":"Ignored","damage_taken":0,"max_hp_gain":0,"max_hp_loss":0,"event_name":"Ghosts","floor":20,"gold_loss":0},{"damage_healed":0,"gold_gain":0,"player_choice":"Paid Fearfully","damage_taken":0,"max_hp_gain":0,"max_hp_loss":0,"event_name":"Masked Bandits","floor":21,"gold_loss":129},{"damage_healed":0,"gold_gain":0,"player_choice":"Joined the Cult","damage_taken":6,"max_hp_gain":0,"max_hp_loss":0,"event_name":"Nest","floor":22,"gold_loss":0,"cards_obtained":["RitualDagger"]}],"is_beta":false,"boss_relics":[{"not_picked":["SacredBark","Coffee Dripper"],"picked":"Black Star"}],"items_purged_floors":[],"is_endless":false,"potions_floor_spawned":[5,8,13,24],"killed_by":"Shelled Parasite and Fungi","ascension_level":0}}