{"host":"te4ihy0orbpglf07","time":1610885827,"event":{"mods":["Act Like it!","Arknights The Spire","BaseMod","BetterRewards","Chen","Friendly Minions","Gensokyo","Hubris","Infinite Spire","Marisa????????","Minty Spire (QoL Compilation)","Onozuka Komachi Mod","Reimu??????","Remilia??????","RumiaBox-????????","Small Relic Pack","StSLib","SuperFastMode","Td1madao Mod","The Servant 0.9.4"],"gold_per_floor":[115,33,46,46,66,99,116,37,37,54,54,84,84,84,84,84,84],"floor_reached":16,"language":"ENG","playtime":763,"items_purged":[],"score":110,"play_id":"0c0fc3b6-02af-4087-bc53-bc40141b7352","local_time":"20210117151707","is_ascension_mode":false,"campfire_choices":[{"data":"ats:Burning Ground","floor":13,"key":"SMITH"},{"data":"ats:Part Time Job","floor":15,"key":"SMITH"}],"circlet_count":0,"master_deck":["ats:Strike C","ats:Strike G","ats:Strike S","ats:Strike V","ats:Armor Crushing Shot","ats:Defend","ats:Defend","ats:Defend","ats:Defend","ats:Emotion Absorption+1","ats:Cat Scratch","ats:Burning Ground+1","ats:Part Time Job+1","ats:Ignite","ats:Disruption Kick","ats:Healing Drone","ats:Healing Strengthening","ats:Apocalypse"],"relics":["ats:Sanity","Gensokyo:PortableGap","ats:Originium","Incense Burner","Gambling Chip","Tiny Chest","relicPack:OneForAll"],"acts_visited":["Exordium"],"potions_floor_usage":[6,16],"damage_taken":[{"damage":5,"enemies":"Gensokyo:2_Kodama","floor":1,"turns":5},{"damage":1,"enemies":"Gensokyo:Python","floor":3,"turns":4},{"damage":9,"enemies":"Gensokyo:Gryphon","floor":5,"turns":4},{"damage":38,"enemies":"Gensokyo:Aya","floor":6,"turns":5},{"damage":6,"enemies":"Gensokyo:VengefulSpirit","floor":7,"turns":5},{"damage":0,"enemies":"Gensokyo:LivingMonolith","floor":10,"turns":3},{"damage":28,"enemies":"Gensokyo:Mamizou","floor":12,"turns":9},{"damage":165,"enemies":"Gensokyo:Yukari","floor":16,"turns":12}],"seed_played":"956067572053949805","potions_obtained":[{"floor":3,"key":"PowerPotion"},{"floor":12,"key":"ColorlessPotion"}],"is_trial":false,"path_per_floor":["M","$","M","?","M","E","M","$","T","M","?","E","R","?","R","B"],"character_chosen":"DOCTOR_CLASS","items_purchased":["ats:Burning Ground","ats:Healing Strengthening"],"campfire_rested":0,"item_purchase_floors":[2,8],"current_hp_per_floor":[67,67,66,65,59,27,27,27,27,38,38,48,48,48,48,0,0],"gold":84,"neow_bonus":"UPGRADE_CARD","is_daily":false,"chose_seed":false,"campfire_upgraded":2,"win_rate":0.0,"timestamp":1610885827,"path_taken":["M","?","M","?","M","E","M","?","T","?","?","E","R","?","R","BOSS"],"items_purchased_type":["Card","Card"],"build_version":"2020-12-22","purchased_purges":0,"victory":false,"max_hp_per_floor":[72,72,72,65,65,65,65,65,65,65,65,65,65,65,65,65,65],"card_choices":[{"not_picked":["ats:Flexible Camouflage","ats:Shell Defense"],"picked":"ats:Cat Scratch","floor":1},{"not_picked":["ats:Consecutive Shot Auto","ats:Shell Defense"],"picked":"ats:Part Time Job","floor":3},{"not_picked":["ats:Childhood Dance","ats:Healing Drone"],"picked":"ats:Ignite","floor":5},{"not_picked":["ats:Shell Defense","ats:Leaping Hammer"],"picked":"ats:Disruption Kick","floor":6},{"not_picked":["ats:Childhood Dance","ats:Cat Scratch"],"picked":"ats:Healing Drone","floor":7},{"not_picked":["ats:Consecutive Shot Auto","ats:Thermite Blade","ats:Powerful Strike"],"picked":"SKIP","floor":10},{"not_picked":["ats:Rat Pack","ats:Explosion Area Strengthen"],"picked":"ats:Apocalypse","floor":12}],"player_experience":115924,"relics_obtained":[{"floor":6,"key":"ats:Originium"},{"floor":6,"key":"Incense Burner"},{"floor":9,"key":"Gambling Chip"},{"floor":12,"key":"ats:Originium"},{"floor":12,"key":"Tiny Chest"}],"event_choices":[],"is_beta":false,"boss_relics":[],"items_purged_floors":[],"is_endless":false,"potions_floor_spawned":[3,12],"killed_by":"Gensokyo:Yukari","ascension_level":0}}