{"host":"wc6e610eoah8l26z","time":1610915772,"event":{"mods":["BaseMod","Better Note","Hermit","Marisa????????","Minty Spire (QoL Compilation)","Relic Stats","Shop Mod","StSLib","The Animator","The Cursed","The Disciple","The Servant 0.9.4"],"gold_per_floor":[19,19,19,19,30,30,56,74,74,107,119,119,137,148,148,251,251,267,280,64,334,346,346,346,374,374,122,142,170,180,180,180,180,180],"floor_reached":33,"language":"ENG","playtime":905,"items_purged":[],"score":337,"play_id":"b217912a-acb8-4870-834f-dbee664abad3","local_time":"20210117143612","is_ascension_mode":true,"campfire_choices":[{"data":"Flex","floor":6,"key":"SMITH"},{"data":"Armaments","floor":12,"key":"SMITH"},{"data":"Flex","floor":15,"key":"SMITH"},{"floor":23,"key":"REST"},{"data":"Apotheosis","floor":32,"key":"SMITH"}],"circlet_count":0,"master_deck":["Strike_R","Strike_R","Strike_R","Strike_R","Strike_R","Defend_R","Defend_R","Defend_R","Defend_R","Bash","Cleave+1","Flex+1","Combust","Flex+1","Armaments+1","Brutality","Infernal Blade+1","Combust","Metallicize","Apotheosis+1","Reaper","Pummel","Rupture"],"relics":["Burning Blood","Matryoshka","Thread and Needle","Vajra","White Beast Statue","Letter Opener","Mark of Pain","Champion Belt","PreservedInsect","Paper Frog","Gremlin Horn","Ornamental Fan"],"acts_visited":["Exordium","TheCity"],"potions_floor_usage":[7,7,10,16,16,18,18,19,22,25,29,33,33,33],"damage_taken":[{"damage":0,"enemies":"Small Slimes","floor":1,"turns":3},{"damage":13,"enemies":"Jaw Worm","floor":5,"turns":3},{"damage":23,"enemies":"3 Sentries","floor":7,"turns":5},{"damage":0,"enemies":"Cultist","floor":8,"turns":2},{"damage":15,"enemies":"Gremlin Nob","floor":10,"turns":4},{"damage":13,"enemies":"Large Slime","floor":11,"turns":3},{"damage":0,"enemies":"2 Fungi Beasts","floor":13,"turns":2},{"damage":4,"enemies":"Exordium Wildlife","floor":14,"turns":4},{"damage":22,"enemies":"Hexaghost","floor":16,"turns":8},{"damage":3,"enemies":"Spheric Guardian","floor":18,"turns":3},{"damage":10,"enemies":"2 Thieves","floor":19,"turns":3},{"damage":21,"enemies":"Centurion and Healer","floor":22,"turns":4},{"damage":28,"enemies":"Gremlin Leader","floor":25,"turns":5},{"damage":38,"enemies":"Snake Plant","floor":28,"turns":5},{"damage":22,"enemies":"Slavers","floor":29,"turns":2},{"damage":19,"enemies":"Cultist and Chosen","floor":30,"turns":4},{"damage":70,"enemies":"Automaton","floor":33,"turns":6}],"seed_played":"-4221307878096813187","potions_obtained":[{"floor":1,"key":"Strength Potion"},{"floor":5,"key":"SkillPotion"},{"floor":7,"key":"ColorlessPotion"},{"floor":10,"key":"Swift Potion"},{"floor":11,"key":"Weak Potion"},{"floor":13,"key":"Weak Potion"},{"floor":16,"key":"BlessingOfTheForge"},{"floor":18,"key":"Dexterity Potion"},{"floor":19,"key":"Fruit Juice"},{"floor":22,"key":"Dexterity Potion"},{"floor":25,"key":"SneckoOil"},{"floor":28,"key":"CultistPotion"},{"floor":29,"key":"Explosive Potion"},{"floor":30,"key":"LiquidBronze"}],"is_trial":false,"path_per_floor":["M","?","?","$","M","R","E","M","T","E","M","R","M","M","R","B",null,"M","M","$","?","M","R","?","E","T","$","M","E","M","?","R","B"],"character_chosen":"IRONCLAD","items_purchased":["Metallicize","Apotheosis","Gremlin Horn"],"campfire_rested":1,"item_purchase_floors":[20,20,27],"current_hp_per_floor":[96,96,84,84,77,77,60,66,66,57,50,50,56,58,58,42,96,96,92,92,65,55,85,85,63,63,63,40,45,59,59,59,0,0],"gold":180,"neow_bonus":"TWENTY_PERCENT_HP_BONUS","is_daily":false,"chose_seed":false,"campfire_upgraded":4,"win_rate":0.0,"timestamp":1610915772,"path_taken":["M","?","?","?","M","R","E","M","T","E","M","R","M","M","R","BOSS","M","M","$","?","M","R","?","E","T","$","M","E","M","?","R","BOSS"],"items_purchased_type":["Card","Card","Relic"],"build_version":"2020-12-22","purchased_purges":0,"victory":false,"max_hp_per_floor":[96,96,96,96,96,96,96,96,96,96,96,96,96,96,96,96,96,96,96,96,96,101,101,101,101,101,101,101,101,101,101,101,101,101],"relic_stats":{"Gremlin Horn":[4,4],"counters":[17,66],"Ornamental Fan":[4],"PreservedInsect":39,"Letter Opener":[57],"Champion Belt":[1],"obtain_stats":[{"Matryoshka":3,"Gremlin Horn":27,"Ornamental Fan":29,"Vajra":9,"Thread and Needle":7,"Mark of Pain":17,"PreservedInsect":26,"Letter Opener":10,"Champion Belt":25,"Burning Blood":0,"White Beast Statue":9,"Paper Frog":26},{"Matryoshka":1,"Gremlin Horn":13,"Ornamental Fan":15,"Vajra":4,"Thread and Needle":3,"Mark of Pain":9,"PreservedInsect":13,"Letter Opener":5,"Champion Belt":13,"Burning Blood":0,"White Beast Statue":4,"Paper Frog":13},{"Matryoshka":3,"Gremlin Horn":49,"Ornamental Fan":56,"Vajra":13,"Thread and Needle":11,"Mark of Pain":34,"PreservedInsect":49,"Letter Opener":17,"Champion Belt":49,"Burning Blood":0,"White Beast Statue":13,"Paper Frog":49}],"Burning Blood":87},"card_choices":[{"not_picked":["True Grit","Clash"],"picked":"Cleave","floor":1},{"not_picked":["Sentinel","Burning Pact"],"picked":"Flex","floor":5},{"not_picked":["Sentinel","Clothesline"],"picked":"Combust","floor":7},{"not_picked":["True Grit","Sentinel"],"picked":"Flex","floor":8},{"not_picked":["Cleave","Shrug It Off"],"picked":"Armaments","floor":10},{"not_picked":["Seeing Red","Cleave","Iron Wave"],"picked":"SKIP","floor":11},{"not_picked":["Anger","Whirlwind","Evolve"],"picked":"SKIP","floor":13},{"not_picked":["Havoc","Corruption","Armaments"],"picked":"SKIP","floor":14},{"not_picked":["Double Tap","Corruption"],"picked":"Brutality","floor":16},{"not_picked":["Cleave","Headbutt"],"picked":"Infernal Blade+1","floor":18},{"not_picked":["Dark Embrace","Pommel Strike"],"picked":"Combust","floor":19},{"not_picked":["Flex","Body Slam","Pommel Strike"],"picked":"SKIP","floor":22},{"not_picked":["Iron Wave","Sword Boomerang"],"picked":"Reaper","floor":25},{"not_picked":["Armaments","Ghostly Armor+1"],"picked":"Pummel","floor":28},{"not_picked":["Hemokinesis","Evolve"],"picked":"Rupture","floor":29},{"not_picked":["Combust","Shrug It Off+1","Clash"],"picked":"SKIP","floor":30}],"player_experience":455728,"relics_obtained":[{"floor":7,"key":"Thread and Needle"},{"floor":9,"key":"Vajra"},{"floor":9,"key":"White Beast Statue"},{"floor":10,"key":"Letter Opener"},{"floor":25,"key":"Champion Belt"},{"floor":26,"key":"PreservedInsect"},{"floor":26,"key":"Paper Frog"},{"floor":29,"key":"Ornamental Fan"}],"event_choices":[{"damage_healed":0,"gold_gain":0,"player_choice":"Grow","damage_taken":0,"max_hp_gain":0,"max_hp_loss":0,"event_name":"Living Wall","floor":2,"gold_loss":0,"cards_upgraded":["Cleave"]},{"damage_healed":0,"gold_gain":0,"player_choice":"Success","damage_taken":12,"relics_obtained":["Matryoshka"],"max_hp_gain":0,"max_hp_loss":0,"event_name":"Scrap Ooze","floor":3,"gold_loss":0},{"damage_healed":0,"gold_gain":270,"player_choice":"GOLD GOLD GOLD ","damage_taken":27,"max_hp_gain":0,"max_hp_loss":0,"event_name":"Knowing Skull","floor":21,"potions_obtained":[],"gold_loss":0,"cards_obtained":[]},{"damage_healed":0,"gold_gain":0,"player_choice":"Ignored","damage_taken":0,"max_hp_gain":0,"max_hp_loss":0,"event_name":"Transmorgrifier","floor":24,"gold_loss":0},{"cards_removed":["Apotheosis"],"damage_healed":0,"gold_gain":0,"player_choice":"Give","damage_taken":0,"max_hp_gain":0,"max_hp_loss":0,"event_name":"betterNote:BetterNote","floor":31,"gold_loss":0,"cards_obtained":["Barricade"]}],"is_beta":false,"boss_relics":[{"not_picked":["Runic Dome","Philosopher\u0027s Stone"],"picked":"Mark of Pain"}],"items_purged_floors":[],"is_endless":false,"potions_floor_spawned":[1,5,7,10,11,13,14,16,18,19,22,25,28,29,30],"killed_by":"Automaton","ascension_level":1}}