{"host":"9j9ju8r45kuhshxi","time":1610905554,"event":{"mods":["BaseMod","Colored Map","Colored Powertips","Highlight Path","Minty Spire (QoL Compilation)","Replay The Spire","Ryuuou龙王","StSLib","[功能]功能增强和修复MOD"],"gold_per_floor":[110,97,97,107,82,121,121,164,187,187,231,231,231,231,258,305,305,433,433,456,471,484,508,448,491,524,568,568,615,641,650,685,685,685,818,818,843,1086,1095,1095,2123,2158,2158,0,0,1048,2072,3088,4127,4040,5103,6103,6103,6103,6121,7156,8156],"floor_reached":58,"language":"ZHS","playtime":1810,"items_purged":["Defend_R","Defend_R","Strike_R","Strike_R","Defend_R","Strike_R","Defend_R","Strike_R","Strike_R","Rupture","Pommel Strike","Flex+1","ReplayTheSpireMod:Muscle Training+1","Bash+1","Inflame+1","Immolate+1","Spot Weakness+1","Armaments+1","Body Slam+1","Defy Death+1","Shrug It Off+1","Infernal Blade+1","Ghostly Armor+1","Rupture+1","ReplayTheSpireMod:Limb From Limb+1","Apotheosis+1","Immolate+1","Metallicize+1","Thunderclap+1","Pommel Strike+1","ReplayReversal+1","Master of Strategy+1"],"score":2702,"play_id":"fc893da9-d813-40b2-9464-db75402affae","local_time":"20210118014554","is_ascension_mode":true,"campfire_choices":[{"floor":10,"key":"RECALL"},{"floor":14,"key":"REST"},{"floor":17,"key":"DIG"},{"floor":34,"key":"REST"},{"data":"Ryuuou:NotRegret","floor":43,"key":"SMITH"}],"circlet_count":0,"master_deck":["AscendersBane","Feed+1","Whirlwind+1","Demonic Infusion+1","Barricade+1","Pommel Strike+1","Ryuuou:NotRegret+1","Clothesline+1","Uppercut+1","Heavy Blade+1","Offering+1"],"relics":["Burning Blood","Membership Card","Happy Flower","Omamori","FaceOfCleric","Medical Kit","Gremlin Food","InkBottle","CeramicFish","Golden Idol","Pear","Replay:Multitool","Juzu Bracelet","Bag of Preparation","Black Star","Lee\u0027s Waffle","Quantum Egg","ReplayTheSpireMod:Spearhead","Replay:Wax Seal","Singing Bowl","Bottled Flame","Nunchaku","Garlic","Replay:Rubber Ducky","Blue Candle","ReplayTheSpireMod:ShopPack","MealTicket","Question Card","Molten Egg 2","Nloth\u0027s Gift","Empty Cage","King of Hearts","Dream Catcher","Red Mask","Potion Belt","Frozen Egg 2","Toxic Egg 2","Bag of Marbles","Replay:Baseball","Ice Cream","Strange Spoon","Bottled Lightning","Incense Burner","Ring of Peace","Ring of Fury","TheAbacus","Whetstone","Bronze Scales","ReplayFunnel","Replay:WaspNest"],"acts_visited":["Exordium","TheCity","TheBeyond","TheEnding"],"potions_floor_usage":[6,6,8,8,11,15,16,20,26,29],"damage_taken":[{"damage":2,"enemies":"2 Louse","floor":1,"turns":2},{"damage":1,"enemies":"Cultist","floor":4,"turns":3},{"damage":6,"enemies":"Gremlin Nob","floor":6,"turns":3},{"damage":1,"enemies":"Lagavulin","floor":8,"turns":3},{"damage":1,"enemies":"Gremlin Nob","floor":11,"turns":2},{"damage":0,"enemies":"Small Slimes","floor":15,"turns":1},{"damage":0,"enemies":"3 Sentries","floor":16,"turns":1},{"damage":41,"enemies":"Hexaghost","floor":18,"turns":3},{"damage":12,"enemies":"Shell Parasite","floor":20,"turns":2},{"damage":0,"enemies":"2 Thieves","floor":21,"turns":1},{"damage":1,"enemies":"Shelled Parasite and Fungi","floor":23,"turns":2},{"damage":1,"enemies":"Slavers","floor":25,"turns":1},{"damage":1,"enemies":"3 Cultists","floor":26,"turns":1},{"damage":7,"enemies":"Book of Stabbing","floor":27,"turns":2},{"damage":1,"enemies":"Slavers","floor":29,"turns":1},{"damage":0,"enemies":"Book of Stabbing","floor":32,"turns":1},{"damage":0,"enemies":"Collector","floor":35,"turns":1},{"damage":32,"enemies":"3 Shapes","floor":37,"turns":1},{"damage":0,"enemies":"Orb Walker","floor":41,"turns":1},{"damage":1,"enemies":"Giant Head","floor":42,"turns":1},{"damage":0,"enemies":"Reptomancer","floor":46,"turns":1},{"damage":0,"enemies":"Spire Growth","floor":47,"turns":1},{"damage":0,"enemies":"Maw","floor":48,"turns":1},{"damage":0,"enemies":"R_Hoarder","floor":49,"turns":1},{"damage":0,"enemies":"Mind Bloom Boss Battle","floor":51,"turns":1},{"damage":0,"enemies":"Awakened One","floor":52,"turns":3},{"damage":0,"enemies":"Shield and Spear","floor":56,"turns":1},{"damage":7,"enemies":"The Heart","floor":57,"turns":3}],"seed_played":"5370388967228839759","potions_obtained":[{"floor":1,"key":"PowerPotion"},{"floor":4,"key":"ElixirPotion"},{"floor":6,"key":"ColorlessPotion"},{"floor":6,"key":"Block Potion"},{"floor":8,"key":"Explosive Potion"},{"floor":11,"key":"Venom Potion"},{"floor":11,"key":"Explosive Potion"},{"floor":15,"key":"Regen Potion"},{"floor":16,"key":"Strength Potion"},{"floor":18,"key":"AttackPotion"},{"floor":20,"key":"FearPotion"},{"floor":23,"key":"SneckoOil"},{"floor":26,"key":"Regen Potion"},{"floor":29,"key":"Fruit Juice"},{"floor":29,"key":"GamblersBrew"},{"floor":35,"key":"Adrenaline Potion"},{"floor":41,"key":"SteroidPotion"},{"floor":48,"key":"BlessingOfTheForge"},{"floor":49,"key":"Regen Potion"}],"is_trial":false,"path_per_floor":["M","$","?","M","$","E","?","E","T","R","E","PTL","PTL","R","M","E","R_BF","B",null,"M","M","$","M","?","E","M","E","T","E","$","?","E","?","R_BF","B",null,"M","?","?","?","M","E","R","?","T","E","M","M","E","$","R","B",null,"R","$","E","B",null],"character_chosen":"IRONCLAD","items_purchased":["Membership Card","Happy Flower","Omamori","Feed","ReplayTheSpireMod:Muscle Training","Metallicize","Medical Kit","Gremlin Food","InkBottle","Immolate","Rupture","Spot Weakness+1","Thunderclap","Lee\u0027s Waffle","Quantum Egg","PreservedInsect","Uppercut","Infernal Blade","Blue Candle","ReplayTheSpireMod:ShopPack","MealTicket","ReplayTheSpireMod:Limb From Limb","Master of Strategy","Clothesline+1","Uppercut+1","Ice Cream","Strange Spoon","Bottled Lightning","TheAbacus","Whetstone","Bronze Scales","Heavy Blade+1","Offering+1"],"campfire_rested":2,"item_purchase_floors":[2,2,2,2,2,2,5,5,5,5,5,5,5,22,22,22,22,22,30,30,30,30,30,50,50,50,50,50,55,55,55,55,55],"current_hp_per_floor":[55,55,55,61,61,62,62,78,78,78,84,84,84,94,95,96,96,62,88,1085,1092,1108,2111,2111,2112,2113,2118,2118,2125,2127,2127,2130,2130,2130,2131,2131,2106,1575,2134,2134,2135,2138,2138,2138,2138,2139,2142,2145,2148,2148,3154,3163,3163,3163,3163,3170,3170],"gold":8156,"neow_bonus":"THREE_RARE_CARDS","is_daily":false,"chose_seed":false,"campfire_upgraded":1,"win_rate":0.0,"timestamp":1610905554,"path_taken":["M","$","?","M","?","E","?","E","T","R","E","PTL","PTL","R","M","E","R_BF","BOSS","M","M","$","M","?","E","M","E","T","E","$","?","E","?","R_BF","BOSS","M","?","?","?","M","E","R","?","T","E","M","M","E","$","R","BOSS","R","$","E","BOSS"],"items_purchased_type":["Relic","Relic","Relic","Card","Card","Card","Relic","Relic","Relic","Card","Card","Card","Card","Relic","Relic","Relic","Card","Card","Relic","Relic","Relic","Card","Card","Card","Card","Relic","Relic","Relic","Relic","Relic","Relic","Card","Card"],"build_version":"2020-12-22","purchased_purges":32,"victory":true,"max_hp_per_floor":[80,80,80,81,81,82,82,93,93,93,94,94,94,94,95,96,96,97,97,1100,1101,1108,2111,2111,2112,2113,2119,2119,2125,2127,2127,2130,2130,2130,2131,2131,2132,2134,2134,2134,2135,2138,2138,2138,2138,2139,2142,2145,2148,2148,3154,3163,3163,3163,3163,3170,3171],"card_choices":[{"not_picked":["Berserk","Eclipse"],"picked":"Fiend Fire","floor":0},{"not_picked":["Warcry","Clash"],"picked":"Flex","floor":1},{"not_picked":["Sword Boomerang","ReplayTheSpireMod:Strike From Hell"],"picked":"Inflame","floor":4},{"not_picked":["Cleave","Entrench"],"picked":"Pommel Strike","floor":6},{"not_picked":["Clothesline","Shrug It Off"],"picked":"Whirlwind","floor":8},{"not_picked":["Burning Pact","Wild Strike"],"picked":"Armaments","floor":11},{"not_picked":["ReplayTheSpireMod:Strike From Hell","Havoc","Body Slam"],"picked":"SKIP","floor":15},{"not_picked":["ReplayTheSpireMod:Strike From Hell","Havoc"],"picked":"Body Slam","floor":15},{"not_picked":["Twin Strike","Corruption"],"picked":"Defy Death","floor":16},{"not_picked":["Hemogenesis","Exhume"],"picked":"Demonic Infusion","floor":18},{"not_picked":["Pommel Strike","Havoc+1"],"picked":"Shrug It Off","floor":20},{"not_picked":["Clash","Dark Embrace","Abandon"],"picked":"SKIP","floor":21},{"not_picked":["Havoc","Shockwave"],"picked":"Pommel Strike+1","floor":23},{"not_picked":["Wild Strike+1","Eclipse","Second Wind"],"picked":"SKIP","floor":25},{"not_picked":["Feel No Pain+1","Cleave"],"picked":"Ghostly Armor","floor":26},{"not_picked":["Evolve","Sword Boomerang","Rampage"],"picked":"Singing Bowl","floor":27},{"not_picked":["Clash","Heavy Blade"],"picked":"Rupture+1","floor":29},{"not_picked":["HandOfGreed","Violence"],"picked":"Apotheosis","floor":30},{"not_picked":["Flash of Steel","Secret Technique"],"picked":"Master of Strategy","floor":30},{"not_picked":["ReplayTheSpireMod:Private Reserves","Good Instincts","Impatience"],"picked":"Singing Bowl","floor":30},{"not_picked":["Searing Blow+1","Iron Wave+1","Clash+1"],"picked":"Singing Bowl","floor":32},{"not_picked":["Offering","Reaper+1","Exhume"],"picked":"Barricade","floor":35},{"not_picked":["Run Through+1","ReplayTheSpireMod:Strike From Hell+1","Perfected Strike+1"],"picked":"Pommel Strike+1","floor":37},{"not_picked":["Pummel+1","Run Through+1","Twin Strike+1","ReplayTheSpireMod:LeadingStrike+1"],"picked":"Singing Bowl","floor":38},{"not_picked":["Flame Barrier","Sword Boomerang+1","Intimidate"],"picked":"Immolate+1","floor":41},{"not_picked":["Wild Strike+1","Seeing Red+1","Run Through+1","Twin Strike+1"],"picked":"Singing Bowl","floor":42},{"not_picked":["Feel No Pain+1","Twin Strike+1","Berserk+1"],"picked":"ReplayReversal+1","floor":46},{"not_picked":["Armaments+1","Fiend Fire+1","Wild Strike+1","Clash+1"],"picked":"Singing Bowl","floor":47},{"not_picked":["ReplayTheSpireMod:Corrosion Curse+1","Pommel Strike+1","Body Slam+1","Sword Boomerang+1"],"picked":"Singing Bowl","floor":48},{"not_picked":["Body Slam+1","Replay:Undeath\u0027s Touch+1","Juggernaut+1","Corruption+1"],"picked":"Singing Bowl","floor":49},{"not_picked":["Bloodletting+1","Evolve+1","Havoc+1","Cleave+1"],"picked":"Singing Bowl","floor":51},{"not_picked":["Replay:Undeath\u0027s Touch+1","Headbutt+1","Dropkick+1","Barricade+1"],"picked":"Singing Bowl","floor":56}],"player_experience":149607,"relics_obtained":[{"floor":6,"key":"CeramicFish"},{"floor":8,"key":"Pear"},{"floor":11,"key":"Replay:Multitool"},{"floor":16,"key":"Juzu Bracelet"},{"floor":17,"key":"Bag of Preparation"},{"floor":25,"key":"ReplayTheSpireMod:Spearhead"},{"floor":25,"key":"Replay:Wax Seal"},{"floor":27,"key":"Singing Bowl"},{"floor":27,"key":"Bottled Flame"},{"floor":28,"key":"Nunchaku"},{"floor":29,"key":"Garlic"},{"floor":29,"key":"Replay:Rubber Ducky"},{"floor":32,"key":"Question Card"},{"floor":32,"key":"Molten Egg 2"},{"floor":42,"key":"King of Hearts"},{"floor":42,"key":"Dream Catcher"},{"floor":45,"key":"Potion Belt"},{"floor":46,"key":"Frozen Egg 2"},{"floor":46,"key":"Toxic Egg 2"},{"floor":49,"key":"Bag of Marbles"},{"floor":49,"key":"Replay:Baseball"},{"floor":51,"key":"Incense Burner"},{"floor":54,"key":"Ring of Peace"},{"floor":54,"key":"Ring of Fury"},{"floor":56,"key":"ReplayFunnel"},{"floor":56,"key":"Replay:WaspNest"}],"event_choices":[{"damage_healed":0,"gold_gain":0,"player_choice":"Trade","damage_taken":0,"relics_obtained":["FaceOfCleric"],"max_hp_gain":0,"max_hp_loss":0,"event_name":"FaceTrader","floor":3,"gold_loss":0},{"damage_healed":0,"gold_gain":0,"player_choice":"Take Wound","damage_taken":0,"relics_obtained":["Golden Idol"],"max_hp_gain":0,"max_hp_loss":0,"event_name":"Golden Idol","floor":7,"gold_loss":0,"cards_obtained":["Injury"]},{"damage_healed":0,"gold_gain":0,"cards_transformed":["Master of Strategy"],"player_choice":"Transformed","damage_taken":0,"max_hp_gain":0,"max_hp_loss":0,"event_name":"Transmorgrifier","floor":31,"gold_loss":0,"cards_obtained":["The Bomb"]},{"damage_healed":0,"gold_gain":0,"player_choice":"Traded Relic","damage_taken":0,"relics_obtained":["Nloth\u0027s Gift"],"max_hp_gain":0,"max_hp_loss":0,"event_name":"N\u0027loth","floor":33,"relics_lost":["PreservedInsect"],"gold_loss":0},{"cards_removed":["Uppercut"],"damage_healed":0,"gold_gain":0,"player_choice":"Removed Attack","damage_taken":0,"max_hp_gain":0,"max_hp_loss":0,"event_name":"Falling","floor":40,"gold_loss":0},{"damage_healed":0,"gold_gain":0,"player_choice":"Paid","damage_taken":0,"relics_obtained":["Red Mask"],"max_hp_gain":0,"max_hp_loss":0,"event_name":"Tomb of Lord Red Mask","floor":44,"gold_loss":2158},{"damage_healed":0,"gold_gain":0,"player_choice":"Fight","damage_taken":0,"max_hp_gain":0,"max_hp_loss":0,"event_name":"MindBloom","floor":51,"gold_loss":0}],"is_beta":false,"boss_relics":[{"not_picked":["Ooze Armor","Busted Crown"],"picked":"Black Star"},{"not_picked":["Kintsugi","Painkiller Herb"],"picked":"Empty Cage"}],"items_purged_floors":[2,2,2,5,5,5,5,5,22,30,30,50,50,50,50,50,50,50,50,50,50,50,50,50,50,50,50,50,50,50,50,50],"is_endless":false,"potions_floor_spawned":[1,4,6,6,8,11,11,15,16,18,18,20,21,21,23,25,26,27,27,29,29,29,32,35,35,37,41,41,42,47,47,48,49,49,51,56,56],"ascension_level":11}}