{"host":"d7fiu2yjkssjxoz6","time":1610918972,"event":{"mods":["AchievementEnabler","BaseMod","Duelist Mod","GifTheSpireLib","Minty Spire (QoL Compilation)","StSLib"],"gold_per_floor":[12,26,40,52,69,69,96,96,120,120,148,164,183,201,201,300,300,300,300,300,300,300,300,300,300,300,300,300,300,300,300,300,300,300,300,300,300,300,300,300,300,300,300,300,300,300,300,300,300,300,300,300,16,16,16],"floor_reached":54,"language":"ENG","playtime":2995,"items_purged":[],"score":1182,"play_id":"5fb8625c-ed29-472d-85f0-9f7bc97b5397","local_time":"20210117132932","is_ascension_mode":true,"campfire_choices":[{"data":"theDuelist:PutridPudding","floor":6,"key":"SMITH"},{"data":"theDuelist:SilverApples","floor":8,"key":"SMITH"},{"floor":15,"key":"REST"},{"data":"theDuelist:Doomdog","floor":23,"key":"SMITH"},{"floor":27,"key":"RECALL"},{"data":"theDuelist:BlockGolem","floor":32,"key":"SMITH"},{"data":"theDuelist:MsJudge","floor":40,"key":"SMITH"},{"floor":42,"key":"REST"},{"data":"theDuelist:BlockGolem","floor":49,"key":"SMITH"},{"data":"theDuelist:RainbowKuriboh","floor":52,"key":"SMITH"}],"circlet_count":0,"master_deck":["theDuelist:ArchfiendSoldier","theDuelist:ArchfiendSoldier","theDuelist:ArchfiendSoldier","theDuelist:CastleWalls+1","theDuelist:CastleWalls","theDuelist:CastleWalls","theDuelist:FiendMegacyber","theDuelist:Sparks","theDuelist:Sparks","theDuelist:SummonedSkull","theDuelist:PutridPudding+1","theDuelist:GiantOrc","theDuelist:UmbralHorrorGhoul","theDuelist:ArchfiendInterceptor","theDuelist:BerserkerCrush+1","theDuelist:PutridPudding+1","theDuelist:SilverApples+1","theDuelist:PotGreed","theDuelist:PutridPudding","theDuelist:MsJudge","theDuelist:FabledGallabas","theDuelist:PutridPudding","theDuelist:CallGrave+1","theDuelist:Relinkuriboh+1","theDuelist:Doomdog+1","theDuelist:DarkMasterZorc","theDuelist:PotForbidden","theDuelist:EvilswarmNightmare+1","theDuelist:BlockGolem+1","theDuelist:ForbiddenLance","Injury","Doubt","theDuelist:Nameless:Magic:SpiralSpearStrike","theDuelist:Nameless:Power:SpiralSpearStrike","theDuelist:DarkCubicLord","theDuelist:DarklordMarie","theDuelist:RainbowKuriboh+1","Parasite","theDuelist:SlateWarrior+1","theDuelist:ArchfiendSoldier+1","theDuelist:BlockGolem+1","theDuelist:DeltaMagnet","theDuelist:AmbitiousGofer","theDuelist:CallGrave","theDuelist:FiendMegacyber","theDuelist:VanityFiend"],"relics":["theDuelist:MillenniumPuzzle","theDuelist:CardPoolRelic","theDuelist:CardPoolBasicRelic","theDuelist:BoosterPackPoolRelic","theDuelist:CardPoolAddRelic","theDuelist:CardPoolMinusRelic","theDuelist:CardPoolSaveRelic","theDuelist:CardPoolOptionsRelic","Bird Faced Urn","War Paint","Orichalcum","Ectoplasm","theDuelist:MillenniumArmor","Ancient Tea Set","Strawberry","Calipers","Happy Flower","Runic Cube","Blood Vial","theDuelist:SummonAnchor"],"acts_visited":["Exordium","TheCity","TheBeyond","TheEnding"],"potions_floor_usage":[13,13,14,14,25,41,50],"damage_taken":[{"damage":0,"enemies":"Cultist","floor":1,"turns":4},{"damage":0,"enemies":"Jaw Worm","floor":2,"turns":3},{"damage":11,"enemies":"2 Louse","floor":3,"turns":3},{"damage":1,"enemies":"Looter","floor":4,"turns":3},{"damage":4,"enemies":"Exordium Thugs","floor":5,"turns":4},{"damage":24,"enemies":"3 Sentries","floor":7,"turns":5},{"damage":9,"enemies":"Lagavulin","floor":11,"turns":5},{"damage":0,"enemies":"Large Slime","floor":12,"turns":5},{"damage":12,"enemies":"3 Louse","floor":13,"turns":3},{"damage":6,"enemies":"Exordium Wildlife","floor":14,"turns":3},{"damage":0,"enemies":"The Guardian","floor":16,"turns":7},{"damage":0,"enemies":"3 Byrds","floor":18,"turns":5},{"damage":0,"enemies":"Shell Parasite","floor":19,"turns":4},{"damage":2,"enemies":"Snake Plant","floor":20,"turns":3},{"damage":0,"enemies":"Cultist and Chosen","floor":22,"turns":4},{"damage":0,"enemies":"Sentry and Sphere","floor":24,"turns":3},{"damage":20,"enemies":"Slavers","floor":25,"turns":4},{"damage":0,"enemies":"Book of Stabbing","floor":28,"turns":3},{"damage":17,"enemies":"Gremlin Leader","floor":30,"turns":5},{"damage":8,"enemies":"Automaton","floor":33,"turns":8},{"damage":0,"enemies":"Orb Walker","floor":35,"turns":4},{"damage":8,"enemies":"3 Shapes","floor":37,"turns":4},{"damage":0,"enemies":"Writhing Mass","floor":38,"turns":5},{"damage":62,"enemies":"Reptomancer","floor":41,"turns":7},{"damage":6,"enemies":"Sphere and 2 Shapes","floor":44,"turns":4},{"damage":0,"enemies":"Spire Growth","floor":48,"turns":6},{"damage":27,"enemies":"Time Eater","floor":50,"turns":8},{"damage":88,"enemies":"Shield and Spear","floor":54,"turns":6}],"seed_played":"-8229529616967551082","potions_obtained":[{"floor":3,"key":"ColorlessPotion"},{"floor":5,"key":"Weak Potion"},{"floor":11,"key":"theDuelist:BurningPotion"},{"floor":13,"key":"SkillPotion"},{"floor":16,"key":"theDuelist:VoidBottle"},{"floor":20,"key":"theDuelist:DebuffFuryPotion"},{"floor":22,"key":"theDuelist:MillenniumElixir"},{"floor":30,"key":"theDuelist:BurningPotion"},{"floor":41,"key":"Weak Potion"}],"is_trial":false,"path_per_floor":["M","M","M","M","M","R","E","R","T","?","E","M","M","M","R","B",null,"M","M","M","?","M","R","M","E","T","R","E","?","E","?","R","B",null,"M","?","M","M","?","R","E","R","T","M","T","?","?","M","R","B",null,"R","$","E"],"character_chosen":"THE_DUELIST","items_purchased":["theDuelist:CallGrave","theDuelist:FiendMegacyber","theDuelist:VanityFiend"],"campfire_rested":2,"item_purchase_floors":[53,53,53],"current_hp_per_floor":[72,72,61,60,56,56,32,32,32,32,23,23,11,5,29,29,67,67,69,67,61,63,63,65,51,58,58,58,58,45,45,45,45,77,79,79,73,80,80,80,22,48,48,46,46,46,46,55,55,39,75,75,75,0,0],"gold":16,"neow_bonus":"THREE_RARE_CARDS","is_daily":false,"chose_seed":false,"campfire_upgraded":7,"win_rate":0.0,"timestamp":1610918972,"path_taken":["M","?","M","M","M","R","E","R","T","?","E","M","?","M","R","BOSS","M","M","M","?","M","R","M","E","T","R","E","?","E","?","R","BOSS","M","?","M","M","?","R","E","R","T","?","?","?","?","M","R","BOSS","R","$","E"],"items_purchased_type":["Card","Card","Card"],"build_version":"2020-12-22","purchased_purges":0,"victory":false,"max_hp_per_floor":[80,80,80,80,80,80,80,80,80,80,80,80,80,80,80,80,80,80,80,80,80,80,80,80,80,87,87,87,87,87,87,87,87,87,87,87,87,87,87,87,87,87,87,87,87,87,87,87,87,87,87,87,87,87,87],"card_choices":[{"not_picked":["theDuelist:Tierra","theDuelist:FeatherShot"],"picked":"theDuelist:PutridPudding","floor":0},{"not_picked":["theDuelist:Relinkuriboh","theDuelist:AmbitiousGofer","theDuelist:DarkFusion","theDuelist:TwinHeadedWolf"],"picked":"theDuelist:GiantOrc","floor":1},{"not_picked":["theDuelist:TerraTerrible","theDuelist:PortraitSecret","theDuelist:DarknessNeosphere","theDuelist:Pumprincess"],"picked":"theDuelist:UmbralHorrorGhoul","floor":2},{"not_picked":["theDuelist:CheerfulCoffin","theDuelist:GoblinKing","theDuelist:GrossGhost","theDuelist:SkullArchfiend"],"picked":"theDuelist:ArchfiendInterceptor","floor":3},{"not_picked":["theDuelist:ClearKuriboh","theDuelist:Cloning","theDuelist:OneForOne+1","theDuelist:RedMedicine+1"],"picked":"theDuelist:BerserkerCrush+1","floor":4},{"not_picked":["theDuelist:DarkCubicLord","theDuelist:Wildfire","theDuelist:ArchfiendGeneral","theDuelist:Tierra"],"picked":"theDuelist:PutridPudding","floor":5},{"not_picked":["theDuelist:LightningDarts","theDuelist:StormingMirrorForce","theDuelist:TimeSeal","theDuelist:UltimateOffering"],"picked":"theDuelist:SilverApples","floor":7},{"not_picked":["theDuelist:BattleOx","theDuelist:Kuribohrn","theDuelist:HammerShot","theDuelist:HeavyStorm"],"picked":"theDuelist:PotGreed","floor":11},{"not_picked":["theDuelist:DarkCubicLord","theDuelist:Wildfire","theDuelist:ArchfiendCommander","theDuelist:Tierra"],"picked":"theDuelist:PutridPudding","floor":12},{"not_picked":["theDuelist:DarkTinker","theDuelist:ArchfiendSoldier","theDuelist:FlyingSaucer","theDuelist:PortraitSecret"],"picked":"theDuelist:MsJudge","floor":13},{"not_picked":["theDuelist:DoomcaliberKnight","theDuelist:ArchfiendGeneral"],"picked":"theDuelist:FabledGallabas","floor":14},{"not_picked":["theDuelist:DarkCubicLord","theDuelist:FeatherShot","theDuelist:ArchfiendGeneral","theDuelist:Tierra"],"picked":"theDuelist:PutridPudding","floor":16},{"not_picked":["theDuelist:DoomDonuts","theDuelist:DarknessNeosphere","theDuelist:RedMirror","theDuelist:Doomdog"],"picked":"theDuelist:CallGrave+1","floor":18},{"not_picked":["theDuelist:Lajinn","theDuelist:AmbitiousGofer+1","theDuelist:CheerfulCoffin","theDuelist:TerraTerrible"],"picked":"theDuelist:Relinkuriboh+1","floor":19},{"not_picked":["theDuelist:RedSprinter+1","theDuelist:DarkFusion","theDuelist:GiantOrc","theDuelist:DoomcaliberKnight"],"picked":"theDuelist:Doomdog","floor":20},{"not_picked":["theDuelist:BottomlessTrapHole+1","theDuelist:BlastAsmodian","theDuelist:WanderingKing","theDuelist:DoomsdayHorror"],"picked":"theDuelist:DarkMasterZorc","floor":22},{"not_picked":["theDuelist:EarthEffigy","theDuelist:GolemSentry","theDuelist:MudGolem","theDuelist:PowerGiant"],"picked":"theDuelist:PotForbidden","floor":24},{"not_picked":["theDuelist:UmbralHorrorGhoul","theDuelist:GoblinKing","theDuelist:AcidTrapHole","theDuelist:CallGrave"],"picked":"theDuelist:EvilswarmNightmare+1","floor":25},{"not_picked":["theDuelist:DestroyerGolem","theDuelist:WormWarlord","theDuelist:FluteKuriboh","theDuelist:UltimateOffering"],"picked":"theDuelist:BlockGolem","floor":28},{"not_picked":["theDuelist:BigFire","theDuelist:GaiaMidNightSun","theDuelist:LightningVortex","theDuelist:PowerGiant"],"picked":"theDuelist:ForbiddenLance","floor":30},{"not_picked":["theDuelist:Wildfire","theDuelist:ArchfiendGeneral","theDuelist:FabledGallabas","theDuelist:DarkMasterZorc"],"picked":"theDuelist:DarkCubicLord","floor":33},{"not_picked":["theDuelist:WanderingKing+1","theDuelist:ArchfiendHeiress+1","theDuelist:BlackPendant","theDuelist:GilfordLegend+1"],"picked":"theDuelist:DarklordMarie","floor":35},{"not_picked":["theDuelist:GreyGreedOni","theDuelist:PurplePainOni","theDuelist:RainbowOverdragon+1","theDuelist:RedHeadedOni"],"picked":"theDuelist:RainbowKuriboh","floor":37},{"not_picked":["theDuelist:AmbitiousGofer","theDuelist:PotDuality","theDuelist:GrossGhost","theDuelist:TributeDoomed"],"picked":"theDuelist:MsJudge","floor":38},{"not_picked":["theDuelist:GarbageLord+1","theDuelist:WanderingKing","theDuelist:AcidTrapHole+1","theDuelist:ArchfiendGeneral"],"picked":"theDuelist:SlateWarrior+1","floor":39},{"not_picked":["theDuelist:DarkFusion","theDuelist:TerraTerrible","theDuelist:FlyingSaucer+1","theDuelist:FiendishChain"],"picked":"theDuelist:ArchfiendSoldier+1","floor":41},{"not_picked":["theDuelist:DestroyerGolem+1","theDuelist:DokiDoki","theDuelist:WeepingIdol","theDuelist:Blockman"],"picked":"theDuelist:BlockGolem","floor":44},{"not_picked":["theDuelist:CyberArchfiend+1","theDuelist:KingYami","theDuelist:PortraitSecret+1","theDuelist:UmbralHorrorUniform+1"],"picked":"theDuelist:AmbitiousGofer","floor":48}],"player_experience":227480,"relics_obtained":[{"floor":7,"key":"Bird Faced Urn"},{"floor":9,"key":"War Paint"},{"floor":11,"key":"Orichalcum"},{"floor":25,"key":"Ancient Tea Set"},{"floor":26,"key":"Strawberry"},{"floor":28,"key":"Calipers"},{"floor":30,"key":"Happy Flower"},{"floor":41,"key":"Blood Vial"},{"floor":45,"key":"theDuelist:SummonAnchor"}],"event_choices":[{"damage_healed":0,"gold_gain":0,"player_choice":"Bought 0 Potions","damage_taken":0,"max_hp_gain":0,"max_hp_loss":0,"event_name":"The Woman in Blue","floor":10,"gold_loss":0},{"damage_healed":0,"gold_gain":0,"player_choice":"Dig - random Duelist relic","duelist":true,"damage_taken":0,"max_hp_gain":0,"max_hp_loss":0,"event_name":"Aknamkanon\u0027s Tomb","floor":21,"gold_loss":0},{"damage_healed":0,"gold_gain":0,"player_choice":"Ignored","damage_taken":0,"max_hp_gain":0,"max_hp_loss":0,"event_name":"Beggar","floor":29,"gold_loss":0},{"power_reward":4,"total_magic_score":93,"gold_gain":0,"duelist":true,"damage_taken":0,"relics_obtained":[],"points":6,"max_hp_gain":0,"max_hp_loss":0,"spent_points":{"magic":2,"greed":0,"war":0,"power":4,"hunger":0},"event_name":"Nameless Tomb","floor":31,"gold_loss":0,"magic_reward":2,"cards_obtained":["theDuelist:Nameless:Magic:SpiralSpearStrike","Injury","Doubt","theDuelist:Nameless:Power:SpiralSpearStrike"]},{"damage_healed":0,"gold_gain":0,"player_choice":"Ignored","damage_taken":0,"max_hp_gain":0,"max_hp_loss":0,"event_name":"Tomb of Lord Red Mask","floor":36,"gold_loss":0},{"damage_healed":0,"gold_gain":0,"player_choice":"Memory 1","damage_taken":0,"max_hp_gain":0,"max_hp_loss":0,"event_name":"SensoryStone","floor":39,"gold_loss":0},{"damage_healed":0,"gold_gain":0,"player_choice":"Delta Electro","duelist":true,"damage_taken":0,"max_hp_gain":0,"max_hp_loss":0,"event_name":"Egyptian Village","floor":46,"gold_loss":0,"cards_obtained":["Delta Electromagnet Warrior"]},{"cards_removed":["theDuelist:MsJudge"],"damage_healed":0,"gold_gain":0,"player_choice":"Removed Skill","damage_taken":0,"max_hp_gain":0,"max_hp_loss":0,"event_name":"Falling","floor":47,"gold_loss":0}],"is_beta":false,"boss_relics":[{"not_picked":["Fusion Hammer","HoveringKite"],"picked":"Ectoplasm"},{"not_picked":["theDuelist:MillenniumKey","Pandora\u0027s Box"],"picked":"Runic Cube"}],"items_purged_floors":[],"is_endless":false,"potions_floor_spawned":[3,5,11,13,16,20,22,24,30,38,41,48],"killed_by":"Shield and Spear","ascension_level":8}}