{"host":"fkig9nrckec4xsh0","time":1610870250,"event":{"mods":["BaseMod","Colored Map","Minty Spire (QoL Compilation)","Quick Restart","Replay The Spire","StSLib"],"gold_per_floor":[110,385,402,414,442,442,474,484,534,534,459,489,489,509,509,608,608,603,628,644,644,644,644,644],"floor_reached":23,"language":"ENG","playtime":861,"items_purged":[],"score":407,"play_id":"b2eecdd8-e925-443a-8b52-ad24bd56e82b","local_time":"20210117025730","is_ascension_mode":true,"campfire_choices":[{"data":"Perfected Strike","floor":6.0,"key":"SMITH"},{"data":"Secret Technique","floor":10.0,"key":"SMITH"},{"data":"Battle Trance","floor":15.0,"key":"SMITH"}],"circlet_count":0,"master_deck":["AscendersBane","Strike_R","Strike_R","Strike_R","Strike_R","Strike_R","Defend_R","Defend_R","Defend_R","Defend_R","Bash","Secret Technique+1","Battle Trance+1","Flame Barrier","Wild Strike","Perfected Strike+1","Shrug It Off","Injury","Berserk","ReplayTheSpireMod:Muscle Training","ReplayTheSpireMod:Muscle Training"],"relics":["Black Blood","Bronze Scales","Gremlin Horn","Juzu Bracelet","ReplayTheSpireMod:Spearhead","Golden Idol"],"acts_visited":["Exordium","TheCity"],"potions_floor_usage":[16,16,20],"damage_taken":[{"damage":10.0,"enemies":"Small Slimes","floor":1.0,"turns":3.0},{"damage":9.0,"enemies":"Cultist","floor":3.0,"turns":3.0},{"damage":3.0,"enemies":"2 Louse","floor":4.0,"turns":3.0},{"damage":0.0,"enemies":"Lagavulin","floor":7.0,"turns":2.0},{"damage":3.0,"enemies":"Large Slime","floor":8.0,"turns":3.0},{"damage":19.0,"enemies":"3 Sentries","floor":12.0,"turns":9.0},{"damage":10.0,"enemies":"Exordium Thugs","floor":14.0,"turns":4.0},{"damage":33,"enemies":"Hexaghost","floor":16,"turns":11},{"damage":26,"enemies":"2 Thieves","floor":18,"turns":4},{"damage":0,"enemies":"3 Byrds","floor":19,"turns":1},{"damage":41,"enemies":"Snake Plant","floor":20,"turns":6},{"damage":24,"enemies":"Book of Stabbing","floor":23,"turns":2}],"seed_played":"6707419086922698687","potions_obtained":[{"floor":3.0,"key":"AttackPotion"},{"floor":4.0,"key":"LiquidMemories"},{"floor":8.0,"key":"Elixir"},{"floor":12.0,"key":"SpeedPotion"},{"floor":19,"key":"SpeedPotion"}],"is_trial":false,"path_per_floor":["M","?","M","M","?","R","E","M","T","R","?","E","?","M","R","B",null,"M","M","M","?","?","E"],"character_chosen":"IRONCLAD","items_purchased":[],"campfire_rested":0,"item_purchase_floors":[],"current_hp_per_floor":[64,64,61,64,42,42,48,51,51,51,51,38,38,34,34,7,53,39,51,22,22,22,0,0],"gold":644,"neow_bonus":"RANDOM_COLORLESS_2","is_daily":false,"chose_seed":false,"campfire_upgraded":3,"win_rate":0.0,"timestamp":1610870250,"path_taken":["M","?","M","?","?","R","E","?","T","R","?","E","?","M","R","BOSS","M","M","M","?","?","E"],"items_purchased_type":[],"build_version":"2020-12-22","purchased_purges":0,"victory":false,"max_hp_per_floor":[68,68,68,68,68,68,68,68,68,68,68,68,68,68,68,68,68,68,68,68,68,68,68,68],"card_choices":[{"not_picked":["Poisoned Strike","Panache"],"picked":"Secret Technique","floor":0.0},{"not_picked":["Dropkick","Shrug It Off"],"picked":"Battle Trance","floor":1.0},{"not_picked":["Power Through","Replay:Undeath\u0027s Touch"],"picked":"Flame Barrier","floor":3.0},{"not_picked":["Shrug It Off","Rampage"],"picked":"Wild Strike","floor":4.0},{"not_picked":["Iron Wave","Burning Pact"],"picked":"Perfected Strike","floor":5.0},{"not_picked":["Flame Barrier","Armaments"],"picked":"Shrug It Off","floor":5.0},{"not_picked":["Bloodletting","Infernal Blade"],"picked":"Shrug It Off","floor":7.0},{"not_picked":["Havoc","Pummel","Defy Death"],"picked":"SKIP","floor":8.0},{"not_picked":["ReplayReversal","Dropkick","Replay:Undeath\u0027s Touch"],"picked":"SKIP","floor":12.0},{"not_picked":["ReplayTheSpireMod:Corrosion Curse","Barricade","Rupture"],"picked":"SKIP","floor":14.0},{"not_picked":["Corruption","Reaper"],"picked":"Berserk","floor":16},{"not_picked":["Run Through","ReplayTheSpireMod:Corrosion Curse","Headbutt"],"picked":"SKIP","floor":18},{"not_picked":["Run Through","Flame Barrier","Searing Blow"],"picked":"SKIP","floor":19},{"not_picked":["Seeing Red+1","ReplayTheSpireMod:Strike From Hell"],"picked":"ReplayTheSpireMod:Muscle Training","floor":20}],"player_experience":332962,"relics_obtained":[{"floor":5.0,"key":"Bronze Scales"},{"floor":7.0,"key":"Gremlin Horn"},{"floor":9.0,"key":"Juzu Bracelet"},{"floor":12.0,"key":"ReplayTheSpireMod:Spearhead"}],"event_choices":[{"damage_healed":0.0,"max_hp_gain":0.0,"max_hp_loss":0.0,"gold_gain":275.0,"event_name":"Golden Shrine","player_choice":"Desecrate","floor":2.0,"gold_loss":0.0,"damage_taken":0.0,"cards_obtained":["Regret"]},{"cards_removed":["Regret"],"damage_healed":0.0,"max_hp_gain":0.0,"max_hp_loss":0.0,"gold_gain":0.0,"event_name":"The Cleric","player_choice":"Card Removal","floor":11.0,"gold_loss":75.0,"damage_taken":0.0},{"damage_healed":0.0,"max_hp_gain":0.0,"max_hp_loss":0.0,"gold_gain":0.0,"event_name":"Golden Idol","player_choice":"Take Wound","floor":13.0,"gold_loss":0.0,"damage_taken":0.0,"relics_obtained":["Golden Idol"],"cards_obtained":["Injury"]},{"damage_healed":0,"gold_gain":0,"cards_transformed":["Shrug It Off"],"player_choice":"Transformed","damage_taken":0,"max_hp_gain":0,"max_hp_loss":0,"event_name":"Transmorgrifier","floor":21,"gold_loss":0,"cards_obtained":["ReplayTheSpireMod:Muscle Training"]},{"damage_healed":0,"gold_gain":0,"player_choice":"Ignored","damage_taken":0,"max_hp_gain":0,"max_hp_loss":0,"event_name":"Vampires","floor":22,"gold_loss":0}],"is_beta":false,"boss_relics":[{"not_picked":["Philosopher\u0027s Stone","Tiny House"],"picked":"Black Blood"}],"items_purged_floors":[],"is_endless":false,"potions_floor_spawned":[3,4,8,12,19],"killed_by":"Book of Stabbing","ascension_level":16}}