{"host":"5dow3bd5jfgo9g35","time":1610917323,"event":{"mods":["AchievementEnabler","BaseMod","Colored Powertips","Minty Spire (QoL Compilation)","Quick Restart"],"gold_per_floor":[110,110,121,121,134,162,178,197,197,197,197,217,217,242,242,342,342,354,279,279,131,144,170,170,170],"floor_reached":24,"language":"ENG","playtime":1425,"items_purged":[],"score":285,"play_id":"3dcdbb51-bede-42f8-8210-eb3306753a28","local_time":"20210117160203","is_ascension_mode":true,"campfire_choices":[{"data":"Setup","floor":10,"key":"SMITH"},{"data":"Phantasmal Killer","floor":15,"key":"SMITH"}],"circlet_count":0,"master_deck":["Strike_G+1","Strike_G+1","Strike_G+1","Strike_G+1","Defend_G+1","Defend_G+1","Defend_G+1","Defend_G+1","Survivor+1","Neutralize","Reflex","Leg Sweep","Bouncing Flask","Setup+1","Distraction","Flying Knee","Bouncing Flask","Phantasmal Killer+1","Bullet Time","Dagger Throw","Master of Strategy","Inflame"],"relics":["Ring of the Snake","NeowsBlessing","Mercury Hourglass","Meat on the Bone","Pear","Tiny Chest","Black Star","PrismaticShard","Bottled Flame","Happy Flower"],"acts_visited":["Exordium","TheCity"],"potions_floor_usage":[6,8,12,22,23,23],"damage_taken":[{"damage":0,"enemies":"Jaw Worm","floor":1,"turns":1},{"damage":0,"enemies":"Small Slimes","floor":3,"turns":1},{"damage":0,"enemies":"2 Louse","floor":5,"turns":1},{"damage":19,"enemies":"Lagavulin","floor":6,"turns":6},{"damage":0,"enemies":"Blue Slaver","floor":7,"turns":3},{"damage":0,"enemies":"2 Fungi Beasts","floor":8,"turns":3},{"damage":0,"enemies":"Large Slime","floor":12,"turns":3},{"damage":19,"enemies":"3 Sentries","floor":14,"turns":8},{"damage":25,"enemies":"Hexaghost","floor":16,"turns":8},{"damage":7,"enemies":"Chosen","floor":18,"turns":4},{"damage":11,"enemies":"Spheric Guardian","floor":22,"turns":3},{"damage":65,"enemies":"Slavers","floor":23,"turns":7},{"damage":21,"enemies":"Snake Plant","floor":24,"turns":2}],"seed_played":"8149332028655103689","potions_obtained":[{"floor":1,"key":"Block Potion"},{"floor":5,"key":"Strength Potion"},{"floor":7,"key":"DistilledChaos"},{"floor":8,"key":"SteroidPotion"},{"floor":14,"key":"Poison Potion"},{"floor":18,"key":"EssenceOfSteel"},{"floor":22,"key":"SteroidPotion"}],"is_trial":false,"path_per_floor":["M","?","M","?","M","E","M","M","T","R","?","M","T","E","R","B",null,"M","?","?","$","M","E","M"],"character_chosen":"THE_SILENT","items_purchased":["PrismaticShard"],"campfire_rested":0,"item_purchase_floors":[21],"current_hp_per_floor":[70,70,70,63,63,44,44,44,44,44,49,49,59,52,52,39,85,78,78,78,78,67,14,0,0],"gold":170,"neow_bonus":"THREE_ENEMY_KILL","is_daily":false,"chose_seed":false,"campfire_upgraded":2,"win_rate":0.0,"timestamp":1610917323,"path_taken":["M","?","M","?","M","E","M","M","T","R","?","M","?","E","R","BOSS","M","?","?","$","M","E","M"],"items_purchased_type":["Relic"],"build_version":"2020-12-22","purchased_purges":0,"victory":false,"max_hp_per_floor":[70,70,70,70,70,70,70,70,70,70,75,75,85,85,85,85,85,85,85,85,85,85,85,85,85],"card_choices":[{"not_picked":["Deadly Poison","Concentrate"],"picked":"Reflex","floor":1},{"not_picked":["Slice","Quick Slash"],"picked":"Leg Sweep","floor":3},{"not_picked":["Dagger Spray","Poisoned Stab"],"picked":"Bouncing Flask","floor":5},{"not_picked":["Malaise","Well Laid Plans"],"picked":"Setup","floor":6},{"not_picked":["Quick Slash","Backflip"],"picked":"Distraction","floor":7},{"not_picked":["Flechettes","Slice"],"picked":"Flying Knee","floor":8},{"not_picked":["Sucker Punch","Choke"],"picked":"Bouncing Flask","floor":12},{"not_picked":["Cloak And Dagger","Outmaneuver"],"picked":"Phantasmal Killer","floor":14},{"not_picked":["A Thousand Cuts","Die Die Die"],"picked":"Bullet Time","floor":16},{"not_picked":["Sucker Punch","Deadly Poison"],"picked":"Dagger Throw","floor":18},{"not_picked":["Shrug It Off","Dagger Spray"],"picked":"Master of Strategy","floor":22},{"not_picked":["Mind Blast","Headbutt"],"picked":"Inflame","floor":23}],"player_experience":1017125,"relics_obtained":[{"floor":6,"key":"Mercury Hourglass"},{"floor":9,"key":"Meat on the Bone"},{"floor":13,"key":"Pear"},{"floor":14,"key":"Tiny Chest"},{"floor":23,"key":"Bottled Flame"},{"floor":23,"key":"Happy Flower"}],"event_choices":[{"damage_healed":0,"gold_gain":0,"player_choice":"Grow","damage_taken":0,"max_hp_gain":0,"max_hp_loss":0,"event_name":"Living Wall","floor":2,"gold_loss":0,"cards_upgraded":["Survivor"]},{"cards_removed":["Defend_G"],"damage_healed":0,"gold_gain":0,"player_choice":"Card Removal","damage_taken":7,"max_hp_gain":0,"max_hp_loss":0,"event_name":"Golden Wing","floor":4,"gold_loss":0},{"damage_healed":0,"gold_gain":0,"player_choice":"Donut","damage_taken":0,"max_hp_gain":5,"max_hp_loss":0,"event_name":"Big Fish","floor":11,"gold_loss":0},{"cards_removed":["Strike_G"],"damage_healed":0,"gold_gain":0,"player_choice":"Gave Gold","damage_taken":0,"max_hp_gain":0,"max_hp_loss":0,"event_name":"Beggar","floor":19,"gold_loss":75},{"damage_healed":0,"gold_gain":0,"player_choice":"Simplicity","damage_taken":0,"max_hp_gain":0,"max_hp_loss":0,"event_name":"Back to Basics","floor":20,"gold_loss":0,"cards_upgraded":["Strike_G","Strike_G","Strike_G","Strike_G","Defend_G","Defend_G","Defend_G","Defend_G"]}],"is_beta":false,"boss_relics":[{"not_picked":["Philosopher\u0027s Stone","Fusion Hammer"],"picked":"Black Star"}],"items_purged_floors":[],"is_endless":false,"potions_floor_spawned":[1,5,7,8,14,18,22],"killed_by":"Snake Plant","ascension_level":3}}