{"host":"dtvgc7uk609653br","time":1610867238,"event":{"mods":["Arknights The Spire","BaseMod","Downfall","Hermit","Minty Spire (QoL Compilation)","Shade Mod","StSLib","The Bladedancer","The Druid"],"gold_per_floor":[111,61,61,61,85,125,125,141,141,157,157,180,199,124,124,247,247,270,270,270,270,288,288,331,352,352,376,376,376],"floor_reached":28,"language":"ENG","playtime":947,"items_purged":["hermit:Strike_Hermit"],"score":265,"play_id":"146564d6-6b61-4ee9-b4f3-fc62717a1c07","local_time":"20210117020718","is_ascension_mode":false,"campfire_choices":[{"data":"hermit:ItchyTrigger","floor":7,"key":"SMITH"},{"data":"hermit:Ricochet","floor":15,"key":"SMITH"},{"floor":23,"key":"REST"}],"circlet_count":0,"master_deck":["hermit:Strike_Hermit","hermit:Strike_Hermit","hermit:Defend_Hermit","hermit:Defend_Hermit","hermit:Defend_Hermit","hermit:Defend_Hermit","hermit:Snapshot+1","hermit:Covet","hermit:Snipe","hermit:ItchyTrigger+1","hermit:RoundhouseKick","hermit:TrackingShot","Bandage Up","hermit:Ricochet+1","hermit:Misfire","hermit:FromBeyond","hermit:HighCaliber+1","hermit:Midnight+1","hermit:FromBeyond","hermit:Headshot","hermit:Midnight"],"relics":["hermit:Momento","NeowsBlessing","Golden Idol","HornCleat","hermit:Horseshoe","Fusion Hammer","Bottled Flame","InkBottle"],"acts_visited":["Exordium","TheCity"],"potions_floor_usage":[16,16,27,27,28,28],"damage_taken":[{"damage":0,"enemies":"Small Slimes","floor":1,"turns":1},{"damage":0,"enemies":"Jaw Worm","floor":5,"turns":1},{"damage":0,"enemies":"3 Sentries","floor":6,"turns":1},{"damage":0,"enemies":"Cultist","floor":8,"turns":2},{"damage":1,"enemies":"3 Louse","floor":10,"turns":2},{"damage":11,"enemies":"Red Slaver","floor":12,"turns":4},{"damage":1,"enemies":"2 Fungi Beasts","floor":13,"turns":2},{"damage":48,"enemies":"Hexaghost","floor":16,"turns":11},{"damage":17,"enemies":"Shell Parasite","floor":18,"turns":4},{"damage":0,"enemies":"Spheric Guardian","floor":22,"turns":3},{"damage":53,"enemies":"Book of Stabbing","floor":24,"turns":6},{"damage":5,"enemies":"3 Cultists","floor":25,"turns":4},{"damage":11,"enemies":"Sentry and Sphere","floor":27,"turns":4},{"damage":18,"enemies":"Slavers","floor":28,"turns":1}],"seed_played":"-6628929122682241587","potions_obtained":[{"floor":12,"key":"Weak Potion"},{"floor":13,"key":"Guardian:BlockOnCardUsePotion"},{"floor":16,"key":"EntropicBrew"},{"floor":18,"key":"SneckoOil"},{"floor":27,"key":"Dexterity Potion"}],"is_trial":false,"path_per_floor":["M","?","?","?","M","E","R","M","T","M","?","M","M","$","R","B",null,"M","?","?","?","M","R","E","M","T","M","E"],"character_chosen":"HERMIT","items_purchased":[],"campfire_rested":1,"item_purchase_floors":[],"current_hp_per_floor":[75,75,57,57,57,57,57,57,57,56,56,49,52,52,52,8,75,58,58,58,58,62,75,26,25,25,18,0,0],"gold":376,"neow_bonus":"THREE_ENEMY_KILL","is_daily":false,"chose_seed":false,"campfire_upgraded":2,"win_rate":0.0,"timestamp":1610867238,"path_taken":["M","?","?","?","M","E","R","?","T","M","?","?","M","?","R","BOSS","M","?","?","?","M","R","E","M","T","M","E"],"items_purchased_type":[],"build_version":"2020-12-22","purchased_purges":1,"victory":false,"max_hp_per_floor":[75,75,75,75,75,75,75,75,75,75,75,75,75,75,75,75,75,75,75,75,75,75,75,75,75,75,75,75,75],"card_choices":[{"not_picked":["hermit:Coalescence","hermit:Misfire"],"picked":"hermit:Snipe","floor":1},{"not_picked":["hermit:Dive","hermit:Feint"],"picked":"hermit:ItchyTrigger","floor":5},{"not_picked":["hermit:Roulette","hermit:Dive"],"picked":"hermit:RoundhouseKick","floor":6},{"not_picked":["hermit:Snipe","hermit:CursedWeapon","hermit:BodyArmor"],"picked":"SKIP","floor":8},{"not_picked":["hermit:Quickdraw","hermit:CalledShot"],"picked":"hermit:TrackingShot","floor":10},{"not_picked":["hermit:GhostlyPresence","hermit:Roulette"],"picked":"hermit:Misfire","floor":12},{"not_picked":["hermit:TrackingShot","hermit:CursedWeapon","hermit:Cheat"],"picked":"SKIP","floor":13},{"not_picked":["hermit:FatalDesire","hermit:Adapt"],"picked":"hermit:FromBeyond","floor":16},{"not_picked":["hermit:Manifest","hermit:BodyArmor+1"],"picked":"hermit:HighCaliber+1","floor":18},{"not_picked":["hermit:Horror","hermit:TakeAim+1"],"picked":"hermit:Midnight+1","floor":22},{"not_picked":["hermit:Determination","hermit:Spite"],"picked":"hermit:FromBeyond","floor":24},{"not_picked":["hermit:Misfire+1","hermit:GhostlyPresence"],"picked":"hermit:Headshot","floor":25},{"not_picked":["hermit:Desperado","hermit:TakeAim"],"picked":"hermit:Midnight","floor":27}],"player_experience":551240,"relics_obtained":[{"floor":6,"key":"HornCleat"},{"floor":9,"key":"hermit:Horseshoe"},{"floor":24,"key":"Bottled Flame"},{"floor":26,"key":"InkBottle"}],"event_choices":[{"cards_removed":["hermit:Strike_Hermit"],"damage_healed":0,"gold_gain":0,"player_choice":"Card Removal","damage_taken":0,"max_hp_gain":0,"max_hp_loss":0,"event_name":"The Cleric","floor":2,"gold_loss":50},{"damage_healed":0,"gold_gain":0,"player_choice":"Take Damage","damage_taken":18,"relics_obtained":["Golden Idol"],"max_hp_gain":0,"max_hp_loss":0,"event_name":"Golden Idol","floor":3,"gold_loss":0},{"damage_healed":0,"gold_gain":0,"player_choice":"Forge","damage_taken":0,"max_hp_gain":0,"max_hp_loss":0,"event_name":"Accursed Blacksmith","floor":4,"gold_loss":0,"cards_upgraded":["hermit:Snapshot"]},{"damage_healed":0,"gold_gain":0,"player_choice":"2 cards matched","damage_taken":0,"max_hp_gain":0,"max_hp_loss":0,"event_name":"Match and Keep!","floor":11,"gold_loss":0,"cards_obtained":["Bandage Up","hermit:Ricochet"]},{"damage_healed":0,"gold_gain":0,"player_choice":"Ignored","damage_taken":0,"max_hp_gain":0,"max_hp_loss":0,"event_name":"The Mausoleum","floor":19,"gold_loss":0},{"damage_healed":0,"gold_gain":0,"player_choice":"Ignored","damage_taken":0,"max_hp_gain":0,"max_hp_loss":0,"event_name":"Cursed Tome","floor":20,"gold_loss":0},{"damage_healed":0,"gold_gain":0,"player_choice":"0 cards matched","damage_taken":0,"max_hp_gain":0,"max_hp_loss":0,"event_name":"Match and Keep!","floor":21,"gold_loss":0,"cards_obtained":[]}],"is_beta":false,"boss_relics":[{"not_picked":["SlaversCollar","Snecko Eye"],"picked":"Fusion Hammer"}],"items_purged_floors":[14],"is_endless":false,"potions_floor_spawned":[12,13,16,18,27],"killed_by":"Slavers","ascension_level":0}}