{"host":"usrgk25etjl0nf5i","time":1610862847,"event":{"mods":["2.2 Compatiblity","BaseMod","Downfall","Hubris","Minty Spire (QoL Compilation)","StSLib","SuperFastMode"],"gold_per_floor":[20,20,36,36,50,91,91,125,125,125,125,125,98,113,113,113,113],"floor_reached":16,"language":"ENG","playtime":486,"items_purged":[],"score":167,"play_id":"fba44567-8bf2-47d0-aec1-b363532c3232","local_time":"20210116215407","is_ascension_mode":true,"campfire_choices":[{"floor":7,"key":"REST"},{"floor":10,"key":"REST"},{"floor":15,"key":"REST"}],"circlet_count":0,"master_deck":["AscendersBane","Strike_B","Strike_B","Strike_B","Strike_B","Defend_B","Defend_B","Defend_B","Defend_B","Zap","Dualcast","Stack","Stack","Injury","Auto Shields","FTL","Gash","Loop","Conserve Battery","Static Discharge","Hologram","Self Repair"],"relics":["Cracked Core","Prayer Wheel","Golden Idol","NlothsMask","Blue Candle","Omamori","hubris:Icosahedron"],"acts_visited":["Exordium"],"potions_floor_usage":[6],"damage_taken":[{"damage":6,"enemies":"Jaw Worm","floor":1,"turns":4},{"damage":3,"enemies":"Small Slimes","floor":3,"turns":4},{"damage":0,"enemies":"Cultist","floor":5,"turns":3},{"damage":40,"enemies":"3 Sentries","floor":6,"turns":10},{"damage":36,"enemies":"Lagavulin","floor":8,"turns":7},{"damage":11,"enemies":"Looter","floor":14,"turns":4},{"damage":47,"enemies":"Slime Boss","floor":16,"turns":6}],"seed_played":"-4917029372439325444","potions_obtained":[{"floor":5,"key":"Swift Potion"},{"floor":8,"key":"sneckomod:MuddlingPotion"},{"floor":14,"key":"GamblersBrew"}],"is_trial":false,"path_per_floor":["M","?","M","?","M","E","R","E","T","R","?","?","?","M","R","B"],"character_chosen":"DEFECT","items_purchased":[],"campfire_rested":3,"item_purchase_floors":[],"current_hp_per_floor":[62,62,59,59,59,19,41,5,5,27,27,27,27,16,38,0,0],"gold":113,"neow_bonus":"ONE_RARE_RELIC","is_daily":false,"chose_seed":false,"campfire_upgraded":0,"win_rate":0.0,"timestamp":1610862847,"path_taken":["M","?","M","?","?","E","R","E","T","R","?","?","?","M","R","BOSS"],"items_purchased_type":[],"build_version":"2020-12-22","purchased_purges":0,"victory":false,"max_hp_per_floor":[75,75,75,75,75,75,75,75,75,75,75,75,75,75,75,75,75],"card_choices":[{"not_picked":["Recycle","Sweeping Beam"],"picked":"Stack","floor":1},{"not_picked":["Streamline","Ball Lightning"],"picked":"Stack","floor":1},{"not_picked":["Coolheaded","Streamline"],"picked":"Auto Shields","floor":3},{"not_picked":["Darkness","Storm"],"picked":"FTL","floor":3},{"not_picked":["Rebound","Heatsinks"],"picked":"Gash","floor":5},{"not_picked":["Amplify","Cold Snap"],"picked":"Loop","floor":5},{"not_picked":["Redo","Barrage"],"picked":"Conserve Battery","floor":6},{"not_picked":["Sunder","Loop"],"picked":"Thunder Strike","floor":8},{"not_picked":["Heatsinks","Coolheaded"],"picked":"Hologram","floor":14},{"not_picked":["Rebound","Go for the Eyes"],"picked":"Self Repair","floor":14}],"player_experience":644199,"relics_obtained":[{"floor":6,"key":"Blue Candle"},{"floor":8,"key":"Omamori"}],"event_choices":[{"damage_healed":0,"gold_gain":0,"player_choice":"Take Wound","damage_taken":0,"relics_obtained":["Golden Idol"],"max_hp_gain":0,"max_hp_loss":0,"event_name":"Golden Idol","floor":2,"gold_loss":0,"cards_obtained":["Injury"]},{"damage_healed":0,"gold_gain":0,"player_choice":"Trade","damage_taken":0,"relics_obtained":["NlothsMask"],"max_hp_gain":0,"max_hp_loss":0,"event_name":"FaceTrader","floor":4,"gold_loss":0},{"damage_healed":0,"gold_gain":0,"cards_transformed":["Thunder Strike"],"player_choice":"Change","damage_taken":0,"max_hp_gain":0,"max_hp_loss":0,"event_name":"Living Wall","floor":12,"gold_loss":0,"cards_obtained":["Static Discharge"]},{"damage_healed":0,"gold_gain":0,"player_choice":"Left Gold","damage_taken":0,"max_hp_gain":0,"max_hp_loss":0,"event_name":"World of Goop","floor":13,"gold_loss":27}],"is_beta":false,"boss_relics":[],"items_purged_floors":[],"is_endless":false,"potions_floor_spawned":[5,8,14],"killed_by":"Slime Boss","ascension_level":11}}