{"host":"fmwbmnqnrup981we","time":1610888718,"event":{"mods":["AchievementEnabler","Act Like it!","Alarm Clock","BaseMod","Better Altar","Better Match","Better Note","Better Skull","Better Synergies","Better Third Choice","Better Vampires","Block Reminder","Curses Come First","Displayed Cursed Tome","Downfall","Duelist Mod","Ekko","Elementarium","GungeonMod","HexUI Lib","HornydragonMod","Kratos Character Expansion","Marked Mod","Minty Spire (QoL Compilation)","Pikachu Mod","Poor People Problems","Quick Restart","Relic Stats","SIMod","StSLib","The Bug Knight","The Death Knight","The Forsaken","The Marked","The Necromancer","The Runesmith","The Servant 0.9.4","The Wild Card","TheHero","TheVacant","TheVelvet","Thieving Mod","Transform Curses","Waifu the Spire","Yuri Mod","everything is the same but u backflip on backflip"],"gold_per_floor":[112,123,138,138,157,186,206,206,206,226,226,240,261,288,288,387,387,403,417,417,327,56,56,76,96,164,164,164,89,106,116,116,116,116],"floor_reached":33,"language":"ENG","playtime":1514,"items_purged":["Eruption"],"score":274,"play_id":"63d63481-15d6-42c4-a340-6380a4f0d6ef","local_time":"20210117130518","is_ascension_mode":true,"campfire_choices":[{"floor":8.0,"key":"REST"},{"floor":15.0,"key":"REST"},{"floor":23.0,"key":"REST"},{"floor":27,"key":"REST"},{"floor":32,"key":"REST"}],"circlet_count":0,"master_deck":["Vigilance","Dramatic Entrance","Consecrate","Halt","ThirdEye","Sanctity","MarkedMod:GracefulMovements","EmptyFist","CutThroughFate","Weave","MarkedMod:GentlePulse","MarkedMod:GentlePulse","Halt","MasterReality+1","Weave+1","Swift Strike","Prostrate","Study","Good Instincts+1","Prostrate","Alpha"],"relics":["PureWater","KratosMod:chalice","Pandora\u0027s Box","theForsaken:ScaryMask","DemoMod:WeirdEgg","Odd Mushroom","Omamori","Calling Bell","Smiling Mask","Runesmith:Nanobots","Turnip","Mummified Hand","DemoMod:PinkGuonStone","Nloth\u0027s Gift"],"acts_visited":["Exordium","TheCity"],"potions_floor_usage":[31,33,33],"damage_taken":[{"damage":2.0,"enemies":"Cultist","floor":1.0,"turns":4.0},{"damage":0.0,"enemies":"Small Slimes","floor":2.0,"turns":2.0},{"damage":0.0,"enemies":"2 Louse","floor":3.0,"turns":2.0},{"damage":2.0,"enemies":"Large Slime","floor":5.0,"turns":2.0},{"damage":9.0,"enemies":"Gremlin Nob","floor":6.0,"turns":3.0},{"damage":3.0,"enemies":"Blue Slaver","floor":7.0,"turns":2.0},{"damage":1.0,"enemies":"3 Louse","floor":10.0,"turns":1.0},{"damage":2.0,"enemies":"Looter","floor":12.0,"turns":2.0},{"damage":17.0,"enemies":"The Mushroom Lair","floor":13.0,"turns":3.0},{"damage":9.0,"enemies":"3 Sentries","floor":14.0,"turns":3.0},{"damage":21.0,"enemies":"Hexaghost","floor":16.0,"turns":9.0},{"damage":32.0,"enemies":"3 Byrds","floor":18.0,"turns":5.0},{"damage":25.0,"enemies":"Shell Parasite","floor":19.0,"turns":7.0},{"damage":11.0,"enemies":"Snake Plant","floor":24.0,"turns":5.0},{"damage":11,"enemies":"Centurion and Healer","floor":25,"turns":5},{"damage":19,"enemies":"Shelled Parasite and Fungi","floor":30,"turns":6},{"damage":19,"enemies":"Snake Plant","floor":31,"turns":6},{"damage":36,"enemies":"Automaton","floor":33,"turns":6}],"seed_played":"-7443814944542024090","potions_obtained":[{"floor":2.0,"key":"Explosive Potion"},{"floor":5.0,"key":"AttackPotion"},{"floor":6.0,"key":"PowerPotion"},{"floor":14.0,"key":"DeathKnight:RimePotion"},{"floor":19.0,"key":"BlessingOfTheForge"},{"floor":24,"key":"champ:CounterPotion"},{"floor":25,"key":"Swift Potion"}],"is_trial":false,"path_per_floor":["M","M","M","?","M","E","M","R","T","M","?","M","?","E","R","B",null,"M","M","?","?","$","R","M","M","T","R","?","?","M","M","R","B"],"character_chosen":"WATCHER","items_purchased":["Swift Strike","Prostrate","Study"],"campfire_rested":5,"item_purchase_floors":[22,22,22],"current_hp_per_floor":[70,70,70,70,68,59,56,72,72,71,64,62,45,36,57,36,72,40,15,15,15,15,36,25,14,21,44,44,44,25,6,29,0,0],"gold":116,"neow_bonus":"RANDOM_COLORLESS","is_daily":false,"chose_seed":false,"campfire_upgraded":0,"win_rate":0.0,"timestamp":1610888718,"path_taken":["M","M","?","?","M","E","M","R","T","M","?","M","?","E","R","BOSS","M","M","?","?","$","R","M","M","T","R","?","?","M","?","R","BOSS"],"items_purchased_type":["Card","Card","Card"],"build_version":"2020-12-22","purchased_purges":1,"victory":false,"max_hp_per_floor":[72,72,72,72,72,72,72,72,72,72,72,72,72,72,72,72,72,72,72,72,72,72,72,72,72,79,79,79,79,79,79,79,79,79],"relic_stats":{"counters":[18,73],"Mummified Hand":[16],"Pandora\u0027s Box":["MarkedMod:OneThousandNeedles","Indignation","Halt","ThirdEye","Sanctity","MarkedMod:GracefulMovements","EmptyFist","CutThroughFate"],"Turnip":[14],"Nloth\u0027s Gift":0,"Smiling Mask":25,"obtain_stats":[{"KratosMod:chalice":4,"theForsaken:ScaryMask":6,"Runesmith:Nanobots":17,"DemoMod:WeirdEgg":11,"DemoMod:GlassGuonStoneRelic":2,"DemoMod:PinkGuonStone":26,"Omamori":14,"Odd Mushroom":13,"Smiling Mask":17,"Calling Bell":17,"Mummified Hand":20,"Pandora\u0027s Box":4,"Turnip":17,"Nloth\u0027s Gift":28,"PureWater":0},{"KratosMod:chalice":3,"theForsaken:ScaryMask":5,"Runesmith:Nanobots":11,"DemoMod:WeirdEgg":7,"DemoMod:GlassGuonStoneRelic":2,"DemoMod:PinkGuonStone":15,"Omamori":10,"Odd Mushroom":9,"Smiling Mask":11,"Calling Bell":11,"Mummified Hand":13,"Pandora\u0027s Box":3,"Turnip":11,"Nloth\u0027s Gift":15,"PureWater":0},{"KratosMod:chalice":8,"theForsaken:ScaryMask":13,"Runesmith:Nanobots":33,"DemoMod:WeirdEgg":16,"DemoMod:GlassGuonStoneRelic":6,"DemoMod:PinkGuonStone":55,"Omamori":24,"Odd Mushroom":21,"Smiling Mask":33,"Calling Bell":33,"Mummified Hand":45,"Pandora\u0027s Box":8,"Turnip":33,"Nloth\u0027s Gift":55,"PureWater":0}]},"card_choices":[{"not_picked":["Discovery","Trip"],"picked":"Dramatic Entrance","floor":0.0},{"not_picked":["MarkedMod:FirstStrike","MarkedMod:GentlePulse","Worship"],"picked":"SKIP","floor":1.0},{"not_picked":["FollowUp","Ragnarok","Protect"],"picked":"SKIP","floor":2.0},{"not_picked":["WreathOfFlame","WheelKick"],"picked":"Consecrate","floor":3.0},{"not_picked":["Collect","Evaluate","CarveReality"],"picked":"SKIP","floor":5.0},{"not_picked":["MarkedMod:GracefulMovements","EmptyBody"],"picked":"Weave","floor":6.0},{"not_picked":["ReachHeaven","Nirvana"],"picked":"MarkedMod:GentlePulse","floor":7.0},{"not_picked":["Crescendo","Protect"],"picked":"MarkedMod:GentlePulse","floor":10.0},{"not_picked":["Pray","CrushJoints","Protect"],"picked":"SKIP","floor":12.0},{"not_picked":["Tantrum","MarkedMod:Acupuncture"],"picked":"Halt","floor":13.0},{"not_picked":["SashWhip","SandsOfTime","CarveReality"],"picked":"SKIP","floor":14.0},{"not_picked":["ConjureBlade","SpiritShield"],"picked":"MasterReality","floor":16.0},{"not_picked":["Meditate","InnerPeace","EmptyMind"],"picked":"SKIP","floor":18.0},{"not_picked":["Halt","MarkedMod:FirstStrike+1"],"picked":"Weave+1","floor":19.0},{"not_picked":["Collect","EmptyFist+1","ClearTheMind"],"picked":"SKIP","floor":24},{"not_picked":["Perseverance","EmptyFist","PathToVictory"],"picked":"SKIP","floor":25},{"not_picked":["Mind Blast+1","Impatience+1"],"picked":"Good Instincts+1","floor":29},{"not_picked":["EmptyFist","MarkedMod:Acupuncture"],"picked":"Prostrate","floor":30},{"not_picked":["WaveOfTheHand","FlyingSleeves"],"picked":"Alpha","floor":31}],"player_experience":451476,"relics_obtained":[{"floor":6.0,"key":"theForsaken:ScaryMask"},{"floor":13.0,"key":"Odd Mushroom"},{"floor":14.0,"key":"Omamori"},{"floor":17.0,"key":"Smiling Mask"},{"floor":17.0,"key":"Runesmith:Nanobots"},{"floor":17.0,"key":"Turnip"},{"floor":26,"key":"DemoMod:PinkGuonStone"}],"event_choices":[{"damage_healed":0.0,"max_hp_gain":0.0,"max_hp_loss":0.0,"gold_gain":0.0,"event_name":"betterThird:BetterScrap","player_choice":"Relic ","floor":11.0,"gold_loss":0.0,"damage_taken":7.0,"cards_obtained":["Reflex"]},{"damage_healed":0.0,"max_hp_gain":0.0,"max_hp_loss":0.0,"gold_gain":0.0,"event_name":"Mushrooms","player_choice":"Fought Mushrooms","floor":13.0,"gold_loss":0.0,"damage_taken":0.0},{"cards_removed":["MarkedMod:OneThousandNeedles"],"damage_healed":0.0,"max_hp_gain":0.0,"max_hp_loss":0.0,"gold_gain":0.0,"event_name":"WeMeetAgain","player_choice":"Gave Card","floor":20.0,"gold_loss":0.0,"damage_taken":0.0,"relics_obtained":["Mummified Hand"]},{"cards_removed":["Indignation"],"damage_healed":0.0,"max_hp_gain":0.0,"max_hp_loss":0.0,"gold_gain":0.0,"event_name":"Designer","player_choice":"Upgrade and Remove","floor":21.0,"gold_loss":90.0,"damage_taken":0.0,"cards_upgraded":["MasterReality"]},{"damage_healed":0,"gold_gain":0,"player_choice":"Traded Relic","damage_taken":0,"relics_obtained":["Nloth\u0027s Gift"],"max_hp_gain":0,"max_hp_loss":0,"event_name":"N\u0027loth","floor":28,"relics_lost":["DemoMod:GlassGuonStoneRelic"],"gold_loss":0},{"damage_healed":0,"gold_gain":0,"player_choice":"2","damage_taken":0,"max_hp_gain":0,"max_hp_loss":0,"event_name":"betterMatch:BetterMatch","floor":29,"gold_loss":0,"cards_obtained":["betterMatch:ColorlessUncommonCard"]}],"is_beta":false,"boss_relics":[{"not_picked":["Runic Dome","bronze:MakeshiftBattery"],"picked":"Calling Bell"}],"items_purged_floors":[22],"is_endless":false,"potions_floor_spawned":[2,5,6,14,19,24,25],"killed_by":"Automaton","ascension_level":1}}