{"host":"Jedit","time":1610909825,"event":{"mods":["BaseMod","Downfall","Minty Spire (QoL Compilation)","Relic Stats","StSLib"],"gold_per_floor":[109,109,125,18,37,37,67,78,78,78,105,280,298,80,80,182,182,192,192,192,8,24,51,3,3,3,30,30,30,40,56,56,161,161,174,21,66,66,66,95,55,55,55,74,93,118,47,67,67,67,67,67,42,75,75],"floor_reached":56,"language":"ENG","playtime":3750,"items_purged":["Doubt","bronze:Strike"],"score":1351,"play_id":"41a85ce2-9e70-48fb-86bd-cd513bb79a7e","local_time":"20210117185705","is_ascension_mode":false,"campfire_choices":[{"data":"bronze:ChosenStrike","floor":6,"key":"SMITH"},{"data":"bronze:Constructor","floor":10,"key":"SMITH"},{"data":"bronze:GetLatest","floor":15,"key":"SMITH"},{"data":"bronze:Repair","floor":25,"key":"SMITH"},{"floor":29,"key":"RECALL"},{"data":"bronze:FineTuning","floor":32,"key":"SMITH"},{"data":"bronze:Assembly","floor":42,"key":"SMITH"},{"data":"Secret Weapon","floor":49,"key":"SMITH"},{"data":"bronze:Optimize","floor":52,"key":"SMITH"}],"circlet_count":0,"master_deck":["bronze:Defend","bronze:Defend","bronze:Defend","bronze:Replicate","bronze:Goto","bronze:CutThrough","bronze:Constructor+1","bronze:GetLatest+1","bronze:CloningBeam","bronze:ChosenStrike+1","bronze:Boost","bronze:Deprecate","bronze:Frontload","bronze:ChosenStrike+1","bronze:Format","bronze:Return","bronze:ShipIt","bronze:ClassDefault","bronze:Iterate","bronze:Repair+1","bronze:BitShift","bronze:ChildClass","bronze:DelayedSlice","bronze:BronzeOrb","bronze:WhirlingStrike+1","bronze:FineTuning+1","bronze:Assembly+1","bronze:Branch","bronze:DelayedSlice+1","Panacea","Bandage Up","Secret Weapon+1","bronze:Branch","bronze:Optimize+1","bronze:DigitalCarnage","bronze:Iterate+1","bronze:Invalidate+1","bronze:BuggyMess+1","bronze:FineTuning","bronze:Constructor"],"relics":["SlaversCollar","PreservedInsect","Ornamental Fan","DollysMirror","bronze:MakeshiftBattery","Blue Candle","Bronze Scales","Thread and Needle","expansioncontent:StudyCardRelic","Unceasing Top","bronze:SilverBullet","Art of War","Pear","Happy Flower"],"acts_visited":["Exordium","TheCity","TheBeyond","TheEnding"],"potions_floor_usage":[8,8,23,33,37,46,48,50],"damage_taken":[{"damage":1,"enemies":"Jaw Worm","floor":1,"turns":3},{"damage":1,"enemies":"Cultist","floor":3,"turns":3},{"damage":6,"enemies":"2 Louse","floor":5,"turns":3},{"damage":12,"enemies":"3 Sentries","floor":7,"turns":7},{"damage":2,"enemies":"Lots of Slimes","floor":8,"turns":5},{"damage":10,"enemies":"Lagavulin","floor":11,"turns":4},{"damage":0,"enemies":"2 Fungi Beasts","floor":13,"turns":2},{"damage":0,"enemies":"Hexaghost","floor":16,"turns":8},{"damage":0,"enemies":"Chosen","floor":18,"turns":4},{"damage":0,"enemies":"2 Thieves","floor":22,"turns":2},{"damage":22,"enemies":"Slavers","floor":23,"turns":3},{"damage":0,"enemies":"Gremlin Leader","floor":27,"turns":3},{"damage":7,"enemies":"Cultist and Chosen","floor":30,"turns":6},{"damage":0,"enemies":"Sentry and Sphere","floor":31,"turns":4},{"damage":0,"enemies":"Champ","floor":33,"turns":5},{"damage":0,"enemies":"3 Darklings","floor":35,"turns":4},{"damage":5,"enemies":"2 Orb Walkers","floor":37,"turns":4},{"damage":0,"enemies":"Giant Head","floor":40,"turns":5},{"damage":1,"enemies":"Orb Walker","floor":44,"turns":2},{"damage":1,"enemies":"3 Darklings","floor":45,"turns":3},{"damage":17,"enemies":"Nemesis","floor":46,"turns":3},{"damage":8,"enemies":"Spire Growth","floor":48,"turns":3},{"damage":69,"enemies":"Awakened One","floor":50,"turns":11},{"damage":7,"enemies":"Shield and Spear","floor":54,"turns":3},{"damage":116,"enemies":"The Heart","floor":55,"turns":9}],"seed_played":"4944550245432888148","potions_obtained":[{"floor":1,"key":"FairyPotion"},{"floor":3,"key":"Energy Potion"},{"floor":7,"key":"DuplicationPotion"},{"floor":13,"key":"Dexterity Potion"},{"floor":18,"key":"PowerPotion"},{"floor":30,"key":"AttackPotion"},{"floor":33,"key":"Energy Potion"},{"floor":35,"key":"AttackPotion"},{"floor":40,"key":"AttackPotion"}],"is_trial":false,"path_per_floor":["M","?","M","$","M","R","E","M","T","R","E","?","M","$","R","B",null,"M","?","?","$","M","E","$","R","T","E","?","R","M","M","R","B",null,"M","$","?","?","?","E","$","R","T","M","M","E","$","M","R","B",null,"R","$","E","B",null],"character_chosen":"THE_AUTOMATON","items_purchased":["bronze:GetLatest","bronze:CloningBeam","DollysMirror","bronze:ClassDefault","bronze:Iterate","bronze:Repair","bronze:DelayedSlice","bronze:Branch","bronze:Optimize","DistilledChaos","bronze:FineTuning"],"campfire_rested":0,"item_purchase_floors":[4,4,14,21,21,21,24,36,41,47,53],"current_hp_per_floor":[69,69,68,68,62,62,50,48,48,48,38,38,38,38,38,38,70,70,70,70,70,70,62,62,62,62,62,62,62,63,70,70,70,70,70,70,65,55,55,69,69,69,69,68,67,70,70,76,76,21,80,80,80,73,8],"gold":75,"neow_bonus":"BOSS_RELIC","is_daily":false,"chose_seed":false,"campfire_upgraded":8,"win_rate":0.0,"timestamp":1610909825,"path_taken":["M","?","M","$","M","R","E","?","T","R","E","?","M","?","R","BOSS","M","?","?","$","?","E","$","R","T","E","?","R","M","M","R","BOSS","M","$","?","?","?","E","$","R","T","M","M","E","$","M","R","BOSS","R","$","E","BOSS"],"items_purchased_type":["Card","Card","Relic","Card","Card","Card","Card","Card","Card","Potion","Card"],"build_version":"2020-12-18","purchased_purges":2,"victory":true,"max_hp_per_floor":[70,70,70,70,70,70,70,70,70,70,70,70,70,70,70,70,70,70,70,70,70,70,70,70,70,70,70,70,70,70,70,70,70,70,70,70,70,70,70,70,70,70,70,70,70,80,80,80,80,80,80,80,80,80,80],"relic_stats":{"Happy Flower":[3],"counters":[25,109],"Ornamental Fan":[224],"Blue Candle":[0],"Bronze Scales":[219],"PreservedInsect":351,"Art of War":[0],"obtain_stats":[{"bronze:BronzeCore":0,"Pear":46,"Happy Flower":54,"Blue Candle":23,"Thread and Needle":27,"PreservedInsect":7,"expansioncontent:StudyCardRelic":34,"SlaversCollar":0,"Ornamental Fan":11,"DollysMirror":14,"Bronze Scales":26,"Art of War":43,"bronze:SilverBullet":40,"bronze:MakeshiftBattery":17,"Unceasing Top":37},{"bronze:BronzeCore":0,"Pear":21,"Happy Flower":24,"Blue Candle":11,"Thread and Needle":12,"PreservedInsect":4,"expansioncontent:StudyCardRelic":15,"SlaversCollar":0,"Ornamental Fan":6,"DollysMirror":7,"Bronze Scales":11,"Art of War":18,"bronze:SilverBullet":18,"bronze:MakeshiftBattery":8,"Unceasing Top":17},{"bronze:BronzeCore":0,"Pear":83,"Happy Flower":100,"Blue Candle":44,"Thread and Needle":47,"PreservedInsect":16,"expansioncontent:StudyCardRelic":62,"SlaversCollar":0,"Ornamental Fan":25,"DollysMirror":27,"Bronze Scales":44,"Art of War":75,"bronze:SilverBullet":75,"bronze:MakeshiftBattery":35,"Unceasing Top":70}],"Unceasing Top":[10]},"card_choices":[{"not_picked":["bronze:BronzeArmor","bronze:Deprecate"],"picked":"bronze:CutThrough","floor":1},{"not_picked":["bronze:Frontload","bronze:BugBarrage"],"picked":"bronze:Constructor","floor":3},{"not_picked":["bronze:Frontload","bronze:NullPointer"],"picked":"bronze:ChosenStrike","floor":5},{"not_picked":["bronze:ChosenStrike","bronze:Shell"],"picked":"bronze:Boost","floor":7},{"not_picked":["bronze:NullPointer","bronze:BronzeArmor"],"picked":"bronze:Deprecate","floor":8},{"not_picked":["bronze:Shield","bronze:BugBarrage","bronze:Overheat"],"picked":"SKIP","floor":11},{"not_picked":["bronze:Turbo","bronze:Allocate"],"picked":"bronze:Frontload","floor":13},{"not_picked":["bronze:CleanCode","bronze:RecursiveStrike"],"picked":"bronze:Format","floor":16},{"not_picked":["bronze:BronzeArmor","bronze:BugBarrage"],"picked":"bronze:Return","floor":18},{"not_picked":["bronze:Allocate","bronze:DarkDash+1"],"picked":"bronze:BitShift","floor":22},{"not_picked":["bronze:Turbo","bronze:WhirlingStrike+1"],"picked":"bronze:ChildClass","floor":23},{"not_picked":["bronze:NullPointer","bronze:Invalidate"],"picked":"bronze:BronzeOrb","floor":27},{"not_picked":["bronze:ForceShield","bronze:DelayedSlice+1"],"picked":"bronze:WhirlingStrike+1","floor":30},{"not_picked":["bronze:Deprecate","bronze:ClassDefault"],"picked":"bronze:FineTuning","floor":31},{"not_picked":["bronze:BurnOut","bronze:HardenedForm"],"picked":"bronze:Assembly","floor":33},{"not_picked":["bronze:Allocate+1","bronze:Overheat+1","bronze:ItsAFeature"],"picked":"SKIP","floor":35},{"not_picked":["bronze:GetLatest+1","bronze:Turbo+1"],"picked":"bronze:DelayedSlice+1","floor":37},{"not_picked":["PanicButton","Sadistic Nature"],"picked":"Panacea","floor":38},{"not_picked":["Mind Blast","Forethought"],"picked":"Bandage Up","floor":38},{"not_picked":["Blind","Panacea"],"picked":"Secret Weapon","floor":38},{"not_picked":["bronze:BugBarrage","bronze:MaxOutput"],"picked":"bronze:Branch","floor":40},{"not_picked":["bronze:Turbo","bronze:OilSpill+1"],"picked":"bronze:DigitalCarnage","floor":44},{"not_picked":["bronze:Branch","bronze:ClassDefault+1"],"picked":"bronze:Iterate+1","floor":45},{"not_picked":["bronze:Deprecate","bronze:ChosenStrike+1"],"picked":"bronze:Invalidate+1","floor":46},{"not_picked":["bronze:ForLoop+1","bronze:Deprecate+1"],"picked":"bronze:BuggyMess+1","floor":48},{"not_picked":["bronze:BuggyMess+1","bronze:GetLatest"],"picked":"bronze:Constructor","floor":54}],"player_experience":3664430,"relics_obtained":[{"floor":7,"key":"PreservedInsect"},{"floor":11,"key":"Ornamental Fan"},{"floor":23,"key":"Blue Candle"},{"floor":26,"key":"Bronze Scales"},{"floor":27,"key":"Thread and Needle"},{"floor":37,"key":"Unceasing Top"},{"floor":40,"key":"bronze:SilverBullet"},{"floor":43,"key":"Art of War"},{"floor":46,"key":"Pear"},{"floor":54,"key":"Happy Flower"}],"event_choices":[{"damage_healed":0,"gold_gain":0,"player_choice":"0 cards matched","damage_taken":0,"max_hp_gain":0,"max_hp_loss":0,"event_name":"Match and Keep!","floor":2,"gold_loss":0,"cards_obtained":[]},{"damage_healed":0,"gold_gain":175,"player_choice":"AGREE","damage_taken":0,"max_hp_gain":0,"max_hp_loss":0,"event_name":"Liars Game","floor":12,"gold_loss":0,"cards_obtained":["Doubt"]},{"damage_healed":0,"gold_gain":0,"cards_transformed":["bronze:Strike","bronze:Strike"],"player_choice":"Became Test Subject","damage_taken":0,"max_hp_gain":0,"max_hp_loss":0,"event_name":"Drug Dealer","floor":19,"gold_loss":0,"cards_obtained":["bronze:ShipIt","bronze:Backtrace"]},{"cards_removed":["bronze:Strike"],"damage_healed":0,"gold_gain":0,"player_choice":"Purged","damage_taken":0,"max_hp_gain":0,"max_hp_loss":0,"event_name":"Purifier","floor":20,"gold_loss":0},{"damage_healed":0,"gold_gain":0,"player_choice":"Fight","damage_taken":0,"max_hp_gain":0,"max_hp_loss":0,"event_name":"Mysterious Sphere","floor":37,"gold_loss":0},{"damage_healed":0,"gold_gain":0,"player_choice":"Memory 3","damage_taken":10,"max_hp_gain":0,"max_hp_loss":0,"event_name":"SensoryStone","floor":38,"gold_loss":0},{"cards_removed":["bronze:Defend"],"damage_healed":0,"gold_gain":0,"player_choice":"Removed Skill","damage_taken":0,"max_hp_gain":0,"max_hp_loss":0,"event_name":"Falling","floor":39,"gold_loss":0}],"is_beta":true,"boss_relics":[{"not_picked":["Velvet Choker","Coffee Dripper"],"picked":"bronze:MakeshiftBattery"},{"not_picked":["Tiny House","Empty Cage"],"picked":"expansioncontent:StudyCardRelic"}],"items_purged_floors":[14,36],"is_endless":false,"potions_floor_spawned":[1,3,7,13,18,30,31,33,35,40,45],"ascension_level":0}}