{"host":"oigynbtg272c19pw","time":1610907291,"event":{"mods":["BaseMod","Colored Map","Minty Spire (QoL Compilation)","Relic Stats","Slay the Relics Exporter","StSLib"],"gold_per_floor":[109,134,148,161,11,47,47,84,84,84,84,108,108,135,135,219,219,175,175,194,210,225,225,225],"floor_reached":23,"playtime":1440,"items_purged":["Clumsy"],"score":406,"play_id":"d0ddac82-20a8-4445-9a65-80ea11a0c5c9","local_time":"20210117191451","is_ascension_mode":true,"campfire_choices":[{"data":"Well Laid Plans","floor":7.0,"key":"SMITH"},{"data":"Grand Finale","floor":11.0,"key":"SMITH"},{"data":"Leg Sweep","floor":13.0,"key":"SMITH"},{"data":"PiercingWail","floor":15.0,"key":"SMITH"}],"circlet_count":0,"master_deck":["AscendersBane","Strike_G","Strike_G","Strike_G","Strike_G","Defend_G","Defend_G","Defend_G","Defend_G","Defend_G","Survivor","Neutralize","Die Die Die","Dash","Masterful Stab","Dash","Well Laid Plans+1","Dash","Grand Finale+1","Leg Sweep+1","PiercingWail+1","Wraith Form v2"],"relics":["Ring of the Snake","Regal Pillow","CeramicFish","Ginger","Meat on the Bone","Busted Crown"],"acts_visited":["Exordium","TheCity"],"potions_floor_usage":[22,23],"damage_taken":[{"damage":4.0,"enemies":"Cultist","floor":1.0,"turns":4.0},{"damage":0.0,"enemies":"Jaw Worm","floor":3.0,"turns":4.0},{"damage":0.0,"enemies":"2 Louse","floor":4.0,"turns":2.0},{"damage":2.0,"enemies":"3 Sentries","floor":6.0,"turns":7.0},{"damage":12.0,"enemies":"Lagavulin","floor":8.0,"turns":10.0},{"damage":0.0,"enemies":"Lots of Slimes","floor":12.0,"turns":1.0},{"damage":3.0,"enemies":"3 Louse","floor":14.0,"turns":3.0},{"damage":6.0,"enemies":"The Guardian","floor":16.0,"turns":18.0},{"damage":11.0,"enemies":"2 Thieves","floor":18.0,"turns":5.0},{"damage":3.0,"enemies":"Shell Parasite","floor":20.0,"turns":5.0},{"damage":23,"enemies":"Chosen and Byrds","floor":21,"turns":11},{"damage":11,"enemies":"3 Cultists","floor":22,"turns":8},{"damage":26,"enemies":"Slavers","floor":23,"turns":6}],"seed_played":"2089475201182781118","potions_obtained":[{"floor":3.0,"key":"ColorlessPotion"},{"floor":6.0,"key":"AttackPotion"},{"floor":8.0,"key":"EntropicBrew"},{"floor":12.0,"key":"Fire Potion"},{"floor":18.0,"key":"Ancient Potion"},{"floor":21,"key":"SkillPotion"},{"floor":22,"key":"BlessingOfTheForge"}],"is_trial":false,"path_per_floor":["M","T","M","M","$","E","R","E","T","?","R","M","R","M","R","B",null,"M","?","M","M","M","E"],"character_chosen":"THE_SILENT","items_purchased":["Well Laid Plans"],"campfire_rested":0,"item_purchase_floors":[5],"current_hp_per_floor":[55,55,55,55,55,53,53,41,41,34,34,34,34,43,43,37,59,48,39,36,25,26,0,0],"gold":225,"neow_bonus":"THREE_RARE_CARDS","is_daily":false,"chose_seed":false,"campfire_upgraded":4,"win_rate":0.0,"timestamp":1610907291,"path_taken":["M","?","?","M","$","E","R","E","T","?","R","M","R","M","R","BOSS","M","?","M","?","M","E"],"items_purchased_type":["Card"],"build_version":"2020-12-13","purchased_purges":1,"victory":false,"max_hp_per_floor":[66,66,66,66,66,66,66,66,66,66,66,66,66,66,66,66,66,66,66,66,66,66,66,66],"relic_stats":{"Regal Pillow":0,"Busted Crown":8,"counters":[13,84],"CeramicFish":45,"Ginger":[9],"obtain_stats":[{"Regal Pillow":2,"Busted Crown":17,"CeramicFish":6,"Ginger":8,"Ring of the Snake":0,"Meat on the Bone":9},{"Regal Pillow":1,"Busted Crown":8,"CeramicFish":4,"Ginger":5,"Ring of the Snake":0,"Meat on the Bone":5},{"Regal Pillow":4,"Busted Crown":49,"CeramicFish":17,"Ginger":27,"Ring of the Snake":0,"Meat on the Bone":27}],"Ring of the Snake":[26],"Meat on the Bone":36},"card_choices":[{"not_picked":["Glass Knife","Venomology"],"picked":"Die Die Die","floor":0.0},{"not_picked":["Dodge and Roll","Deadly Poison"],"picked":"Dash","floor":1.0},{"not_picked":["Backflip","Outmaneuver"],"picked":"Masterful Stab","floor":3.0},{"not_picked":["Flying Knee","Expertise"],"picked":"Dash","floor":4.0},{"not_picked":["Acrobatics","Storm of Steel"],"picked":"Dash","floor":6.0},{"not_picked":["Quick Slash","Dash"],"picked":"Grand Finale","floor":8.0},{"not_picked":["Cloak And Dagger","Noxious Fumes"],"picked":"Leg Sweep","floor":12.0},{"not_picked":["Dodge and Roll","PiercingWail","Deadly Poison"],"picked":"SKIP","floor":14.0},{"not_picked":["Dodge and Roll","Deadly Poison"],"picked":"PiercingWail","floor":14.0},{"not_picked":["Corpse Explosion","Bullet Time"],"picked":"Wraith Form v2","floor":16.0},{"not_picked":["Dagger Spray"],"picked":"SKIP","floor":18.0},{"not_picked":["Caltrops"],"picked":"SKIP","floor":20.0},{"not_picked":["Expertise+1"],"picked":"SKIP","floor":21},{"not_picked":["Heel Hook"],"picked":"SKIP","floor":22}],"player_experience":1427221,"relics_obtained":[{"floor":2.0,"key":"Regal Pillow"},{"floor":6.0,"key":"CeramicFish"},{"floor":8.0,"key":"Ginger"},{"floor":9.0,"key":"Meat on the Bone"}],"event_choices":[{"cards_removed":["Strike_G"],"damage_healed":0.0,"max_hp_gain":0.0,"max_hp_loss":0.0,"gold_gain":0.0,"event_name":"Golden Wing","player_choice":"Card Removal","floor":10.0,"gold_loss":0.0,"damage_taken":7.0},{"damage_healed":0.0,"max_hp_gain":0.0,"max_hp_loss":0.0,"gold_gain":0.0,"event_name":"Wheel of Change","player_choice":"Damaged","floor":19.0,"gold_loss":0.0,"damage_taken":9.0}],"is_beta":false,"boss_relics":[{"not_picked":["Sozu","Ring of the Serpent"],"picked":"Busted Crown"}],"items_purged_floors":[5],"is_endless":false,"potions_floor_spawned":[3,6,8,12,18,21,22],"killed_by":"Slavers","ascension_level":20}}