{"host":"09c1j7k0szn5tpd7","time":1610920593,"event":{"mods":["BaseMod","Googly Eyes","Hubris","Infinite Spire","Minty Spire (QoL Compilation)","Replay The Spire","StSLib","??????REMEMod"],"gold_per_floor":[18,18,18,29,29,29,49,75,101,120,156,176,176,204,204,311,320,336,354,372,383,392,433,459,484,484,484,484,484,519,536,545,545,545],"floor_reached":33,"language":"ENG","playtime":6910,"items_purged":[],"score":412,"play_id":"82562a7a-bacf-4a0b-b642-41cd008a34d0","local_time":"20210117225633","is_ascension_mode":true,"campfire_choices":[{"data":"Pummel","floor":6.0,"key":"SMITH"},{"data":"Battle Trance","floor":13.0,"key":"SMITH"},{"floor":15.0,"key":"REST"},{"data":"infinitespire:Execution","floor":27,"key":"SMITH"}],"circlet_count":0,"master_deck":["Strike_R","Strike_R","Strike_R","Defend_R+1","Defend_R+1","Defend_R","Bash","Brutality","Carnage","Pummel+1","Battle Trance+1","Combust","Demon Form","CurseOfTheBell","Iron Wave","Shockwave","infinitespire:Execution+1","Pummel+1","ReplayTheSpireMod:Limb From Limb+1","Pummel+1","Sever Soul"],"relics":["Burning Blood","Akabeko","TungstenRod","CeramicFish","Eternal Feather","Calling Bell","Happy Flower","Mercury Hourglass","Torii","Potion Belt","Juzu Bracelet","Red Skull","hubris:Icosahedron","MutagenicStrength","War Paint"],"acts_visited":["TheCity"],"potions_floor_usage":[23,30,33,33],"damage_taken":[{"damage":6.0,"enemies":"2 Louse","floor":1.0,"turns":3.0},{"damage":0.0,"enemies":"Cultist","floor":4.0,"turns":2.0},{"damage":10.0,"enemies":"Small Slimes","floor":7.0,"turns":2.0},{"damage":26.0,"enemies":"3 Sentries","floor":8.0,"turns":8.0},{"damage":16.0,"enemies":"Gremlin Gang","floor":10.0,"turns":4.0},{"damage":15.0,"enemies":"Lagavulin","floor":11.0,"turns":6.0},{"damage":0.0,"enemies":"Large Slime","floor":12.0,"turns":4.0},{"damage":0.0,"enemies":"Exordium Wildlife","floor":14.0,"turns":2.0},{"damage":53.0,"enemies":"The Guardian","floor":16.0,"turns":15.0},{"damage":0,"enemies":"3 Byrds","floor":18,"turns":3},{"damage":0,"enemies":"Spheric Guardian","floor":19,"turns":1},{"damage":35,"enemies":"Cultist and Chosen","floor":21,"turns":5},{"damage":41,"enemies":"REME_1_Revenger","floor":23,"turns":6},{"damage":0,"enemies":"Shelled Parasite and Fungi","floor":24,"turns":4},{"damage":19,"enemies":"Book of Stabbing","floor":25,"turns":5},{"damage":7,"enemies":"Slavers","floor":30,"turns":3},{"damage":0,"enemies":"Sentry and Sphere","floor":31,"turns":2},{"damage":55,"enemies":"Automaton","floor":33,"turns":6}],"seed_played":"-1775165996902619827","potions_obtained":[{"floor":4.0,"key":"Weak Potion"},{"floor":12.0,"key":"PowerPotion"},{"floor":16.0,"key":"BloodPotion"},{"floor":18,"key":"Cursed Concoction"},{"floor":23,"key":"Fire Potion"},{"floor":25,"key":"Energy Potion"},{"floor":31,"key":"LiquidMemories"}],"is_trial":false,"path_per_floor":["M","?","$","M","$","R","M","E","T","M","E","M","R","M","R","B",null,"M","M","?","M","AVR","E","M","E","T","R","?","?","E","M","R","B"],"character_chosen":"IRONCLAD","items_purchased":[],"campfire_rested":1,"item_purchase_floors":[],"current_hp_per_floor":[72,72,72,78,78,78,74,54,54,44,35,41,47,53,80,33,68,74,80,80,51,51,32,38,25,25,37,37,37,36,42,54,0,0],"gold":545,"neow_bonus":"TRANSFORM_TWO_CARDS","is_daily":false,"chose_seed":false,"campfire_upgraded":3,"win_rate":0.0,"timestamp":1610920593,"path_taken":["M","?","?","M","$","R","M","E","T","M","E","M","R","M","R","BOSS","M","M","?","M","AVR","E","?","E","T","R","?","?","E","M","R","BOSS"],"items_purchased_type":[],"build_version":"2020-12-22","purchased_purges":0,"victory":false,"max_hp_per_floor":[80,80,80,80,80,80,80,80,80,80,80,80,80,80,80,80,80,80,80,80,80,80,80,80,80,80,80,80,80,80,80,80,80,80],"card_choices":[{"not_picked":["Twin Strike","Wild Strike"],"picked":"Carnage","floor":1.0},{"not_picked":["Havoc","Twin Strike"],"picked":"Pummel","floor":4.0},{"not_picked":["Clash","Heavy Blade","Thunderclap"],"picked":"SKIP","floor":7.0},{"not_picked":["Carnage","Second Wind","Barricade"],"picked":"SKIP","floor":8.0},{"not_picked":["Pommel Strike","Clothesline","Clash"],"picked":"SKIP","floor":10.0},{"not_picked":["Reckless Charge","Metallicize"],"picked":"Battle Trance","floor":11.0},{"not_picked":["Body Slam","Warcry","Dark Embrace"],"picked":"SKIP","floor":12.0},{"not_picked":["Havoc","Burning Pact"],"picked":"Combust","floor":14.0},{"not_picked":["Immolate","Juggernaut"],"picked":"Demon Form","floor":16.0},{"not_picked":["ReplayTheSpireMod:Stacked","ReplayTheSpireMod:Strike From Hell","hubris:ReadiedAction"],"picked":"SKIP","floor":18},{"not_picked":["True Grit","Immolate","Battle Trance"],"picked":"SKIP","floor":19},{"not_picked":["Iron Wave+1","Run Through+1","hubris:ReadiedAction"],"picked":"SKIP","floor":21},{"not_picked":["Clothesline","Metallicize"],"picked":"Pummel+1","floor":23},{"not_picked":["Battle Trance","ReplayTheSpireMod:Strike From Hell"],"picked":"ReplayTheSpireMod:Limb From Limb+1","floor":24},{"not_picked":["hubris:CleavingFinish","Cleave","Blood for Blood+1"],"picked":"SKIP","floor":25},{"not_picked":["Corruption","Anger"],"picked":"Pummel+1","floor":30},{"not_picked":["hubris:ReadiedAction","Shockwave+1","Feel No Pain"],"picked":"SKIP","floor":31}],"player_experience":930872,"relics_obtained":[{"floor":8.0,"key":"TungstenRod"},{"floor":9.0,"key":"CeramicFish"},{"floor":11.0,"key":"Eternal Feather"},{"floor":17,"key":"Happy Flower"},{"floor":17,"key":"Mercury Hourglass"},{"floor":17,"key":"Torii"},{"floor":23,"key":"Potion Belt"},{"floor":25,"key":"Juzu Bracelet"},{"floor":26,"key":"Red Skull"},{"floor":30,"key":"War Paint"}],"event_choices":[{"cards_removed":["Juggernaut"],"damage_healed":0.0,"max_hp_gain":0.0,"max_hp_loss":0.0,"gold_gain":0.0,"event_name":"WeMeetAgain","player_choice":"Gave Card","floor":2.0,"gold_loss":0.0,"damage_taken":0.0,"relics_obtained":["Akabeko"]},{"damage_healed":0,"gold_gain":0,"player_choice":"2 cards matched","damage_taken":0,"max_hp_gain":0,"max_hp_loss":0,"event_name":"Match and Keep!","floor":20,"gold_loss":0,"cards_obtained":["Iron Wave","Shockwave"]},{"damage_healed":0,"gold_gain":0,"player_choice":"Inject Mutagens","damage_taken":0,"relics_obtained":["MutagenicStrength"],"max_hp_gain":0,"max_hp_loss":0,"event_name":"Drug Dealer","floor":29,"gold_loss":0}],"is_beta":false,"boss_relics":[{"not_picked":["Snecko Eye","Runic Dome"],"picked":"Calling Bell"}],"items_purged_floors":[],"is_endless":false,"potions_floor_spawned":[4,12,16,18,23,25,31],"killed_by":"Automaton","ascension_level":6}}