{"host":"khm4we1ijduz33xh","time":1610887717,"event":{"mods":["AchievementEnabler","BaseMod","Colored Map","Minty Spire (QoL Compilation)","Rare Cards Sparkle","StSLib","SuperFastMode"],"gold_per_floor":[11,28,48,48,62,62,87,12,12,37,37,37,37,37,37,138,138,153,165,90,5,16,16,16,35,35,35,47,8,8,28,28,123,123,135,35,35,380,395,395,405,405,428,454,465,465,478,478,478,478],"floor_reached":51,"language":"KOR","playtime":2015,"items_purged":["Strike_R","Writhe"],"score":867,"play_id":"46c3a7a3-f9f0-4c3a-b60b-69058d5f5e22","local_time":"20210117214837","is_ascension_mode":true,"campfire_choices":[{"data":"Fire Breathing","floor":6.0,"key":"SMITH"},{"floor":11.0,"key":"REST"},{"data":"Wild Strike","floor":15.0,"key":"SMITH"},{"data":"Barricade","floor":23.0,"key":"SMITH"},{"data":"Evolve","floor":24.0,"key":"SMITH"},{"floor":27.0,"key":"REST"},{"data":"Bash","floor":32.0,"key":"PURGE"},{"floor":40.0,"key":"REST"},{"data":"Corruption","floor":42.0,"key":"SMITH"},{"floor":46,"key":"REST"},{"data":"Feel No Pain","floor":49,"key":"SMITH"}],"circlet_count":0,"master_deck":["Bash","Fire Breathing+1","Wild Strike+1","Armaments+1","Spot Weakness","Shrug It Off","Barricade+1","Sentinel+1","Evolve+1","True Grit+1","Metallicize+1","Power Through+1","Corruption+1","Offering+1","Headbutt","Brutality","Pommel Strike","Offering+1","Shockwave+1","Limit Break+1","Purity+1","Seeing Red+1","Regret","Shrug It Off+1","Feel No Pain+1","Sentinel+1"],"relics":["Burning Blood","WingedGreaves","Peace Pipe","Matryoshka","Toxic Egg 2","Anchor","Ginger","Regal Pillow","Turnip","Cursed Key","Ice Cream","Singing Bowl","Pandora\u0027s Box","Old Coin","Ancient Tea Set","Ornamental Fan"],"acts_visited":["Exordium","TheCity","TheBeyond"],"potions_floor_usage":[45,50,50,50],"damage_taken":[{"damage":7.0,"enemies":"Small Slimes","floor":1.0,"turns":3.0},{"damage":8.0,"enemies":"Jaw Worm","floor":2.0,"turns":4.0},{"damage":4.0,"enemies":"2 Louse","floor":3.0,"turns":3.0},{"damage":5.0,"enemies":"2 Fungi Beasts","floor":5.0,"turns":3.0},{"damage":30.0,"enemies":"Lagavulin","floor":7.0,"turns":6.0},{"damage":20.0,"enemies":"3 Sentries","floor":10.0,"turns":5.0},{"damage":40.0,"enemies":"The Guardian","floor":16.0,"turns":12.0},{"damage":12.0,"enemies":"Chosen","floor":18.0,"turns":5.0},{"damage":16.0,"enemies":"Shell Parasite","floor":19.0,"turns":7.0},{"damage":25.0,"enemies":"Snake Plant","floor":22.0,"turns":4.0},{"damage":22.0,"enemies":"Sentry and Sphere","floor":25.0,"turns":5.0},{"damage":24.0,"enemies":"Shelled Parasite and Fungi","floor":28.0,"turns":8.0},{"damage":27.0,"enemies":"Centurion and Healer","floor":31.0,"turns":7.0},{"damage":21.0,"enemies":"Automaton","floor":33.0,"turns":12.0},{"damage":14.0,"enemies":"Orb Walker","floor":35.0,"turns":3.0},{"damage":36.0,"enemies":"2 Orb Walkers","floor":38.0,"turns":5.0},{"damage":31.0,"enemies":"3 Shapes","floor":39.0,"turns":3.0},{"damage":12.0,"enemies":"Spire Growth","floor":41.0,"turns":3.0},{"damage":45.0,"enemies":"Nemesis","floor":44.0,"turns":7.0},{"damage":12,"enemies":"Jaw Worm Horde","floor":45,"turns":5},{"damage":17,"enemies":"Maw","floor":47,"turns":8},{"damage":21,"enemies":"Awakened One","floor":50,"turns":11}],"seed_played":"1952773270554273526","potions_obtained":[{"floor":1.0,"key":"PowerPotion"},{"floor":2.0,"key":"LiquidMemories"},{"floor":10.0,"key":"AttackPotion"},{"floor":16.0,"key":"AttackPotion"},{"floor":18.0,"key":"LiquidBronze"},{"floor":19.0,"key":"Explosive Potion"},{"floor":25.0,"key":"SneckoOil"},{"floor":28.0,"key":"ElixirPotion"},{"floor":38.0,"key":"BloodPotion"},{"floor":44.0,"key":"SteroidPotion"},{"floor":47,"key":"DistilledChaos"}],"is_trial":false,"path_per_floor":["M","M","M","?","M","R","E","$","T","E","R","T","?","T","R","B",null,"M","M","?","?","M","R","R","M","T","R","M","$","?","M","R","B",null,"M","$","?","?","M","R","M","R","T","E","M","R","M","?","R","B",null],"character_chosen":"IRONCLAD","items_purchased":["Power Through+1"],"campfire_rested":4,"item_purchase_floors":[29],"current_hp_per_floor":[79,77,79,63,64,64,40,40,40,26,50,50,43,43,43,9,80,74,64,64,64,45,45,45,29,29,68,52,52,52,33,33,18,84,78,78,78,50,42,83,77,77,77,38,32,73,62,62,62,47],"gold":478,"neow_bonus":"ONE_RARE_RELIC","is_daily":false,"chose_seed":false,"campfire_upgraded":6,"win_rate":0.0,"timestamp":1610887717,"path_taken":["M","M","M","?","M","R","E","$","T","E","R","?","?","?","R","BOSS","M","M","?","?","?","R","R","M","T","R","M","$","?","?","R","BOSS","M","$","?","?","M","R","M","R","T","E","M","R","M","?","R","BOSS"],"items_purchased_type":["Card"],"build_version":"2020-12-22","purchased_purges":2,"victory":true,"max_hp_per_floor":[80,80,80,80,80,80,80,80,80,80,80,80,80,80,80,80,80,80,80,80,80,80,80,80,80,80,80,82,82,82,84,84,84,84,86,86,86,88,88,88,88,88,88,88,88,88,88,88,88,88],"card_choices":[{"not_picked":["Metallicize","Shrug It Off"],"picked":"Fire Breathing","floor":1.0},{"not_picked":["Armaments","Shrug It Off"],"picked":"Wild Strike","floor":2.0},{"not_picked":["Havoc","Second Wind"],"picked":"Armaments","floor":3.0},{"not_picked":["Clothesline","Anger"],"picked":"Spot Weakness","floor":5.0},{"not_picked":["Exhume","Metallicize"],"picked":"Shrug It Off","floor":7.0},{"not_picked":["Sword Boomerang","Pommel Strike","Second Wind+1"],"picked":"SKIP","floor":10.0},{"not_picked":["Feed","Offering+1"],"picked":"Barricade","floor":16.0},{"not_picked":["Anger","Pommel Strike"],"picked":"Sentinel+1","floor":18.0},{"not_picked":["Inflame","Armaments+1"],"picked":"Evolve","floor":19.0},{"not_picked":["Flex+1","Shockwave+1"],"picked":"True Grit+1","floor":22.0},{"not_picked":["True Grit+1","Thunderclap"],"picked":"Metallicize+1","floor":25.0},{"not_picked":["Blood for Blood","Armaments+1","Whirlwind"],"picked":"Singing Bowl","floor":28.0},{"not_picked":["Havoc+1","Sword Boomerang","Warcry+1"],"picked":"Singing Bowl","floor":31.0},{"not_picked":["Reaper","Corruption"],"picked":"Offering+1","floor":33.0},{"not_picked":["Thunderclap+1","Havoc+1","Anger"],"picked":"Singing Bowl","floor":35.0},{"not_picked":["Discovery+1","Dark Shackles+1"],"picked":"Purity+1","floor":37.0},{"not_picked":["Iron Wave","Wild Strike","Headbutt"],"picked":"Singing Bowl","floor":38.0},{"not_picked":["Warcry+1","Perfected Strike+1"],"picked":"Fiend Fire","floor":39.0},{"not_picked":["Twin Strike","Sword Boomerang+1"],"picked":"Seeing Red+1","floor":41.0},{"not_picked":["Thunderclap+1","Fire Breathing"],"picked":"Shrug It Off+1","floor":44.0},{"not_picked":["Combust+1","Havoc+1"],"picked":"Feel No Pain","floor":45},{"not_picked":["Perfected Strike+1","Flex+1"],"picked":"Sentinel+1","floor":47}],"player_experience":225997,"relics_obtained":[{"floor":7.0,"key":"Peace Pipe"},{"floor":9.0,"key":"Matryoshka"},{"floor":10.0,"key":"Toxic Egg 2"},{"floor":12.0,"key":"Anchor"},{"floor":12.0,"key":"Ginger"},{"floor":14.0,"key":"Regal Pillow"},{"floor":14.0,"key":"Turnip"},{"floor":26.0,"key":"Singing Bowl"},{"floor":38.0,"key":"Old Coin"},{"floor":43.0,"key":"Ancient Tea Set"},{"floor":44.0,"key":"Ornamental Fan"}],"event_choices":[{"damage_healed":0.0,"max_hp_gain":0.0,"max_hp_loss":0.0,"gold_gain":0.0,"event_name":"Shining Light","player_choice":"Entered Light","floor":4.0,"gold_loss":0.0,"damage_taken":16.0,"cards_upgraded":["Strike_R","Armaments"]},{"cards_removed":["Strike_R"],"damage_healed":0.0,"max_hp_gain":0.0,"max_hp_loss":0.0,"gold_gain":0.0,"event_name":"Golden Wing","player_choice":"Card Removal","floor":13.0,"gold_loss":0.0,"damage_taken":7.0},{"cards_removed":["Defend_R"],"damage_healed":0.0,"max_hp_gain":0.0,"max_hp_loss":0.0,"gold_gain":0.0,"event_name":"Beggar","player_choice":"Gave Gold","floor":20.0,"gold_loss":75.0,"damage_taken":0.0},{"damage_healed":0.0,"max_hp_gain":0.0,"max_hp_loss":0.0,"gold_gain":0.0,"event_name":"Addict","player_choice":"Obtained Relic","floor":21.0,"gold_loss":85.0,"damage_taken":0.0,"relics_obtained":["Ice Cream"]},{"damage_healed":0.0,"max_hp_gain":0.0,"max_hp_loss":0.0,"gold_gain":0.0,"event_name":"Match and Keep!","player_choice":"2 cards matched","floor":30.0,"gold_loss":0.0,"damage_taken":0.0,"cards_obtained":["Bash","Corruption"]},{"damage_healed":0.0,"max_hp_gain":0.0,"max_hp_loss":0.0,"gold_gain":0.0,"event_name":"SensoryStone","player_choice":"Memory 1","floor":37.0,"gold_loss":0.0,"damage_taken":0.0},{"damage_healed":0.0,"max_hp_gain":0.0,"max_hp_loss":0.0,"gold_gain":0.0,"event_name":"Mysterious Sphere","player_choice":"Fight","floor":38.0,"gold_loss":0.0,"damage_taken":0.0},{"cards_removed":["Fiend Fire"],"damage_healed":0,"gold_gain":0,"player_choice":"Removed Attack","damage_taken":0,"max_hp_gain":0,"max_hp_loss":0,"event_name":"Falling","floor":48,"gold_loss":0}],"is_beta":false,"boss_relics":[{"not_picked":["Calling Bell","Black Blood"],"picked":"Cursed Key"},{"not_picked":["Snecko Eye","Astrolabe"],"picked":"Pandora\u0027s Box"}],"items_purged_floors":[8,36],"is_endless":false,"potions_floor_spawned":[1,2,10,16,18,19,25,28,38,44,47],"ascension_level":3}}