{"host":"kabf61oc9jgfwufg","time":1610858234,"event":{"mods":["AchievementEnabler","Aspiration","BaseMod","Conspire","Energized Spire","GifTheSpireLib","GungeonMod","Halation","HexUI Lib","Hubris","Infinite Spire","Minty Spire (QoL Compilation)","Quick Restart","Rare Cards Sparkle","Replay The Spire","Shop Mod","Small Relic Pack","StSLib"],"gold_per_floor":[109,109,124,124,140,171,171,271,318,333,348,348,367,405,405,524,524,542,555,58,82,42,42,66,110,136,136,136],"floor_reached":27,"language":"ENG","playtime":893,"items_purged":["Strike_P"],"score":284,"play_id":"c20fd904-a204-4def-a478-894df7acc5e1","local_time":"20210117043714","is_ascension_mode":true,"campfire_choices":[{"data":"infinitespire:Gouge","floor":7.0,"key":"SMITH"},{"data":"conspire:Banana","floor":23.0,"key":"SMITH"}],"circlet_count":0,"master_deck":["Strike_P","Strike_P","Strike_P","Defend_P","Defend_P","Defend_P","Defend_P","Eruption+1","Vigilance","SashWhip","PathToVictory","infinitespire:Gouge+1","FlurryOfBlows","Judgement+1","CutThroughFate","CutThroughFate","Halt+1","Tantrum","FollowUp+1","conspire:Banana+1"],"relics":["PureWater","NeowsBlessing","Golden Idol","Snack Pack","halation:AfternoonTea","Matryoshka","hubris:TerracottaHorce","Sling","MerchantsRug","DemoMod:GlassGuonStoneRelic","halation:OrihimeAndHikoboshiSamaAndTears","Lantern","Replay:Wax Seal"],"acts_visited":["Exordium","TheCity"],"potions_floor_usage":[25],"damage_taken":[{"damage":0.0,"enemies":"Jaw Worm","floor":1.0,"turns":1.0},{"damage":0.0,"enemies":"2 Louse","floor":3.0,"turns":1.0},{"damage":0.0,"enemies":"Cultist","floor":5.0,"turns":1.0},{"damage":14.0,"enemies":"Lagavulin","floor":6.0,"turns":6.0},{"damage":0.0,"enemies":"3 Louse","floor":10.0,"turns":2.0},{"damage":7.0,"enemies":"Large Slime","floor":11.0,"turns":5.0},{"damage":4.0,"enemies":"Red Slaver","floor":13.0,"turns":3.0},{"damage":0.0,"enemies":"Gremlin Nob","floor":14.0,"turns":2.0},{"damage":16.0,"enemies":"Slime Boss","floor":16.0,"turns":6.0},{"damage":0.0,"enemies":"3 Byrds","floor":18.0,"turns":3.0},{"damage":0.0,"enemies":"Spheric Guardian","floor":19.0,"turns":2.0},{"damage":46.0,"enemies":"Snecko","floor":21.0,"turns":4.0},{"damage":31.0,"enemies":"Centurion and Healer","floor":24.0,"turns":3.0},{"damage":15,"enemies":"Book of Stabbing","floor":25,"turns":4},{"damage":0,"enemies":"Gremlin Leader","floor":27,"turns":2}],"seed_played":"5318426675739486117","potions_obtained":[{"floor":3.0,"key":"Elixir"},{"floor":6.0,"key":"Adrenaline Potion"},{"floor":11.0,"key":"ColorlessPotion"},{"floor":14.0,"key":"LiquidBronze"},{"floor":19.0,"key":"Swift Potion"},{"floor":25,"key":"Energy Potion"}],"is_trial":false,"path_per_floor":["M","?","M","?","M","E","R","?","T","M","M","?","M","E","R","B",null,"M","M","$","M","?","R","M","E","T","E"],"character_chosen":"WATCHER","items_purchased":["FollowUp+1","Sling","MerchantsRug","conspire:Banana"],"campfire_rested":0,"item_purchase_floors":[20,20,20,20],"current_hp_per_floor":[72,54,54,35,35,21,21,21,21,23,20,25,21,23,46,55,72,77,77,77,36,36,36,13,2,2,4,4],"gold":136,"neow_bonus":"THREE_ENEMY_KILL","is_daily":false,"chose_seed":false,"campfire_upgraded":2,"win_rate":0.0,"timestamp":1610858234,"path_taken":["M","?","M","?","M","E","R","?","T","M","?","?","M","E","R","BOSS","M","M","$","M","?","R","?","E","T","E"],"items_purchased_type":["Card","Relic","Relic","Card"],"build_version":"2020-12-22","purchased_purges":1,"victory":false,"max_hp_per_floor":[72,72,72,72,72,72,72,72,72,72,72,77,77,77,77,77,77,77,77,77,78,78,78,80,82,82,84,84],"card_choices":[{"not_picked":["Adaptation","ClearTheMind"],"picked":"SashWhip","floor":1.0},{"not_picked":["BattleHymn","FlyingSleeves"],"picked":"PathToVictory","floor":3.0},{"not_picked":["infinitespire:Execution","ReplayTheSpireMod:Echoes of Time"],"picked":"infinitespire:Gouge","floor":4.0},{"not_picked":["Evaluate","EmptyFist","CutThroughFate"],"picked":"SKIP","floor":5.0},{"not_picked":["BowlingBash","EmptyBody"],"picked":"FlurryOfBlows","floor":6.0},{"not_picked":["WreathOfFlame","Weave"],"picked":"Judgement","floor":10.0},{"not_picked":["Study","Evaluate"],"picked":"CutThroughFate","floor":11.0},{"not_picked":["SashWhip","ClearTheMind"],"picked":"CutThroughFate","floor":13.0},{"not_picked":["Crescendo","Brilliance"],"picked":"Halt","floor":14.0},{"not_picked":["Replay:AtTheReady","Halt"],"picked":"Tantrum","floor":18.0},{"not_picked":["Prostrate+1","Replay:Battleflow","Adaptation+1"],"picked":"SKIP","floor":19.0},{"not_picked":["Prostrate","Replay:Battleflow","Replay:AtTheReady"],"picked":"SKIP","floor":21.0},{"not_picked":["Study","ClearTheMind+1","Pray"],"picked":"SKIP","floor":24.0},{"not_picked":["SashWhip","BowlingBash","FlyingSleeves"],"picked":"SKIP","floor":25}],"player_experience":159278,"relics_obtained":[{"floor":6.0,"key":"Snack Pack"},{"floor":9.0,"key":"halation:AfternoonTea"},{"floor":14.0,"key":"Matryoshka"},{"floor":25,"key":"halation:OrihimeAndHikoboshiSamaAndTears"},{"floor":26,"key":"Lantern"},{"floor":26,"key":"Replay:Wax Seal"}],"event_choices":[{"damage_healed":0.0,"max_hp_gain":0.0,"max_hp_loss":0.0,"gold_gain":0.0,"event_name":"Golden Idol","player_choice":"Take Damage","floor":2.0,"gold_loss":0.0,"damage_taken":18.0,"relics_obtained":["Golden Idol"]},{"damage_healed":0.0,"max_hp_gain":0.0,"max_hp_loss":0.0,"gold_gain":100.0,"event_name":"Wheel of Change","player_choice":"Gold","floor":8.0,"gold_loss":0.0,"damage_taken":0.0},{"damage_healed":0.0,"max_hp_gain":5.0,"max_hp_loss":0.0,"gold_gain":0.0,"event_name":"Big Fish","player_choice":"Donut","floor":12.0,"gold_loss":0.0,"damage_taken":0.0},{"damage_healed":0.0,"max_hp_gain":0.0,"max_hp_loss":0.0,"gold_gain":0.0,"event_name":"Designer","player_choice":"Upgraded Two","floor":22.0,"gold_loss":40.0,"damage_taken":0.0,"cards_upgraded":["Eruption","Halt"]}],"is_beta":false,"boss_relics":[{"not_picked":["halation:MonkeysPaw","Replay:Drink Me"],"picked":"hubris:TerracottaHorce"}],"items_purged_floors":[20],"is_endless":false,"potions_floor_spawned":[3,6,11,14,19,25],"killed_by":"Gremlin Leader","ascension_level":1}}