{"host":"t4313i2190y6fz3q","time":1610842969,"event":{"mods":["2.2 Compatiblity","AchievementEnabler","Act Like it!","BaseMod","Colored Powertips","Downfall","Highlight Path","Minty Spire (QoL Compilation)","Permanent Neow","Quick Restart","Rare Cards Sparkle","StSLib"],"gold_per_floor":[109,34,48,60,77,111,122,122,122,148,148,178,210,210,210,311,311,331,331,207,207,226,261,261,336,417,417,66,95,95,110,110,110,110],"floor_reached":33,"language":"ENG","playtime":901,"items_purged":["downfall:Bewildered","Strike_G","Strike_G"],"score":667,"play_id":"4d5ea31b-bcef-4839-9358-962cff513e04","local_time":"20210116162249","is_ascension_mode":true,"campfire_choices":[{"data":"Glass Knife","floor":8.0,"key":"SMITH"},{"data":"Neutralize","floor":11.0,"key":"SMITH"},{"data":"Riddle With Holes","floor":15.0,"key":"SMITH"},{"data":"Glass Knife","floor":24.0,"key":"SMITH"},{"data":"Dash","floor":27.0,"key":"SMITH"},{"data":"Footwork","floor":30.0,"key":"SMITH"},{"data":"Dodge and Roll","floor":32.0,"key":"SMITH"}],"circlet_count":0,"master_deck":["AscendersBane","Strike_G","Strike_G","Strike_G","Defend_G","Defend_G","Defend_G","Defend_G","Defend_G","Survivor","Neutralize+1","Riddle With Holes+1","Slice+1","Dagger Throw","Glass Knife+1","Terror+1","Dagger Throw","Heel Hook","Glass Knife+1","RitualDagger","Dodge and Roll+1","Footwork+1","Dash+1","Backstab"],"relics":["Ring of the Snake","Akabeko","Pear","Pen Nib","Bottled Flame","SlaversCollar","MutagenicStrength","Mummified Hand","Meat on the Bone","Bronze Scales","Smiling Mask"],"acts_visited":["Exordium","TheCity"],"potions_floor_usage":[33,33],"damage_taken":[{"damage":0.0,"enemies":"2 Louse","floor":1.0,"turns":4.0},{"damage":5.0,"enemies":"Jaw Worm","floor":3.0,"turns":4.0},{"damage":2.0,"enemies":"Small Slimes","floor":4.0,"turns":2.0},{"damage":1.0,"enemies":"2 Fungi Beasts","floor":5.0,"turns":4.0},{"damage":40.0,"enemies":"Lagavulin","floor":6.0,"turns":5.0},{"damage":0.0,"enemies":"Looter","floor":7.0,"turns":1.0},{"damage":7.0,"enemies":"3 Sentries","floor":10.0,"turns":5.0},{"damage":0.0,"enemies":"Gremlin Nob","floor":13.0,"turns":2.0},{"damage":0.0,"enemies":"Slime Boss","floor":16.0,"turns":4.0},{"damage":14.0,"enemies":"Shell Parasite","floor":18.0,"turns":2.0},{"damage":3.0,"enemies":"Chosen","floor":22.0,"turns":3.0},{"damage":8.0,"enemies":"Slavers","floor":23.0,"turns":6.0},{"damage":0.0,"enemies":"Gremlin Leader","floor":29.0,"turns":1.0},{"damage":0.0,"enemies":"Centurion and Healer","floor":31.0,"turns":3.0},{"damage":64,"enemies":"Champ","floor":33,"turns":8}],"seed_played":"-5273533425014203770","potions_obtained":[{"floor":4.0,"key":"DuplicationPotion"},{"floor":6.0,"key":"SteroidPotion"},{"floor":13.0,"key":"BlessingOfTheForge"},{"floor":18.0,"key":"Poison Potion"},{"floor":22.0,"key":"SpeedPotion"},{"floor":23.0,"key":"bronze:BurnAndBuffPotion"}],"is_trial":false,"path_per_floor":["M","$","M","M","M","E","M","R","T","E","R","?","E","?","R","B",null,"M","?","$","?","M","E","R","?","T","R","$","E","R","M","R","B"],"character_chosen":"THE_SILENT","items_purchased":["Dodge and Roll","Bronze Scales","Backstab"],"campfire_rested":0,"item_purchase_floors":[20,28,28],"current_hp_per_floor":[77,77,72,70,69,29,29,29,39,32,32,32,32,13,13,13,74,60,54,54,54,51,43,43,34,34,34,34,46,46,58,58,0,0],"gold":110,"neow_bonus":"TWENTY_PERCENT_HP_BONUS","is_daily":false,"chose_seed":false,"campfire_upgraded":7,"win_rate":0.0,"timestamp":1610842969,"path_taken":["M","$","M","M","M","E","M","R","T","E","R","?","E","?","R","BOSS","M","?","$","?","M","E","R","?","T","R","$","E","R","?","R","BOSS"],"items_purchased_type":["Card","Relic","Card"],"build_version":"2020-12-22","purchased_purges":3,"victory":false,"max_hp_per_floor":[84,84,84,84,84,84,84,84,94,94,94,94,94,94,94,94,94,94,94,94,94,94,94,94,94,94,94,94,94,94,94,94,94,94],"card_choices":[{"not_picked":["Leg Sweep","Noxious Fumes"],"picked":"Riddle With Holes","floor":1.0},{"not_picked":["PiercingWail","Underhanded Strike"],"picked":"Slice","floor":3.0},{"not_picked":["Finisher","Outmaneuver"],"picked":"Dagger Throw","floor":4.0},{"not_picked":["Dash","Finisher"],"picked":"Glass Knife","floor":5.0},{"not_picked":["Backflip","All Out Attack"],"picked":"Terror","floor":6.0},{"not_picked":["Deflect","Cloak And Dagger"],"picked":"Dagger Throw","floor":7.0},{"not_picked":["Quick Slash","Riddle With Holes"],"picked":"Heel Hook","floor":10.0},{"not_picked":["Grand Finale","Predator","Prepared"],"picked":"SKIP","floor":13.0},{"not_picked":["Unload","Storm of Steel"],"picked":"Glass Knife","floor":16.0},{"not_picked":["Infinite Blades","Escape Plan","Choke+1"],"picked":"SKIP","floor":18.0},{"not_picked":["Concentrate","Deadly Poison"],"picked":"Footwork","floor":22.0},{"not_picked":["Deflect","Crippling Poison"],"picked":"Dash","floor":23.0},{"not_picked":["Underhanded Strike","Masterful Stab","Sucker Punch"],"picked":"SKIP","floor":29.0},{"not_picked":["Backflip","Sucker Punch","Bane"],"picked":"SKIP","floor":31.0}],"player_experience":220794,"relics_obtained":[{"floor":6.0,"key":"Akabeko"},{"floor":9.0,"key":"Pear"},{"floor":10.0,"key":"Pen Nib"},{"floor":13.0,"key":"Bottled Flame"},{"floor":23.0,"key":"Mummified Hand"},{"floor":26.0,"key":"Meat on the Bone"},{"floor":29.0,"key":"Smiling Mask"}],"event_choices":[{"damage_healed":0.0,"max_hp_gain":0.0,"max_hp_loss":0.0,"gold_gain":30.0,"event_name":"Dead Adventurer","player_choice":"Searched \u00272\u0027 times","floor":12.0,"gold_loss":0.0,"damage_taken":0.0},{"damage_healed":0.0,"max_hp_gain":0.0,"max_hp_loss":0.0,"gold_gain":0.0,"event_name":"Shining Light","player_choice":"Entered Light","floor":14.0,"gold_loss":0.0,"damage_taken":19.0,"cards_upgraded":["Slice","Terror"]},{"damage_healed":0.0,"max_hp_gain":0.0,"max_hp_loss":0.0,"gold_gain":0.0,"event_name":"Nest","player_choice":"Joined the Cult","floor":19.0,"gold_loss":0.0,"damage_taken":6.0,"cards_obtained":["RitualDagger"]},{"damage_healed":0.0,"max_hp_gain":0.0,"max_hp_loss":0.0,"gold_gain":0.0,"event_name":"Drug Dealer","player_choice":"Inject Mutagens","floor":21.0,"gold_loss":0.0,"damage_taken":0.0,"relics_obtained":["MutagenicStrength"]},{"damage_healed":0.0,"max_hp_gain":0.0,"max_hp_loss":0.0,"gold_gain":75.0,"event_name":"FaceTrader","player_choice":"Touch","floor":25.0,"gold_loss":0.0,"damage_taken":9.0}],"is_beta":false,"boss_relics":[{"not_picked":["Ring of the Serpent","Runic Dome"],"picked":"SlaversCollar"}],"items_purged_floors":[2,20,28],"is_endless":false,"potions_floor_spawned":[4,6,13,18,22,23],"killed_by":"Champ","ascension_level":12}}