{"host":"c2zlmc1hlq0427cl","time":1610868028,"event":{"mods":["BaseMod","Googly Eyes","Hermit","Minty Spire (QoL Compilation)","Replay The Spire","StSLib","The Hayseed","The Senshi","The Servant 0.9.4"],"gold_per_floor":[114,114,129,8,28,54,83,97,97,42,68,68,87,102,102,200,200,220,232,232,11,29,29,29,29,81,92,92,112,6,105,105,206,206,219,219,235,145,145,145],"floor_reached":39,"language":"ENG","playtime":14999,"items_purged":["Strike_S"],"score":631,"play_id":"feb62afa-02d1-4790-9ce8-fb5c46934127","local_time":"20210117012028","is_ascension_mode":false,"campfire_choices":[{"floor":12,"key":"REST"},{"floor":15,"key":"REST"},{"floor":23,"key":"REST"},{"data":"InstantArmor","floor":25,"key":"SMITH"}],"circlet_count":0,"master_deck":["Strike_S","Strike_S","Defend_S+1","Defend_S","Defend_S","Defend_S","KidneyShot","Exchange","Spin","Alleviate+1","Defy","ReturningBlade","ShatteredReality","SilverBlades","SoulSculpture","WasteNot+1","SurpressingFire+1","SurpressingFire+1","Dilation+1","Foresight+1","Initiator+1","MoonPhase+1","FastForward+1","BestPractice+1","InstantArmor+1","Hightail+1","PendulumOfEternity+1","TheWorld+1","Writhe","DoubleEdge+1"],"relics":["Uniform","Frozen Egg 2","Golden Egg","Centennial Puzzle","MysterySword","PreservedInsect","Oddly Smooth Stone","Ring of Fangs","ReplayTheSpireMod:Ring of Addiction","Chameleon Ring","Toy Ornithopter","Black Star"],"acts_visited":["Exordium","TheCity","TheBeyond"],"potions_floor_usage":[6,8,16,19,22,22,29,33,33,37],"damage_taken":[{"damage":7,"enemies":"Jaw Worm","floor":1,"turns":3},{"damage":0,"enemies":"Cultist","floor":3,"turns":4},{"damage":0,"enemies":"2 Louse","floor":5,"turns":3},{"damage":17,"enemies":"3 Sentries","floor":6,"turns":8},{"damage":11,"enemies":"Large Slime","floor":8,"turns":7},{"damage":0,"enemies":"Exordium Wildlife","floor":13,"turns":5},{"damage":4,"enemies":"Gremlin Gang","floor":14,"turns":3},{"damage":15,"enemies":"The Guardian","floor":16,"turns":17},{"damage":13,"enemies":"Chosen","floor":18,"turns":6},{"damage":5,"enemies":"Shell Parasite","floor":19,"turns":5},{"damage":12,"enemies":"Sentry and Sphere","floor":22,"turns":8},{"damage":13,"enemies":"Centurion and Healer","floor":27,"turns":8},{"damage":0,"enemies":"Snecko","floor":29,"turns":4},{"damage":0,"enemies":"Pondfish","floor":33,"turns":17},{"damage":26,"enemies":"3 Darklings","floor":35,"turns":10},{"damage":47,"enemies":"Orb Walker","floor":37,"turns":7},{"damage":17,"enemies":"4 Shapes","floor":39,"turns":1}],"seed_played":"-2934276859599582575","potions_obtained":[{"floor":1,"key":"Doom Potion"},{"floor":3,"key":"Adrenaline Potion"},{"floor":7,"key":"BlessingOfTheForge"},{"floor":7,"key":"EntropicBrew"},{"floor":7,"key":"Flashbang"},{"floor":8,"key":"SpeedPotion"},{"floor":18,"key":"FearPotion"},{"floor":28,"key":"AttackPotion"},{"floor":28,"key":"CultistPotion"},{"floor":35,"key":"Dexterity Potion"}],"is_trial":false,"path_per_floor":["M","?","M","$","M","E","?","M","T","$","T","R","M","M","R","B",null,"M","M","?","$","M","R","$","R","T","M","?","M","$","?","R","B",null,"M","?","M","?","M"],"character_chosen":"THE_SERVANT","items_purchased":["ShatteredReality","SurpressingFire+1","PreservedInsect","BestPractice+1","PendulumOfEternity+1"],"campfire_rested":3,"item_purchase_floors":[4,10,21,21,30],"current_hp_per_floor":[58,58,58,58,58,41,15,4,4,4,4,23,23,19,38,23,65,52,47,36,36,24,45,45,45,45,32,32,37,37,37,58,68,68,42,59,17,17,0,0],"gold":145,"neow_bonus":"THREE_CARDS","is_daily":false,"chose_seed":false,"campfire_upgraded":1,"win_rate":0.0,"timestamp":1610868028,"path_taken":["M","?","?","$","M","E","?","M","T","?","?","R","M","M","R","BOSS","M","?","?","$","M","R","$","R","T","M","?","M","$","?","R","BOSS","M","?","M","?","M"],"items_purchased_type":["Card","Card","Relic","Card","Card"],"build_version":"2020-12-22","purchased_purges":1,"victory":false,"max_hp_per_floor":[65,65,65,65,65,65,65,65,65,65,65,65,65,65,65,65,65,65,65,70,70,70,70,70,70,70,70,70,70,70,70,70,68,68,68,68,66,66,66,66],"card_choices":[{"not_picked":["Replace","DoubleEdge"],"picked":"Spin","floor":0},{"not_picked":["Shuttle","Unruled"],"picked":"Alleviate","floor":1},{"not_picked":["Spin","Advance"],"picked":"ReturningBlade","floor":3},{"not_picked":["GearUp","Rewind"],"picked":"SilverBlades","floor":5},{"not_picked":["Moonlight","DualDimension"],"picked":"SoulSculpture","floor":6},{"not_picked":["Replace","DualDimension"],"picked":"WasteNot+1","floor":7},{"not_picked":["Rewind","ShatteredReality","Unruled"],"picked":"SKIP","floor":8},{"not_picked":["Spin","Alleviate"],"picked":"Dilation","floor":13},{"not_picked":["TimeWarp","Luminosity+1"],"picked":"Foresight+1","floor":14},{"not_picked":["FloweringNight+1","Duplication"],"picked":"Initiator","floor":16},{"not_picked":["Reset+1","DoubleEdge"],"picked":"MoonPhase+1","floor":18},{"not_picked":["Rearm","Collapse"],"picked":"FastForward+1","floor":19},{"not_picked":["Gouge","Unruled"],"picked":"InstantArmor","floor":22},{"not_picked":["Defy+1","Spin+1"],"picked":"Hightail+1","floor":27},{"not_picked":["Potential","Reset","Barrier"],"picked":"SKIP","floor":29},{"not_picked":["Initiator","ForgedInTime"],"picked":"TheWorld","floor":33},{"not_picked":["Advance+1","BestPractice+1","ShatteredReality"],"picked":"SKIP","floor":35},{"not_picked":["ShatteredReality","Hightail"],"picked":"DoubleEdge+1","floor":37}],"player_experience":64354,"relics_obtained":[{"floor":6,"key":"Frozen Egg 2"},{"floor":9,"key":"Golden Egg"},{"floor":11,"key":"Centennial Puzzle"},{"floor":26,"key":"Oddly Smooth Stone"},{"floor":28,"key":"Ring of Fangs"},{"floor":28,"key":"ReplayTheSpireMod:Ring of Addiction"},{"floor":28,"key":"Chameleon Ring"},{"floor":28,"key":"Toy Ornithopter"}],"event_choices":[{"damage_healed":0,"gold_gain":0,"cards_transformed":["Strike_S"],"player_choice":"Transformed","damage_taken":0,"max_hp_gain":0,"max_hp_loss":0,"event_name":"Transmorgrifier","floor":2,"gold_loss":0,"cards_obtained":["Defy"]},{"damage_healed":0,"gold_gain":0,"player_choice":"Shed Blood","damage_taken":16,"max_hp_gain":5,"max_hp_loss":0,"event_name":"Forgotten Altar","floor":20,"gold_loss":0},{"damage_healed":0,"gold_gain":99,"player_choice":"Stole From Cult","damage_taken":0,"max_hp_gain":0,"max_hp_loss":0,"event_name":"Nest","floor":31,"gold_loss":0},{"damage_healed":17,"gold_gain":0,"player_choice":"Writhe","damage_taken":0,"max_hp_gain":0,"max_hp_loss":0,"event_name":"Winding Halls","floor":36,"gold_loss":0,"cards_obtained":["Writhe"]},{"cards_removed":["Normality"],"damage_healed":0,"gold_gain":0,"player_choice":"Upgrade and Remove","damage_taken":0,"max_hp_gain":0,"max_hp_loss":0,"event_name":"Designer","floor":38,"gold_loss":90,"cards_upgraded":["Defend_S"]}],"is_beta":false,"boss_relics":[{"not_picked":["Runic Pyramid","Philosopher\u0027s Stone"],"picked":"MysterySword"},{"not_picked":["Calling Bell","Velvet Choker"],"picked":"Black Star"}],"items_purged_floors":[4],"is_endless":false,"potions_floor_spawned":[1,3,8,13,14,18,22,27,35],"killed_by":"4 Shapes","ascension_level":0}}