{"host":"kiepq204ejgahl1h","time":1610889085,"event":{"mods":["100% Spire Juice","ATMod(阿瑾Mod)","Act Like it!","Aspiration","BaseMod","BetterRewards","Booster Modes","Colored Map","Colored Powertips","Conjunction","Conspire","Curses Come First","Dota2Spire","Energized Spire","GifTheSpireLib","Gold Saver","Halation","Hubris","Humility","Infinite Spire","Ironclad Rager","Jedi Mod","KinomotoSakuraMod(木之本樱)","LagranYue(拉格朗・月)","Luminous","Marisa（F雨　魔理沙）","Minty Spire (QoL Compilation)","MostiFishMod","Pale of the Ancients","Prisma Mod","Quarter Circle Forward PUNCH!","Quick Restart","RRrroohrrRGHHhhh!!","Rare Cards Sparkle","Reimu（博丽灵梦）","Relic Stats","Remilia（蕾米莉亚）","Replay The Spire","RumiaBox-露米娅的神秘盒子","SIMod","SacredBarkPlus","Spikes Relics","Spires \u0026 Sneckos","StS++","StSLib","Stuff the Spire","TestMod","The Bug Knight","The Gatherer","The Servant 0.9.4","Virulent Crown","Yakumo Yukari mod","Youmu（魂魄妖梦）","vexMod","【遗物卡牌】REMEMod"],"gold_per_floor":[1236,1249,1249,1267,1217,1249,1249,1280,1280,1323,1323,1339,910,922,922,1025,1025,1035,599,599,599,634,663,712,759,759,759,785,785,785,801,801,910,910,928,928,939,957,1001,1042,391,391,464,489,489,511,536,545,545,573,583,592,592,665,665,682,682,759,759,788],"floor_reached":61,"language":"ZHS","playtime":2767,"items_purged":["AT_purpleEX","Defend_purpleEX","AT_purpleEX","Defend_purpleEX","AT_purpleEX","Defend_purpleEX","MetroBOOM_purple+1"],"score":2286,"play_id":"6c01103d-ab80-47fe-a4be-fc6885d20964","local_time":"20210117211125","is_ascension_mode":true,"campfire_choices":[{"data":"AT_FamilyPortrait","floor":7,"key":"SMITH"},{"data":"hubris:Insight","floor":11,"key":"SMITH"},{"data":"Boundary_ObjectiveBoundary_purple","floor":15,"key":"SMITH"},{"data":"Observe_purple_2","floor":27,"key":"SMITH"},{"data":"jedi:forcepull","floor":29,"key":"SMITH"},{"data":"Charmbait_purple","floor":32,"key":"SMITH"},{"floor":42,"key":"RECALL"},{"data":"conspire:SpireCoStock","floor":45,"key":"SMITH"},{"data":"ClowCardTheSong","floor":49,"key":"SMITH"},{"data":"Defend_purpleEX","floor":55,"key":"SMITH"},{"floor":57,"key":"REST"}],"circlet_count":0,"master_deck":["AT_purpleEX+1","Defend_purpleEX+1","Observe_purple_1+1","Observe_purple_2+1","AT_FamilyPortrait+1","ClowCardTheSong+1","jedi:forcepull+1","hubris:Insight+1","AdvanceAttack_purple+1","Charmbait_purple+1","conspire:SpireCoStock+1","CommonSense_AntiCommonSense_purple+1","Boundary_ObjectiveBoundary_purple+1","Worldmountain_purple+1","Line_surface_state_purple+1","DimensionStaggered_purple+1","ProofOfUnderstanding_purple+1","Mirror_TwoAndThreeElementRealm_purple+1","Boundary_LifeAndDeath_purple+1"],"relics":["Boundary_crack","DaveBox","AT_ATBox","REME_ComplimentaryCards","testmod-TestBox","LagranYue:RandomDrawCardRelic","PatriotShield","testmod-Charity","hubris:TenFootPole","aspiration:TomeofQuesting","halation:BottledLove","halation:Thesaurus","HalfPhantom","hubris:64BitClover","LagranYue:NewUniverseRelic","ClockworkSouvenir","StuffTheSpire:Barrel","SynthV:TestCard","qcfpunch:Wrestler\u0027s_Cloak","Bronze Scales","Whetstone","Juzu Bracelet","Lantern","CosmicIsotope","testmod-IndustrialRevolution","hubris:CrystalStatue","StSpp:BoiledEgg","vexMod:ScavengeHelm","RuthlessExorcism:ReiMu","Golden Egg","hubris:SlimyHat","AT_TrinityForce","vexMod:PaidLearning","testmod-AssaultLearning","Bag of Preparation","Dota2Spire:Butterfly","Strange Spoon","Eternal Feather","jedi:shrinkray","AT_SunfireAegis","infinitespire:Bottled Soul","paleoftheancients:Timepiece","paleoftheancients:KeyRelic","Oddly Smooth Stone","Sozu","Letter Opener","paleoftheancients:SoulOfTheWokeBloke","infinitespire:BottledMercury","StuffTheSpire:CocoNut"],"acts_visited":["Exordium","TheCity","TheBeyond","paleoftheancients:PaleOfTheAncients"],"potions_floor_usage":[0,8,8,8,8,8,8,8,16,33,33,47],"damage_taken":[{"damage":0,"enemies":"Jaw Worm","floor":1,"turns":1},{"damage":1,"enemies":"Small Slimes","floor":2,"turns":2},{"damage":2,"enemies":"infinitespire:Voidling","floor":4,"turns":1},{"damage":1,"enemies":"HollowMod:MossKnight","floor":6,"turns":2},{"damage":0,"enemies":"3 Sentries","floor":8,"turns":1},{"damage":0,"enemies":"Lagavulin","floor":10,"turns":3},{"damage":2,"enemies":"Blue Slaver","floor":12,"turns":1},{"damage":0,"enemies":"Looter","floor":14,"turns":1},{"damage":0,"enemies":"Slime Boss","floor":16,"turns":1},{"damage":0,"enemies":"3 Byrds","floor":18,"turns":2},{"damage":0,"enemies":"Spheric Guardian","floor":22,"turns":2},{"damage":0,"enemies":"HollowMod:Nosk","floor":23,"turns":1},{"damage":0,"enemies":"Book of Stabbing","floor":25,"turns":2},{"damage":0,"enemies":"conspire:SneckoGhost","floor":28,"turns":3},{"damage":0,"enemies":"Shelled Parasite and Fungi","floor":31,"turns":2},{"damage":0,"enemies":"Champ","floor":33,"turns":3},{"damage":0,"enemies":"3 Shapes","floor":35,"turns":1},{"damage":0,"enemies":"Orb Walker","floor":37,"turns":1},{"damage":0,"enemies":"4 Shapes","floor":38,"turns":1},{"damage":0,"enemies":"conspire:MimicChest","floor":39,"turns":2},{"damage":0,"enemies":"Nemesis","floor":40,"turns":2},{"damage":0,"enemies":"Reptomancer","floor":44,"turns":1},{"damage":0,"enemies":"Jaw Worm Horde","floor":46,"turns":1},{"damage":0,"enemies":"Nightmare","floor":47,"turns":1},{"damage":0,"enemies":"Maw","floor":48,"turns":2},{"damage":0,"enemies":"Replay:Hell Engine","floor":50,"turns":2},{"damage":1,"enemies":"Replay:Hell Engine","floor":51,"turns":2},{"damage":4,"enemies":"Replay:Hell Engine","floor":52,"turns":1},{"damage":1,"enemies":"Replay:Hell Engine","floor":56,"turns":2},{"damage":0,"enemies":"paleoftheancients:N","floor":60,"turns":3}],"seed_played":"5533569710174365601","potions_obtained":[{"floor":2,"key":"EntropicBrew"},{"floor":6,"key":"Block Potion"},{"floor":10,"key":"SteroidPotion"},{"floor":14,"key":"Energy Potion"},{"floor":16,"key":"FearPotion"},{"floor":18,"key":"FearPotion"},{"floor":33,"key":"testmod-EscapePotion"},{"floor":35,"key":"Languid Potion"},{"floor":39,"key":"FearPotion"},{"floor":46,"key":"Explosive Potion"},{"floor":48,"key":"StSpp:SecondWindPotion"}],"is_trial":false,"path_per_floor":["M","M","?","M","?","E","R","E","T","E","R","M","$","M","R","B",null,"M","$","?","?","M","E","?","E","T","R","E","R","?","M","R","B",null,"M","AVR","M","M","?","E","$","R","T","E","R","M","NM","M","R","B","M","M","?","T","R","M","R","T","?","B",null],"character_chosen":"Youkari","items_purchased":["jedi:forcepull","hubris:TenFootPole","testmod-SpacePotion","aspiration:TomeofQuesting","halation:BottledLove","halation:Thesaurus","hubris:Insight","hubris:64BitClover","LagranYue:NewUniverseRelic","ClockworkSouvenir","StuffTheSpire:Barrel","Dota2Spire:HealingSalve","FearPotion","Lantern","CommonSense_AntiCommonSense_purple+1","Boundary_ObjectiveBoundary_purple","hubris:CrystalStatue","Dota2Spire:Butterfly","Strange Spoon"],"campfire_rested":1,"item_purchase_floors":[0,0,0,0,0,0,0,0,0,0,0,0,0,13,13,13,19,41,41],"current_hp_per_floor":[29,30,30,29,29,30,30,31,31,34,34,33,33,34,34,35,80,81,81,74,74,79,83,84,87,87,87,89,89,89,91,91,93,93,94,94,95,96,99,101,101,101,102,103,103,105,106,107,107,108,109,110,110,111,111,115,115,123,123,124],"gold":788,"neow_bonus":"","is_daily":false,"chose_seed":false,"campfire_upgraded":9,"win_rate":0.0,"timestamp":1610889085,"path_taken":["M","M","?","M","?","E","R","E","T","E","R","M","$","M","R","BOSS","M","$","?","?","M","E","?","E","T","R","E","R","?","M","R","BOSS","M","AVR","M","M","?","E","$","R","T","E","R","M","NM","M","R","BOSS","M","M","?","T","R","M","R","T","?","BOSS"],"items_purchased_type":["Card","Relic","Potion","Relic","Relic","Relic","Card","Relic","Relic","Relic","Relic","Potion","Potion","Relic","Card","Card","Relic","Relic","Relic"],"build_version":"2020-12-22","purchased_purges":7,"victory":true,"max_hp_per_floor":[71,72,72,73,73,74,74,75,75,77,77,78,78,79,79,80,80,81,81,81,81,83,84,85,87,87,87,89,89,89,91,91,93,93,94,94,95,96,99,101,101,101,102,103,103,105,106,107,107,108,109,110,110,111,111,115,115,123,123,124],"relic_stats":{"Sozu":1,"Strange Spoon":[7],"counters":[343,1152],"Bronze Scales":[34],"Eternal Feather":0,"Juzu Bracelet":2,"Bag of Preparation":[35],"Whetstone":["AT_purpleEX","Observe_purple_1"],"Letter Opener":[1042],"obtain_stats":[{"Replay:Accelerometer":9,"infinitespire:BottledMercury":0,"Golden Egg":28,"StuffTheSpire:Barrel":25,"AT_ATBox":0,"ScarletDevilRocket":14,"LagranYue:RandomDrawCardRelic":0,"WarlordEmblem:MantleBaku":13,"Spirit Poop":50,"Whetstone":0,"qcfpunch:Red_Beret":10,"MagicDraw4":9,"Bottled Tornado":15,"Dota2Spire:EtherealBlade":28,"testmod-BlackFramedGlasses":0,"MagicDraw2":21,"jedi:shrinkray":0,"MagicDraw1":24,"Replay:Wanted Poster":17,"conspire:GlowingRock":0,"testmod-Prudence":0,"MealTicket":43,"vexMod:DeviousBotling":17,"halation:PromiseList":49,"HollowMod:PaleOreRelic":8,"WarlordEmblem:BrokenMantle":0,"testmod-Maize":0,"AT_RedTearstoneRing":9,"testmod-TestBox":0,"testmod-Register":31,"Eternal Feather":43,"Pen Nib":14,"Dota2Spire:Bloodstone":34,"AT_EbonyIvory":58,"Replay:Ancient Bell":17,"Ling":0,"qcfpunch:Broken_Tusk":26,"StuffTheSpire:MayFlowers":10,"CultistMask":30,"hubris:TenFootPole":42,"Technique":0,"ChiLing":0,"MetatronsCube":0,"WarlordEmblem:VoidPower":17,"Lantern":13,"Torii":44,"DaveBox":0,"Singing Bowl":8,"Dota2Spire:Vanguard":40,"Bag of Preparation":0,"Replay:Multitool":10,"StuffTheSpire:GrapeVine":44,"LagranYue:MagicReflectiveArmorRelic":0,"Smiling Mask":26,"testmod-CasingShield":25,"Pet Ghost":0,"Shovel":8,"infinitespire:Bottled Soul":47,"vexMod:RedPlottingStone":27,"Dota2Spire:BladeMail":6,"AT_TrinityForce":34,"testmod-ObsoleteBoomerang":31,"halation:Toothbrush":42,"aspiration:FutureDiary":19,"LagranYue:NewUniverseRelic":13,"hubris:GlazedTorus":46,"Potion Belt":22,"StuffTheSpire:TintedRock":7,"halation:BottledLove":0,"hubris:64BitClover":0,"PreservedInsect":31,"aspiration:RandomNobGenerator":36,"Boundary_crack":0,"testmod-TurbochargingSystem":0,"hubris:Towel":37,"halation:SelfBoilingWater":45,"ChaoDraw":40,"PrismaMod:PrismaSapphireUpgrade":34,"AT_ImmortalShieldbow":37,"Busted Crown":34,"Dota2Spire:Butterfly":41,"Ornamental Fan":36,"ExplosiveVial":0,"CrazyTorch:ReiMu":36,"Art of War":3,"SpikesRelics:DaevaFist":47,"halation:AfternoonTea":6,"paleoftheancients:SoulOfTheThorton":53,"AT_SunfireAegis":23,"REME_ComplimentaryCards":0,"Dota2Spire:MaskOfMadness":55,"PatriotShield":0,"hubris:CrystalStatue":19,"Chi":0,"Dota2Spire:ArmletOfMordiggian":27,"AT_MibuBalloonWealth":6,"HalfPhantom":0,"Dota2Spire:ShadowBlade":31,"HollowMod:StagPassRelic":7,"Sozu":50,"HornCleat":42,"Prayer Wheel":30,"aspiration:ArtOfWarUpgrade":57,"Iron Hammer":0,"qcfpunch:Handcuffs":24,"Toxic Egg 2":4,"qcfpunch:Chain_With_Nametags":26,"LugNut":13,"conspire:Dentures":9,"Dota2Spire:HandOfMidas":56,"paleoftheancients:KeyRelic":50,"ReplayTheSpireMod:CursedCoin":29,"vexMod:ScavengeHelm":25,"StuffTheSpire:ForceGauntlet":32,"Astrolabe":21,"WarlordEmblem:WuziBook":43,"Oddly Smooth Stone":50,"vexMod:PaidLearning":36,"Replay:Kaleidoscope":23,"Letter Opener":50,"halation:Thesaurus":0,"War Paint":58,"RhineCircuit":0,"paleoftheancients:Timepiece":50,"testmod-RealStoneCalender":0,"Replay:Baseball":38,"conspire:GiftBox":41,"paleoftheancients:SoulOfTheWokeBloke":51,"Bronze Scales":8,"Molten Egg 2":5,"Onion Ring":43,"Nloth\u0027s Gift":20,"ReplayTheSpireMod:TigerMarble":0,"hubris:ToyBattleship":26,"CosmicIsotope":17,"StuffTheSpire:OldFever":0,"testmod-OneHitWonder":54,"Memoryfragments_purpleEX":0,"Meat on the Bone":48,"GodSword1":54,"SnailShell":40,"PrismaMod:PrismaSapphire":0,"aspiration:TomeofQuesting":48,"Dota2Spire:DrumOfEndurance":45,"Mango":19,"StSpp:BoiledEgg":23,"SecretRecord":25,"Juzu Bracelet":10,"hubris:SlimyHat":30,"LagranYue:RareGoldArmorRelic":17,"Replay:Mystery Machine":11,"jedi:Pinwheel":39,"vexMod:Spyglass":5,"testmod-Charity":5,"ClockworkSouvenir":0,"StuffTheSpire:Experiment12":57,"Nunchaku":60,"Chameleon Ring":15,"testmod-InjuryResistance":44,"paleoftheancients:SoulOfTheGuardian":52,"testmod-Motorcycle":21,"MiniBlackHole":13,"qcfpunch:Necklace_of_Skulls":17,"jedi:cryingmask":0,"qcfpunch:Wrestler\u0027s_Cloak":6,"halation:LettersToHer":23,"Gremlin Food":13,"ReplayTheSpireMod:Ninjato":58,"paleoftheancients:BlurryLens":55,"Guide Book":19,"vexMod:FocusSash":23,"testmod-Justice":0,"testmod-IndustrialRevolution":18,"jedi:fakemustache":0,"testmod-Antiphasic":45,"Strange Spoon":41,"SynthV:TestCard":1,"vexMod:HeadHunter":4,"testmod-AssaultLearning":39,"halation:EternalFortune":4,"StuffTheSpire:CocoNut":58,"Bag of Marbles":46,"RuthlessExorcism:ReiMu":0},{"Replay:Accelerometer":197,"infinitespire:BottledMercury":283,"Golden Egg":327,"StuffTheSpire:Barrel":178,"AT_ATBox":0,"ScarletDevilRocket":290,"LagranYue:RandomDrawCardRelic":167,"WarlordEmblem:MantleBaku":172,"Spirit Poop":245,"Whetstone":191,"qcfpunch:Red_Beret":255,"MagicDraw4":223,"Bottled Tornado":258,"Dota2Spire:EtherealBlade":297,"testmod-BlackFramedGlasses":0,"MagicDraw2":201,"jedi:shrinkray":191,"MagicDraw1":202,"Replay:Wanted Poster":291,"conspire:GlowingRock":250,"testmod-Prudence":167,"MealTicket":242,"vexMod:DeviousBotling":173,"halation:PromiseList":217,"HollowMod:PaleOreRelic":287,"WarlordEmblem:BrokenMantle":167,"testmod-Maize":0,"AT_RedTearstoneRing":287,"testmod-TestBox":167,"testmod-Register":180,"Eternal Feather":334,"Pen Nib":172,"Dota2Spire:Bloodstone":236,"AT_EbonyIvory":249,"Replay:Ancient Bell":227,"Ling":191,"qcfpunch:Broken_Tusk":178,"StuffTheSpire:MayFlowers":171,"CultistMask":234,"hubris:TenFootPole":272,"Technique":0,"ChiLing":191,"MetatronsCube":0,"WarlordEmblem:VoidPower":200,"Lantern":320,"Torii":187,"DaveBox":0,"Singing Bowl":223,"Dota2Spire:Vanguard":240,"Bag of Preparation":167,"Replay:Multitool":224,"StuffTheSpire:GrapeVine":274,"LagranYue:MagicReflectiveArmorRelic":191,"Smiling Mask":232,"testmod-CasingShield":203,"Pet Ghost":250,"Shovel":197,"infinitespire:Bottled Soul":337,"vexMod:RedPlottingStone":178,"Dota2Spire:BladeMail":222,"AT_TrinityForce":329,"testmod-ObsoleteBoomerang":235,"halation:Toothbrush":214,"aspiration:FutureDiary":260,"LagranYue:NewUniverseRelic":172,"hubris:GlazedTorus":306,"Potion Belt":201,"StuffTheSpire:TintedRock":222,"halation:BottledLove":313,"hubris:64BitClover":313,"PreservedInsect":266,"aspiration:RandomNobGenerator":269,"Boundary_crack":0,"testmod-TurbochargingSystem":283,"hubris:Towel":301,"halation:SelfBoilingWater":215,"ChaoDraw":303,"PrismaMod:PrismaSapphireUpgrade":181,"AT_ImmortalShieldbow":237,"Busted Crown":207,"Dota2Spire:Butterfly":334,"Ornamental Fan":237,"ExplosiveVial":218,"CrazyTorch:ReiMu":237,"Art of War":253,"SpikesRelics:DaevaFist":276,"halation:AfternoonTea":196,"paleoftheancients:SoulOfTheThorton":248,"AT_SunfireAegis":231,"REME_ComplimentaryCards":0,"Dota2Spire:MaskOfMadness":248,"PatriotShield":313,"hubris:CrystalStatue":323,"Chi":191,"Dota2Spire:ArmletOfMordiggian":265,"AT_MibuBalloonWealth":285,"HalfPhantom":313,"Dota2Spire:ShadowBlade":299,"HollowMod:StagPassRelic":170,"Sozu":339,"HornCleat":242,"Prayer Wheel":180,"aspiration:ArtOfWarUpgrade":281,"Iron Hammer":167,"qcfpunch:Handcuffs":263,"Toxic Egg 2":169,"qcfpunch:Chain_With_Nametags":296,"LugNut":199,"conspire:Dentures":170,"Dota2Spire:HandOfMidas":281,"paleoftheancients:KeyRelic":245,"ReplayTheSpireMod:CursedCoin":204,"vexMod:ScavengeHelm":326,"StuffTheSpire:ForceGauntlet":206,"Astrolabe":229,"WarlordEmblem:WuziBook":214,"Oddly Smooth Stone":339,"vexMod:PaidLearning":330,"Replay:Kaleidoscope":202,"Letter Opener":245,"halation:Thesaurus":313,"War Paint":312,"RhineCircuit":0,"paleoftheancients:Timepiece":245,"testmod-RealStoneCalender":167,"Replay:Baseball":183,"conspire:GiftBox":185,"paleoftheancients:SoulOfTheWokeBloke":340,"Bronze Scales":318,"Molten Egg 2":169,"Onion Ring":186,"Nloth\u0027s Gift":229,"ReplayTheSpireMod:TigerMarble":250,"hubris:ToyBattleship":264,"CosmicIsotope":322,"StuffTheSpire:OldFever":167,"testmod-OneHitWonder":248,"Memoryfragments_purpleEX":0,"Meat on the Bone":308,"GodSword1":311,"SnailShell":271,"PrismaMod:PrismaSapphire":0,"aspiration:TomeofQuesting":244,"Dota2Spire:DrumOfEndurance":274,"Mango":292,"StSpp:BoiledEgg":325,"SecretRecord":264,"Juzu Bracelet":319,"hubris:SlimyHat":327,"LagranYue:RareGoldArmorRelic":227,"Replay:Mystery Machine":255,"jedi:Pinwheel":271,"vexMod:Spyglass":253,"testmod-Charity":284,"ClockworkSouvenir":313,"StuffTheSpire:Experiment12":249,"Nunchaku":282,"Chameleon Ring":199,"testmod-InjuryResistance":214,"paleoftheancients:SoulOfTheGuardian":247,"testmod-Motorcycle":229,"MiniBlackHole":172,"qcfpunch:Necklace_of_Skulls":227,"jedi:cryingmask":283,"qcfpunch:Wrestler\u0027s_Cloak":317,"halation:LettersToHer":295,"Gremlin Food":256,"ReplayTheSpireMod:Ninjato":312,"paleoftheancients:BlurryLens":281,"Guide Book":201,"vexMod:FocusSash":177,"testmod-Justice":0,"testmod-IndustrialRevolution":323,"jedi:fakemustache":191,"testmod-Antiphasic":243,"Strange Spoon":334,"SynthV:TestCard":219,"vexMod:HeadHunter":194,"testmod-AssaultLearning":333,"halation:EternalFortune":284,"StuffTheSpire:CocoNut":342,"Bag of Marbles":188,"RuthlessExorcism:ReiMu":250},{"Replay:Accelerometer":746,"infinitespire:BottledMercury":1026,"Golden Egg":1125,"StuffTheSpire:Barrel":686,"AT_ATBox":0,"ScarletDevilRocket":1036,"LagranYue:RandomDrawCardRelic":641,"WarlordEmblem:MantleBaku":661,"Spirit Poop":909,"Whetstone":734,"qcfpunch:Red_Beret":944,"MagicDraw4":834,"Bottled Tornado":951,"Dota2Spire:EtherealBlade":1054,"testmod-BlackFramedGlasses":0,"MagicDraw2":764,"jedi:shrinkray":734,"MagicDraw1":768,"Replay:Wanted Poster":1039,"conspire:GlowingRock":932,"testmod-Prudence":641,"MealTicket":898,"vexMod:DeviousBotling":666,"halation:PromiseList":816,"HollowMod:PaleOreRelic":1032,"WarlordEmblem:BrokenMantle":641,"testmod-Maize":0,"AT_RedTearstoneRing":1032,"testmod-TestBox":641,"testmod-Register":691,"Eternal Feather":1137,"Pen Nib":661,"Dota2Spire:Bloodstone":881,"AT_EbonyIvory":925,"Replay:Ancient Bell":850,"Ling":734,"qcfpunch:Broken_Tusk":686,"StuffTheSpire:MayFlowers":656,"CultistMask":873,"hubris:TenFootPole":993,"Technique":0,"ChiLing":734,"MetatronsCube":0,"WarlordEmblem:VoidPower":762,"Lantern":1113,"Torii":719,"DaveBox":0,"Singing Bowl":834,"Dota2Spire:Vanguard":889,"Bag of Preparation":641,"Replay:Multitool":838,"StuffTheSpire:GrapeVine":997,"LagranYue:MagicReflectiveArmorRelic":734,"Smiling Mask":865,"testmod-CasingShield":770,"Pet Ghost":932,"Shovel":746,"infinitespire:Bottled Soul":1140,"vexMod:RedPlottingStone":686,"Dota2Spire:BladeMail":832,"AT_TrinityForce":1130,"testmod-ObsoleteBoomerang":877,"halation:Toothbrush":803,"aspiration:FutureDiary":960,"LagranYue:NewUniverseRelic":661,"hubris:GlazedTorus":1081,"Potion Belt":764,"StuffTheSpire:TintedRock":832,"halation:BottledLove":1102,"hubris:64BitClover":1102,"PreservedInsect":975,"aspiration:RandomNobGenerator":985,"Boundary_crack":0,"testmod-TurbochargingSystem":1026,"hubris:Towel":1066,"halation:SelfBoilingWater":810,"ChaoDraw":1070,"PrismaMod:PrismaSapphireUpgrade":696,"AT_ImmortalShieldbow":883,"Busted Crown":785,"Dota2Spire:Butterfly":1137,"Ornamental Fan":883,"ExplosiveVial":821,"CrazyTorch:ReiMu":883,"Art of War":940,"SpikesRelics:DaevaFist":1001,"halation:AfternoonTea":743,"paleoftheancients:SoulOfTheThorton":919,"AT_SunfireAegis":862,"REME_ComplimentaryCards":0,"Dota2Spire:MaskOfMadness":919,"PatriotShield":1102,"hubris:CrystalStatue":1117,"Chi":734,"Dota2Spire:ArmletOfMordiggian":974,"AT_MibuBalloonWealth":1029,"HalfPhantom":1102,"Dota2Spire:ShadowBlade":1062,"HollowMod:StagPassRelic":653,"Sozu":1144,"HornCleat":898,"Prayer Wheel":691,"aspiration:ArtOfWarUpgrade":1018,"Iron Hammer":641,"qcfpunch:Handcuffs":968,"Toxic Egg 2":648,"qcfpunch:Chain_With_Nametags":1052,"LugNut":751,"conspire:Dentures":653,"Dota2Spire:HandOfMidas":1018,"paleoftheancients:KeyRelic":909,"ReplayTheSpireMod:CursedCoin":776,"vexMod:ScavengeHelm":1122,"StuffTheSpire:ForceGauntlet":780,"Astrolabe":854,"WarlordEmblem:WuziBook":803,"Oddly Smooth Stone":1144,"vexMod:PaidLearning":1131,"Replay:Kaleidoscope":768,"Letter Opener":909,"halation:Thesaurus":1102,"War Paint":1098,"RhineCircuit":0,"paleoftheancients:Timepiece":909,"testmod-RealStoneCalender":641,"Replay:Baseball":700,"conspire:GiftBox":710,"paleoftheancients:SoulOfTheWokeBloke":1146,"Bronze Scales":1109,"Molten Egg 2":648,"Onion Ring":714,"Nloth\u0027s Gift":854,"ReplayTheSpireMod:TigerMarble":932,"hubris:ToyBattleship":971,"CosmicIsotope":1115,"StuffTheSpire:OldFever":641,"testmod-OneHitWonder":919,"Memoryfragments_purpleEX":0,"Meat on the Bone":1085,"GodSword1":1094,"SnailShell":989,"PrismaMod:PrismaSapphire":0,"aspiration:TomeofQuesting":905,"Dota2Spire:DrumOfEndurance":997,"Mango":1040,"StSpp:BoiledEgg":1120,"SecretRecord":971,"Juzu Bracelet":1112,"hubris:SlimyHat":1125,"LagranYue:RareGoldArmorRelic":850,"Replay:Mystery Machine":944,"jedi:Pinwheel":989,"vexMod:Spyglass":940,"testmod-Charity":1027,"ClockworkSouvenir":1102,"StuffTheSpire:Experiment12":925,"Nunchaku":1020,"Chameleon Ring":751,"testmod-InjuryResistance":803,"paleoftheancients:SoulOfTheGuardian":917,"testmod-Motorcycle":854,"MiniBlackHole":661,"qcfpunch:Necklace_of_Skulls":850,"jedi:cryingmask":1026,"qcfpunch:Wrestler\u0027s_Cloak":1108,"halation:LettersToHer":1047,"Gremlin Food":945,"ReplayTheSpireMod:Ninjato":1098,"paleoftheancients:BlurryLens":1018,"Guide Book":764,"vexMod:FocusSash":682,"testmod-Justice":0,"testmod-IndustrialRevolution":1117,"jedi:fakemustache":734,"testmod-Antiphasic":901,"Strange Spoon":1137,"SynthV:TestCard":823,"vexMod:HeadHunter":740,"testmod-AssaultLearning":1135,"halation:EternalFortune":1027,"StuffTheSpire:CocoNut":1149,"Bag of Marbles":723,"RuthlessExorcism:ReiMu":932}]},"card_choices":[{"not_picked":["Extrememeaning_purpleEX","Mirror_FormAndEmptin_purple","ButterflyHabitatTemple_purple"],"picked":"SKIP","floor":1},{"not_picked":["MeetDecomposer_purple","ExistenceContinue_purple","StateErode_purple","MetroBOOM_purple"],"picked":"AdvanceAttack_purple","floor":2},{"not_picked":["OmniscientAndOmnipotent_Monster_purple","WorldDissolvedintheRealm_purple","WeekHit_purple","ExistenceContinue_purple"],"picked":"Charmbait_purple","floor":4},{"not_picked":["Fantasy_PerpetualMotionMachine_purple","MeetDecomposer_purple","Realm_recovery_purpleEX","Mirror_WaveAndshot_purple","ExistenceContinue_purple"],"picked":"SKIP","floor":6},{"not_picked":["OpenedBox_purple","WeekHit_purple","ProofOfUnderstanding_purple","MNeedle_purple","ExistenceContinue_purple"],"picked":"SKIP","floor":8},{"not_picked":["Fantasy_PerpetualMotionMachine_purple","PurpleNeedle_purple","StateDuplicate_purple","Charmbait_purple","MonsterNeedle_purple"],"picked":"SKIP","floor":10},{"not_picked":["Shallow_ocean_purpleEX","Umbrella_purple","ButterflyHabitatTemple_purple","EighthInstrument_OneDividesIntoTwo_purple","Photoelasticity_Doppler_Effect_purple"],"picked":"SKIP","floor":12},{"not_picked":["Line_surface_state_purple","Mirror_FormAndEmptin_purple","StateDuplicate_purple","MeetDecomposer_purple"],"picked":"Worldmountain_purple","floor":14},{"not_picked":["Nest_LightFlightworm_purple","StateDuplicate_purple","Umbrella_purple","EighthInstrument_OneDividesIntoTwo_purple"],"picked":"Line_surface_state_purple+1","floor":18},{"not_picked":["Shallow_ocean_purpleEX+1","Worldmountain_purple","Erosivefilter_purple","DimensionStaggered_purple","Realm_recovery_purpleEX+1"],"picked":"SKIP","floor":22},{"not_picked":["Extrememeaning_purpleEX","MeetDecomposer_purple+1","StateErode_purple","Boundary_DreamRealityDamnation_purple+1"],"picked":"DimensionStaggered_purple+1","floor":23},{"not_picked":["DimensionStaggered_purple","WingOfChimera_purple","WorldDissolvedintheRealm_purple","ExistenceContinue_purple","EighthInstrument_OneDividesIntoTwo_purple"],"picked":"SKIP","floor":25},{"not_picked":["MetroBOOM_purple","Extrememeaning_purpleEX","Mirror_Drifter_purple","Boundary_LightAndDark_purple"],"picked":"ProofOfUnderstanding_purple","floor":28},{"not_picked":["StateDuplicate_purple","Realm_recovery_purpleEX+1","OmniscientAndOmnipotent_Monster_purple","Yakumo_Ran_purple+1"],"picked":"Mirror_TwoAndThreeElementRealm_purple","floor":31},{"not_picked":["BarrageBoundary_PipeDream_purple","WangLiang_LineAndCurveDreams_purple","Human_Monster_Realm_purple","ProofOfUnderstanding_purple"],"picked":"Boundary_LifeAndDeath_purple","floor":33},{"not_picked":["Boundary_LightAndDark_purple","Line_surface_state_purple+1","SfantasyHide_purple","OmniscientAndOmnipotent_Monster_purple+1","MeetDecomposer_purple+1"],"picked":"SKIP","floor":35},{"not_picked":["Mirror_FormAndEmptin_purple+1","OmniscientAndOmnipotent_Monster_purple","MNeedle_purple","Charmbait_purple+1"],"picked":"MetroBOOM_purple+1","floor":37},{"not_picked":["EighthInstrument_OneDividesIntoTwo_purple","DimensionStaggered_purple+1","AdvanceAttack_purple","StateErode_purple+1","RealityDreamConfluencek_purple"],"picked":"SKIP","floor":38},{"not_picked":["StateDuplicate_purple+1","Worldmountain_purple+1","ExternalForce_HighSpeedFlying_purple","Charmbait_purple+1","SfantasyHide_purple"],"picked":"SKIP","floor":40},{"not_picked":["Umbrella_purple","RealityDreamConfluencek_purple","ExistenceContinue_purple+1","ExternalForce_HighSpeedFlying_purple","Extrememeaning_purpleEX+1"],"picked":"SKIP","floor":44},{"not_picked":["Umbrella_purple","RealityDreamConfluencek_purple","ExistenceContinue_purple+1","ExternalForce_HighSpeedFlying_purple","Extrememeaning_purpleEX+1"],"picked":"SKIP","floor":44},{"not_picked":["Boundary_of_Extermination_purpleEX+1","Bait_Toxicbait_purple+1","Mirror_Drifter_purple+1","Know_ledgeAbilityRealm_purple","Nest_LightFlightworm_purple"],"picked":"SKIP","floor":46},{"not_picked":["Umbrella_purple+1","ExistenceContinue_purple+1","Theboundaryofcreation_purpleEX","Mirror_FormAndEmptin_purple+1","SharpContractionReality_purple"],"picked":"SKIP","floor":47},{"not_picked":["StateErode_purple+1","Umbrella_purple+1","StretchesForeverDream_purple+1","PurpleNeedle_purple","AdvanceAttack_purple+1"],"picked":"SKIP","floor":48},{"not_picked":["Realm_recovery_purpleEX","Bait_Toxicbait_purple+1","MeetDecomposer_purple","RuleDissolution_purple+1","DimensionStaggered_purple"],"picked":"SKIP","floor":51},{"not_picked":["ButterflyHabitatTemple_purple","MeetDecomposer_purple","Shallow_ocean_purpleEX","WeekHit_purple","SharpContractionReality_purple+1"],"picked":"SKIP","floor":52},{"not_picked":["AdvanceAttack_purple+1","MeetDecomposer_purple","Boundary_ObjectiveBoundary_purple+1","Mirror_FormAndEmptin_purple","OmniscientAndOmnipotent_Monster_purple"],"picked":"SKIP","floor":56}],"player_experience":1354697,"relics_obtained":[{"floor":1,"key":"SynthV:TestCard"},{"floor":6,"key":"qcfpunch:Wrestler\u0027s_Cloak"},{"floor":8,"key":"Bronze Scales"},{"floor":9,"key":"Whetstone"},{"floor":10,"key":"Juzu Bracelet"},{"floor":18,"key":"testmod-IndustrialRevolution"},{"floor":23,"key":"StSpp:BoiledEgg"},{"floor":25,"key":"vexMod:ScavengeHelm"},{"floor":26,"key":"RuthlessExorcism:ReiMu"},{"floor":28,"key":"Golden Egg"},{"floor":30,"key":"hubris:SlimyHat"},{"floor":39,"key":"testmod-AssaultLearning"},{"floor":40,"key":"Bag of Preparation"},{"floor":43,"key":"Eternal Feather"},{"floor":44,"key":"jedi:shrinkray"},{"floor":46,"key":"AT_SunfireAegis"},{"floor":47,"key":"infinitespire:Bottled Soul"},{"floor":51,"key":"paleoftheancients:SoulOfTheWokeBloke"},{"floor":54,"key":"infinitespire:BottledMercury"},{"floor":58,"key":"StuffTheSpire:CocoNut"}],"event_choices":[{"damage_healed":0,"gold_gain":0,"player_choice":"Ignored","damage_taken":0,"max_hp_gain":0,"max_hp_loss":0,"event_name":"给自己的盒子","floor":3,"gold_loss":0},{"damage_healed":0,"gold_gain":0,"player_choice":"Invest 1","damage_taken":0,"max_hp_gain":0,"max_hp_loss":0,"event_name":"conspire:Investor","floor":5,"gold_loss":0},{"damage_healed":0,"gold_gain":0,"player_choice":"Obtained Book","damage_taken":16,"max_hp_gain":0,"max_hp_loss":0,"event_name":"Cursed Tome","floor":20,"gold_loss":0},{"damage_healed":0,"gold_gain":100,"player_choice":"Bet on Murderer","damage_taken":0,"max_hp_gain":0,"max_hp_loss":0,"event_name":"The Joust","floor":24,"gold_loss":50},{"damage_healed":0,"gold_gain":0,"player_choice":"Bought 0 Potions","damage_taken":0,"max_hp_gain":0,"max_hp_loss":0,"event_name":"The Woman in Blue","floor":53,"gold_loss":0}],"is_beta":false,"boss_relics":[{"not_picked":["StuffTheSpire:RunicHypercube","Snecko Eye"],"picked":"CosmicIsotope"},{"not_picked":["GreenFoldingFan","Dota2Spire:Bloodstone"],"picked":"AT_TrinityForce"}],"items_purged_floors":[0,0,0,13,19,36,41],"is_endless":false,"potions_floor_spawned":[2,6,10,14,16,18,33,35,39,46,48,56],"ascension_level":3}}