{"host":"a4gjzfht57229mxe","time":1610845710,"event":{"mods":["ATMod(∞¢Ë™Mod)","Act Like it!","BaseMod","Friendly Minions","GifTheSpireLib","Lobotomy","LobotomyExtend","Minty Spire (QoL Compilation)","MostiFishMod","Remilia£®¿Ÿ√◊¿Ú—«£©","Replay The Spire","Shop Mod","Spicy Shops","StSLib","UnlockEverythingMod","Waifu the Spire","Youmu£®ªÍ∆«—˝√Œ£©","noobMod","°æπ¶ƒ‹Mod°øªÏ„Á÷Æª∑–ﬁ∏¥≤π∂°","°æ“≈ŒÔø®≈∆°øREMEMod"],"gold_per_floor":[116,127,127,127,146,180,180,214,214,246,246],"floor_reached":10,"language":"ZHS","playtime":736,"items_purged":[],"score":136,"play_id":"4bcf0c31-8e40-4ad4-85e9-adad698d7251","local_time":"20210117090830","daily_mods":["Draft","Heirloom","DeadlyEvents","Elite Swarm","Uncertain Future"],"is_ascension_mode":false,"campfire_choices":[{"data":"ScarletCoffin","floor":7,"key":"SMITH"}],"circlet_count":0,"master_deck":["SlashOfMeditation","FlashingScatteredFlowers","SwordExtraction","TwoHundredYojanaInOneSlash+1","ConstancyOfTheConventionalTruth","SwordExtraction","CrescentMoonSlash","HiganSword+1","DispleasureOfTheSevenHakus","ConstancyOfTheConventionalTruth","ConstancyOfTheConventionalTruth","TwoHundredYojanaInOneSlash","SanzenSekai","FlashingScatteredFlowers","RapidSlash","ScarletCoffin+1","CelestialStarSword","StrangeHalfBody"],"relics":["HalfPhantom","DaveBox","ice","REME_ComplimentaryCards","AT_ATBox","Mango","Membership Card","SynthV:TestCard","REME_HandOfSuture"],"acts_visited":["Exordium"],"potions_floor_usage":[],"damage_taken":[{"damage":8,"enemies":"Jaw Worm","floor":1,"turns":3},{"damage":12,"enemies":"Cultist","floor":2,"turns":5},{"damage":0,"enemies":"2 Louse","floor":5,"turns":2},{"damage":22,"enemies":"Replay:BlueRogue","floor":6,"turns":4},{"damage":9,"enemies":"3 Sentries","floor":8,"turns":3},{"damage":21,"enemies":"Lagavulin","floor":10,"turns":5}],"seed_played":"6179554836019579229","potions_obtained":[],"is_trial":true,"path_per_floor":["M","M","?","T","M","E","R","E","T","E"],"character_chosen":"YOUMU","items_purchased":[],"campfire_rested":0,"item_purchase_floors":[],"current_hp_per_floor":[81,69,69,69,69,47,47,38,38,17,17],"gold":246,"neow_bonus":"","is_daily":false,"chose_seed":false,"campfire_upgraded":1,"win_rate":0.0,"timestamp":1610845710,"path_taken":["M","M","?","?","?","E","R","E","T","E"],"items_purchased_type":[],"build_version":"2020-12-22","purchased_purges":0,"victory":false,"max_hp_per_floor":[89,89,89,89,89,89,89,89,89,89,89],"card_choices":[{"not_picked":["DispleasureOfTheSevenHakus","PreachingAvici"],"picked":"SlashOfMeditation","floor":0},{"not_picked":["SpiritCuttingSword","BloodOfAsura"],"picked":"FlashingScatteredFlowers","floor":0},{"not_picked":["SlashClearingTheSixSenses","HumanKnowledgeSword"],"picked":"SwordExtraction","floor":0},{"not_picked":["SpiderLilyBurial","SanzenSekai"],"picked":"TwoHundredYojanaInOneSlash","floor":0},{"not_picked":["HellFireSword","SlashClearingTheSixSenses"],"picked":"ConstancyOfTheConventionalTruth","floor":0},{"not_picked":["CrescentMoonSlash","PhosphoricSlash"],"picked":"SwordExtraction","floor":0},{"not_picked":["LowerRealmReflectionSlash","ThoughtCuttingSword"],"picked":"CrescentMoonSlash","floor":0},{"not_picked":["SanzenSekai","SpiritMediumsBind"],"picked":"HiganSword","floor":0},{"not_picked":["HumanKnowledgeSword","SanzenSekai"],"picked":"DispleasureOfTheSevenHakus","floor":0},{"not_picked":["SpiritCuttingSword","FlashingScatteredFlowers"],"picked":"ConstancyOfTheConventionalTruth","floor":0},{"not_picked":["DispleasureOfTheSevenHakus","TwoHundredYojanaInOneSlash"],"picked":"ConstancyOfTheConventionalTruth","floor":0},{"not_picked":["ThreeKonsSevenHakus","SpiritCuttingSword"],"picked":"TwoHundredYojanaInOneSlash","floor":0},{"not_picked":["HellGodSword","TwoHundredYojanaInOneSlash"],"picked":"SanzenSekai","floor":0},{"not_picked":["SwordOfBindingDesires","DispleasureOfTheSevenHakus"],"picked":"FlashingScatteredFlowers","floor":0},{"not_picked":["DispleasureOfTheSevenHakus","FourBirthsSword"],"picked":"RapidSlash","floor":0},{"not_picked":["LowerRealmReflectionSlash","CherryBlossomFlashing","CrescentMoonSlash"],"picked":"SKIP","floor":1},{"not_picked":["SanzenSekai","CrescentMoonSlash","CherryBlossomFlashing","RapidSlash","SwordExtraction"],"picked":"SKIP","floor":2},{"not_picked":["BizarrenessOfSixRealms","LifeCuttingSword","SanzenSekai","SlashClearingTheSixSenses"],"picked":"CelestialStarSword","floor":5},{"not_picked":["ReincarnationSword","WickedSoul","FastingOfTheYoungPreta","MatsuyoiReflectingSatelliteSlash","AsuraSword"],"picked":"SKIP","floor":6},{"not_picked":["SlashOfSaigyouSpringWind","CelestialStarSword","WickedSoul","FastingOfTheYoungPreta"],"picked":"StrangeHalfBody","floor":8}],"player_experience":26423,"relics_obtained":[{"floor":1,"key":"SynthV:TestCard"},{"floor":6,"key":"REME_HandOfSuture"}],"event_choices":[{"damage_healed":0,"gold_gain":0,"player_choice":"Ignored","damage_taken":0,"max_hp_gain":0,"max_hp_loss":0,"event_name":"Golden Idol","floor":3,"gold_loss":0}],"is_beta":false,"boss_relics":[],"items_purged_floors":[],"is_endless":true,"potions_floor_spawned":[2,5,6],"killed_by":"Lagavulin","ascension_level":0}}