{"host":"uimu98mr9zvwuo5s","time":1610910433,"event":{"mods":["Aspiration","BaseMod","BetterRewards","Conspire","Defective Defect","GifTheSpireLib","Gremlin Mod","Highlight Path","Hubris","Infinite Spire","Jedi Mod","Minty Spire (QoL Compilation)","Replay The Spire","Shop Mod","StSLib","Stuff the Spire","Uncapped"],"gold_per_floor":[113,113,127,140,156,156,156,174,174,185,185,185],"floor_reached":11,"language":"ENG","playtime":603,"items_purged":["Strike_B"],"score":117,"play_id":"7d233047-2037-42aa-9f57-f397bf2ad1c1","local_time":"20210117140713","is_ascension_mode":false,"campfire_choices":[{"data":"conspire:Banana","floor":6,"key":"SMITH"}],"circlet_count":0,"master_deck":["Strike_B","Strike_B","Strike_B","Defend_B","Defend_B","Defend_B","Defend_B","Zap","Dualcast","Tempest+1","Double Energy","conspire:Banana+1","Capacitor","aspiration:Polymerization","Storm","hubris:PowerSurge","Darkness","hubris:PowerSurge"],"relics":["Cracked Core","MerchantsRug","BargainBundle","conspire:IceCreamScoop","Replay:Bottled Eggs","conspire:TreasureMap","Blue Doll","GremlinMask","Question Card"],"acts_visited":["Exordium"],"potions_floor_usage":[11],"damage_taken":[{"damage":12,"enemies":"2 Louse","floor":1,"turns":2},{"damage":0,"enemies":"Cultist","floor":3,"turns":2},{"damage":0,"enemies":"Small Slimes","floor":4,"turns":2},{"damage":32,"enemies":"Exordium Thugs","floor":5,"turns":4},{"damage":2,"enemies":"Blue Slaver","floor":8,"turns":3},{"damage":5,"enemies":"Looter","floor":10,"turns":3},{"damage":34,"enemies":"3 Sentries","floor":11,"turns":4}],"seed_played":"4901103706242183899","potions_obtained":[{"floor":1,"key":"GamblersBrew"},{"floor":8,"key":"SpeedPotion"}],"is_trial":false,"path_per_floor":["M","?","M","M","M","R","?","M","T","M","E"],"character_chosen":"DEFECT","items_purchased":["MerchantsRug","BargainBundle","conspire:IceCreamScoop","jedi:coolantleak","jedi:StrikingPotion","SkillPotion","Tempest","Replay:Bottled Eggs","Double Energy","conspire:Banana","conspire:TreasureMap","Capacitor","Blue Doll","aspiration:Polymerization","Storm"],"campfire_rested":0,"item_purchase_floors":[0,0,0,0,0,0,0,0,0,0,0,0,0,0,0],"current_hp_per_floor":[58,58,59,60,29,29,29,29,29,26,0,0],"gold":185,"neow_bonus":"","is_daily":false,"chose_seed":false,"campfire_upgraded":1,"win_rate":0.0,"timestamp":1610910433,"path_taken":["M","?","M","M","?","R","?","M","T","M","E"],"items_purchased_type":["Relic","Relic","Relic","Potion","Potion","Potion","Card","Relic","Card","Card","Relic","Card","Relic","Card","Card"],"build_version":"2020-12-22","purchased_purges":1,"victory":false,"max_hp_per_floor":[76,76,77,78,79,79,79,81,81,83,85,85],"card_choices":[{"not_picked":["conspire:SharedLibrary","Turbo"],"picked":"hubris:PowerSurge","floor":1},{"not_picked":["Beam Cell","Turbo","Streamline"],"picked":"SKIP","floor":3},{"not_picked":["jedi:blockon","Barrage","StuffTheSpire:LoadUp"],"picked":"SKIP","floor":4},{"not_picked":["Ball Lightning","StuffTheSpire:CleanHardDrive","StuffTheSpire:Plugnplay"],"picked":"SKIP","floor":5},{"not_picked":["StuffTheSpire:NuclearReactor","StuffTheSpire:Plugnplay"],"picked":"Darkness","floor":8},{"not_picked":["aspiration:Polymerization","jedi:BurstFrost","Streamline"],"picked":"hubris:PowerSurge","floor":10}],"player_experience":213119,"relics_obtained":[{"floor":9,"key":"Question Card"}],"event_choices":[{"damage_healed":0,"gold_gain":0,"player_choice":"Trade","damage_taken":0,"relics_obtained":["GremlinMask"],"max_hp_gain":0,"max_hp_loss":0,"event_name":"FaceTrader","floor":2,"gold_loss":0},{"damage_healed":0,"gold_gain":0,"player_choice":"Ignored","damage_taken":0,"max_hp_gain":0,"max_hp_loss":0,"event_name":"NoteForYourself","floor":7,"gold_loss":0}],"is_beta":false,"boss_relics":[],"items_purged_floors":[0],"is_endless":false,"potions_floor_spawned":[1,8],"killed_by":"3 Sentries","ascension_level":0}}