{"host":"19t2eyow02s954g8","time":1610894387,"event":{"mods":["BaseMod","Colored Map","DeckTracker","Minty Spire (QoL Compilation)","StSLib","SuperFastMode"],"gold_per_floor":[109,109,109,109,134,134,165,165,165,198,218,229,239,256,256,328,328,339,20,34,52,52,52,52,52],"floor_reached":24,"language":"KOR","playtime":797,"items_purged":[],"score":512,"play_id":"ba651b5c-6f49-40ac-86ae-fafc9b0ea66b","local_time":"20210117233947","is_ascension_mode":true,"campfire_choices":[{"data":"Neutralize","floor":6.0,"key":"SMITH"},{"data":"Calculated Gamble","floor":8,"key":"SMITH"},{"data":"Bouncing Flask","floor":15,"key":"SMITH"},{"floor":23,"key":"REST"}],"circlet_count":0,"master_deck":["AscendersBane","Strike_G","Strike_G","Defend_G","Defend_G","Defend_G","Defend_G","Defend_G","Survivor","Neutralize+1","Calculated Gamble+1","Bouncing Flask+1","Noxious Fumes","Footwork","PiercingWail","Grand Finale","Leg Sweep+1","Prepared+1","Concentrate+1"],"relics":["Ring of the Snake","NeowsBlessing","Mummified Hand","Pantograph","Empty Cage","Toxic Egg 2"],"acts_visited":["Exordium","TheCity"],"potions_floor_usage":[13,16,18,18],"damage_taken":[{"damage":0.0,"enemies":"Jaw Worm","floor":1.0,"turns":1.0},{"damage":0.0,"enemies":"Gremlin Nob","floor":7.0,"turns":1.0},{"damage":0,"enemies":"3 Sentries","floor":10,"turns":1},{"damage":0,"enemies":"Small Slimes","floor":11,"turns":5},{"damage":1,"enemies":"2 Louse","floor":12,"turns":3},{"damage":7,"enemies":"Exordium Thugs","floor":13,"turns":4},{"damage":2,"enemies":"Blue Slaver","floor":14,"turns":5},{"damage":22,"enemies":"Hexaghost","floor":16,"turns":8},{"damage":14,"enemies":"Chosen","floor":18,"turns":7},{"damage":18,"enemies":"3 Byrds","floor":20,"turns":6},{"damage":17,"enemies":"Snecko","floor":21,"turns":7},{"damage":40,"enemies":"Gremlin Leader","floor":24,"turns":6}],"seed_played":"-8174932604463935647","potions_obtained":[{"floor":7,"key":"Explosive Potion"},{"floor":13,"key":"Poison Potion"},{"floor":14,"key":"Dexterity Potion"},{"floor":16,"key":"ColorlessPotion"},{"floor":21,"key":"Fruit Juice"}],"is_trial":false,"path_per_floor":["M","?","?","?","T","R","E","R","T","E","M","M","M","M","R","B",null,"M","$","M","M","?","R","E"],"character_chosen":"THE_SILENT","items_purchased":["Toxic Egg 2","Leg Sweep+1"],"campfire_rested":1,"item_purchase_floors":[19,19],"current_hp_per_floor":[59,52,57,57,57,57,57,57,57,57,57,56,49,47,47,49,66,52,52,34,17,17,38,0,0],"gold":52,"neow_bonus":"THREE_ENEMY_KILL","is_daily":false,"chose_seed":false,"campfire_upgraded":3,"win_rate":0.0,"timestamp":1610894387,"path_taken":["M","?","?","?","?","R","E","R","T","E","M","M","M","?","R","BOSS","M","$","M","M","?","R","E"],"items_purchased_type":["Relic","Card"],"build_version":"2020-12-22","purchased_purges":0,"victory":false,"max_hp_per_floor":[66,66,71,71,71,71,71,71,71,71,71,71,71,71,71,71,71,71,71,71,71,71,71,71,71],"card_choices":[{"not_picked":["Backflip","Flying Knee","Finisher"],"picked":"SKIP","floor":1.0},{"not_picked":["Crippling Poison","Setup"],"picked":"Calculated Gamble","floor":7},{"not_picked":["Flying Knee","Quick Slash"],"picked":"Bouncing Flask","floor":10},{"not_picked":["Bane","Setup","Deadly Poison"],"picked":"SKIP","floor":11},{"not_picked":["Well Laid Plans","Eviscerate"],"picked":"Noxious Fumes","floor":12},{"not_picked":["Terror","Slice"],"picked":"Footwork","floor":13},{"not_picked":["A Thousand Cuts","Calculated Gamble"],"picked":"PiercingWail","floor":14},{"not_picked":["A Thousand Cuts","Glass Knife"],"picked":"Grand Finale","floor":16},{"not_picked":["Blade Dance","Flying Knee","Dagger Spray"],"picked":"SKIP","floor":18},{"not_picked":["Calculated Gamble+1","Masterful Stab"],"picked":"Prepared+1","floor":20},{"not_picked":["Calculated Gamble+1","Heel Hook","Poisoned Stab"],"picked":"SKIP","floor":21}],"player_experience":4295084,"relics_obtained":[{"floor":9,"key":"Mummified Hand"},{"floor":10,"key":"Pantograph"}],"event_choices":[{"cards_removed":["Strike_G"],"damage_healed":0.0,"max_hp_gain":0.0,"max_hp_loss":0.0,"gold_gain":0.0,"event_name":"Golden Wing","player_choice":"Card Removal","floor":2.0,"gold_loss":0.0,"damage_taken":7.0},{"damage_healed":0.0,"max_hp_gain":5.0,"max_hp_loss":0.0,"gold_gain":0.0,"event_name":"Big Fish","player_choice":"Donut","floor":3.0,"gold_loss":0.0,"damage_taken":0.0},{"damage_healed":0.0,"max_hp_gain":0.0,"max_hp_loss":0.0,"gold_gain":0.0,"event_name":"Shining Light","player_choice":"Ignored","floor":4.0,"gold_loss":0.0,"damage_taken":0.0},{"damage_healed":0,"gold_gain":0,"player_choice":"Read","damage_taken":0,"max_hp_gain":0,"max_hp_loss":0,"event_name":"The Library","floor":22,"gold_loss":0,"cards_obtained":["Concentrate"]}],"is_beta":false,"boss_relics":[{"not_picked":["WristBlade","Coffee Dripper"],"picked":"Empty Cage"}],"items_purged_floors":[],"is_endless":false,"potions_floor_spawned":[7,13,14,16,21],"killed_by":"Gremlin Leader","ascension_level":20}}