{"host":"2lo6hma6kymb0g9i","time":1610910527,"event":{"mods":["BaseMod","Colored Map","DeckTracker","Minty Spire (QoL Compilation)"],"gold_per_floor":[112,112,112,124,124,124,154,154,154,187,132,143,178,7,7,84,84,4,4,16,32,32,32,50,50,50],"floor_reached":25,"language":"JPN","playtime":1745,"items_purged":[],"score":484,"play_id":"09f4541b-98ad-473f-a5ee-89e6552e87a7","local_time":"20210118040847","is_ascension_mode":true,"campfire_choices":[{"data":"Leap","floor":6,"key":"SMITH"},{"data":"Core Surge","floor":8,"key":"SMITH"},{"data":"Cold Snap","floor":15,"key":"SMITH"},{"data":"Defragment","floor":23,"key":"SMITH"}],"circlet_count":0,"master_deck":["AscendersBane","Defend_B","Defend_B","Defend_B+1","Defend_B","Zap","Dualcast+1","Capacitor","Leap+1","Core Surge+1","FTL","Cold Snap+1","Conserve Battery","Glacier","Reprogram+1","Sweeping Beam+1","Glacier+1","Defragment+1","Barrage","Turbo"],"relics":["Cracked Core","NeowsBlessing","Toy Ornithopter","Gremlin Horn","Meat on the Bone","InkBottle","War Paint","Potion Belt","Astrolabe"],"acts_visited":["Exordium","TheCity"],"potions_floor_usage":[13,16,25],"damage_taken":[{"damage":0,"enemies":"2 Louse","floor":1,"turns":1},{"damage":0,"enemies":"Cultist","floor":4,"turns":1},{"damage":0,"enemies":"Gremlin Nob","floor":7,"turns":1},{"damage":21,"enemies":"Lagavulin","floor":10,"turns":8},{"damage":7,"enemies":"Jaw Worm","floor":12,"turns":3},{"damage":9,"enemies":"3 Sentries","floor":13,"turns":7},{"damage":11,"enemies":"The Guardian","floor":16,"turns":16},{"damage":12,"enemies":"2 Thieves","floor":18,"turns":4},{"damage":0,"enemies":"Chosen","floor":20,"turns":6},{"damage":24,"enemies":"Sentry and Sphere","floor":21,"turns":13},{"damage":26,"enemies":"Shelled Parasite and Fungi","floor":24,"turns":11},{"damage":30,"enemies":"Gremlin Leader","floor":25,"turns":10}],"seed_played":"-2570242212570716221","potions_obtained":[{"floor":1,"key":"Explosive Potion"},{"floor":3,"key":"Energy Potion"},{"floor":13,"key":"ColorlessPotion"},{"floor":24,"key":"BlessingOfTheForge"}],"is_trial":false,"path_per_floor":["M","?","?","M","T","R","E","R","T","E","$","M","E","$","R","B",null,"M","?","M","M","?","R","M","E"],"character_chosen":"DEFECT","items_purchased":["Cold Snap","Potion Belt"],"campfire_rested":0,"item_purchase_floors":[11,14],"current_hp_per_floor":[64,64,64,64,64,64,64,64,64,43,43,36,44,44,44,38,63,51,51,51,39,39,39,25,0,0],"gold":50,"neow_bonus":"THREE_ENEMY_KILL","is_daily":false,"chose_seed":false,"campfire_upgraded":4,"win_rate":0.0,"timestamp":1610910527,"path_taken":["M","?","?","?","?","R","E","R","T","E","?","M","E","$","R","BOSS","M","?","M","M","?","R","M","E"],"items_purchased_type":["Card","Relic"],"build_version":"2020-12-22","purchased_purges":0,"victory":false,"max_hp_per_floor":[71,71,71,71,71,71,71,71,71,71,71,71,71,71,71,71,71,71,71,71,71,71,71,71,71,71],"card_choices":[{"not_picked":["Force Field","Hologram"],"picked":"Capacitor","floor":1},{"not_picked":["Barrage","Ball Lightning"],"picked":"Leap","floor":4},{"not_picked":["Compile Driver","Go for the Eyes"],"picked":"Core Surge","floor":7},{"not_picked":["Seek","Double Energy"],"picked":"FTL","floor":10},{"not_picked":["Redo","Leap"],"picked":"Conserve Battery","floor":12},{"not_picked":["Leap","Streamline"],"picked":"Glacier","floor":13},{"not_picked":["Compile Driver","Glacier","Darkness"],"picked":"SKIP","floor":18},{"not_picked":["Aggregate","Lockon","Rebound"],"picked":"SKIP","floor":20},{"not_picked":["Coolheaded","Static Discharge"],"picked":"Barrage","floor":21},{"not_picked":["Hologram","White Noise"],"picked":"Turbo","floor":24}],"player_experience":1092117,"relics_obtained":[{"floor":5,"key":"Toy Ornithopter"},{"floor":7,"key":"Gremlin Horn"},{"floor":9,"key":"Meat on the Bone"},{"floor":10,"key":"InkBottle"},{"floor":13,"key":"War Paint"}],"event_choices":[{"cards_removed":["Strike_B"],"damage_healed":0,"gold_gain":0,"player_choice":"Forget","damage_taken":0,"max_hp_gain":0,"max_hp_loss":0,"event_name":"Living Wall","floor":2,"gold_loss":0},{"damage_healed":0,"gold_gain":0,"player_choice":"Got Potions","damage_taken":0,"max_hp_gain":0,"max_hp_loss":0,"event_name":"Lab","floor":3,"gold_loss":0},{"damage_healed":0,"gold_gain":0,"player_choice":"Read","damage_taken":0,"max_hp_gain":0,"max_hp_loss":0,"event_name":"The Library","floor":19,"gold_loss":0,"cards_obtained":["Defragment"]},{"damage_healed":0,"gold_gain":0,"player_choice":"Ignored","damage_taken":0,"max_hp_gain":0,"max_hp_loss":0,"event_name":"Cursed Tome","floor":22,"gold_loss":0}],"is_beta":false,"boss_relics":[{"not_picked":["Runic Dome","Calling Bell"],"picked":"Astrolabe"}],"items_purged_floors":[],"is_endless":false,"potions_floor_spawned":[1,7,12,13,24],"killed_by":"Gremlin Leader","ascension_level":20}}