{"host":"pkysykycfg9bua8p","time":1610876116,"event":{"mods":["AchievementEnabler","BaseMod","Better Third Choice","Filter the Spire","Minty Spire (QoL Compilation)","StSLib"],"gold_per_floor":[116,130,130,130,3,3,42,67,115,115,15,0,14,33,33,152,152,175,175,175,199,74,26,26,47,47,47,47,47],"floor_reached":28,"language":"ENG","playtime":866,"items_purged":["Strike_B","Strike_B"],"score":227,"play_id":"fe837ae5-7cb6-4eed-b103-e9f7bcae0eee","local_time":"20210117223516","is_ascension_mode":true,"campfire_choices":[{"data":"Dualcast","floor":6,"key":"SMITH"},{"data":"Redo","floor":10,"key":"SMITH"},{"floor":15,"key":"REST"},{"data":"Static Discharge","floor":24,"key":"SMITH"},{"floor":27,"key":"REST"}],"circlet_count":0,"master_deck":["Strike_B","Defend_B","Defend_B","Defend_B+1","Defend_B","Zap+1","Dualcast+1","Ball Lightning","Static Discharge","Ball Lightning","Redo+1","Enlightenment+1","Seek+1","CurseOfTheBell","Steam+1","Tempest+1","Static Discharge+1","Conserve Battery+1","Conserve Battery+1","Steam+1","Redo+1"],"relics":["Cracked Core","Golden Idol","Blood Vial","Strawberry","Calling Bell","Anchor","Toxic Egg 2","WingedGreaves","War Paint","Dream Catcher"],"acts_visited":["Exordium","TheCity"],"potions_floor_usage":[7,16,16,28],"damage_taken":[{"damage":0,"enemies":"2 Louse","floor":1,"turns":3},{"damage":1,"enemies":"Jaw Worm","floor":2,"turns":3},{"damage":21,"enemies":"3 Sentries","floor":7,"turns":5},{"damage":1,"enemies":"Cultist","floor":8,"turns":2},{"damage":0,"enemies":"3 Louse","floor":13,"turns":2},{"damage":5,"enemies":"Looter","floor":14,"turns":2},{"damage":38,"enemies":"Hexaghost","floor":16,"turns":6},{"damage":20,"enemies":"2 Thieves","floor":18,"turns":4},{"damage":5,"enemies":"Spheric Guardian","floor":21,"turns":3},{"damage":27,"enemies":"Cultist and Chosen","floor":25,"turns":5},{"damage":76,"enemies":"Gremlin Leader","floor":28,"turns":4}],"seed_played":"4188792402846498190","potions_obtained":[{"floor":1,"key":"PotionOfCapacity"},{"floor":8,"key":"SkillPotion"},{"floor":14,"key":"CultistPotion"},{"floor":21,"key":"GamblersBrew"}],"is_trial":false,"path_per_floor":["M","M","?","?","$","R","E","M","T","R","$","?","M","M","R","B",null,"M","?","T","M","$","$","R","M","T","R","E"],"character_chosen":"DEFECT","items_purchased":["Ball Lightning","Static Discharge","Conserve Battery+1","Conserve Battery+1"],"campfire_rested":2,"item_purchase_floors":[5,22,22,23],"current_hp_per_floor":[75,74,56,49,49,49,28,29,36,36,36,42,44,41,67,31,88,68,68,68,65,65,65,65,40,40,66,0,0],"gold":47,"neow_bonus":"UPGRADE_CARD","is_daily":false,"chose_seed":false,"campfire_upgraded":3,"win_rate":0.0,"timestamp":1610876116,"path_taken":["M","M","?","?","?","R","E","?","T","R","$","?","M","M","R","BOSS","M","?","?","?","?","$","R","M","T","R","E"],"items_purchased_type":["Card","Card","Card","Card"],"build_version":"2020-12-22","purchased_purges":2,"victory":false,"max_hp_per_floor":[75,75,75,75,75,75,75,75,82,82,82,88,88,88,88,88,88,88,88,88,88,88,88,88,88,88,88,88,88],"card_choices":[{"not_picked":["Sunder","Beam Cell"],"picked":"Ball Lightning","floor":1},{"not_picked":["Rebound","Sweeping Beam"],"picked":"Static Discharge","floor":2},{"not_picked":["Gash","Compile Driver","Steam Power"],"picked":"SKIP","floor":7},{"not_picked":["Conserve Battery","Sweeping Beam"],"picked":"Redo","floor":8},{"not_picked":["Cold Snap","Rebound","Coolheaded"],"picked":"SKIP","floor":13},{"not_picked":["Barrage","Hello World","Turbo"],"picked":"SKIP","floor":14},{"not_picked":["Echo Form","Machine Learning"],"picked":"Seek","floor":16},{"not_picked":["Reprogram+1","Blizzard+1"],"picked":"Steam+1","floor":18},{"not_picked":["Hello World","Melter+1"],"picked":"Tempest+1","floor":21},{"not_picked":["Coolheaded+1","Gash"],"picked":"Steam+1","floor":25},{"not_picked":["Streamline","Barrage+1"],"picked":"Redo+1","floor":27}],"player_experience":65192,"relics_obtained":[{"floor":7,"key":"Blood Vial"},{"floor":9,"key":"Strawberry"},{"floor":17,"key":"Anchor"},{"floor":17,"key":"Toxic Egg 2"},{"floor":17,"key":"WingedGreaves"},{"floor":20,"key":"War Paint"},{"floor":26,"key":"Dream Catcher"}],"event_choices":[{"damage_healed":0,"gold_gain":0,"player_choice":"Take Damage","damage_taken":18,"relics_obtained":["Golden Idol"],"max_hp_gain":0,"max_hp_loss":0,"event_name":"Golden Idol","floor":3,"gold_loss":0},{"cards_removed":["Strike_B"],"damage_healed":0,"gold_gain":0,"player_choice":"Card Removal","damage_taken":7,"max_hp_gain":0,"max_hp_loss":0,"event_name":"Golden Wing","floor":4,"gold_loss":0},{"damage_healed":0,"gold_gain":0,"player_choice":"RENOUNCE","damage_taken":15,"max_hp_gain":0,"max_hp_loss":0,"event_name":"betterThird:BetterSerpent","floor":12,"gold_loss":15,"cards_obtained":["Enlightenment"]},{"damage_healed":0,"gold_gain":0,"player_choice":"Serpent","damage_taken":0,"max_hp_gain":0,"max_hp_loss":0,"event_name":"BanditSerpent","floor":19,"gold_loss":0}],"is_beta":false,"boss_relics":[{"not_picked":["Astrolabe","Cursed Key"],"picked":"Calling Bell"}],"items_purged_floors":[5,11],"is_endless":false,"potions_floor_spawned":[1,8,14,21],"killed_by":"Gremlin Leader","ascension_level":1}}