{"host":"hfcva6mq15ctj0gu","time":1610872402,"event":{"mods":["Abigail Mod","AchievementEnabler","Act Like it!","Alarm Clock","BaseMod","Better Altar","Better Match","Better Skull","Better Third Choice","BetterRewards","CapriCore","Card Forge","Colored Map","Curses Come First","Disable Question Mark Monsters","Displayed Cursed Tome","Emptier Cage","FoggyMod","Friendly Minions","Gold Saver","Good Game Mod","Grow up Mod","Highlight Path","Kiyohime????","Kratos Character Expansion","Marisa????????","Minty Spire (QoL Compilation)","Permanent Neow","Poem Panic","Poor People Problems","Reimu??????","Remilia??????","Shade Mod","Shop Mod","StSLib","The Immortal","The Servant 0.9.4","The Vixen","Transform Curses","Virulent Crown","????"],"gold_per_floor":[1638,1638,1603,1211,1211,1211,1245,1245,1245,340,378,553,296,359,30,175,175,194,194,273,273,334,67,110,110,134,96,129,142,183,183,78,191,191,218,218,284,10,191,253,271,298,369,425,425,472,531,531,256,256,256,130,26,60,80],"floor_reached":56,"language":"ENG","playtime":2284,"items_purged":[],"score":1942,"play_id":"f1ad1a90-fe02-4c77-88cf-1650d65d5764","local_time":"20210117093322","is_ascension_mode":false,"campfire_choices":[{"floor":6,"key":"RECALL"}],"circlet_count":0,"master_deck":["ScarletDevilSign+1","Violence+1","FitfulNightmare+1","CharismaGuard+1","Ultimatum+1","ScarletImprint+1","MastersStateliness+1","Defend_RM+1","KillingBlow+1","KratosMod:FullCounter+1","Stigmanizer+1","QueenOfMidnight+1","FavorOfDestiny+1","HunterOfTheNight+1","ReincarnationDial+1","UnderTheZenith+1","FavorOfDestiny+1","Ultimatum+1","FitfulNightmare+1","TricksterDevil+1","Lust_TH","DiffusionOfMisfortune+1","FavorOfDestiny+1","Normality","ChainGang+1","NightLord+1","ScarletCoffin+1","ScarletCoffin+1","CeilingFear+1","KillingBlow+1","MiserableFate+1","MastersStateliness+1","Ultimatum+1","EternalNight+1","Madness+1","Madness+1","Master of Strategy+1","KratosMod:FullCounter+1","Madness+1","ScarletDevilSign+1","NightLord+1","ReincarnationDial+1","ScarletCoffin+1"],"relics":["ScarletHat","Hammer of Thor","Seething Fire","Anvil of the Gods","REME:ComplimentaryCards","MerchantsRug","Boot","Bottled Tornado","HornCleat","PreservedInsect","InkBottle","KratosMod:minohorn","Bloody Idol","HandDrill","Torii","Question Card","RedBat","Matryoshka","FairyMaid","Happy Flower","Oddly Smooth Stone","Cursed Key","Red Mask","Mummified Hand","Bag of Marbles","Pen Nib","betterAltar:BloodRelic","RuthlessExorcism:ReiMu","CeramicFish","DollysMirror","Letter Opener","SlaversCollar","Omamori","Gungnir","CatCart","Frozen Egg 2","CrazyTorch:ReiMu","Juzu Bracelet","Nunchaku","Lizard Tail","StoneCalendar","Du-Vu Doll","TentaclePot:ReiMu","Sling","Dead Branch"],"acts_visited":["Exordium","TheCity","TheBeyond","TheEnding"],"potions_floor_usage":[28,37,50],"damage_taken":[{"damage":0,"enemies":"2 Louse","floor":1,"turns":2},{"damage":18,"enemies":"Lagavulin","floor":7,"turns":2},{"damage":0,"enemies":"Gremlin Nob","floor":11,"turns":2},{"damage":0,"enemies":"3 Sentries","floor":14,"turns":4},{"damage":48,"enemies":"Slime Boss","floor":16,"turns":2},{"damage":0,"enemies":"Spheric Guardian","floor":18,"turns":1},{"damage":2,"enemies":"Masked Bandits","floor":20,"turns":4},{"damage":5,"enemies":"3 Byrds","floor":22,"turns":3},{"damage":0,"enemies":"Gremlin Leader","floor":24,"turns":2},{"damage":9,"enemies":"Slavers","floor":28,"turns":2},{"damage":0,"enemies":"Snake Plant","floor":29,"turns":2},{"damage":0,"enemies":"Book of Stabbing","floor":30,"turns":3},{"damage":70,"enemies":"Champ","floor":33,"turns":3},{"damage":13,"enemies":"3 Shapes","floor":35,"turns":2},{"damage":10,"enemies":"Orb Walker","floor":37,"turns":2},{"damage":31,"enemies":"Orin","floor":39,"turns":4},{"damage":38,"enemies":"Giant Head","floor":40,"turns":3},{"damage":0,"enemies":"Reptomancer","floor":44,"turns":1},{"damage":0,"enemies":"2 Orb Walkers","floor":46,"turns":2},{"damage":0,"enemies":"Mind Bloom Boss Battle","floor":47,"turns":3},{"damage":3,"enemies":"Time Eater","floor":50,"turns":5},{"damage":13,"enemies":"Shield and Spear","floor":54,"turns":2},{"damage":99,"enemies":"The Heart","floor":55,"turns":4}],"seed_played":"2125179454353270978","potions_obtained":[{"floor":1,"key":"FairyPotion"},{"floor":11,"key":"SmokeBomb"},{"floor":18,"key":"DuplicationPotion"},{"floor":22,"key":"ZuzhouPotion:ReiMu"},{"floor":29,"key":"Ancient Potion"},{"floor":46,"key":"MagicPotion:ReiMu"},{"floor":54,"key":"ColorlessPotion"}],"is_trial":false,"path_per_floor":["M","?","?","$","T","R","E","?","T","R","E","?","R","E","R","B",null,"M","?","?","?","M","R","E","$","T","R","E","M","E","?","R","B",null,"M","?","M","$","?","E","?","?","T","E","?","?","?","?","R","B",null,"R","$","E","B",null],"character_chosen":"REMILIA","items_purchased":["MerchantsRug","ScarletDevilSign","Boot","Violence","FitfulNightmare","CharismaGuard","Bottled Tornado","HornCleat","Ultimatum","PreservedInsect","KillingBlow","KratosMod:FullCounter","HandDrill","Torii","Question Card","QueenOfMidnight","FavorOfDestiny","HunterOfTheNight","Matryoshka","UnderTheZenith","Happy Flower","FitfulNightmare","Oddly Smooth Stone","Mummified Hand","FavorOfDestiny","ChainGang","DollysMirror","Letter Opener","CeilingFear","Gungnir","Du-Vu Doll","ReincarnationDial","TentaclePot:ReiMu","Sling"],"campfire_rested":0,"item_purchase_floors":[0,0,0,0,0,0,0,0,0,4,4,4,10,10,10,10,10,10,13,13,15,15,15,23,23,27,32,32,32,38,49,49,52,53],"current_hp_per_floor":[48,58,94,104,114,124,123,95,105,115,125,135,145,155,165,175,255,265,275,285,295,305,315,325,335,345,355,356,368,385,283,313,329,425,432,442,455,465,475,485,444,459,474,505,535,545,555,565,575,585,595,605,615,625,641],"gold":80,"neow_bonus":"","is_daily":false,"chose_seed":false,"campfire_upgraded":0,"win_rate":0.0,"timestamp":1610872402,"path_taken":["M","?","?","$","?","R","E","?","T","R","E","?","R","E","R","BOSS","M","?","?","?","?","R","E","$","T","R","E","?","E","?","R","BOSS","M","?","?","$","?","E","?","?","T","E","?","?","?","?","R","BOSS","R","$","E","BOSS"],"items_purchased_type":["Relic","Card","Relic","Card","Card","Card","Relic","Relic","Card","Relic","Card","Card","Relic","Relic","Relic","Card","Card","Card","Relic","Card","Relic","Card","Relic","Relic","Card","Card","Relic","Relic","Card","Relic","Relic","Card","Relic","Relic"],"build_version":"2020-12-22","purchased_purges":0,"victory":true,"max_hp_per_floor":[95,105,115,125,135,145,155,165,175,185,195,205,215,225,235,245,255,265,275,285,295,305,315,325,335,345,355,365,375,385,395,405,415,425,435,445,455,465,475,485,495,505,515,525,535,545,555,565,575,585,595,605,615,625,645],"card_choices":[{"not_picked":["RedRainbow","MillenniumVampire"],"picked":"ScarletImprint","floor":1},{"not_picked":["DevilSight","ScarletGensokyo"],"picked":"MastersStateliness","floor":1},{"not_picked":["BlasphemousPunishment","UnstableMagic"],"picked":"Stigmanizer","floor":7},{"not_picked":["HeartBreak","BloodyCatastrophe","Stigmanizer"],"picked":"ReincarnationDial","floor":11},{"not_picked":["DevilSight","BombardNight","UnderTheZenith"],"picked":"FavorOfDestiny","floor":14},{"not_picked":["ScarletDevil","ChainGang","BlasphemousPunishment"],"picked":"Ultimatum","floor":14},{"not_picked":["BloodRain","HellCatastrophe","TransientEternity"],"picked":"TricksterDevil","floor":16},{"not_picked":["BloodHunter+1","RedRainbow","VampireKiss","StarOfDavid"],"picked":"SKIP","floor":18},{"not_picked":["FitfulNightmare+1","BadLadyScramble","MillenniumVampire"],"picked":"DiffusionOfMisfortune+1","floor":20},{"not_picked":["BlasphemousPunishment","NightDance","VampireClaw","VampireKiss"],"picked":"SKIP","floor":22},{"not_picked":["BloodyMagicSquare","RedRainbow+1","BloodHunter","DiffusionOfMisfortune"],"picked":"SKIP","floor":22},{"not_picked":["EndlessAdversity","TransientEternity","BlasphemousPunishment+1","UnstableMagic"],"picked":"SKIP","floor":24},{"not_picked":["UnderTheZenith","CharismaGuard","VampireFantasy"],"picked":"NightLord","floor":28},{"not_picked":["Stigmanizer+1","CharismaGuard+1","MastersStateliness","BloodyTrap"],"picked":"SKIP","floor":28},{"not_picked":["DiffusionOfMisfortune","BloodyMagicSquare+1","EndlessAdversity+1","RedRainbow+1"],"picked":"SKIP","floor":29},{"not_picked":["CharismaGuard","VampireClaw","StarOfDavid+1"],"picked":"ScarletCoffin","floor":30},{"not_picked":["BloodyMagicSquare","EndlessAdversity","ForbiddenFruit+1","UnderTheZenith+1"],"picked":"SKIP","floor":30},{"not_picked":["ForecastOfChange","HellCatastrophe","HeartBreak"],"picked":"KillingBlow","floor":33},{"not_picked":["TwelveNightmare","StarOfDavid+1","UnderTheZenith+1"],"picked":"MiserableFate","floor":35},{"not_picked":["UnstableMagic+1","VampireSweep+1","BloodyMagicSquare+1"],"picked":"MastersStateliness+1","floor":37},{"not_picked":["VampireClaw+1","DiffusionOfMisfortune+1","Stigmanizer"],"picked":"Ultimatum+1","floor":39},{"not_picked":["ScarletImprint+1","UnstableMagic","ScarletDevil"],"picked":"EternalNight","floor":40},{"not_picked":["Thinking Ahead","Chrysalis","The Bomb"],"picked":"Master of Strategy","floor":42},{"not_picked":["PanicButton","Dramatic Entrance","Metamorphosis"],"picked":"KratosMod:FullCounter","floor":42},{"not_picked":["Purity","Metamorphosis","Flash of Steel"],"picked":"Madness","floor":42},{"not_picked":["VampireFantasy","SuperhumanBloodyKnife+1","UnderTheZenith+1"],"picked":"ScarletDevilSign+1","floor":44},{"not_picked":["SuperhumanBloodyKnife","ScarletDream","UnstableMagic"],"picked":"NightLord+1","floor":47},{"not_picked":["CharismaGuard+1","ScarletNetherworld+1","CeilingFear"],"picked":"ScarletCoffin","floor":54}],"player_experience":114349,"relics_obtained":[{"floor":5,"key":"InkBottle"},{"floor":7,"key":"KratosMod:minohorn"},{"floor":11,"key":"RedBat"},{"floor":14,"key":"FairyMaid"},{"floor":20,"key":"Red Mask"},{"floor":24,"key":"Bag of Marbles"},{"floor":26,"key":"Pen Nib"},{"floor":26,"key":"Blood Vial"},{"floor":28,"key":"RuthlessExorcism:ReiMu"},{"floor":30,"key":"CeramicFish"},{"floor":39,"key":"CatCart"},{"floor":40,"key":"Frozen Egg 2"},{"floor":43,"key":"MealTicket"},{"floor":43,"key":"CrazyTorch:ReiMu"},{"floor":44,"key":"Juzu Bracelet"},{"floor":44,"key":"Nunchaku"},{"floor":46,"key":"Lizard Tail"},{"floor":47,"key":"StoneCalendar"},{"floor":54,"key":"Dead Branch"}],"event_choices":[{"damage_healed":26,"gold_gain":0,"player_choice":"Healed","damage_taken":0,"max_hp_gain":0,"max_hp_loss":0,"event_name":"The Cleric","floor":3,"gold_loss":35},{"damage_healed":0,"gold_gain":0,"player_choice":"Take Damage","damage_taken":38,"relics_obtained":["Golden Idol"],"max_hp_gain":0,"max_hp_loss":0,"event_name":"Golden Idol","floor":8,"gold_loss":0},{"damage_healed":0,"gold_gain":175,"player_choice":"AGREE","damage_taken":378,"max_hp_gain":0,"max_hp_loss":0,"event_name":"betterThird:BetterSerpent","floor":12,"gold_loss":0},{"damage_healed":0,"gold_gain":0,"player_choice":"Fought Bandits","damage_taken":0,"max_hp_gain":0,"max_hp_loss":0,"event_name":"Masked Bandits","floor":20,"gold_loss":0},{"damage_healed":0,"gold_gain":0,"player_choice":"Ignored","damage_taken":0,"max_hp_gain":0,"max_hp_loss":0,"event_name":"Transmorgrifier","floor":21,"gold_loss":0},{"damage_healed":0,"gold_gain":0,"player_choice":" Potion GoldIdol RottenVial ","damage_taken":112,"relics_obtained":["Bloody Idol","betterAltar:BloodRelic"],"max_hp_gain":385,"max_hp_loss":273,"event_name":"betterAltar:BetterAltar","floor":31,"potions_obtained":["betterAltar:AltarPotion"],"relics_lost":["Golden Idol","Blood Vial"],"gold_loss":0},{"damage_healed":0,"gold_gain":0,"player_choice":"Gave Potion","damage_taken":0,"relics_obtained":["Omamori"],"max_hp_gain":0,"max_hp_loss":0,"event_name":"WeMeetAgain","floor":36,"gold_loss":0},{"damage_healed":0,"gold_gain":0,"player_choice":"Fight","damage_taken":0,"max_hp_gain":0,"max_hp_loss":0,"event_name":"OrinTheCat","floor":39,"gold_loss":0},{"damage_healed":0,"gold_gain":0,"player_choice":"Embrace Madness","damage_taken":61,"max_hp_gain":0,"max_hp_loss":0,"event_name":"Winding Halls","floor":41,"gold_loss":0,"cards_obtained":["Madness","Madness"]},{"damage_healed":0,"gold_gain":0,"player_choice":"Memory 3","damage_taken":10,"max_hp_gain":0,"max_hp_loss":0,"event_name":"SensoryStone","floor":42,"gold_loss":0},{"damage_healed":20,"gold_gain":0,"player_choice":"Full Heal","damage_taken":0,"max_hp_gain":0,"max_hp_loss":0,"event_name":"Wheel of Change","floor":45,"gold_loss":0},{"damage_healed":0,"gold_gain":0,"player_choice":"Fight","damage_taken":0,"max_hp_gain":0,"max_hp_loss":0,"event_name":"Mysterious Sphere","floor":46,"gold_loss":0},{"damage_healed":0,"gold_gain":0,"player_choice":"Fight","damage_taken":0,"max_hp_gain":0,"max_hp_loss":0,"event_name":"MindBloom","floor":47,"gold_loss":0},{"damage_healed":0,"gold_gain":0,"player_choice":"Ignored","damage_taken":0,"max_hp_gain":0,"max_hp_loss":0,"event_name":"Tomb of Lord Red Mask","floor":48,"gold_loss":0}],"is_beta":false,"boss_relics":[{"not_picked":["Ectoplasm","Philosopher\u0027s Stone"],"picked":"Cursed Key"},{"not_picked":["Astrolabe","SacredBark"],"picked":"SlaversCollar"}],"items_purged_floors":[],"is_endless":false,"potions_floor_spawned":[1,11,18,22,29,35,47,54],"ascension_level":0}}