{"host":"h0xw20cia6ppa69g","time":1610878760,"event":{"mods":["AchievementEnabler","BaseMod","Colored Map","Filter the Spire","Googly Eyes","Minty Spire (QoL Compilation)","Relic Stats","StSLib","The Awakened One except there are too many feathers","everything is the same but u backflip on backflip"],"gold_per_floor":[110,110,110,110,131,174,174,212,293,326,34,50,93,108,108,232,232,251,251,75,94,94,135,135,166,236,261,305,305,339,339,339,467,467,491,31,44,377,377,403,421,447,494,151,162,197,197,210,210,210,210,210,22,51,51],"floor_reached":56,"language":"ENG","playtime":3179,"items_purged":["Pain"],"score":1885,"play_id":"8d4566ac-8b70-4df6-95d2-a90cc06c0a98","local_time":"20210117041920","is_ascension_mode":true,"campfire_choices":[{"data":"A Thousand Cuts","floor":7.0,"key":"SMITH"},{"data":"Setup","floor":15.0,"key":"SMITH"},{"data":"Bullet Time","floor":29,"key":"SMITH"},{"data":"Neutralize","floor":32,"key":"SMITH"},{"floor":49,"key":"RECALL"},{"floor":52,"key":"REST"}],"circlet_count":0,"master_deck":["Survivor+1","Neutralize+1","A Thousand Cuts+1","Blur","Tools of the Trade","Terror+1","Setup+1","Backstab","Adrenaline","Bullet Time+1","Dagger Throw","Cloak And Dagger","Eviscerate","Crippling Poison","Leg Sweep","Deflect","Blade Dance","Backflip","Infinite Blades","Malaise","Envenom","Acrobatics","Necronomicurse","Acrobatics","Dagger Spray+1","Burst+1","Burst+1","Dodge and Roll+1","Footwork","Cloak And Dagger+1","Well Laid Plans","Blur+1","Cloak And Dagger+1","Cloak And Dagger+1","Dodge and Roll+1","Reflex+1","Bullet Time+1","Tactician+1","PiercingWail+1","Night Terror+1","Tactician+1","PiercingWail+1"],"relics":["Pandora\u0027s Box","Orichalcum","Bottled Tornado","HornCleat","Blue Candle","Ornamental Fan","The Courier","HoveringKite","WarpedTongs","Toolbox","Necronomicon","Lantern","MutagenicStrength","Darkstone Periapt","Toxic Egg 2","InkBottle","Mummified Hand","Fusion Hammer","Kunai","Gremlin Horn","Bronze Scales","Mercury Hourglass","Nunchaku","CaptainsWheel","Oddly Smooth Stone"],"acts_visited":["Exordium","TheCity","TheBeyond","TheEnding"],"potions_floor_usage":[25,28,42,55,55,55],"damage_taken":[{"damage":0.0,"enemies":"2 Louse","floor":1.0,"turns":3.0},{"damage":0.0,"enemies":"Cultist","floor":5.0,"turns":2.0},{"damage":4.0,"enemies":"3 Sentries","floor":6.0,"turns":5.0},{"damage":0.0,"enemies":"Lagavulin","floor":8.0,"turns":5.0},{"damage":3.0,"enemies":"3 Sentries","floor":10.0,"turns":5.0},{"damage":0.0,"enemies":"Small Slimes","floor":12.0,"turns":2.0},{"damage":0.0,"enemies":"Lagavulin","floor":13.0,"turns":6.0},{"damage":0.0,"enemies":"2 Fungi Beasts","floor":14.0,"turns":2.0},{"damage":0.0,"enemies":"Slime Boss","floor":16.0,"turns":4.0},{"damage":4.0,"enemies":"3 Byrds","floor":18.0,"turns":3.0},{"damage":14.0,"enemies":"2 Thieves","floor":21.0,"turns":2.0},{"damage":5.0,"enemies":"Book of Stabbing","floor":23.0,"turns":4.0},{"damage":4,"enemies":"Slavers","floor":25,"turns":4},{"damage":0,"enemies":"Shelled Parasite and Fungi","floor":27,"turns":3},{"damage":0,"enemies":"Gremlin Leader","floor":28,"turns":4},{"damage":3,"enemies":"Book of Stabbing","floor":30,"turns":5},{"damage":0,"enemies":"Automaton","floor":33,"turns":5},{"damage":0,"enemies":"3 Shapes","floor":35,"turns":2},{"damage":9,"enemies":"Orb Walker","floor":37,"turns":3},{"damage":0,"enemies":"Nemesis","floor":40,"turns":5},{"damage":3,"enemies":"Writhing Mass","floor":41,"turns":5},{"damage":0,"enemies":"Giant Head","floor":42,"turns":5},{"damage":0,"enemies":"Sphere and 2 Shapes","floor":45,"turns":2},{"damage":0,"enemies":"Reptomancer","floor":46,"turns":2},{"damage":0,"enemies":"Spire Growth","floor":48,"turns":4},{"damage":0,"enemies":"Time Eater","floor":50,"turns":10},{"damage":0,"enemies":"Shield and Spear","floor":54,"turns":5},{"damage":14,"enemies":"The Heart","floor":55,"turns":10}],"seed_played":"1855974423944935588","potions_obtained":[{"floor":6.0,"key":"Explosive Potion"},{"floor":10.0,"key":"Poison Potion"},{"floor":13.0,"key":"Regen Potion"},{"floor":16.0,"key":"Dexterity Potion"},{"floor":25,"key":"CunningPotion"},{"floor":27,"key":"ColorlessPotion"},{"floor":31,"key":"GhostInAJar"},{"floor":45,"key":"CunningPotion"}],"is_trial":false,"path_per_floor":["M","?","?","?","M","E","R","E","T","E","$","M","E","M","R","B",null,"M","?","$","M","?","E","?","E","T","M","E","R","E","?","R","B",null,"M","$","M","?","?","E","M","E","T","$","M","E","?","M","R","B",null,"R","$","E","B",null],"character_chosen":"THE_SILENT","items_purchased":["Ornamental Fan","Blade Dance","Toolbox","Kunai","Footwork","Gremlin Horn","Blur+1","Nunchaku","Cloak And Dagger+1","Cloak And Dagger+1","Dodge and Roll+1","Reflex+1","Night Terror+1","Tactician+1"],"campfire_rested":1,"item_purchase_floors":[11,11,20,36,36,36,44,44,44,44,44,44,53,53],"current_hp_per_floor":[70,53,39,39,39,35,35,35,35,32,32,32,32,32,32,32,70,66,66,66,52,36,31,31,27,27,27,27,27,24,24,24,24,70,70,70,61,61,61,61,58,70,70,70,70,70,70,70,70,70,70,70,70,70,56],"gold":51,"neow_bonus":"BOSS_RELIC","is_daily":false,"chose_seed":false,"campfire_upgraded":4,"win_rate":0.0,"timestamp":1610878760,"path_taken":["M","?","?","?","M","E","R","E","T","E","$","M","E","M","R","BOSS","M","?","?","M","?","E","?","E","T","M","E","R","E","?","R","BOSS","M","?","M","?","?","E","?","E","T","$","M","E","?","M","R","BOSS","R","$","E","BOSS"],"items_purchased_type":["Relic","Card","Relic","Relic","Card","Relic","Card","Relic","Card","Card","Card","Card","Card","Card"],"build_version":"2020-12-22","purchased_purges":1,"victory":true,"max_hp_per_floor":[70,70,70,70,70,70,70,70,70,70,70,70,70,70,70,70,70,70,70,70,70,70,70,70,70,70,70,70,70,70,70,70,70,70,70,70,70,70,70,70,70,70,70,70,70,70,70,70,70,70,70,70,70,70,70],"relic_stats":{"Darkstone Periapt":0,"Gremlin Horn":[6,6],"counters":[28,117],"Blue Candle":[0],"HoveringKite":[50],"Orichalcum":[60],"WarpedTongs":[75],"Mercury Hourglass":[99],"Nunchaku":[12],"Ornamental Fan":[256],"Mummified Hand":[58],"Bronze Scales":[200],"Pandora\u0027s Box":["A Thousand Cuts","Blur","Tools of the Trade","Accuracy","Terror","Setup","Backstab","Adrenaline","Bullet Time","Dagger Throw"],"Necronomicon":[3],"Kunai":[45],"obtain_stats":[{"Darkstone Periapt":25,"Lantern":23,"Gremlin Horn":36,"HoveringKite":17,"Bottled Tornado":8,"Nunchaku":44,"HornCleat":9,"Mummified Hand":30,"Toolbox":20,"Fusion Hammer":34,"Necronomicon":22,"Kunai":36,"Toxic Egg 2":26,"InkBottle":28,"Ring of the Snake":0,"Golden Idol":2,"Blue Candle":10,"Oddly Smooth Stone":54,"The Courier":13,"Orichalcum":6,"WarpedTongs":19,"Mercury Hourglass":42,"CaptainsWheel":46,"Ornamental Fan":11,"MutagenicStrength":24,"Bronze Scales":40,"Pandora\u0027s Box":0},{"Darkstone Periapt":13,"Lantern":12,"Gremlin Horn":18,"HoveringKite":9,"Bottled Tornado":4,"Nunchaku":22,"HornCleat":4,"Mummified Hand":16,"Toolbox":10,"Fusion Hammer":17,"Necronomicon":11,"Kunai":18,"Toxic Egg 2":13,"InkBottle":15,"Ring of the Snake":0,"Golden Idol":1,"Blue Candle":5,"Oddly Smooth Stone":27,"The Courier":7,"Orichalcum":3,"WarpedTongs":10,"Mercury Hourglass":22,"CaptainsWheel":24,"Ornamental Fan":5,"MutagenicStrength":12,"Bronze Scales":20,"Pandora\u0027s Box":0},{"Darkstone Periapt":47,"Lantern":43,"Gremlin Horn":66,"HoveringKite":34,"Bottled Tornado":15,"Nunchaku":84,"HornCleat":15,"Mummified Hand":59,"Toolbox":37,"Fusion Hammer":64,"Necronomicon":39,"Kunai":66,"Toxic Egg 2":47,"InkBottle":54,"Ring of the Snake":0,"Golden Idol":3,"Blue Candle":20,"Oddly Smooth Stone":107,"The Courier":28,"Orichalcum":10,"WarpedTongs":37,"Mercury Hourglass":84,"CaptainsWheel":88,"Ornamental Fan":20,"MutagenicStrength":43,"Bronze Scales":74,"Pandora\u0027s Box":0}],"InkBottle":[48]},"card_choices":[{"not_picked":["Dagger Throw","Underhanded Strike"],"picked":"Cloak And Dagger","floor":1.0},{"not_picked":["Catalyst","Outmaneuver"],"picked":"Crippling Poison","floor":5.0},{"not_picked":["Eviscerate","Quick Slash"],"picked":"Leg Sweep","floor":6.0},{"not_picked":["All Out Attack","Slice"],"picked":"Deflect","floor":8.0},{"not_picked":["Riddle With Holes","Flying Knee","Calculated Gamble"],"picked":"SKIP","floor":10.0},{"not_picked":["All Out Attack","Poisoned Stab"],"picked":"Backflip","floor":12.0},{"not_picked":["Sucker Punch","Leg Sweep"],"picked":"Infinite Blades","floor":13.0},{"not_picked":["Distraction","Sucker Punch"],"picked":"Malaise","floor":14.0},{"not_picked":["Corpse Explosion","Tools of the Trade"],"picked":"Envenom","floor":16.0},{"not_picked":["Poisoned Stab","Bane"],"picked":"Acrobatics","floor":18.0},{"not_picked":["Distraction","Terror","All Out Attack"],"picked":"SKIP","floor":21.0},{"not_picked":["Endless Agony","Prepared"],"picked":"Acrobatics","floor":23.0},{"not_picked":["Endless Agony","Catalyst"],"picked":"Cloak And Dagger","floor":25},{"not_picked":["Deadly Poison+1","Acrobatics+1"],"picked":"Dagger Spray+1","floor":27},{"not_picked":["Acrobatics+1","Sucker Punch"],"picked":"Burst+1","floor":28},{"not_picked":["Backstab","Quick Slash","Catalyst+1"],"picked":"SKIP","floor":30},{"not_picked":["Grand Finale","A Thousand Cuts"],"picked":"Burst+1","floor":33},{"not_picked":["Eviscerate+1","Flying Knee+1"],"picked":"Dodge and Roll+1","floor":35},{"not_picked":["Bouncing Flask+1","Calculated Gamble+1","Acrobatics+1"],"picked":"SKIP","floor":37},{"not_picked":["Terror+1","Prepared+1"],"picked":"Cloak And Dagger+1","floor":40},{"not_picked":["Outmaneuver+1","Skewer","Flying Knee"],"picked":"SKIP","floor":41},{"not_picked":["Underhanded Strike+1","Flying Knee"],"picked":"Well Laid Plans","floor":42},{"not_picked":["Prepared+1","Poisoned Stab+1"],"picked":"Bullet Time+1","floor":45},{"not_picked":["Caltrops","Noxious Fumes"],"picked":"Tactician+1","floor":46},{"not_picked":["Backflip+1","Catalyst+1"],"picked":"PiercingWail+1","floor":48},{"not_picked":["Underhanded Strike+1","Deadly Poison+1"],"picked":"PiercingWail+1","floor":54}],"player_experience":3718730,"relics_obtained":[{"floor":6.0,"key":"Orichalcum"},{"floor":8.0,"key":"Bottled Tornado"},{"floor":9.0,"key":"HornCleat"},{"floor":10.0,"key":"Blue Candle"},{"floor":13.0,"key":"The Courier"},{"floor":22.0,"key":"Necronomicon"},{"floor":23.0,"key":"Lantern"},{"floor":25,"key":"Darkstone Periapt"},{"floor":26,"key":"Toxic Egg 2"},{"floor":28,"key":"InkBottle"},{"floor":30,"key":"Mummified Hand"},{"floor":40,"key":"Bronze Scales"},{"floor":42,"key":"Mercury Hourglass"},{"floor":46,"key":"CaptainsWheel"},{"floor":54,"key":"Oddly Smooth Stone"}],"event_choices":[{"damage_healed":0.0,"max_hp_gain":0.0,"max_hp_loss":0.0,"gold_gain":0.0,"event_name":"Golden Idol","player_choice":"Take Damage","floor":2.0,"gold_loss":0.0,"damage_taken":17.0,"relics_obtained":["Golden Idol"]},{"damage_healed":0.0,"max_hp_gain":0.0,"max_hp_loss":0.0,"gold_gain":0.0,"event_name":"Shining Light","player_choice":"Entered Light","floor":3.0,"gold_loss":0.0,"damage_taken":14.0,"cards_upgraded":["Survivor","Terror"]},{"damage_healed":0.0,"max_hp_gain":0.0,"max_hp_loss":0.0,"gold_gain":0.0,"cards_transformed":["Accuracy"],"event_name":"Transmorgrifier","player_choice":"Transformed","floor":4.0,"gold_loss":0.0,"damage_taken":0.0,"cards_obtained":["Eviscerate"]},{"damage_healed":0.0,"max_hp_gain":0.0,"max_hp_loss":0.0,"gold_gain":0.0,"event_name":"Accursed Blacksmith","player_choice":"Rummage","floor":19.0,"gold_loss":0.0,"damage_taken":0.0,"relics_obtained":["WarpedTongs"],"cards_obtained":["Pain"]},{"damage_healed":0.0,"max_hp_gain":0.0,"max_hp_loss":0.0,"gold_gain":0.0,"event_name":"Cursed Tome","player_choice":"Obtained Book","floor":22.0,"gold_loss":0.0,"damage_taken":16.0},{"damage_healed":0.0,"max_hp_gain":0.0,"max_hp_loss":0.0,"gold_gain":0.0,"event_name":"Drug Dealer","player_choice":"Inject Mutagens","floor":24.0,"gold_loss":0.0,"damage_taken":0.0,"relics_obtained":["MutagenicStrength"]},{"damage_healed":0,"gold_gain":0,"player_choice":"Got Potions","damage_taken":0,"max_hp_gain":0,"max_hp_loss":0,"event_name":"Lab","floor":31,"gold_loss":0},{"damage_healed":0,"gold_gain":333,"player_choice":"Gave Idol","damage_taken":0,"max_hp_gain":0,"max_hp_loss":0,"event_name":"The Moai Head","floor":38,"relics_lost":["Golden Idol"],"gold_loss":0},{"damage_healed":0,"gold_gain":0,"player_choice":"0 cards matched","damage_taken":0,"max_hp_gain":0,"max_hp_loss":0,"event_name":"Match and Keep!","floor":39,"gold_loss":0,"cards_obtained":[]},{"cards_removed":["Cloak And Dagger"],"damage_healed":0,"gold_gain":0,"player_choice":"Purged","damage_taken":0,"max_hp_gain":0,"max_hp_loss":0,"event_name":"Purifier","floor":47,"gold_loss":0}],"is_beta":false,"boss_relics":[{"not_picked":["Philosopher\u0027s Stone","Snecko Eye"],"picked":"HoveringKite"},{"not_picked":["Black Star","SacredBark"],"picked":"Fusion Hammer"}],"items_purged_floors":[20],"is_endless":false,"potions_floor_spawned":[6,10,13,16,18,21,25,27,33,37,41,45,54],"ascension_level":1}}