{"host":"2se5dq1do2gp0x9k","time":1610917519,"event":{"mods":["AchievementEnabler","BaseMod","Block Reminder","Colored Map","Colored Powertips","Minty Spire (QoL Compilation)","Relic Stats","StSLib","SuperFastMode"],"gold_per_floor":[111,111,111,111,122,122,152,167,167,197,197,232,244,254,254,333,333,333,333],"floor_reached":18,"language":"ENG","playtime":404,"items_purged":[],"score":410,"play_id":"51fa47fe-f816-46a1-94f6-9611006261c8","local_time":"20210117130519","is_ascension_mode":true,"campfire_choices":[{"data":"Bash","floor":6.0,"key":"SMITH"},{"data":"Inflame","floor":15.0,"key":"SMITH"}],"circlet_count":0,"master_deck":["AscendersBane","Strike_R","Strike_R","Strike_R","Strike_R","Defend_R","Defend_R","Defend_R","Defend_R+1","Bash+1","Wild Strike","Thunderclap","Evolve","Wild Strike+1","Feel No Pain","Reaper","Dark Embrace","Inflame+1","Exhume"],"relics":["Black Blood","NeowsBlessing","Red Skull","Nunchaku","Vajra","Art of War","The Courier"],"acts_visited":["Exordium","TheCity"],"potions_floor_usage":[],"damage_taken":[{"damage":0.0,"enemies":"Jaw Worm","floor":1.0,"turns":1.0},{"damage":0.0,"enemies":"2 Louse","floor":5.0,"turns":1.0},{"damage":0.0,"enemies":"Gremlin Nob","floor":7.0,"turns":1.0},{"damage":10.0,"enemies":"Small Slimes","floor":8.0,"turns":3.0},{"damage":42.0,"enemies":"Lagavulin","floor":10.0,"turns":8.0},{"damage":7.0,"enemies":"3 Sentries","floor":12.0,"turns":5.0},{"damage":12.0,"enemies":"2 Fungi Beasts","floor":13.0,"turns":4.0},{"damage":6.0,"enemies":"Looter","floor":14.0,"turns":3.0},{"damage":20.0,"enemies":"Slime Boss","floor":16.0,"turns":8.0},{"damage":0,"enemies":"3 Byrds","floor":18,"turns":1}],"seed_played":"-7139057110852456903","potions_obtained":[{"floor":5.0,"key":"SteroidPotion"},{"floor":7.0,"key":"Weak Potion"},{"floor":13.0,"key":"ColorlessPotion"}],"is_trial":false,"path_per_floor":["M","?","T","?","M","R","E","M","T","E","?","E","M","M","R","B",null,"M"],"character_chosen":"IRONCLAD","items_purchased":[],"campfire_rested":0,"item_purchase_floors":[],"current_hp_per_floor":[74,79,79,72,78,78,80,76,76,40,16,15,12,20,20,22,66,66,66],"gold":333,"neow_bonus":"THREE_ENEMY_KILL","is_daily":false,"chose_seed":false,"campfire_upgraded":2,"win_rate":0.0,"timestamp":1610917519,"path_taken":["M","?","?","?","M","R","E","M","T","E","?","E","M","M","R","BOSS","M"],"items_purchased_type":[],"build_version":"2020-12-22","purchased_purges":0,"victory":false,"max_hp_per_floor":[75,80,80,80,80,80,80,80,80,80,80,80,80,80,80,80,80,80,80],"relic_stats":{"Nunchaku":[4],"counters":[10,35],"Black Blood":50,"Art of War":[1],"obtain_stats":[{"Nunchaku":7,"NeowsBlessing":0,"Vajra":9,"Black Blood":17,"The Courier":12,"Art of War":10,"Burning Blood":0,"Red Skull":3},{"Nunchaku":3,"NeowsBlessing":0,"Vajra":4,"Black Blood":9,"The Courier":6,"Art of War":5,"Burning Blood":0,"Red Skull":1},{"Nunchaku":3,"NeowsBlessing":0,"Vajra":6,"Black Blood":34,"The Courier":19,"Art of War":14,"Burning Blood":0,"Red Skull":1}]},"card_choices":[{"not_picked":["True Grit","Body Slam"],"picked":"Wild Strike","floor":1.0},{"not_picked":["Havoc","Juggernaut"],"picked":"Thunderclap","floor":5.0},{"not_picked":["Wild Strike","Twin Strike"],"picked":"Evolve","floor":7.0},{"not_picked":["Clothesline","Thunderclap"],"picked":"Wild Strike","floor":8.0},{"not_picked":["Anger","Rupture"],"picked":"Feel No Pain","floor":10.0},{"not_picked":["Rampage","Flex"],"picked":"Reaper","floor":12.0},{"not_picked":["Headbutt","Evolve"],"picked":"Dark Embrace","floor":13.0},{"not_picked":["Headbutt","Wild Strike"],"picked":"Inflame","floor":14.0},{"not_picked":["Bludgeon","Juggernaut"],"picked":"Exhume","floor":16.0}],"player_experience":3893124,"relics_obtained":[{"floor":3.0,"key":"Red Skull"},{"floor":7.0,"key":"Nunchaku"},{"floor":9.0,"key":"Vajra"},{"floor":10.0,"key":"Art of War"},{"floor":12.0,"key":"The Courier"}],"event_choices":[{"damage_healed":0.0,"max_hp_gain":5.0,"max_hp_loss":0.0,"gold_gain":0.0,"event_name":"Big Fish","player_choice":"Donut","floor":2.0,"gold_loss":0.0,"damage_taken":0.0},{"cards_removed":["Strike_R"],"damage_healed":0.0,"max_hp_gain":0.0,"max_hp_loss":0.0,"gold_gain":0.0,"event_name":"Golden Wing","player_choice":"Card Removal","floor":4.0,"gold_loss":0.0,"damage_taken":7.0},{"damage_healed":0.0,"max_hp_gain":0.0,"max_hp_loss":0.0,"gold_gain":0.0,"event_name":"Shining Light","player_choice":"Entered Light","floor":11.0,"gold_loss":0.0,"damage_taken":24.0,"cards_upgraded":["Defend_R","Wild Strike"]}],"is_beta":false,"boss_relics":[{"not_picked":["Mark of Pain","Busted Crown"],"picked":"Black Blood"}],"items_purged_floors":[],"is_endless":false,"potions_floor_spawned":[5,7,10,13],"killed_by":"3 Byrds","ascension_level":20}}