{"host":"daa8jqyg4gqfaysm","time":1610908494,"event":{"mods":["BaseMod","Colored Powertips","Minty Spire (QoL Compilation)","StSLib"],"gold_per_floor":[363,363,377,393,22,22,47,18,87,114,114,124,144,155,155,231,231,247,247,162,1,16,16,31,56,81,112,130,130,142,67,67,142,142,160,3,3,21,36,67,67,82,82,25,25,55,65,65,65],"floor_reached":48,"language":"ENG","playtime":1723,"items_purged":["Strike_G","Strike_G"],"score":1134,"play_id":"88bd0c5e-68b5-445d-9c31-3c86d0cf111b","local_time":"20210118023454","is_ascension_mode":true,"campfire_choices":[{"data":"Dagger Spray","floor":6,"key":"SMITH"},{"floor":11,"key":"REST"},{"data":"Caltrops","floor":15,"key":"SMITH"},{"floor":23,"key":"REST"},{"data":"Catalyst","floor":29,"key":"SMITH"},{"floor":32,"key":"REST"},{"floor":45,"key":"REST"}],"circlet_count":0,"master_deck":["AscendersBane","Strike_G","Strike_G","Defend_G","Defend_G","Defend_G","Defend_G+1","Defend_G","Survivor","Neutralize","Dash","Backstab","Caltrops+1","Dagger Spray+1","Quick Slash","After Image","Choke","Bullet Time","Crippling Poison+1","Noxious Fumes","Acrobatics","Blur","PiercingWail","Burst","Backflip","Malaise","Catalyst+1","Well Laid Plans","Wraith Form v2","Backflip","PiercingWail","Venomology","Footwork+1","Clumsy"],"relics":["Ring of the Serpent","Orrery","Omamori","Snake Skull","Bronze Scales","Cursed Key","War Paint","TwistedFunnel","Potion Belt","Anchor","Bag of Marbles","Regal Pillow","Frozen Egg 2","Lantern"],"acts_visited":["Exordium","TheCity","TheBeyond"],"potions_floor_usage":[10,25,35,35,39,40,40,42,48,48,48,48],"damage_taken":[{"damage":4,"enemies":"Small Slimes","floor":1,"turns":4},{"damage":0,"enemies":"Cultist","floor":3,"turns":3},{"damage":0,"enemies":"Jaw Worm","floor":4,"turns":4},{"damage":22,"enemies":"Lagavulin","floor":7,"turns":8},{"damage":14,"enemies":"Gremlin Nob","floor":10,"turns":4},{"damage":9,"enemies":"Blue Slaver","floor":12,"turns":2},{"damage":9,"enemies":"Exordium Wildlife","floor":13,"turns":3},{"damage":6,"enemies":"Lots of Slimes","floor":14,"turns":3},{"damage":6,"enemies":"Hexaghost","floor":16,"turns":8},{"damage":16,"enemies":"Spheric Guardian","floor":18,"turns":4},{"damage":7,"enemies":"2 Thieves","floor":22,"turns":3},{"damage":0,"enemies":"Snake Plant","floor":24,"turns":3},{"damage":16,"enemies":"Slavers","floor":25,"turns":4},{"damage":0,"enemies":"Book of Stabbing","floor":27,"turns":4},{"damage":0,"enemies":"3 Cultists","floor":28,"turns":3},{"damage":4,"enemies":"Snecko","floor":30,"turns":4},{"damage":37,"enemies":"Collector","floor":33,"turns":7},{"damage":4,"enemies":"3 Darklings","floor":35,"turns":3},{"damage":0,"enemies":"3 Shapes","floor":38,"turns":3},{"damage":7,"enemies":"Transient","floor":39,"turns":6},{"damage":58,"enemies":"Nemesis","floor":40,"turns":10},{"damage":1,"enemies":"Jaw Worm Horde","floor":42,"turns":3},{"damage":36,"enemies":"Reptomancer","floor":46,"turns":6},{"damage":0,"enemies":"4 Shapes","floor":47,"turns":6},{"damage":56,"enemies":"Transient","floor":48,"turns":5}],"seed_played":"-4297981903682663288","potions_obtained":[{"floor":1,"key":"Poison Potion"},{"floor":4,"key":"Weak Potion"},{"floor":12,"key":"Ancient Potion"},{"floor":25,"key":"Fruit Juice"},{"floor":27,"key":"ColorlessPotion"},{"floor":33,"key":"Weak Potion"},{"floor":38,"key":"SkillPotion"}],"is_trial":false,"path_per_floor":["M","?","M","M","$","R","E","$","T","E","R","M","M","M","R","B",null,"M","?","?","$","M","R","M","E","T","E","M","R","M","$","R","B",null,"M","$","?","M","M","E","?","M","T","$","R","E","M","M"],"character_chosen":"THE_SILENT","items_purchased":["Orrery","Crippling Poison","Omamori","Acrobatics","TwistedFunnel","Poison Potion","Energy Potion"],"campfire_rested":4,"item_purchase_floors":[5,5,5,8,21,36,44],"current_hp_per_floor":[55,55,55,55,55,55,33,33,33,19,38,29,20,14,14,8,52,36,36,36,36,29,48,48,32,32,32,32,32,28,28,47,10,52,53,53,53,53,46,3,3,2,2,2,38,2,2,0,0],"gold":65,"neow_bonus":"TWO_FIFTY_GOLD","is_daily":false,"chose_seed":false,"campfire_upgraded":3,"win_rate":0.0,"timestamp":1610908494,"path_taken":["M","?","?","M","$","R","E","?","T","E","R","M","M","M","R","BOSS","M","?","?","?","M","R","M","E","T","E","M","R","?","$","R","BOSS","M","$","?","?","M","E","?","M","T","$","R","E","M","M"],"items_purchased_type":["Relic","Card","Relic","Card","Relic","Potion","Potion"],"build_version":"2020-12-22","purchased_purges":2,"victory":false,"max_hp_per_floor":[66,66,66,66,66,66,66,66,66,66,66,66,66,66,66,66,66,66,66,66,66,66,66,66,66,66,66,66,66,66,66,66,66,66,71,71,71,71,71,71,71,71,71,71,71,71,71,71,71],"card_choices":[{"not_picked":["Backflip","Endless Agony"],"picked":"Dash","floor":1},{"not_picked":["Heel Hook","Masterful Stab"],"picked":"Backstab","floor":3},{"not_picked":["Deadly Poison","Distraction"],"picked":"Caltrops","floor":4},{"not_picked":["Escape Plan","Outmaneuver"],"picked":"Dagger Spray","floor":5},{"not_picked":["Poisoned Stab","A Thousand Cuts"],"picked":"Quick Slash","floor":5},{"not_picked":["Slice","Expertise"],"picked":"After Image","floor":5},{"not_picked":["Skewer","Prepared"],"picked":"Choke","floor":5},{"not_picked":["Riddle With Holes","Heel Hook"],"picked":"Bullet Time","floor":5},{"not_picked":["Escape Plan","Sucker Punch"],"picked":"Noxious Fumes","floor":7},{"not_picked":["Accuracy","Tactician"],"picked":"Blur","floor":10},{"not_picked":["Bane","Cloak And Dagger"],"picked":"PiercingWail","floor":12},{"not_picked":["Reflex","Dash"],"picked":"Burst","floor":13},{"not_picked":["All Out Attack","Underhanded Strike"],"picked":"Backflip","floor":14},{"not_picked":["A Thousand Cuts","Envenom"],"picked":"Malaise","floor":16},{"not_picked":["Dagger Throw","Dodge and Roll"],"picked":"Catalyst","floor":18},{"not_picked":["Flying Knee","Caltrops"],"picked":"Well Laid Plans","floor":22},{"not_picked":["Blur","Caltrops","Outmaneuver"],"picked":"SKIP","floor":24},{"not_picked":["Cloak And Dagger","Deadly Poison","Crippling Poison"],"picked":"SKIP","floor":25},{"not_picked":["Masterful Stab","Skewer"],"picked":"Wraith Form v2","floor":27},{"not_picked":["Eviscerate","Crippling Poison"],"picked":"Backflip","floor":28},{"not_picked":["Poisoned Stab","Endless Agony"],"picked":"PiercingWail","floor":30},{"not_picked":["Glass Knife","Storm of Steel"],"picked":"Venomology","floor":33},{"not_picked":["Underhanded Strike+1","Dodge and Roll+1","Quick Slash"],"picked":"SKIP","floor":35},{"not_picked":["Underhanded Strike","Cloak And Dagger","Deflect"],"picked":"SKIP","floor":38},{"not_picked":["Underhanded Strike","Cloak And Dagger","Deflect"],"picked":"SKIP","floor":38},{"not_picked":["Slice","Accuracy","Well Laid Plans"],"picked":"SKIP","floor":39},{"not_picked":["Riddle With Holes","Endless Agony"],"picked":"Footwork+1","floor":40},{"not_picked":["Poisoned Stab","Prepared","Bane"],"picked":"SKIP","floor":42},{"not_picked":["Flechettes","Quick Slash","All Out Attack"],"picked":"SKIP","floor":46},{"not_picked":["Cloak And Dagger","Dash","Underhanded Strike"],"picked":"SKIP","floor":47}],"player_experience":830164,"relics_obtained":[{"floor":7,"key":"Snake Skull"},{"floor":10,"key":"Bronze Scales"},{"floor":25,"key":"Potion Belt"},{"floor":26,"key":"Anchor"},{"floor":27,"key":"Bag of Marbles"},{"floor":40,"key":"Regal Pillow"},{"floor":43,"key":"Frozen Egg 2"},{"floor":46,"key":"Lantern"}],"event_choices":[{"cards_removed":["Normality"],"damage_healed":0,"gold_gain":0,"player_choice":"Removed Curses","damage_taken":0,"max_hp_gain":0,"max_hp_loss":0,"event_name":"Fountain of Cleansing","floor":2,"gold_loss":0},{"damage_healed":0,"gold_gain":0,"player_choice":"Smashed Altar","damage_taken":0,"max_hp_gain":0,"max_hp_loss":0,"event_name":"Forgotten Altar","floor":19,"gold_loss":0,"cards_obtained":["Decay"]},{"damage_healed":0,"gold_gain":0,"player_choice":"Obtained Relic","damage_taken":0,"relics_obtained":["War Paint"],"max_hp_gain":0,"max_hp_loss":0,"event_name":"Addict","floor":20,"gold_loss":85},{"cards_removed":["Strike_G"],"damage_healed":0,"gold_gain":0,"player_choice":"Offered Basic","damage_taken":0,"max_hp_gain":0,"max_hp_loss":0,"event_name":"Bonfire Elementals","floor":37,"gold_loss":0},{"damage_healed":0,"gold_gain":0,"player_choice":"Ignored","damage_taken":0,"max_hp_gain":0,"max_hp_loss":0,"event_name":"The Moai Head","floor":41,"gold_loss":0}],"is_beta":false,"boss_relics":[{"not_picked":["Empty Cage","Coffee Dripper"],"picked":"Cursed Key"},{"not_picked":["HoveringKite","Sozu"],"picked":"Ring of the Serpent"}],"items_purged_floors":[31,36],"is_endless":false,"potions_floor_spawned":[1,4,12,16,24,25,27,33,38,46,47],"killed_by":"Transient","ascension_level":20}}