{"host":"y193d0agu1dp5x1y","time":1610879999,"event":{"mods":["AchievementEnabler","BaseMod","Googly Eyes","Minty Spire (QoL Compilation)"],"gold_per_floor":[116,131,231,241,416,416,416,444,496,496,496,149,149,176,176,272,272,291,291,307,307,324,324,336,336,360,360,43,62,0,20,20,121,121,140,140,152,166,17,42,42,53,53,53,72,72,90,11,11,11],"floor_reached":51,"language":"ENG","playtime":3080,"items_purged":["Strike_G","Strike_G","Strike_G"],"score":717,"play_id":"76d1b254-ca06-4c71-811b-3d4f434d993c","local_time":"20210117043959","is_ascension_mode":true,"campfire_choices":[{"data":"Neutralize","floor":6,"key":"SMITH"},{"floor":10,"key":"REST"},{"data":"Distraction","floor":13,"key":"SMITH"},{"data":"Cloak And Dagger","floor":15,"key":"SMITH"},{"data":"Infinite Blades","floor":23,"key":"SMITH"},{"floor":25,"key":"REST"},{"floor":27,"key":"REST"},{"floor":32,"key":"REST"},{"data":"Accuracy","floor":44,"key":"SMITH"},{"data":"Backflip","floor":46,"key":"SMITH"},{"data":"Survivor","floor":49,"key":"SMITH"}],"circlet_count":0,"master_deck":["Strike_G","Strike_G","Defend_G","Defend_G","Defend_G","Defend_G","Defend_G","Survivor+1","Neutralize+1","Flying Knee","Poisoned Stab","Doubt","Slice","Dagger Throw","Distraction+1","Accuracy+1","Cloak And Dagger+1","Corpse Explosion","Infinite Blades+1","Flying Knee","Deadly Poison","Bouncing Flask","Sucker Punch","Chrysalis","Deflect","Quick Slash","Blade Dance+1","Backflip+1","Corpse Explosion","Cloak And Dagger+1","Eviscerate","Blade Dance","Slice+1","Adrenaline"],"relics":["Black Star","Pen Nib","Kunai","Boot","Membership Card","Toy Ornithopter","FossilizedHelix","SlaversCollar","Nloth\u0027s Gift","PreservedInsect","Ninja Scroll","WristBlade","Orichalcum","Question Card","Omamori","Thread and Needle","Lee\u0027s Waffle"],"acts_visited":["Exordium","TheCity","TheBeyond"],"potions_floor_usage":[8,8,8,16,24,29,33,35,38,42,42],"damage_taken":[{"damage":0,"enemies":"Cultist","floor":1,"turns":6},{"damage":0,"enemies":"Jaw Worm","floor":2,"turns":5},{"damage":0,"enemies":"Small Slimes","floor":4,"turns":4},{"damage":17,"enemies":"Lagavulin","floor":8,"turns":8},{"damage":9,"enemies":"3 Sentries","floor":14,"turns":3},{"damage":29,"enemies":"The Guardian","floor":16,"turns":10},{"damage":27,"enemies":"Chosen","floor":18,"turns":5},{"damage":30,"enemies":"2 Thieves","floor":20,"turns":4},{"damage":0,"enemies":"Centurion and Healer","floor":22,"turns":4},{"damage":12,"enemies":"Snake Plant","floor":24,"turns":4},{"damage":28,"enemies":"Shelled Parasite and Fungi","floor":29,"turns":5},{"damage":0,"enemies":"Centurion and Healer","floor":31,"turns":4},{"damage":42,"enemies":"Collector","floor":33,"turns":11},{"damage":21,"enemies":"3 Shapes","floor":35,"turns":3},{"damage":0,"enemies":"Orb Walker","floor":37,"turns":2},{"damage":46,"enemies":"4 Shapes","floor":38,"turns":3},{"damage":12,"enemies":"Nemesis","floor":40,"turns":3},{"damage":0,"enemies":"Maw","floor":42,"turns":6},{"damage":7,"enemies":"Writhing Mass","floor":45,"turns":6},{"damage":0,"enemies":"Sphere and 2 Shapes","floor":47,"turns":4},{"damage":77,"enemies":"Time Eater","floor":50,"turns":8}],"seed_played":"405048235064123837","potions_obtained":[{"floor":1,"key":"FearPotion"},{"floor":2,"key":"DuplicationPotion"},{"floor":4,"key":"Swift Potion"},{"floor":14,"key":"Strength Potion"},{"floor":22,"key":"GamblersBrew"},{"floor":24,"key":"Block Potion"},{"floor":29,"key":"PowerPotion"},{"floor":33,"key":"SkillPotion"},{"floor":35,"key":"Swift Potion"},{"floor":37,"key":"SteroidPotion"},{"floor":38,"key":"Explosive Potion"}],"is_trial":false,"path_per_floor":["M","M","?","M","?","R","T","E","T","R","?","$","R","E","R","B",null,"M","?","M","?","M","R","M","R","T","R","$","M","$","M","R","B",null,"M","?","M","M","$","E","?","M","T","R","M","R","M","$","R","B",null],"character_chosen":"THE_SILENT","items_purchased":["Dagger Throw","Distraction","Membership Card","Accuracy","Bouncing Flask","Sucker Punch","Chrysalis","Ninja Scroll","Quick Slash","Blade Dance","Backflip","Blade Dance","Orichalcum","Lee\u0027s Waffle"],"campfire_rested":4,"item_purchase_floors":[12,12,12,12,28,28,28,28,30,30,30,39,39,48],"current_hp_per_floor":[70,70,70,70,70,70,70,53,53,70,75,75,75,66,66,42,75,48,48,18,12,12,12,5,27,27,49,49,26,26,26,48,11,75,54,54,54,13,13,1,1,11,11,11,4,4,4,82,82,5],"gold":11,"neow_bonus":"BOSS_RELIC","is_daily":false,"chose_seed":false,"campfire_upgraded":7,"win_rate":0.0,"timestamp":1610879999,"path_taken":["M","?","?","?","?","R","?","E","T","R","?","$","R","E","R","BOSS","M","?","?","?","M","R","M","R","T","R","?","?","$","M","R","BOSS","M","?","?","M","$","E","?","M","T","R","?","R","M","?","R","BOSS"],"items_purchased_type":["Card","Card","Relic","Card","Card","Card","Card","Relic","Card","Card","Card","Card","Relic","Relic"],"build_version":"2020-12-22","purchased_purges":3,"victory":true,"max_hp_per_floor":[70,70,70,70,70,70,70,70,70,70,75,75,75,75,75,75,75,75,75,75,75,75,75,75,75,75,75,75,75,75,75,75,75,75,75,75,75,75,75,75,75,75,75,75,75,75,75,82,82,82],"card_choices":[{"not_picked":["Skewer","Dodge and Roll","Dagger Spray"],"picked":"SKIP","floor":1},{"not_picked":["Finisher","Dagger Spray"],"picked":"Flying Knee","floor":2},{"not_picked":["Deflect","Deadly Poison"],"picked":"Poisoned Stab","floor":4},{"not_picked":["Night Terror","Catalyst"],"picked":"Slice","floor":8},{"not_picked":["Backflip","Flying Knee"],"picked":"Cloak And Dagger","floor":14},{"not_picked":["Storm of Steel","Glass Knife"],"picked":"Corpse Explosion","floor":16},{"not_picked":["Prepared+1","Dodge and Roll"],"picked":"Infinite Blades","floor":18},{"not_picked":["Night Terror","Noxious Fumes"],"picked":"Flying Knee","floor":20},{"not_picked":["Underhanded Strike+1","Masterful Stab+1","Footwork+1"],"picked":"SKIP","floor":22},{"not_picked":["Burst","Prepared+1"],"picked":"Deadly Poison","floor":24},{"not_picked":["Dagger Spray","Prepared"],"picked":"Deflect","floor":29},{"not_picked":["Bullet Time","Finisher","Escape Plan"],"picked":"SKIP","floor":31},{"not_picked":["Bullet Time","Malaise"],"picked":"Corpse Explosion","floor":33},{"not_picked":["Predator","Catalyst"],"picked":"Cloak And Dagger+1","floor":35},{"not_picked":["Flying Knee","Underhanded Strike+1","Well Laid Plans"],"picked":"SKIP","floor":37},{"not_picked":["Noxious Fumes","Flechettes","Deadly Poison"],"picked":"SKIP","floor":38},{"not_picked":["Catalyst+1","Unload","Dodge and Roll+1"],"picked":"SKIP","floor":40},{"not_picked":["Outmaneuver","Backflip+1","Malaise"],"picked":"Slice+1","floor":42},{"not_picked":["Backflip","Deadly Poison+1","Sucker Punch","Outmaneuver+1"],"picked":"SKIP","floor":45},{"not_picked":["Deadly Poison+1","Dash","Blur+1"],"picked":"Adrenaline","floor":47}],"player_experience":113462,"relics_obtained":[{"floor":7,"key":"Regal Pillow"},{"floor":8,"key":"Pen Nib"},{"floor":8,"key":"Kunai"},{"floor":9,"key":"Boot"},{"floor":14,"key":"Toy Ornithopter"},{"floor":14,"key":"FossilizedHelix"},{"floor":26,"key":"PreservedInsect"},{"floor":40,"key":"Question Card"},{"floor":40,"key":"Omamori"},{"floor":43,"key":"Thread and Needle"}],"event_choices":[{"damage_healed":0,"gold_gain":100,"player_choice":"Pray","damage_taken":0,"max_hp_gain":0,"max_hp_loss":0,"event_name":"Golden Shrine","floor":3,"gold_loss":0},{"damage_healed":0,"gold_gain":175,"player_choice":"AGREE","damage_taken":0,"max_hp_gain":0,"max_hp_loss":0,"event_name":"Liars Game","floor":5,"gold_loss":0,"cards_obtained":["Doubt"]},{"damage_healed":0,"gold_gain":0,"player_choice":"Donut","damage_taken":0,"max_hp_gain":5,"max_hp_loss":0,"event_name":"Big Fish","floor":11,"gold_loss":0},{"damage_healed":0,"gold_gain":0,"player_choice":"Traded Relic","damage_taken":0,"relics_obtained":["Nloth\u0027s Gift"],"max_hp_gain":0,"max_hp_loss":0,"event_name":"N\u0027loth","floor":19,"relics_lost":["Regal Pillow"],"gold_loss":0},{"damage_healed":0,"gold_gain":0,"player_choice":"","damage_taken":6,"max_hp_gain":0,"max_hp_loss":0,"event_name":"Knowing Skull","floor":21,"potions_obtained":[],"gold_loss":0,"cards_obtained":[]},{"damage_healed":0,"gold_gain":0,"player_choice":"1 cards matched","damage_taken":0,"max_hp_gain":0,"max_hp_loss":0,"event_name":"Match and Keep!","floor":36,"gold_loss":0,"cards_obtained":["Eviscerate"]},{"damage_healed":0,"gold_gain":0,"player_choice":"Upgraded","damage_taken":0,"max_hp_gain":0,"max_hp_loss":0,"event_name":"Upgrade Shrine","floor":41,"gold_loss":0,"cards_upgraded":["Blade Dance"]}],"is_beta":false,"boss_relics":[{"not_picked":["Sozu","Cursed Key"],"picked":"SlaversCollar"},{"not_picked":["Tiny House","Runic Dome"],"picked":"WristBlade"}],"items_purged_floors":[12,28,39],"is_endless":false,"potions_floor_spawned":[1,2,4,14,22,24,29,33,35,37,38],"ascension_level":1}}