{"host":"yqa5il53nhlo2jdd","time":1610886236,"event":{"mods":["AchievementEnabler","Arknights The Spire","BaseMod","BetterRewards","Minty Spire (QoL Compilation)","StSLib","[IsaacMod]ÒÔÈö¼âËþ"],"gold_per_floor":[117,117,24,24,24,24,53,78,155,193,193,117,195,213,213,344,344,358,358,372,471,560,560,583,601,601,601,634,634,634,634,634,757,757,772,786,786,786,786,786,849,849,929,929,929,969,969,990,990,990],"floor_reached":51,"language":"ZHS","playtime":2497,"items_purged":["ats:Strike V","ats:Armor Crushing Shot","ats:Strike S","ats:Strike G","ats:Defend","ats:Defend","ats:Defend","ats:Strike C+1"],"score":1512,"play_id":"32310f48-fcd2-4bd2-9f46-893db398fa3b","local_time":"20210117202356","is_ascension_mode":true,"campfire_choices":[{"data":"ats:Soul Absorption","floor":6.0,"key":"SMITH"},{"data":"ats:Burning Ground","floor":15.0,"key":"SMITH"},{"data":"ats:Guardian Obelisk","floor":23.0,"key":"SMITH"},{"data":"ats:Flame Of Heaven","floor":27.0,"key":"SMITH"},{"data":"ats:Chain Hook","floor":32.0,"key":"SMITH"},{"data":"1","floor":40,"key":"LIFT"},{"data":"2","floor":42,"key":"LIFT"},{"data":"3","floor":45,"key":"LIFT"},{"floor":49,"key":"REST"}],"circlet_count":0,"master_deck":["ats:Emotion Absorption+1","ats:Burning Ground+1","ats:Soul Absorption+1","ats:Chain Hook+1","ats:Guardian Obelisk+1"],"relics":["ats:Sanity","HushsDoor","HowToJump","ats:Arts","GuppysTail","SteamSale","Golden Idol","Odd Mushroom","Mercury Hourglass","ats:Originium","ats:Industrial Water Cannon","Membership Card","Oddly Smooth Stone","Torii","Philosopher\u0027s Stone","ats:Cure","Boot","Mango","Darkstone Periapt","D6","HandDrill","Strawberry","Question Card","War Paint","OrangePellets","Busted Crown","Akabeko","Girya","Incense Burner","InkBottle","Art of War","ClockworkSouvenir","Bag of Preparation","CeramicFish","Orichalcum","Frozen Egg 2"],"acts_visited":["Exordium","TheCity","TheBeyond"],"potions_floor_usage":[50,50,50],"damage_taken":[{"damage":0.0,"enemies":"Small Slimes","floor":1.0,"turns":6.0},{"damage":11.0,"enemies":"The Mushroom Lair","floor":7.0,"turns":3.0},{"damage":2.0,"enemies":"Jaw Worm","floor":8.0,"turns":4.0},{"damage":0.0,"enemies":"Lagavulin","floor":10.0,"turns":5.0},{"damage":0.0,"enemies":"2 Louse","floor":14.0,"turns":2.0},{"damage":3.0,"enemies":"Hexaghost","floor":16.0,"turns":8.0},{"damage":1.0,"enemies":"3 Byrds","floor":18.0,"turns":3.0},{"damage":0.0,"enemies":"Shell Parasite","floor":20.0,"turns":2.0},{"damage":0.0,"enemies":"Snake Plant","floor":24.0,"turns":2.0},{"damage":0.0,"enemies":"Centurion and Healer","floor":25.0,"turns":2.0},{"damage":1.0,"enemies":"Slavers","floor":28.0,"turns":2.0},{"damage":0.0,"enemies":"Champ","floor":33.0,"turns":4.0},{"damage":0.0,"enemies":"3 Darklings","floor":35.0,"turns":1.0},{"damage":0.0,"enemies":"3 Shapes","floor":36.0,"turns":1.0},{"damage":0,"enemies":"2 Orb Walkers","floor":41,"turns":2},{"damage":0,"enemies":"Reptomancer","floor":46,"turns":2},{"damage":0,"enemies":"Maw","floor":48,"turns":2},{"damage":0,"enemies":"Time Eater","floor":50,"turns":4}],"seed_played":"5346095451092535447","potions_obtained":[{"floor":7.0,"key":"Dexterity Potion"},{"floor":18.0,"key":"Block Potion"},{"floor":24.0,"key":"Fire Potion"},{"floor":35.0,"key":"Ancient Potion"},{"floor":41,"key":"Strength Potion"}],"is_trial":false,"path_per_floor":["M","?","$","?","$","R","?","M","T","E","?","$","T","M","R","B",null,"M","$","M","?","?","R","M","M","T","R","E","$","$","?","R","B",null,"M","M","?","?","$","R","?","R","T","?","R","E","$","M","R","B",null],"character_chosen":"DOCTOR_CLASS","items_purchased":["ats:Arts","GuppysTail","ats:Burning Ground","SteamSale","ats:Soul Absorption","Membership Card","Oddly Smooth Stone","Torii","Strength Potion","FearPotion","LiquidMemories","ats:Cure","Boot","Mango","PowerPotion","EssenceOfSteel","ats:Chain Hook","HandDrill","Strawberry","Question Card","SteroidPotion","War Paint","OrangePellets","Akabeko","Girya","ClockworkSouvenir","Bag of Preparation","CeramicFish","Orichalcum","Frozen Egg 2"],"campfire_rested":1,"item_purchase_floors":[0,0,0,0,3,12,12,12,12,12,12,19,19,19,19,19,19,29,29,29,29,30,30,39,39,47,47,47,47,47],"current_hp_per_floor":[72,58,58,58,58,58,47,45,45,45,45,45,45,45,45,42,67,66,80,80,80,65,65,65,65,65,65,64,71,71,71,71,71,88,88,88,88,88,88,88,88,88,88,84,84,84,84,84,84,84],"gold":990,"neow_bonus":"","is_daily":false,"chose_seed":false,"campfire_upgraded":5,"win_rate":0.0,"timestamp":1610886236,"path_taken":["M","?","$","?","?","R","?","M","T","E","?","?","?","M","R","BOSS","M","$","M","?","?","R","M","M","T","R","E","?","$","?","R","BOSS","M","M","?","?","$","R","?","R","T","?","R","E","$","M","R","BOSS"],"items_purchased_type":["Relic","Relic","Card","Relic","Card","Relic","Relic","Relic","Potion","Potion","Potion","Relic","Relic","Relic","Potion","Potion","Card","Relic","Relic","Relic","Potion","Relic","Relic","Relic","Relic","Relic","Relic","Relic","Relic","Relic"],"build_version":"2020-12-22","purchased_purges":8,"victory":true,"max_hp_per_floor":[72,72,72,67,67,67,67,67,67,67,67,67,67,67,67,67,67,67,81,81,81,81,81,81,81,81,81,81,88,88,88,88,88,88,88,88,88,88,88,88,88,88,88,84,84,84,84,84,84,84],"card_choices":[{"not_picked":["ats:Counter Healing Mode","ats:Childhood Dance","Bomb"],"picked":"SKIP","floor":1.0},{"not_picked":["ats:Curse Doll","ats:Hammer On"],"picked":"ats:Flame Of Heaven","floor":8.0},{"not_picked":["Bomb","ats:Composite Medical Shells","ats:Cat Scratch"],"picked":"SKIP","floor":10.0},{"not_picked":["ats:Consecutive Shot Auto","ats:Flexible Camouflage","ats:Childhood Dance"],"picked":"SKIP","floor":14.0},{"not_picked":["ats:Curse Doll","ats:Childhood Dance","ats:Powerful Strike"],"picked":"SKIP","floor":18.0},{"not_picked":["ats:Apocalypse+1","ats:Revitalization"],"picked":"ats:Guardian Obelisk","floor":20.0},{"not_picked":["ats:Consecutive Shot Auto","ats:Defend Order+1","ats:Cat Scratch"],"picked":"SKIP","floor":24.0},{"not_picked":["ats:Childhood Dance","ats:Disruption Kick","ats:Consecutive Shot Auto"],"picked":"SKIP","floor":25.0},{"not_picked":["ats:Ignite+1","ats:Sunburst+1","ats:Chain Hook"],"picked":"SKIP","floor":28.0},{"not_picked":["ats:Leaping Hammer","ats:Shell Defense+1"],"picked":"SKIP","floor":35.0},{"not_picked":["ats:Revitalization+1","ats:Healing Strengthening"],"picked":"SKIP","floor":36.0},{"not_picked":["ats:Cat Scratch+1","ats:Flexible Camouflage+1"],"picked":"SKIP","floor":46},{"not_picked":["ats:Assault Order+1","ats:Apocalypse"],"picked":"SKIP","floor":48}],"player_experience":675695,"relics_obtained":[{"floor":7.0,"key":"Odd Mushroom"},{"floor":9.0,"key":"Mercury Hourglass"},{"floor":10.0,"key":"ats:Originium"},{"floor":10.0,"key":"ats:Industrial Water Cannon"},{"floor":26.0,"key":"Darkstone Periapt"},{"floor":28.0,"key":"ats:Originium"},{"floor":28.0,"key":"D6"},{"floor":41,"key":"Incense Burner"},{"floor":43,"key":"InkBottle"},{"floor":46,"key":"ats:Originium"},{"floor":46,"key":"Art of War"}],"event_choices":[{"damage_healed":0.0,"max_hp_gain":0.0,"max_hp_loss":0.0,"gold_gain":0.0,"event_name":"Shining Light","player_choice":"Entered Light","floor":2.0,"gold_loss":0.0,"damage_taken":14.0,"cards_upgraded":["ats:Strike C","ats:Emotion Absorption"]},{"damage_healed":0.0,"max_hp_gain":0.0,"max_hp_loss":5.0,"gold_gain":0.0,"event_name":"Golden Idol","player_choice":"Lose Max HP","floor":4.0,"gold_loss":0.0,"damage_taken":0.0,"relics_obtained":["Golden Idol"]},{"damage_healed":0.0,"max_hp_gain":0.0,"max_hp_loss":0.0,"gold_gain":0.0,"event_name":"Mushrooms","player_choice":"Fought Mushrooms","floor":7.0,"gold_loss":0.0,"damage_taken":0.0},{"cards_removed":["ats:Defend"],"damage_healed":0.0,"max_hp_gain":0.0,"max_hp_loss":0.0,"gold_gain":0.0,"event_name":"Living Wall","player_choice":"Forget","floor":11.0,"gold_loss":0.0,"damage_taken":0.0},{"damage_healed":0.0,"max_hp_gain":0.0,"max_hp_loss":0.0,"gold_gain":99.0,"event_name":"Nest","player_choice":"Stole From Cult","floor":21.0,"gold_loss":0.0,"damage_taken":0.0},{"damage_healed":0.0,"max_hp_gain":0.0,"max_hp_loss":0.0,"gold_gain":0.0,"event_name":"Beggar","player_choice":"Ignored","floor":31.0,"gold_loss":0.0,"damage_taken":0.0},{"damage_healed":0.0,"max_hp_gain":0.0,"max_hp_loss":0.0,"gold_gain":0.0,"event_name":"Tomb of Lord Red Mask","player_choice":"Ignored","floor":37.0,"gold_loss":0.0,"damage_taken":0.0},{"cards_removed":["ats:Flame Of Heaven"],"damage_healed":0,"gold_gain":0,"player_choice":"Offered Uncommon","damage_taken":0,"max_hp_gain":0,"max_hp_loss":0,"event_name":"Bonfire Elementals","floor":38,"gold_loss":0},{"damage_healed":0,"gold_gain":0,"player_choice":"Fight","damage_taken":0,"max_hp_gain":0,"max_hp_loss":0,"event_name":"Mysterious Sphere","floor":41,"gold_loss":0},{"damage_healed":0,"gold_gain":0,"player_choice":"Max HP","damage_taken":0,"max_hp_gain":0,"max_hp_loss":4,"event_name":"Winding Halls","floor":44,"gold_loss":0}],"is_beta":false,"boss_relics":[{"not_picked":["Calling Bell","Snecko Eye"],"picked":"Philosopher\u0027s Stone"},{"not_picked":[]},{"not_picked":["ats:Omniscience","Astrolabe"],"picked":"Busted Crown"},{"not_picked":[]}],"items_purged_floors":[0,0,0,3,12,19,29,30],"is_endless":false,"potions_floor_spawned":[7,18,24,35,36,41,48],"ascension_level":4}}