{"host":"bgq1kh73gni2z7sn","time":1610902233,"event":{"mods":["BaseMod","Block Reminder","Highlight Path","Infinite Spire","Minty Spire (QoL Compilation)","Quick Restart","StSLib"],"gold_per_floor":[116,116,79,89,107,137,153,173,173,183,183,209,209,209,209,304,304,319,319,42,42,61,92,92,121,195,223,223,254,272,285,285,389,389,399,399,399,399,417,417,417],"floor_reached":40,"language":"SPA","playtime":2440,"items_purged":[],"score":594,"play_id":"294c7847-3b4e-4118-9bf7-4c9498af484b","local_time":"20210117175033","is_ascension_mode":true,"campfire_choices":[{"floor":11,"key":"REST"},{"floor":13,"key":"REST"},{"data":"Inflame","floor":15,"key":"SMITH"},{"floor":24,"key":"REST"},{"floor":28,"key":"REST"},{"floor":32,"key":"REST"}],"circlet_count":0,"master_deck":["Strike_R+1","Strike_R+1","Strike_R+1","Strike_R+1","Defend_R+1","Defend_R+1","Defend_R+1","Bash","Inflame","Wild Strike","Immolate","Perfected Strike","Metallicize","Cleave","Infernal Blade","Inflame+1","Hemokinesis","Seeing Red","Spot Weakness","Pummel+1","Brutality+1","Thunderclap","Spot Weakness+1","Iron Wave+1","Sword Boomerang","Body Slam","Ghostly Armor","Thunderclap+1","Flex","Limit Break","Iron Wave+1","infinitespire:SevenWalls","infinitespire:FutureSight","Jack Of All Trades","Enlightenment","Bandage Up"],"relics":["Burning Blood","Nunchaku","FossilizedHelix","Kunai","HornCleat","Astrolabe","Membership Card","infinitespire:BottledMercury","Gambling Chip","Vajra","Ornamental Fan","Toy Ornithopter","infinitespire:Eraser","Mark of Pain","TheAbacus"],"acts_visited":["Exordium","TheCity","TheBeyond"],"potions_floor_usage":[5,8,16,25,31,40,40],"damage_taken":[{"damage":8,"enemies":"2 Louse","floor":1,"turns":2},{"damage":1,"enemies":"Cultist","floor":4,"turns":3},{"damage":2,"enemies":"Small Slimes","floor":5,"turns":2},{"damage":31,"enemies":"Gremlin Nob","floor":6,"turns":4},{"damage":19,"enemies":"3 Louse","floor":7,"turns":3},{"damage":9,"enemies":"Exordium Thugs","floor":8,"turns":4},{"damage":10,"enemies":"Blue Slaver","floor":10,"turns":3},{"damage":22,"enemies":"3 Sentries","floor":12,"turns":4},{"damage":38,"enemies":"The Guardian","floor":16,"turns":8},{"damage":21,"enemies":"2 Thieves","floor":18,"turns":3},{"damage":20,"enemies":"Shell Parasite","floor":22,"turns":4},{"damage":29,"enemies":"Slavers","floor":23,"turns":3},{"damage":37,"enemies":"Book of Stabbing","floor":25,"turns":5},{"damage":24,"enemies":"Gremlin Leader","floor":27,"turns":6},{"damage":17,"enemies":"Book of Stabbing","floor":29,"turns":4},{"damage":8,"enemies":"Shelled Parasite and Fungi","floor":30,"turns":2},{"damage":6,"enemies":"3 Cultists","floor":31,"turns":4},{"damage":74,"enemies":"Collector","floor":33,"turns":7},{"damage":12,"enemies":"3 Darklings","floor":35,"turns":4},{"damage":0,"enemies":"Orb Walker","floor":39,"turns":2},{"damage":103,"enemies":"Nemesis","floor":40,"turns":7}],"seed_played":"-8811276412438585042","potions_obtained":[{"floor":4,"key":"Block Potion"},{"floor":6,"key":"Block Potion"},{"floor":8,"key":"LiquidBronze"},{"floor":12,"key":"SkillPotion"},{"floor":18,"key":"FairyPotion"},{"floor":27,"key":"BlessingOfTheForge"},{"floor":30,"key":"Regen Potion"},{"floor":33,"key":"Block Potion"}],"is_trial":false,"path_per_floor":["M","?","$","M","M","E","M","M","T","M","R","E","R","T","R","B",null,"M","?","$","?","M","E","R","E","T","E","R","E","M","M","R","B",null,"M","?","AVR","?","M","E"],"character_chosen":"IRONCLAD","items_purchased":["Metallicize","Membership Card","infinitespire:BottledMercury"],"campfire_rested":5,"item_purchase_floors":[3,20,20],"current_hp_per_floor":[78,78,78,80,80,55,42,39,39,35,59,43,67,67,67,35,80,65,65,65,80,66,43,67,36,36,18,42,31,29,46,70,50,80,74,74,74,64,70,0,0],"gold":417,"neow_bonus":"THREE_CARDS","is_daily":false,"chose_seed":false,"campfire_upgraded":1,"win_rate":0.0,"timestamp":1610902233,"path_taken":["M","?","$","?","M","E","M","M","T","M","R","E","R","?","R","BOSS","M","?","$","?","M","E","R","E","T","E","R","E","M","M","R","BOSS","M","?","AVR","?","M","E"],"items_purchased_type":["Card","Relic","Relic"],"build_version":"2020-12-22","purchased_purges":0,"victory":false,"max_hp_per_floor":[80,80,80,80,80,80,80,80,80,80,80,80,80,80,80,80,80,80,80,80,80,80,80,80,80,80,80,80,80,80,80,80,80,80,80,80,80,80,80,80,80],"card_choices":[{"not_picked":["Wild Strike","Shrug It Off"],"picked":"Inflame","floor":0},{"not_picked":["Power Through","Body Slam"],"picked":"Wild Strike","floor":1},{"not_picked":["Pommel Strike","True Grit"],"picked":"Cleave","floor":4},{"not_picked":["Cleave","Whirlwind"],"picked":"Infernal Blade","floor":5},{"not_picked":["Wild Strike","Warcry"],"picked":"Inflame","floor":6},{"not_picked":["Carnage","Burning Pact","Whirlwind"],"picked":"SKIP","floor":7},{"not_picked":["Clash","Bloodletting"],"picked":"Hemokinesis","floor":8},{"not_picked":["Dark Embrace","Shrug It Off"],"picked":"Seeing Red","floor":10},{"not_picked":["Dropkick","Dual Wield"],"picked":"Spot Weakness","floor":12},{"not_picked":["Corruption","Berserk"],"picked":"Bludgeon","floor":16},{"not_picked":["Heavy Blade","Twin Strike"],"picked":"Thunderclap","floor":18},{"not_picked":["Flex","Clash+1"],"picked":"Spot Weakness+1","floor":22},{"not_picked":["Corruption","Reckless Charge+1"],"picked":"Iron Wave+1","floor":23},{"not_picked":["True Grit","Shrug It Off+1"],"picked":"Sword Boomerang","floor":25},{"not_picked":["Bludgeon","Headbutt"],"picked":"Body Slam","floor":27},{"not_picked":["Searing Blow+1","Clash"],"picked":"Ghostly Armor","floor":29},{"not_picked":["True Grit","Headbutt"],"picked":"Thunderclap+1","floor":30},{"not_picked":["Warcry","Shrug It Off"],"picked":"Flex","floor":31},{"not_picked":["Reaper","Offering"],"picked":"Limit Break","floor":33},{"not_picked":["Clash","Evolve+1"],"picked":"Iron Wave+1","floor":35},{"not_picked":["Swift Strike","Dark Shackles"],"picked":"Jack Of All Trades","floor":38},{"not_picked":["Madness","Purity"],"picked":"Enlightenment","floor":38},{"not_picked":["Magnetism","Violence"],"picked":"Bandage Up","floor":38},{"not_picked":["Sword Boomerang","Warcry","Evolve+1"],"picked":"SKIP","floor":39}],"player_experience":103800,"relics_obtained":[{"floor":6,"key":"Nunchaku"},{"floor":9,"key":"FossilizedHelix"},{"floor":12,"key":"Kunai"},{"floor":14,"key":"HornCleat"},{"floor":23,"key":"Gambling Chip"},{"floor":25,"key":"Vajra"},{"floor":26,"key":"Ornamental Fan"},{"floor":27,"key":"Toy Ornithopter"},{"floor":29,"key":"infinitespire:Eraser"}],"event_choices":[{"damage_healed":0,"gold_gain":0,"player_choice":"2 cards matched","damage_taken":0,"max_hp_gain":0,"max_hp_loss":0,"event_name":"Match and Keep!","floor":2,"gold_loss":0,"cards_obtained":["Immolate","Perfected Strike"]},{"damage_healed":0,"gold_gain":0,"player_choice":"Simplicity","damage_taken":0,"max_hp_gain":0,"max_hp_loss":0,"event_name":"Back to Basics","floor":19,"gold_loss":0,"cards_upgraded":["Strike_R","Strike_R","Strike_R","Strike_R","Defend_R","Defend_R","Defend_R"]},{"cards_removed":["Searing Blow"],"damage_healed":15,"gold_gain":0,"player_choice":"Offered Uncommon","damage_taken":0,"max_hp_gain":0,"max_hp_loss":0,"event_name":"Bonfire Elementals","floor":21,"gold_loss":0},{"damage_healed":0,"gold_gain":0,"player_choice":"Ignored","damage_taken":0,"max_hp_gain":0,"max_hp_loss":0,"event_name":"Tomb of Lord Red Mask","floor":36,"gold_loss":0},{"damage_healed":0,"gold_gain":0,"player_choice":"Memory 3","damage_taken":10,"max_hp_gain":0,"max_hp_loss":0,"event_name":"SensoryStone","floor":38,"gold_loss":0}],"is_beta":false,"boss_relics":[{"not_picked":["infinitespire:Burning Sword","SacredBark"],"picked":"Astrolabe"},{"not_picked":["Black Star","Coffee Dripper"],"picked":"Mark of Pain"}],"items_purged_floors":[],"is_endless":false,"potions_floor_spawned":[4,6,8,12,18,27,30,33],"killed_by":"Nemesis","ascension_level":4}}