{"host":"e6sgj53qqwx3piqv","time":1610862180,"event":{"mods":["AchievementEnabler","Aspiration","BaseMod","BetterRewards","Colored Powertips","Hermit","Hubris","Infinite Spire","Minty Spire (QoL Compilation)","Quick Restart","Rare Cards Sparkle","Replay The Spire","Shop Mod","StSLib","The Cursed","The Disciple","The Jungle","The Runesmith"],"gold_per_floor":[115,115,115,131,131,131,166,184,184,184,217,20,20,39,39,39,39],"floor_reached":16,"language":"ENG","playtime":1112,"items_purged":[],"score":133,"play_id":"dfee498a-5022-4ff8-8ffd-bb7af87f4139","local_time":"20210117004300","is_ascension_mode":false,"campfire_choices":[{"floor":6,"key":"RECALL"},{"data":"hermit:FatalDesire","floor":15,"key":"SMITH"}],"circlet_count":0,"master_deck":["hermit:Strike_Hermit","hermit:Strike_Hermit","hermit:Strike_Hermit","hermit:Strike_Hermit","hermit:Defend_Hermit","hermit:Defend_Hermit","hermit:Defend_Hermit","hermit:Defend_Hermit","hermit:Snapshot","hermit:Covet","hermit:FlashPowder","ReplayTheSpireMod:Restless Dread","hermit:TakeCover","hermit:FatalDesire+1","hermit:Horror","Injury","hermit:Coalescence","hermit:CalledShot","hermit:CursedWeapon","hubris:Greed"],"relics":["hermit:Momento","NeowsBlessing","hubris:DisguiseKit","hubris:Towel","Ancient Tea Set","Frozen Egg 2","Golden Idol","infinitespire:Beetle Shell","Juzu Bracelet"],"acts_visited":["Exordium"],"potions_floor_usage":[16],"damage_taken":[{"damage":0,"enemies":"2 Louse","floor":1,"turns":2},{"damage":0,"enemies":"Small Slimes","floor":4,"turns":1},{"damage":0,"enemies":"Lagavulin","floor":7,"turns":1},{"damage":0,"enemies":"Cultist","floor":8,"turns":4},{"damage":23,"enemies":"3 Sentries","floor":11,"turns":10},{"damage":14,"enemies":"Exordium Wildlife","floor":14,"turns":4},{"damage":41,"enemies":"Fading Forest","floor":16,"turns":8}],"seed_played":"-8684843333775405404","potions_obtained":[{"floor":1,"key":"SpeedPotion"},{"floor":8,"key":"FearPotion"}],"is_trial":false,"path_per_floor":["M","?","?","M","?","R","E","M","T","?","E","$","$","M","R","B"],"character_chosen":"HERMIT","items_purchased":["Juzu Bracelet","hermit:CalledShot"],"campfire_rested":0,"item_purchase_floors":[12,12],"current_hp_per_floor":[75,75,75,75,75,75,75,75,75,75,52,52,52,38,38,0,0],"gold":39,"neow_bonus":"THREE_ENEMY_KILL","is_daily":false,"chose_seed":false,"campfire_upgraded":1,"win_rate":0.0,"timestamp":1610862180,"path_taken":["M","?","?","M","?","R","E","M","T","?","E","?","$","M","R","BOSS"],"items_purchased_type":["Relic","Card"],"build_version":"2020-12-22","purchased_purges":0,"victory":false,"max_hp_per_floor":[75,75,75,75,75,75,75,75,75,75,75,75,75,75,75,75,75],"card_choices":[{"not_picked":["hermit:Manifest","hermit:Desperado"],"picked":"hermit:FlashPowder","floor":1},{"not_picked":["hermit:CalledShot","hermit:Combo","Deflect"],"picked":"hermit:TakeCover","floor":4},{"not_picked":["hermit:Misfire","hermit:Feint","Poisoned Stab"],"picked":"hermit:FatalDesire","floor":7},{"not_picked":["hermit:Misfire","hermit:Dive","Deflect"],"picked":"hermit:Horror","floor":8},{"not_picked":["hermit:Snipe","hermit:Shortfuse","Dash"],"picked":"hermit:Coalescence","floor":11},{"not_picked":["hermit:Roulette","hermit:Ricochet","PiercingWail"],"picked":"hermit:CursedWeapon","floor":14}],"player_experience":137156,"relics_obtained":[{"floor":5,"key":"Ancient Tea Set"},{"floor":7,"key":"Frozen Egg 2"},{"floor":11,"key":"infinitespire:Beetle Shell"}],"event_choices":[{"damage_healed":0,"gold_gain":0,"player_choice":"Take Wound","damage_taken":0,"relics_obtained":["Golden Idol"],"max_hp_gain":0,"max_hp_loss":0,"event_name":"Golden Idol","floor":10,"gold_loss":0,"cards_obtained":["Injury"]}],"is_beta":false,"boss_relics":[],"items_purged_floors":[],"is_endless":false,"potions_floor_spawned":[1,8],"killed_by":"Fading Forest","ascension_level":0}}