{"host":"7l2t4psy44vpcd9q","time":1610872968,"event":{"mods":["AchievementEnabler","BaseMod","DeckTracker","Minty Spire (QoL Compilation)","SuperFastMode"],"gold_per_floor":[113,132,152,152,63,63,96,96,96,127,127,143,107,72,99,99,172,172,188,207,132,57,57,82,82,96,121,121,148,148,148],"floor_reached":30,"language":"KOR","playtime":941,"items_purged":["Strike_B"],"score":508,"play_id":"1b5fa58c-505d-48b0-9eaa-37bd9568eb31","local_time":"20210117174248","is_ascension_mode":true,"campfire_choices":[{"data":"Sunder","floor":6,"key":"SMITH"},{"floor":8,"key":"REST"},{"floor":16,"key":"REST"},{"floor":25,"key":"REST"},{"floor":28,"key":"REST"}],"circlet_count":0,"master_deck":["AscendersBane","Strike_B","Strike_B","Strike_B+1","Defend_B","Defend_B+1","Defend_B","Zap","Dualcast","Leap","Sweeping Beam","Darkness","Sunder+1","Undo","Core Surge","Core Surge","Redo+1","Undo","Compile Driver+1","Go for the Eyes+1"],"relics":["Cracked Core","NeowsBlessing","Thread and Needle","Bottled Lightning","Tiny Chest","Orichalcum","Velvet Choker","MealTicket","Art of War","Ancient Tea Set"],"acts_visited":["Exordium","TheCity"],"potions_floor_usage":[12,17,17,24],"damage_taken":[{"damage":0,"enemies":"2 Louse","floor":1,"turns":1},{"damage":0,"enemies":"Small Slimes","floor":2,"turns":1},{"damage":0,"enemies":"Jaw Worm","floor":3,"turns":1},{"damage":25,"enemies":"3 Sentries","floor":7,"turns":7},{"damage":32,"enemies":"Gremlin Nob","floor":10,"turns":4},{"damage":0,"enemies":"Gremlin Gang","floor":12,"turns":5},{"damage":31,"enemies":"The Guardian","floor":17,"turns":14},{"damage":16,"enemies":"Shell Parasite","floor":19,"turns":9},{"damage":9,"enemies":"Chosen","floor":20,"turns":5},{"damage":18,"enemies":"Gremlin Leader","floor":24,"turns":9},{"damage":6,"enemies":"3 Cultists","floor":26,"turns":6},{"damage":52,"enemies":"Book of Stabbing","floor":30,"turns":5}],"seed_played":"1154369012990295073","potions_obtained":[{"floor":7,"key":"FocusPotion"},{"floor":10,"key":"SkillPotion"},{"floor":12,"key":"Explosive Potion"},{"floor":20,"key":"Strength Potion"}],"is_trial":false,"path_per_floor":["M","M","M","?","$","R","E","R","T","E","?","M","?","?","T","R","B",null,"M","M","?","$","?","E","R","M","T","R","T","E"],"character_chosen":"DEFECT","items_purchased":["Sunder"],"campfire_rested":4,"item_purchase_floors":[5],"current_hp_per_floor":[64,64,64,43,43,43,18,39,39,7,7,7,7,24,24,45,14,57,41,32,32,32,32,14,35,29,29,50,50,0,0],"gold":148,"neow_bonus":"THREE_ENEMY_KILL","is_daily":false,"chose_seed":false,"campfire_upgraded":1,"win_rate":0.0,"timestamp":1610872968,"path_taken":["M","M","M","?","$","R","E","R","T","E","?","M","?","?","?","R","BOSS","M","?","?","$","?","E","R","M","T","R","?","E"],"items_purchased_type":["Card"],"build_version":"2020-12-22","purchased_purges":1,"victory":false,"max_hp_per_floor":[71,71,71,71,71,71,71,71,71,71,71,71,71,71,71,71,71,71,71,71,71,71,71,71,71,71,71,71,71,71,71],"card_choices":[{"not_picked":["Hologram","FTL"],"picked":"Leap","floor":1},{"not_picked":["Rip and Tear","Beam Cell"],"picked":"Sweeping Beam","floor":2},{"not_picked":["Storm","Leap"],"picked":"Darkness","floor":3},{"not_picked":["Reinforced Body","Doom and Gloom"],"picked":"Undo","floor":7},{"not_picked":["Rebound","Streamline","Barrage"],"picked":"SKIP","floor":10},{"not_picked":["Barrage","Coolheaded"],"picked":"Core Surge","floor":12},{"not_picked":["All For One","Amplify"],"picked":"Core Surge","floor":17},{"not_picked":["Capacitor","Beam Cell"],"picked":"Redo+1","floor":19},{"not_picked":["Skim","Turbo"],"picked":"Undo","floor":20},{"not_picked":["Sweeping Beam","Heatsinks"],"picked":"Compile Driver+1","floor":24},{"not_picked":["Turbo","Blizzard"],"picked":"Go for the Eyes+1","floor":26}],"player_experience":1243402,"relics_obtained":[{"floor":7,"key":"Thread and Needle"},{"floor":9,"key":"Bottled Lightning"},{"floor":10,"key":"Tiny Chest"},{"floor":15,"key":"Orichalcum"},{"floor":24,"key":"MealTicket"},{"floor":27,"key":"Art of War"},{"floor":29,"key":"Ancient Tea Set"}],"event_choices":[{"damage_healed":0,"gold_gain":0,"player_choice":"Entered Light","damage_taken":21,"max_hp_gain":0,"max_hp_loss":0,"event_name":"Shining Light","floor":4,"gold_loss":0,"cards_upgraded":["Strike_B","Defend_B"]},{"damage_healed":0,"gold_gain":0,"player_choice":"Fled","damage_taken":0,"max_hp_gain":0,"max_hp_loss":0,"event_name":"Scrap Ooze","floor":11,"gold_loss":0},{"damage_healed":0,"gold_gain":0,"player_choice":"Left Gold","damage_taken":0,"max_hp_gain":0,"max_hp_loss":0,"event_name":"World of Goop","floor":13,"gold_loss":36},{"damage_healed":17,"gold_gain":0,"player_choice":"Healed","damage_taken":0,"max_hp_gain":0,"max_hp_loss":0,"event_name":"The Cleric","floor":14,"gold_loss":35},{"cards_removed":["Defend_B"],"damage_healed":0,"gold_gain":0,"player_choice":"Gave Gold","damage_taken":0,"max_hp_gain":0,"max_hp_loss":0,"event_name":"Beggar","floor":21,"gold_loss":75}],"is_beta":false,"boss_relics":[{"not_picked":["Runic Dome","Calling Bell"],"picked":"Velvet Choker"}],"items_purged_floors":[22],"is_endless":false,"potions_floor_spawned":[7,10,12,20],"killed_by":"Book of Stabbing","ascension_level":20}}