{"host":"cimxalwyqyblhb3d","time":1610901626,"event":{"mods":["AchievementEnabler","BaseMod","Colored Powertips","Evolution","Minty Spire (QoL Compilation)","Quick Restart","Relic Stats","StSLib"],"gold_per_floor":[114,114,114,133,103,103,137,137,137,137,157,169,169,169,169,267,267,277,19,19,87,106,140,190,190,190],"floor_reached":25,"language":"FRA","playtime":967,"items_purged":["Crescendo"],"score":244,"play_id":"b081af6e-8d18-4b87-84b8-61dfa8cb7069","local_time":"20210117174026","is_ascension_mode":false,"campfire_choices":[{"data":"SandsOfTime","floor":6,"key":"SMITH"},{"data":"Panacea","floor":8,"key":"SMITH"},{"data":"Wireheading","floor":10,"key":"SMITH"},{"data":"PathToVictory","floor":15,"key":"SMITH"}],"circlet_count":0,"master_deck":["BowlingBash","BowlingBash","BowlingBash","ThirdEye","ThirdEye","ThirdEye","ThirdEye","Eruption","Vigilance","Panacea+1","PathToVictory+1","SandsOfTime+1","Wireheading+1","PathToVictory+1","Devotion","Study","Apotheosis","WindmillStrike+1","BattleHymn"],"relics":["PureWater","EVO:Axolotl","Question Card","MealTicket","Darkstone Periapt","VioletLotus","SsserpentHead","Singing Bowl"],"acts_visited":["Exordium","TheCity"],"potions_floor_usage":[16,18,23],"damage_taken":[{"damage":0,"enemies":"Jaw Worm","floor":1,"turns":3},{"damage":0,"enemies":"Small Slimes","floor":4,"turns":2},{"damage":14,"enemies":"Gremlin Nob","floor":7,"turns":4},{"damage":0,"enemies":"2 Louse","floor":11,"turns":2},{"damage":0,"enemies":"Large Slime","floor":12,"turns":4},{"damage":4,"enemies":"Slime Boss","floor":16,"turns":7},{"damage":26,"enemies":"Spheric Guardian","floor":18,"turns":5},{"damage":0,"enemies":"3 Byrds","floor":21,"turns":4},{"damage":8,"enemies":"Snecko","floor":22,"turns":3},{"damage":47,"enemies":"Book of Stabbing","floor":23,"turns":7},{"damage":27,"enemies":"3 Cultists","floor":25,"turns":3}],"seed_played":"-5099832587334068679","potions_obtained":[{"floor":7,"key":"Dexterity Potion"},{"floor":11,"key":"BottledMiracle"},{"floor":12,"key":"Weak Potion"}],"is_trial":false,"path_per_floor":["M","?","$","M","?","R","E","R","T","R","M","M","?","T","R","B",null,"M","$","?","M","M","E","?","M"],"character_chosen":"WATCHER","items_purchased":["Apotheosis"],"campfire_rested":0,"item_purchase_floors":[19],"current_hp_per_floor":[84,81,81,81,81,81,67,67,67,67,67,67,67,67,67,63,84,58,73,73,73,65,18,18,0,0],"gold":190,"neow_bonus":"RANDOM_COLORLESS","is_daily":false,"chose_seed":false,"campfire_upgraded":4,"win_rate":0.0,"timestamp":1610901626,"path_taken":["M","?","$","M","?","R","E","R","T","R","M","M","?","?","R","BOSS","M","$","?","?","M","E","?","M"],"items_purchased_type":["Card"],"build_version":"2020-12-22","purchased_purges":1,"victory":false,"max_hp_per_floor":[84,84,84,84,84,84,84,84,84,84,84,84,84,84,84,84,84,84,84,84,84,84,84,84,84,84],"relic_stats":{"Darkstone Periapt":0,"SsserpentHead":100,"Singing Bowl":0,"counters":[11,44],"MealTicket":15,"VioletLotus":[1],"Question Card":9,"obtain_stats":[{"Darkstone Periapt":14,"SsserpentHead":20,"Singing Bowl":23,"MealTicket":7,"VioletLotus":17,"EVO:Axolotl":0,"PureWater":0,"Question Card":2},{"Darkstone Periapt":5,"SsserpentHead":7,"Singing Bowl":10,"MealTicket":3,"VioletLotus":6,"EVO:Axolotl":0,"PureWater":0,"Question Card":1},{"Darkstone Periapt":15,"SsserpentHead":27,"Singing Bowl":41,"MealTicket":9,"VioletLotus":22,"EVO:Axolotl":0,"PureWater":0,"Question Card":3}]},"card_choices":[{"not_picked":["Dramatic Entrance","Purity"],"picked":"Panacea","floor":0},{"not_picked":["BowlingBash","Crescendo"],"picked":"PathToVictory","floor":1},{"not_picked":["Consecrate","CrushJoints","ReachHeaven"],"picked":"SandsOfTime","floor":4},{"not_picked":["LessonLearned","SashWhip","Evaluate"],"picked":"Wireheading","floor":7},{"not_picked":["JustLucky","ThirdEye","Consecrate"],"picked":"Crescendo","floor":11},{"not_picked":["BowlingBash","Wallop","CutThroughFate"],"picked":"PathToVictory","floor":12},{"not_picked":["DeusExMachina","Blasphemy","Wish"],"picked":"Devotion","floor":16},{"not_picked":["Sanctity+1","ThirdEye","Consecrate"],"picked":"Study","floor":18},{"not_picked":["EmptyBody+1","Nirvana","Protect"],"picked":"WindmillStrike+1","floor":21},{"not_picked":["CrushJoints+1","WreathOfFlame","ReachHeaven","Halt"],"picked":"SKIP","floor":22},{"not_picked":["Swivel","WreathOfFlame+1","Consecrate"],"picked":"BattleHymn","floor":23}],"player_experience":510588,"relics_obtained":[{"floor":7,"key":"MealTicket"},{"floor":14,"key":"Darkstone Periapt"},{"floor":23,"key":"Singing Bowl"}],"event_choices":[{"damage_healed":0,"gold_gain":0,"player_choice":"Success","damage_taken":3,"relics_obtained":["Question Card"],"max_hp_gain":0,"max_hp_loss":0,"event_name":"Scrap Ooze","floor":2,"gold_loss":0},{"damage_healed":0,"gold_gain":0,"player_choice":"Left Gold","damage_taken":0,"max_hp_gain":0,"max_hp_loss":0,"event_name":"World of Goop","floor":5,"gold_loss":30},{"damage_healed":0,"gold_gain":0,"player_choice":"Grow","damage_taken":0,"max_hp_gain":0,"max_hp_loss":0,"event_name":"Living Wall","floor":13,"gold_loss":0,"cards_upgraded":["PathToVictory"]},{"damage_healed":0,"gold_gain":0,"player_choice":"Trade","damage_taken":0,"relics_obtained":["SsserpentHead"],"max_hp_gain":0,"max_hp_loss":0,"event_name":"FaceTrader","floor":20,"gold_loss":0},{"cards_removed":["BowlingBash"],"damage_healed":0,"gold_gain":0,"player_choice":"Purged","damage_taken":0,"max_hp_gain":0,"max_hp_loss":0,"event_name":"Purifier","floor":24,"gold_loss":0}],"is_beta":false,"boss_relics":[{"not_picked":["Empty Cage","Velvet Choker"],"picked":"VioletLotus"}],"items_purged_floors":[19],"is_endless":false,"potions_floor_spawned":[7,11,12],"killed_by":"3 Cultists","ascension_level":0}}