{"host":"wqsqub3crsxqknzv","time":1610879369,"event":{"mods":["BaseMod","Better Third Choice","Colored Powertips","Minty Spire (QoL Compilation)","StSLib"],"gold_per_floor":[118,186,3,3,19,46,58,86,98,110,0,41,53,92,104,116,116],"floor_reached":16,"playtime":424,"items_purged":[],"score":141,"play_id":"0cd2faa4-635f-4baf-b2f2-9dc68b556079","local_time":"20210117122929","is_ascension_mode":false,"campfire_choices":[{"data":"Neutralize","floor":7,"key":"SMITH"},{"data":"Distraction","floor":13,"key":"SMITH"},{"floor":15,"key":"REST"}],"circlet_count":0,"master_deck":["Strike_G","Strike_G","Strike_G","Strike_G","Strike_G","Defend_G","Defend_G","Defend_G","Defend_G","Defend_G","Survivor","Neutralize+1","Slice+1","Prepared","Finisher+1","Blade Dance","Poisoned Stab+1","Enlightenment","Distraction+1","Eviscerate+1"],"relics":["HoveringKite","Molten Egg 2","Lee\u0027s Waffle","MawBank","Juzu Bracelet","Anchor","MealTicket","Darkstone Periapt"],"acts_visited":["Exordium"],"potions_floor_usage":[12,14],"damage_taken":[{"damage":0,"enemies":"Cultist","floor":1,"turns":5},{"damage":0,"enemies":"Small Slimes","floor":5,"turns":3},{"damage":34,"enemies":"3 Sentries","floor":6,"turns":8},{"damage":0,"enemies":"Jaw Worm","floor":8,"turns":3},{"damage":20,"enemies":"Gremlin Nob","floor":12,"turns":4},{"damage":0,"enemies":"Lagavulin","floor":14,"turns":3},{"damage":54,"enemies":"Slime Boss","floor":16,"turns":8}],"seed_played":"-1993081211813173280","potions_obtained":[{"floor":6,"key":"FearPotion"},{"floor":8,"key":"SmokeBomb"},{"floor":12,"key":"DistilledChaos"}],"is_trial":false,"path_per_floor":["M","T","$","?","M","E","R","M","T","?","?","E","R","E","R","B"],"character_chosen":"THE_SILENT","items_purchased":["Lee\u0027s Waffle","Slice+1"],"campfire_rested":1,"item_purchase_floors":[3,3],"current_hp_per_floor":[70,70,77,77,77,43,43,43,43,43,49,29,29,29,53,0,0],"gold":116,"neow_bonus":"BOSS_RELIC","is_daily":false,"chose_seed":false,"campfire_upgraded":2,"win_rate":0.0,"timestamp":1610879369,"path_taken":["M","?","$","?","?","E","R","M","T","?","?","E","R","E","R","BOSS"],"items_purchased_type":["Relic","Card"],"build_version":"2020-11-29","purchased_purges":0,"victory":false,"max_hp_per_floor":[70,70,77,77,77,77,77,77,77,77,83,83,83,83,83,83,83],"card_choices":[{"not_picked":["Slice","Reflex","Masterful Stab"],"picked":"SKIP","floor":1},{"not_picked":["Backflip","Caltrops"],"picked":"Finisher+1","floor":5},{"not_picked":["Blur","Tactician"],"picked":"Blade Dance","floor":6},{"not_picked":["Leg Sweep","Expertise"],"picked":"Poisoned Stab+1","floor":8},{"not_picked":["Flying Knee+1","Burst"],"picked":"Distraction","floor":12},{"not_picked":["Dodge and Roll","Flying Knee+1"],"picked":"Eviscerate+1","floor":14}],"player_experience":12385,"relics_obtained":[{"floor":2,"key":"Molten Egg 2"},{"floor":6,"key":"MawBank"},{"floor":9,"key":"Juzu Bracelet"},{"floor":12,"key":"MealTicket"},{"floor":14,"key":"Darkstone Periapt"}],"event_choices":[{"damage_healed":0,"gold_gain":0,"player_choice":"1 cards matched","damage_taken":0,"max_hp_gain":0,"max_hp_loss":0,"event_name":"Match and Keep!","floor":4,"gold_loss":0,"cards_obtained":["Prepared"]},{"damage_healed":0,"gold_gain":0,"player_choice":"Searched \u00272\u0027 times","damage_taken":0,"relics_obtained":["Anchor"],"max_hp_gain":0,"max_hp_loss":0,"event_name":"Dead Adventurer","floor":10,"gold_loss":0},{"damage_healed":0,"gold_gain":0,"player_choice":"RENOUNCE","damage_taken":122,"max_hp_gain":0,"max_hp_loss":0,"event_name":"betterThird:BetterSerpent","floor":11,"gold_loss":122,"cards_obtained":["Enlightenment"]}],"is_beta":false,"boss_relics":[],"items_purged_floors":[],"is_endless":false,"potions_floor_spawned":[6,8,12],"killed_by":"Slime Boss","ascension_level":0}}