{"host":"2lo6hma6kymb0g9i","time":1610901218,"event":{"mods":["BaseMod","Colored Map","DeckTracker","Minty Spire (QoL Compilation)"],"gold_per_floor":[112,87,87,12,12,39,39,68,68,100,127,158,189,201,213,302,314,346,377,404,435,447,459,471,495,582,612,624,653,682,706,718,808,820,848,730,298,323,339,370,370,370],"floor_reached":41,"language":"JPN","playtime":3517,"items_purged":["Zap+1","Dualcast"],"score":990,"play_id":"69ef4991-5406-45c0-86d0-b13fba723e50","local_time":"20210118013338","is_ascension_mode":true,"campfire_choices":[{"data":"Cold Snap","floor":7.0,"key":"SMITH"},{"data":"Cold Snap","floor":15.0,"key":"SMITH"},{"floor":23.0,"key":"REST"},{"floor":28.0,"key":"REST"},{"data":"Capacitor","floor":32.0,"key":"SMITH"}],"circlet_count":0,"master_deck":["AscendersBane","Defend_B+1","Defend_B","Defend_B+1","Defend_B","Cold Snap+1","Streamline+1","Capacitor+1","Conserve Battery","Cold Snap+1","Self Repair","Defragment+1","Fusion","Echo Form","Hologram","Core Surge","Turbo","Leap","Blizzard","Barrage","Defragment+1"],"relics":["Cracked Core","NeowsBlessing","War Paint","Emotion Chip","Sundial","MawBank","Empty Cage","Gremlin Horn","Cursed Key","Happy Flower","Pen Nib","Shovel","Molten Egg 2"],"acts_visited":["Exordium","TheCity","TheBeyond"],"potions_floor_usage":[],"damage_taken":[{"damage":0.0,"enemies":"Cultist","floor":1.0,"turns":1.0},{"damage":0.0,"enemies":"Lagavulin","floor":6.0,"turns":1.0},{"damage":0.0,"enemies":"3 Sentries","floor":8.0,"turns":2.0},{"damage":30.0,"enemies":"Gremlin Nob","floor":10.0,"turns":4.0},{"damage":0.0,"enemies":"Small Slimes","floor":11.0,"turns":3.0},{"damage":0.0,"enemies":"Jaw Worm","floor":12.0,"turns":4.0},{"damage":6.0,"enemies":"3 Louse","floor":13.0,"turns":3.0},{"damage":2.0,"enemies":"The Guardian","floor":16.0,"turns":12.0},{"damage":10.0,"enemies":"Chosen","floor":18.0,"turns":7.0},{"damage":29.0,"enemies":"3 Byrds","floor":19.0,"turns":8.0},{"damage":20.0,"enemies":"3 Cultists","floor":20.0,"turns":6.0},{"damage":12.0,"enemies":"Snecko","floor":21.0,"turns":6.0},{"damage":10.0,"enemies":"Snake Plant","floor":25.0,"turns":7.0},{"damage":30.0,"enemies":"Cultist and Chosen","floor":27.0,"turns":7.0},{"damage":11.0,"enemies":"Shelled Parasite and Fungi","floor":29.0,"turns":7.0},{"damage":3.0,"enemies":"Snecko","floor":30.0,"turns":8.0},{"damage":8.0,"enemies":"Centurion and Healer","floor":31.0,"turns":7.0},{"damage":45.0,"enemies":"Collector","floor":33.0,"turns":20.0},{"damage":9.0,"enemies":"3 Shapes","floor":35.0,"turns":7.0},{"damage":9,"enemies":"Mind Bloom Boss Battle","floor":38,"turns":11},{"damage":35,"enemies":"3 Darklings","floor":39,"turns":10},{"damage":26,"enemies":"Nemesis","floor":40,"turns":19},{"damage":41,"enemies":"Sphere and 2 Shapes","floor":41,"turns":6}],"seed_played":"1765010779870228991","potions_obtained":[{"floor":1.0,"key":"EssenceOfSteel"},{"floor":8.0,"key":"DuplicationPotion"},{"floor":12.0,"key":"FocusPotion"},{"floor":25.0,"key":"PotionOfCapacity"},{"floor":27.0,"key":"Weak Potion"},{"floor":29.0,"key":"DistilledChaos"},{"floor":40,"key":"Dexterity Potion"}],"is_trial":false,"path_per_floor":["M","$","?","?","?","E","R","E","T","E","M","M","M","?","R","B",null,"M","M","M","M","?","R","?","M","T","M","R","M","M","M","R","B",null,"M","$","$","?","M","E","M"],"character_chosen":"DEFECT","items_purchased":["Streamline","Swift Potion","Happy Flower","Pen Nib"],"campfire_rested":2,"item_purchase_floors":[2,36,37,37],"current_hp_per_floor":[64,64,59,59,38,38,38,38,38,8,8,15,16,16,16,21,59,63,34,21,9,9,30,30,34,34,11,32,35,46,52,52,14,57,62,62,62,67,46,34,0,0],"gold":370,"neow_bonus":"THREE_ENEMY_KILL","is_daily":false,"chose_seed":false,"campfire_upgraded":3,"win_rate":0.0,"timestamp":1610901218,"path_taken":["M","$","?","?","?","E","R","E","T","E","?","M","M","?","R","BOSS","M","M","?","?","?","R","?","?","T","M","R","M","?","M","R","BOSS","M","?","$","?","M","E","M"],"items_purchased_type":["Card","Potion","Relic","Relic"],"build_version":"2020-12-22","purchased_purges":2,"victory":false,"max_hp_per_floor":[71,71,71,71,71,71,71,71,71,71,71,71,71,71,71,71,71,71,71,71,71,71,71,71,71,71,71,71,71,71,71,71,71,71,71,71,71,71,71,71,71,71],"card_choices":[{"not_picked":["Static Discharge","Heatsinks"],"picked":"Cold Snap","floor":1.0},{"not_picked":["Lockon","Hologram"],"picked":"Capacitor","floor":6.0},{"not_picked":["Hologram","Hyperbeam"],"picked":"Conserve Battery","floor":8.0},{"not_picked":["Capacitor","Genetic Algorithm"],"picked":"Cold Snap","floor":10.0},{"not_picked":["Coolheaded","Sunder"],"picked":"Self Repair","floor":11.0},{"not_picked":["Stack","Coolheaded"],"picked":"Defragment","floor":12.0},{"not_picked":["Redo","Coolheaded","Rebound"],"picked":"SKIP","floor":13.0},{"not_picked":["Thunder Strike","Core Surge"],"picked":"Echo Form","floor":16.0},{"not_picked":["Lockon","Aggregate"],"picked":"Hologram","floor":18.0},{"not_picked":["Ball Lightning","Beam Cell","Coolheaded"],"picked":"SKIP","floor":19.0},{"not_picked":["Redo+1","Force Field","Ball Lightning"],"picked":"SKIP","floor":20.0},{"not_picked":["Rip and Tear","White Noise"],"picked":"Core Surge","floor":21.0},{"not_picked":["Ball Lightning","Cold Snap","Compile Driver"],"picked":"SKIP","floor":25.0},{"not_picked":["Redo","Auto Shields"],"picked":"Turbo","floor":27.0},{"not_picked":["Steam","Compile Driver","Redo"],"picked":"SKIP","floor":29.0},{"not_picked":["Redo","Cold Snap","Stack"],"picked":"SKIP","floor":30.0},{"not_picked":["Storm","Meteor Strike"],"picked":"Leap","floor":31.0},{"not_picked":["Compile Driver","Leap"],"picked":"Blizzard","floor":35},{"not_picked":["Blizzard","Undo"],"picked":"Barrage","floor":39},{"not_picked":["Cold Snap+1","Static Discharge"],"picked":"Defragment+1","floor":40}],"player_experience":1088600,"relics_obtained":[{"floor":6.0,"key":"Emotion Chip"},{"floor":8.0,"key":"Sundial"},{"floor":10.0,"key":"MawBank"},{"floor":26.0,"key":"Gremlin Horn"},{"floor":38,"key":"Shovel"},{"floor":40,"key":"Molten Egg 2"}],"event_choices":[{"damage_healed":0.0,"max_hp_gain":0.0,"max_hp_loss":0.0,"gold_gain":0.0,"event_name":"Scrap Ooze","player_choice":"Success","floor":3.0,"gold_loss":0.0,"damage_taken":5.0,"relics_obtained":["War Paint"]},{"cards_removed":["Strike_B"],"damage_healed":0.0,"max_hp_gain":0.0,"max_hp_loss":0.0,"gold_gain":0.0,"event_name":"The Cleric","player_choice":"Card Removal","floor":4.0,"gold_loss":75.0,"damage_taken":0.0},{"damage_healed":0.0,"max_hp_gain":0.0,"max_hp_loss":0.0,"gold_gain":0.0,"event_name":"Shining Light","player_choice":"Entered Light","floor":5.0,"gold_loss":0.0,"damage_taken":21.0,"cards_upgraded":["Zap","Streamline"]},{"damage_healed":0.0,"max_hp_gain":0.0,"max_hp_loss":0.0,"gold_gain":0.0,"cards_transformed":["Strike_B"],"event_name":"Transmorgrifier","player_choice":"Transformed","floor":14.0,"gold_loss":0.0,"damage_taken":0.0,"cards_obtained":["Fusion"]},{"damage_healed":0.0,"max_hp_gain":0.0,"max_hp_loss":0.0,"gold_gain":0.0,"event_name":"Ghosts","player_choice":"Ignored","floor":22.0,"gold_loss":0.0,"damage_taken":0.0},{"damage_healed":0.0,"max_hp_gain":0.0,"max_hp_loss":0.0,"gold_gain":0.0,"event_name":"Upgrade Shrine","player_choice":"Upgraded","floor":24.0,"gold_loss":0.0,"damage_taken":0.0,"cards_upgraded":["Defragment"]},{"damage_healed":0,"gold_gain":0,"player_choice":"Fight","damage_taken":0,"max_hp_gain":0,"max_hp_loss":0,"event_name":"MindBloom","floor":38,"gold_loss":0}],"is_beta":false,"boss_relics":[{"not_picked":["Tiny House","Coffee Dripper"],"picked":"Empty Cage"},{"not_picked":["Fusion Hammer","Black Star"],"picked":"Cursed Key"}],"items_purged_floors":[36,37],"is_endless":false,"potions_floor_spawned":[1,8,12,25,27,29,40],"killed_by":"Sphere and 2 Shapes","ascension_level":20}}