{"host":"lf8w6lk2ipwfzeol","time":1610889490,"event":{"mods":["ATMod(阿瑾Mod)","Act Like it!","BaseMod","BetterRewards","Downfall","Hermit","Minty Spire (QoL Compilation)","Quick Restart","Robot Space Explorer","StSLib","TestMod","The Cursed","The Hierophant","The Marked","The Runesmith","The Servant 0.9.4","Youmu（魂魄妖梦）"],"gold_per_floor":[115,356,269,283,283,317,330,345,345,360,360,376,409,12,12,108,108,130,170,270,1,22,22,59,34,34,52,79,79,117,141,141,253,253,270,270,270,670,695,695,735,735,735,765,765,788,811,811,811,811,811,582,631,642],"floor_reached":55,"language":"ZHS","playtime":3510,"items_purged":["Defend_G","downfall:Icky","Parasite"],"score":1577,"play_id":"ab92f3e0-e8ce-4c3e-88e7-a248e66e69df","local_time":"20210117211810","is_ascension_mode":true,"campfire_choices":[{"floor":15,"key":"REST"},{"floor":23,"key":"RECALL"},{"data":"Cloak And Dagger","floor":29,"key":"SMITH"},{"data":"Adrenaline","floor":32,"key":"SMITH"},{"data":"Dagger Spray","floor":40,"key":"SMITH"},{"data":"Defend_G","floor":42,"key":"SMITH"},{"floor":51,"key":"REST"}],"circlet_count":0,"master_deck":["Defend_G+1","Survivor+1","Cloak And Dagger+1","Accuracy+1","PiercingWail+1","Eviscerate+1","Blade Dance+1","Blur+1","AT_ShadowStep+1","Infinite Blades+1","Infinite Blades+1","Adrenaline+1","AT_EssenceShift+1","Predator+1","Tools of the Trade+1","Flying Knee+1","Distraction+1","Bane+1","After Image+1","Dagger Spray+1","Swift Strike+1","Catalyst+1","Terror+1","Phantasmal Killer+1","AT_Desolate+1","AT_TwilightShroud+1"],"relics":["Ring of the Snake","testmod-BlackFramedGlasses","testmod-Laevatain","testmod-Motorcycle","Unceasing Top","AT_SilvercatRing","AT_SeraphEmbrace","ClockworkSouvenir","Frozen Egg 2","AT_TimeSand","testmod-DragonStarHat","testmod-InfectionSource","Oddly Smooth Stone","testmod-Hope","testmod-DeterminationOfClimber","Red Mask","Darkstone Periapt","AT_EbonyIvory","Question Card","testmod-Fortitude","testmod-KeyOfTheVoid","testmod-Justice","Smiling Mask","testmod-TestBox","Sling","Lizard Tail"],"acts_visited":["Exordium","TheCity","TheBeyond","TheEnding"],"potions_floor_usage":[12,12,13,39,39,49],"damage_taken":[{"damage":0,"enemies":"Small Slimes","floor":1,"turns":2},{"damage":0,"enemies":"Cultist","floor":4,"turns":3},{"damage":16,"enemies":"3 Sentries","floor":6,"turns":5},{"damage":0,"enemies":"Jaw Worm","floor":7,"turns":1},{"damage":0,"enemies":"Lots of Slimes","floor":8,"turns":3},{"damage":0,"enemies":"3 Louse","floor":10,"turns":3},{"damage":9,"enemies":"Exordium Thugs","floor":12,"turns":2},{"damage":1,"enemies":"Lagavulin","floor":13,"turns":3},{"damage":16,"enemies":"The Guardian","floor":16,"turns":5},{"damage":0,"enemies":"Chosen","floor":18,"turns":3},{"damage":4,"enemies":"Masked Bandits","floor":19,"turns":3},{"damage":11,"enemies":"3 Byrds","floor":22,"turns":3},{"damage":19,"enemies":"Slavers","floor":24,"turns":3},{"damage":32,"enemies":"Snecko","floor":27,"turns":3},{"damage":4,"enemies":"Cultist and Chosen","floor":28,"turns":3},{"damage":2,"enemies":"Book of Stabbing","floor":30,"turns":3},{"damage":10,"enemies":"Snake Plant","floor":31,"turns":2},{"damage":8,"enemies":"Automaton","floor":33,"turns":3},{"damage":17,"enemies":"Orb Walker","floor":35,"turns":2},{"damage":11,"enemies":"3 Darklings","floor":39,"turns":3},{"damage":13,"enemies":"Nemesis","floor":41,"turns":3},{"damage":0,"enemies":"Writhing Mass","floor":44,"turns":2},{"damage":14,"enemies":"Jaw Worm Horde","floor":46,"turns":2},{"damage":26,"enemies":"4 Shapes","floor":47,"turns":3},{"damage":8,"enemies":"Time Eater","floor":49,"turns":1},{"damage":24,"enemies":"Shield and Spear","floor":53,"turns":2},{"damage":0,"enemies":"The Heart","floor":54,"turns":6}],"seed_played":"747617610992076518","potions_obtained":[{"floor":7,"key":"AttackPotion"},{"floor":10,"key":"Weak Potion"},{"floor":12,"key":"Fire Potion"},{"floor":16,"key":"champ:CounterPotion"},{"floor":18,"key":"SkillPotion"},{"floor":22,"key":"Poison Potion"},{"floor":39,"key":"Strength Potion"},{"floor":41,"key":"Swift Potion"}],"is_trial":false,"path_per_floor":["M","$","?","M","?","E","M","M","T","M","?","M","E","$","R","B",null,"M","?","?","$","M","R","E","$","T","M","M","R","E","M","R","B",null,"M","?","?","?","M","R","E","R","T","M","?","M","M","?","B",null,"R","$","E","B",null],"character_chosen":"THE_SILENT","items_purchased":["Unceasing Top","Cloak And Dagger","Accuracy","Eviscerate","AT_SilvercatRing","AT_ArchangelStaff","ClockworkSouvenir","Oddly Smooth Stone","testmod-Hope","AT_EbonyIvory","Flying Knee","Sling","AT_Desolate+1"],"campfire_rested":2,"item_purchase_floors":[0,0,0,2,2,2,2,14,14,21,25,52,52],"current_hp_per_floor":[24,24,24,27,27,16,17,20,20,23,9,2,4,4,25,14,70,70,70,111,108,103,103,92,92,92,70,78,78,85,83,83,92,108,99,99,99,99,98,98,97,97,97,108,108,102,85,85,108,108,108,108,99,108],"gold":642,"neow_bonus":"","is_daily":false,"chose_seed":false,"campfire_upgraded":4,"win_rate":0.0,"timestamp":1610889490,"path_taken":["M","$","?","?","?","E","M","?","T","M","?","M","E","?","R","BOSS","M","?","?","?","?","R","E","?","T","M","?","R","E","M","R","BOSS","M","?","?","?","M","R","E","R","T","?","?","M","M","?","BOSS","R","$","E","BOSS"],"items_purchased_type":["Relic","Card","Card","Card","Relic","Relic","Relic","Relic","Relic","Relic","Card","Relic","Card"],"build_version":"2020-12-22","purchased_purges":3,"victory":true,"max_hp_per_floor":[70,70,70,70,70,70,70,70,70,70,70,70,70,70,70,70,70,70,70,111,108,108,108,108,108,108,108,108,108,108,108,108,108,108,108,108,108,108,108,108,108,108,108,108,108,108,108,108,108,108,108,108,108,108],"card_choices":[{"not_picked":["Flying Knee","PiercingWail","Outmaneuver"],"picked":"SKIP","floor":1},{"not_picked":["Flying Knee","Outmaneuver"],"picked":"PiercingWail","floor":1},{"not_picked":["Crippling Poison","Bane"],"picked":"Blade Dance","floor":4},{"not_picked":["Prepared","Slice"],"picked":"Blur","floor":6},{"not_picked":["AT_ThistleTea","Dodge and Roll"],"picked":"AT_ShadowStep","floor":7},{"not_picked":["Dagger Spray","AT_WindFlip"],"picked":"Infinite Blades+1","floor":8},{"not_picked":["Deadly Poison","Flying Knee"],"picked":"Infinite Blades+1","floor":10},{"not_picked":["Deflect","Caltrops+1"],"picked":"Adrenaline","floor":12},{"not_picked":["Underhanded Strike","Deadly Poison","Sucker Punch"],"picked":"SKIP","floor":13},{"not_picked":["Night Terror","Tools of the Trade+1"],"picked":"AT_EssenceShift+1","floor":16},{"not_picked":["Backflip+1","Acrobatics"],"picked":"Predator","floor":18},{"not_picked":["Cloak And Dagger","Slice+1","Outmaneuver+1"],"picked":"SKIP","floor":22},{"not_picked":["AT_Desolate+1","Masterful Stab+1","Slice"],"picked":"SKIP","floor":24},{"not_picked":["PiercingWail","Eviscerate+1","Dagger Spray","Poisoned Stab"],"picked":"SKIP","floor":27},{"not_picked":["Flying Knee","Footwork+1","PiercingWail"],"picked":"Distraction+1","floor":28},{"not_picked":["Quick Slash","Crippling Poison","Deadly Poison+1"],"picked":"Bane+1","floor":30},{"not_picked":["Dagger Throw","Dagger Spray+1","Bane+1","Slice"],"picked":"SKIP","floor":31},{"not_picked":["AT_MyraUnstableElement","Doppelganger","Bullet Time"],"picked":"After Image+1","floor":33},{"not_picked":["Acrobatics+1","Deflect+1","Slice"],"picked":"Dagger Spray","floor":35},{"not_picked":["testmod-PainDetonator","testmod-ShutDown+1","AT_EmpoweredMortalDraw"],"picked":"Swift Strike","floor":36},{"not_picked":["Flying Knee+1","Acrobatics","Cloak And Dagger","Quick Slash"],"picked":"SKIP","floor":39},{"not_picked":["Calculated Gamble","Deadly Poison","Prepared","Crippling Poison"],"picked":"SKIP","floor":41},{"not_picked":["AT_WindFlip+1","Quick Slash+1","Blade Dance"],"picked":"Catalyst+1","floor":44},{"not_picked":["Dagger Throw","Eviscerate+1","Predator+1"],"picked":"Terror","floor":46},{"not_picked":["Leg Sweep+1","Slice+1","Acrobatics+1"],"picked":"Phantasmal Killer","floor":47},{"not_picked":["Blur","AT_ArcaneSupremacy+1","AT_MyraUnstableElement"],"picked":"AT_TwilightShroud+1","floor":53}],"player_experience":141593,"relics_obtained":[{"floor":6,"key":"AT_TimeSand"},{"floor":9,"key":"testmod-DragonStarHat"},{"floor":13,"key":"testmod-InfectionSource"},{"floor":19,"key":"Red Mask"},{"floor":24,"key":"Question Card"},{"floor":30,"key":"testmod-Fortitude"},{"floor":41,"key":"testmod-Justice"},{"floor":43,"key":"Smiling Mask"},{"floor":53,"key":"Lizard Tail"}],"event_choices":[{"damage_healed":0,"gold_gain":0,"player_choice":"Paid Gold","damage_taken":0,"relics_obtained":["Frozen Egg 2"],"max_hp_gain":0,"max_hp_loss":0,"event_name":"WeMeetAgain","floor":3,"gold_loss":87},{"cards_removed":["Neutralize"],"damage_healed":0,"gold_gain":0,"player_choice":"Offered Basic","damage_taken":0,"max_hp_gain":0,"max_hp_loss":0,"event_name":"Bonfire Elementals","floor":5,"gold_loss":0},{"damage_healed":0,"gold_gain":0,"player_choice":"Entered Light","damage_taken":14,"max_hp_gain":0,"max_hp_loss":0,"event_name":"Shining Light","floor":11,"gold_loss":0,"cards_upgraded":["Strike_G","AT_ShadowStep"]},{"damage_healed":0,"gold_gain":0,"player_choice":"Fought Bandits","damage_taken":0,"max_hp_gain":0,"max_hp_loss":0,"event_name":"Masked Bandits","floor":19,"gold_loss":0},{"damage_healed":0,"gold_gain":0,"player_choice":"Memory 1","damage_taken":0,"max_hp_gain":0,"max_hp_loss":0,"event_name":"SensoryStone","floor":36,"gold_loss":0},{"cards_removed":["Strike_G"],"damage_healed":0,"gold_gain":0,"player_choice":"Removed Attack","damage_taken":0,"max_hp_gain":0,"max_hp_loss":0,"event_name":"Falling","floor":37,"gold_loss":0},{"damage_healed":0,"gold_gain":400,"player_choice":"Sell","damage_taken":0,"max_hp_gain":0,"max_hp_loss":0,"event_name":"恩洛斯的盘子","floor":38,"relics_lost":["testmod-TestBox"],"gold_loss":0},{"damage_healed":0,"gold_gain":0,"player_choice":"Swap Relic","damage_taken":0,"relics_obtained":["testmod-TestBox"],"max_hp_gain":0,"max_hp_loss":0,"event_name":"给自己的盒子","floor":45,"relics_lost":["AT_ATBox"],"gold_loss":0},{"damage_healed":0,"gold_gain":0,"player_choice":"Took Portal","damage_taken":0,"max_hp_gain":0,"max_hp_loss":0,"event_name":"SecretPortal","floor":48,"gold_loss":0}],"is_beta":false,"boss_relics":[{"not_picked":["testmod-NegativeEmotionEnhancer","Philosopher\u0027s Stone"],"picked":"testmod-DeterminationOfClimber"},{"not_picked":["testmod-Nine","Runic Dome"],"picked":"testmod-KeyOfTheVoid"}],"items_purged_floors":[0,2,21],"is_endless":false,"potions_floor_spawned":[7,10,12,16,18,22,28,30,33,39,41,44,46,53],"ascension_level":1}}