{"host":"fkw1ntusxwk1t0d2","time":1610898492,"event":{"mods":["Act Like it!","BaseMod","GungeonMod","Minty Spire (QoL Compilation)","Spicy Shops","StSLib","vexMod"],"gold_per_floor":[115,115,115,125,75,75,104,104,129,143,172,187,10,23,23,122,122,139,159,159,159,109,109,143,157,157,191,210,210,227,54,54,155,155,171,183,133,143,143,118,118,143,170,196,206,237,291,311,311,311,311,311,118,118,118],"floor_reached":54,"language":"ZHS","playtime":1700,"items_purged":["Strike_G","Strike_G","Underhanded Strike","Strike_G","Backstab","Strike_G"],"score":978,"play_id":"d0f61c1f-1a53-422b-94fe-94e909d0afcf","local_time":"20210117234812","is_ascension_mode":true,"campfire_choices":[{"data":"Neutralize","floor":6.0,"key":"SMITH"},{"floor":8.0,"key":"REST"},{"data":"Reflex","floor":15.0,"key":"SMITH"},{"data":"Accuracy","floor":23.0,"key":"SMITH"},{"data":"Storm of Steel","floor":29.0,"key":"SMITH"},{"data":"Blade Dance","floor":32.0,"key":"SMITH"},{"floor":41.0,"key":"RECALL"},{"data":"Blade Dance","floor":49.0,"key":"SMITH"},{"data":"Blade Dance","floor":52.0,"key":"SMITH"}],"circlet_count":0,"master_deck":["Defend_G","Defend_G","Defend_G","Defend_G","Defend_G","Survivor","Neutralize+1","Dagger Throw","Dagger Throw","Acrobatics","Cloak And Dagger","Reflex+1","Storm of Steel+1","Accuracy+1","Accuracy+1","Blade Dance+1","Prepared+1","Blade Dance+1","Blade Dance+1","Accuracy"],"relics":["SacredBark","Smiling Mask","Pen Nib","Orichalcum","Bag of Preparation","WristBlade","MutagenicStrength","Bag of Marbles","Blood Vial","Anchor","vexMod:TimeEaterHat","HoveringKite","Oddly Smooth Stone","DemoMod:Metronome","Eternal Feather","Juzu Bracelet","DemoMod:PartiallyEatenCheese"],"acts_visited":["Exordium","TheCity","TheBeyond","TheEnding"],"potions_floor_usage":[],"damage_taken":[{"damage":7.0,"enemies":"Cultist","floor":1.0,"turns":5.0},{"damage":0.0,"enemies":"2 Louse","floor":4.0,"turns":2.0},{"damage":23.0,"enemies":"Gremlin Nob","floor":7.0,"turns":5.0},{"damage":0.0,"enemies":"Jaw Worm","floor":10.0,"turns":3.0},{"damage":1.0,"enemies":"3 Sentries","floor":11.0,"turns":5.0},{"damage":0.0,"enemies":"2 Fungi Beasts","floor":12.0,"turns":2.0},{"damage":3.0,"enemies":"Exordium Wildlife","floor":14.0,"turns":4.0},{"damage":29.0,"enemies":"Slime Boss","floor":16.0,"turns":12.0},{"damage":6.0,"enemies":"Chosen","floor":18.0,"turns":3.0},{"damage":0.0,"enemies":"Spheric Guardian","floor":19.0,"turns":1.0},{"damage":10.0,"enemies":"Slavers","floor":24.0,"turns":5.0},{"damage":0.0,"enemies":"Snake Plant","floor":25.0,"turns":1.0},{"damage":0.0,"enemies":"Book of Stabbing","floor":27.0,"turns":1.0},{"damage":0.0,"enemies":"Snecko","floor":28.0,"turns":1.0},{"damage":12.0,"enemies":"Centurion and Healer","floor":30.0,"turns":3.0},{"damage":26.0,"enemies":"Collector","floor":33.0,"turns":3.0},{"damage":0.0,"enemies":"3 Shapes","floor":35.0,"turns":1.0},{"damage":0.0,"enemies":"Orb Walker","floor":36.0,"turns":1.0},{"damage":0.0,"enemies":"Writhing Mass","floor":38.0,"turns":1.0},{"damage":0.0,"enemies":"Reptomancer","floor":42.0,"turns":1.0},{"damage":0.0,"enemies":"Nemesis","floor":44.0,"turns":3.0},{"damage":0.0,"enemies":"4 Shapes","floor":45.0,"turns":2.0},{"damage":0.0,"enemies":"Giant Head","floor":46.0,"turns":3.0},{"damage":0.0,"enemies":"2 Orb Walkers","floor":47.0,"turns":1.0},{"damage":0.0,"enemies":"Spire Growth","floor":48.0,"turns":2.0},{"damage":35.0,"enemies":"Donu and Deca","floor":50.0,"turns":5.0},{"damage":94,"enemies":"Shield and Spear","floor":54,"turns":3}],"seed_played":"-4307196258681739259","potions_obtained":[{"floor":4.0,"key":"Explosive Potion"},{"floor":11.0,"key":"LiquidBronze"},{"floor":14.0,"key":"Block Potion"},{"floor":16.0,"key":"PowerPotion"},{"floor":19.0,"key":"Block Potion"},{"floor":28.0,"key":"Dexterity Potion"},{"floor":33.0,"key":"BlessingOfTheForge"},{"floor":35.0,"key":"SteroidPotion"},{"floor":44.0,"key":"DemoMod:LeadSkinPotion"}],"is_trial":false,"path_per_floor":["M","?","?","M","$","R","E","R","T","M","E","M","$","M","R","B",null,"M","M","?","?","$","R","E","M","T","E","M","R","M","$","R","B",null,"M","M","$","M","?","?","R","E","T","E","M","E","?","M","R","B",null,"R","$","E"],"character_chosen":"THE_SILENT","items_purchased":["Reflex","Underhanded Strike","Blade Dance","vexMod:TimeEaterHat","Accuracy","Ancient Potion"],"campfire_rested":1,"item_purchase_floors":[13,13,31,31,53,53],"current_hp_per_floor":[63,38,38,38,38,38,15,36,36,36,35,35,35,32,32,3,70,64,64,64,64,64,64,54,56,56,58,60,60,50,50,50,26,70,70,70,70,70,70,70,70,70,70,70,70,70,70,70,70,35,70,70,70,0,0],"gold":118,"neow_bonus":"BOSS_RELIC","is_daily":false,"chose_seed":false,"campfire_upgraded":7,"win_rate":0.0,"timestamp":1610898492,"path_taken":["M","?","?","M","?","R","E","R","T","M","E","M","$","M","R","BOSS","M","M","?","?","$","R","E","?","T","E","?","R","M","$","R","BOSS","M","M","$","M","?","?","R","E","T","E","M","E","?","M","R","BOSS","R","$","E"],"items_purchased_type":["Card","Card","Card","Relic","Card","Potion"],"build_version":"2020-12-22","purchased_purges":6,"victory":false,"max_hp_per_floor":[70,70,70,70,70,70,70,70,70,70,70,70,70,70,70,70,70,70,70,70,70,70,70,70,70,70,70,70,70,70,70,70,70,70,70,70,70,70,70,70,70,70,70,70,70,70,70,70,70,70,70,70,70,70,70],"card_choices":[{"not_picked":["Dodge and Roll","Acrobatics"],"picked":"Dagger Throw","floor":1.0},{"not_picked":["Poisoned Stab","Finisher"],"picked":"Dagger Throw","floor":4.0},{"not_picked":["Poisoned Stab","Finisher","Choke"],"picked":"SKIP","floor":7.0},{"not_picked":["Dodge and Roll","Poisoned Stab"],"picked":"Acrobatics","floor":10.0},{"not_picked":["Predator","Bane"],"picked":"Cloak And Dagger","floor":11.0},{"not_picked":["Poisoned Stab","Choke","Masterful Stab"],"picked":"SKIP","floor":12.0},{"not_picked":["Setup","Deflect"],"picked":"Underhanded Strike","floor":14.0},{"not_picked":["Malaise","A Thousand Cuts"],"picked":"Storm of Steel","floor":16.0},{"not_picked":["Outmaneuver+1","Flechettes"],"picked":"Accuracy","floor":18.0},{"not_picked":["Acrobatics","Flechettes"],"picked":"Backstab","floor":19.0},{"not_picked":["Concentrate","Underhanded Strike"],"picked":"Accuracy+1","floor":24.0},{"not_picked":["Leg Sweep","Catalyst"],"picked":"Blade Dance","floor":25.0},{"not_picked":["Acrobatics","PiercingWail"],"picked":"Prepared+1","floor":27.0},{"not_picked":["Slice","Acrobatics"],"picked":"Blade Dance","floor":28.0},{"not_picked":["Prepared+1","Catalyst","PiercingWail"],"picked":"SKIP","floor":30.0},{"not_picked":["Flying Knee+1","Backstab+1","Bane+1"],"picked":"SKIP","floor":35.0},{"not_picked":["Noxious Fumes+1","Heel Hook","Setup"],"picked":"SKIP","floor":36.0},{"not_picked":["Blade Dance","Caltrops","Dagger Spray+1"],"picked":"SKIP","floor":38.0},{"not_picked":["Grand Finale","Prepared+1","Underhanded Strike+1"],"picked":"SKIP","floor":42.0},{"not_picked":["Deadly Poison","Blade Dance+1","Sucker Punch+1"],"picked":"SKIP","floor":44.0},{"not_picked":["Quick Slash+1","Terror","Underhanded Strike+1"],"picked":"SKIP","floor":45.0},{"not_picked":["Prepared","Noxious Fumes","Backflip"],"picked":"SKIP","floor":46.0},{"not_picked":["Flying Knee","Prepared","Skewer+1"],"picked":"SKIP","floor":48.0}],"player_experience":355786,"relics_obtained":[{"floor":7.0,"key":"Pen Nib"},{"floor":9.0,"key":"Orichalcum"},{"floor":11.0,"key":"Bag of Preparation"},{"floor":24.0,"key":"Blood Vial"},{"floor":27.0,"key":"Anchor"},{"floor":42.0,"key":"Oddly Smooth Stone"},{"floor":43.0,"key":"DemoMod:Metronome"},{"floor":44.0,"key":"Eternal Feather"},{"floor":46.0,"key":"Juzu Bracelet"},{"floor":47.0,"key":"DemoMod:PartiallyEatenCheese"}],"event_choices":[{"damage_healed":0.0,"max_hp_gain":0.0,"max_hp_loss":0.0,"gold_gain":0.0,"event_name":"Scrap Ooze","player_choice":"Success","floor":2.0,"gold_loss":0.0,"damage_taken":25.0,"relics_obtained":["Smiling Mask"]},{"cards_removed":["Strike_G"],"damage_healed":0.0,"max_hp_gain":0.0,"max_hp_loss":0.0,"gold_gain":0.0,"event_name":"Living Wall","player_choice":"Forget","floor":3.0,"gold_loss":0.0,"damage_taken":0.0},{"damage_healed":0.0,"max_hp_gain":0.0,"max_hp_loss":0.0,"gold_gain":0.0,"event_name":"Drug Dealer","player_choice":"Inject Mutagens","floor":20.0,"gold_loss":0.0,"damage_taken":0.0,"relics_obtained":["MutagenicStrength"]},{"cards_removed":["Underhanded Strike"],"damage_healed":0.0,"max_hp_gain":0.0,"max_hp_loss":0.0,"gold_gain":0.0,"event_name":"WeMeetAgain","player_choice":"Gave Card","floor":21.0,"gold_loss":0.0,"damage_taken":0.0,"relics_obtained":["Bag of Marbles"]},{"damage_healed":0.0,"max_hp_gain":0.0,"max_hp_loss":0.0,"gold_gain":0.0,"event_name":"Tomb of Lord Red Mask","player_choice":"Ignored","floor":39.0,"gold_loss":0.0,"damage_taken":0.0},{"damage_healed":0.0,"max_hp_gain":0.0,"max_hp_loss":0.0,"gold_gain":0.0,"event_name":"Mysterious Sphere","player_choice":"Fight","floor":47.0,"gold_loss":0.0,"damage_taken":0.0}],"is_beta":false,"boss_relics":[{"not_picked":["Tiny House","Runic Pyramid"],"picked":"WristBlade"},{"not_picked":["vexMod:DeviousBotling","vexMod:ImprovementManual"],"picked":"HoveringKite"}],"items_purged_floors":[5,13,22,31,37,53],"is_endless":false,"potions_floor_spawned":[4,11,14,16,19,28,30,33,35,36,44,47],"killed_by":"Shield and Spear","ascension_level":3}}