{"host":"c2zlmc1hlq0427cl","time":1610906118,"event":{"mods":["BaseMod","Hermit","Minty Spire (QoL Compilation)","Replay The Spire","StSLib","The Hayseed","The Senshi","The Servant 0.9.4"],"gold_per_floor":[115,115,131,131,155,191,191,212,261,43,43,82,82,121,121,244,244,244,244,22,22,22,22,0,0,0,0,0,0,0,0,0,0,0,0,0,0,0,0,0,0,0],"floor_reached":41,"language":"ENG","playtime":2872,"items_purged":["theSenshi:SailorKick"],"score":654,"play_id":"a56464ee-f757-4614-8571-122b548803c0","local_time":"20210117115518","is_ascension_mode":true,"campfire_choices":[{"floor":7,"key":"REST"},{"data":"theSenshi:RoseThrow","floor":11,"key":"SMITH"},{"data":"theSenshi:FatedKiss","floor":13,"key":"SMITH"},{"floor":15,"key":"REST"},{"data":"theSenshi:CrisisMakeUp","floor":23,"key":"SMITH"},{"floor":25,"key":"REST"},{"floor":28,"key":"REST"},{"floor":32,"key":"REST"}],"circlet_count":0,"master_deck":["theSenshi:SailorKick","theSenshi:SailorKick","theSenshi:SailorKick","theSenshi:SailorBlock","theSenshi:SailorBlock","theSenshi:SailorBlock","theSenshi:RoseThrow+1","theSenshi:MoonPrismPowerMakeUp+1","theSenshi:RainbowMoonHeartAche","theSenshi:SailorStarFighterAssists","theSenshi:FatedKiss+1","theSenshi:MoonsReflection","Flash of Steel","theSenshi:TallSilhouette","theSenshi:LunasBite","theSenshi:StudyParty","theSenshi:SailorStarMakerAssists","theSenshi:CrisisMakeUp+1","theSenshi:MoonCosmicPowerMakeUp","theSenshi:MoonPrincessHalation+1","theSenshi:EncouragingSpeech+1","theSenshi:SailorStarMakerAssists","theSenshi:VenusGlamour","theSenshi:WarriorOfTheMoon","theSenshi:UranusStrength+1","theSenshi:SailorCosmosAssists","theSenshi:MoonPower+1","theSenshi:SailorChibiMoonAssists+1"],"relics":["theSenshi:TransformationBroochRelic","Golden Idol","Vajra","Replay:Baseball","Nunchaku","Blood Vial","Pantograph","Ectoplasm","Nilry\u0027s Codex","PreservedInsect","Matryoshka","Potion Belt","Ancient Tea Set","Replay:Grab Bag","Philosopher\u0027s Stone","Sozu","Black Star","Unceasing Top","Red Mask","theSenshi:CosmicHeartCompactRelic","ReplayTheSpireMod:Ninjato"],"acts_visited":["Exordium","TheCity","TheBeyond"],"potions_floor_usage":[12,12,16,30,35,36],"damage_taken":[{"damage":0,"enemies":"Small Slimes","floor":1,"turns":4},{"damage":0,"enemies":"Jaw Worm","floor":3,"turns":5},{"damage":39,"enemies":"3 Sentries","floor":6,"turns":11},{"damage":0,"enemies":"Cultist","floor":8,"turns":3},{"damage":6,"enemies":"Gremlin Nob","floor":12,"turns":4},{"damage":28,"enemies":"3 Sentries","floor":14,"turns":9},{"damage":21,"enemies":"The Guardian","floor":16,"turns":15},{"damage":10,"enemies":"Chosen","floor":18,"turns":4},{"damage":24,"enemies":"2 Thieves","floor":24,"turns":3},{"damage":41,"enemies":"Slavers","floor":27,"turns":5},{"damage":53,"enemies":"Replay:Snechameleon","floor":29,"turns":5},{"damage":0,"enemies":"Centurion and Healer","floor":30,"turns":4},{"damage":1,"enemies":"Snecko","floor":31,"turns":5},{"damage":21,"enemies":"Pondfish","floor":33,"turns":7},{"damage":11,"enemies":"3 Shapes","floor":35,"turns":4},{"damage":15,"enemies":"Mind Bloom Boss Battle","floor":36,"turns":5},{"damage":19,"enemies":"Orb Walker","floor":38,"turns":4},{"damage":47,"enemies":"Reptomancer","floor":40,"turns":6},{"damage":15,"enemies":"Jaw Worm Horde","floor":41,"turns":3}],"seed_played":"5762634867744535051","potions_obtained":[{"floor":1,"key":"PowerPotion"},{"floor":8,"key":"SkillPotion"},{"floor":12,"key":"Toxic Potion"},{"floor":16,"key":"FairyPotion"},{"floor":29,"key":"DuplicationPotion"},{"floor":30,"key":"Fire Potion"},{"floor":33,"key":"AttackPotion"}],"is_trial":false,"path_per_floor":["M","?","M","?","T","E","R","M","T","$","R","E","R","E","R","B",null,"M","?","$","?","?","R","M","R","T","E","R","E","M","M","R","B",null,"M","?","?","M","?","E","M"],"character_chosen":"THE_SENSHI","items_purchased":["theSenshi:MoonsReflection","Flash of Steel","PreservedInsect","theSenshi:CrisisMakeUp"],"campfire_rested":5,"item_purchase_floors":[10,10,20,20],"current_hp_per_floor":[82,62,62,62,62,23,47,47,47,47,47,41,41,15,39,45,82,72,56,56,56,56,56,34,58,58,19,43,19,21,22,46,52,82,71,67,67,50,50,5,0,0],"gold":0,"neow_bonus":"TEN_PERCENT_HP_BONUS","is_daily":false,"chose_seed":false,"campfire_upgraded":3,"win_rate":0.0,"timestamp":1610906118,"path_taken":["M","?","M","?","?","E","R","M","T","$","R","E","R","E","R","BOSS","M","?","$","?","?","R","M","R","T","E","R","E","?","M","R","BOSS","M","?","?","M","?","E","M"],"items_purchased_type":["Card","Card","Relic","Card"],"build_version":"2020-12-22","purchased_purges":1,"victory":false,"max_hp_per_floor":[82,82,82,82,82,82,82,82,82,82,82,82,82,82,82,82,82,82,82,82,82,82,82,82,82,82,82,82,82,82,82,82,82,82,82,82,82,82,82,82,82,82],"card_choices":[{"not_picked":["theSenshi:MoonlightKnight","theSenshi:LateForSchool"],"picked":"theSenshi:RainbowMoonHeartAche","floor":1},{"not_picked":["theSenshi:MoonPrincessHalation","theSenshi:SailorChibiMoonAssists"],"picked":"theSenshi:SailorStarFighterAssists","floor":3},{"not_picked":["theSenshi:TuxedoSmokingBomber","theSenshi:DramaticEntrance"],"picked":"theSenshi:FatedKiss","floor":6},{"not_picked":["theSenshi:DramaticEntrance","theSenshi:SupersonicWaves","theSenshi:Sidestep"],"picked":"SKIP","floor":8},{"not_picked":["theSenshi:UranusStrength","theSenshi:MoonSpiralHeartAttack"],"picked":"theSenshi:TallSilhouette","floor":12},{"not_picked":["theSenshi:SailorMarsAssists","theSenshi:MoonTiaraMagic"],"picked":"theSenshi:LunasBite","floor":14},{"not_picked":["theSenshi:SailorCosmosAssists","theSenshi:JupitersPower"],"picked":"theSenshi:StudyParty","floor":16},{"not_picked":["theSenshi:MoonPower","theSenshi:SailorV+1"],"picked":"theSenshi:SailorStarMakerAssists","floor":18},{"not_picked":["theSenshi:MoonKick","theSenshi:Overload+1"],"picked":"theSenshi:MoonCosmicPowerMakeUp","floor":21},{"not_picked":["theSenshi:MoonPower+1","theSenshi:RainbowMoonHeartAche"],"picked":"theSenshi:MoonPrincessHalation+1","floor":21},{"not_picked":["theSenshi:SailorVenusAssists+1","theSenshi:MoonPower"],"picked":"theSenshi:EncouragingSpeech+1","floor":21},{"not_picked":["theSenshi:DramaticEntrance","theSenshi:SailorMercuryAssists","theSenshi:MoonPunch"],"picked":"SKIP","floor":24},{"not_picked":["theSenshi:GlimpseOfThePast","theSenshi:LunasBite"],"picked":"theSenshi:VenusGlamour","floor":27},{"not_picked":["theSenshi:EncouragingSpeech","theSenshi:MoonPower"],"picked":"theSenshi:WarriorOfTheMoon","floor":29},{"not_picked":["theSenshi:MoonPrincessHalation","theSenshi:Sidestep","theSenshi:UranusStrength"],"picked":"SKIP","floor":30},{"not_picked":["theSenshi:TuxedoSmokingBomber","theSenshi:MoonSpiralHeartAttack+1"],"picked":"theSenshi:UranusStrength+1","floor":31},{"not_picked":["theSenshi:StudyParty","theSenshi:IWillPunishYou"],"picked":"theSenshi:SailorCosmosAssists","floor":33},{"not_picked":["theSenshi:LunasBite","theSenshi:MoonPrincessHalation"],"picked":"theSenshi:MoonPower+1","floor":35},{"not_picked":["theSenshi:SailorPlutoAssists","theSenshi:SailorMarsAssists","theSenshi:LateForSchool+1"],"picked":"SKIP","floor":38},{"not_picked":["theSenshi:MoonsReflection+1","theSenshi:FatedKiss"],"picked":"theSenshi:SailorChibiMoonAssists+1","floor":40}],"player_experience":80010,"relics_obtained":[{"floor":5,"key":"Vajra"},{"floor":6,"key":"Replay:Baseball"},{"floor":9,"key":"Nunchaku"},{"floor":12,"key":"Blood Vial"},{"floor":14,"key":"Pantograph"},{"floor":19,"key":"Nilry\u0027s Codex"},{"floor":26,"key":"Matryoshka"},{"floor":27,"key":"Potion Belt"},{"floor":29,"key":"Ancient Tea Set"},{"floor":36,"key":"Unceasing Top"},{"floor":40,"key":"theSenshi:CosmicHeartCompactRelic"},{"floor":40,"key":"ReplayTheSpireMod:Ninjato"}],"event_choices":[{"damage_healed":0,"gold_gain":0,"player_choice":"Take Damage","damage_taken":20,"relics_obtained":["Golden Idol"],"max_hp_gain":0,"max_hp_loss":0,"event_name":"Golden Idol","floor":2,"gold_loss":0},{"damage_healed":0,"gold_gain":0,"player_choice":"Grow","damage_taken":0,"max_hp_gain":0,"max_hp_loss":0,"event_name":"Living Wall","floor":4,"gold_loss":0,"cards_upgraded":["theSenshi:MoonPrismPowerMakeUp"]},{"damage_healed":0,"gold_gain":0,"player_choice":"Obtained Book","damage_taken":16,"max_hp_gain":0,"max_hp_loss":0,"event_name":"Cursed Tome","floor":19,"gold_loss":0},{"damage_healed":0,"gold_gain":0,"player_choice":"Copied","damage_taken":0,"max_hp_gain":0,"max_hp_loss":0,"event_name":"Duplicator","floor":22,"gold_loss":0,"cards_obtained":["theSenshi:SailorStarMakerAssists"]},{"damage_healed":0,"gold_gain":0,"player_choice":"Fight","damage_taken":0,"max_hp_gain":0,"max_hp_loss":0,"event_name":"MindBloom","floor":36,"gold_loss":0},{"cards_removed":["theSenshi:SailorBlock"],"damage_healed":0,"gold_gain":0,"player_choice":"Removed Skill","damage_taken":0,"max_hp_gain":0,"max_hp_loss":0,"event_name":"Falling","floor":37,"gold_loss":0},{"damage_healed":0,"gold_gain":0,"player_choice":"Paid","damage_taken":0,"relics_obtained":["Red Mask"],"max_hp_gain":0,"max_hp_loss":0,"event_name":"Tomb of Lord Red Mask","floor":39,"gold_loss":0}],"is_beta":false,"boss_relics":[{"not_picked":["Replay:Drink Me","Fusion Hammer"],"picked":"Ectoplasm"},{"not_picked":["Replay:Ancient Bell","Replay:Bronze Core"],"picked":"Replay:Grab Bag"},{"not_picked":["ReplayTheSpireMod:Onyx Gauntlets","Busted Crown"],"picked":"Philosopher\u0027s Stone"},{"not_picked":["Velvet Choker","Coffee Dripper"],"picked":"Sozu"},{"not_picked":["Calling Bell","Kintsugi"],"picked":"Black Star"}],"items_purged_floors":[10],"is_endless":false,"potions_floor_spawned":[1,8,12,16,29,30,33,40],"killed_by":"Jaw Worm Horde","ascension_level":1}}