{"host":"9jj9tzo2iym4bpat","time":1610892702,"event":{"mods":["Act Like it!","BaseMod","CapriCore","Colored Map","Dark Map","Luminous","Minty Spire (QoL Compilation)","Permanent Neow","StSLib","Td1madao Mod","The Animator","The Immortal","The Marked","The Servant 0.9.4","Yakumo Yukari mod"],"gold_per_floor":[366,84,96,21,21,21,53,65,65,65,97,116,216,226,226,331,331,347,366,284,297,309,309,319,319,319],"floor_reached":25,"language":"ENG","playtime":985,"items_purged":[],"score":247,"play_id":"71ec17f9-f5bf-4f41-974a-410a303baa85","local_time":"20210117081142","is_ascension_mode":true,"campfire_choices":[{"data":"Survivor","floor":6,"key":"SMITH"},{"floor":10,"key":"REST"},{"floor":15,"key":"REST"},{"floor":23,"key":"REST"}],"circlet_count":0,"master_deck":["Survivor+1","Neutralize","Slice","Infinite Blades","Cloak And Dagger","Deadly Poison","Bane","Crippling Poison","Blade Dance","Poisoned Stab","Blade Dance","Phantasmal Killer","Acrobatics","Endless Agony","Acrobatics","All Out Attack","Infinite Blades","Masterful Stab","Venomology","Burst","Distraction","Cloak And Dagger","Adrenaline","Blade Dance+1"],"relics":["Ring of the Snake","Snake Skull","Mummified Hand","Centennial Puzzle","Ornamental Fan","Pandora\u0027s Box"],"acts_visited":["Exordium","TheCity"],"potions_floor_usage":[16,24],"damage_taken":[{"damage":4,"enemies":"Small Slimes","floor":1,"turns":5},{"damage":5,"enemies":"Cultist","floor":3,"turns":4},{"damage":5,"enemies":"Lagavulin","floor":7,"turns":5},{"damage":12,"enemies":"2 Louse","floor":8,"turns":2},{"damage":19,"enemies":"Gremlin Nob","floor":11,"turns":4},{"damage":6,"enemies":"Gremlin Gang","floor":12,"turns":4},{"damage":5,"enemies":"Large Slime","floor":14,"turns":3},{"damage":27,"enemies":"The Guardian","floor":16,"turns":9},{"damage":2,"enemies":"3 Byrds","floor":18,"turns":3},{"damage":11,"enemies":"Shell Parasite","floor":19,"turns":4},{"damage":16,"enemies":"Snake Plant","floor":21,"turns":4},{"damage":7,"enemies":"Snecko","floor":22,"turns":4},{"damage":12,"enemies":"Centurion and Healer","floor":24,"turns":3},{"damage":35,"enemies":"Book of Stabbing","floor":25,"turns":4}],"seed_played":"5647252643420636282","potions_obtained":[{"floor":3,"key":"Ancient Potion"},{"floor":8,"key":"Ancient Potion"},{"floor":11,"key":"Weak Potion"},{"floor":16,"key":"SpeedPotion"},{"floor":22,"key":"Energy Potion"}],"is_trial":false,"path_per_floor":["M","$","M","$","?","R","E","M","T","R","E","M","?","M","R","B",null,"M","M","$","M","M","R","M","E"],"character_chosen":"THE_SILENT","items_purchased":["Snake Skull","Infinite Blades","Cloak And Dagger","Deadly Poison","Crippling Poison","Adrenaline"],"campfire_rested":3,"item_purchase_floors":[2,2,2,2,4,20],"current_hp_per_floor":[59,59,54,54,54,54,49,37,37,55,36,30,30,25,43,16,63,61,50,50,34,27,45,33,0,0],"gold":319,"neow_bonus":"TWO_FIFTY_GOLD","is_daily":false,"chose_seed":false,"campfire_upgraded":1,"win_rate":0.0,"timestamp":1610892702,"path_taken":["M","$","M","$","?","R","E","?","T","R","E","M","?","M","R","BOSS","M","M","$","M","?","R","M","E"],"items_purchased_type":["Relic","Card","Card","Card","Card","Card"],"build_version":"2020-12-22","purchased_purges":0,"victory":false,"max_hp_per_floor":[63,63,63,63,63,63,63,63,63,63,63,63,63,63,63,63,63,63,63,63,63,63,63,63,63,63],"card_choices":[{"not_picked":["Bane","Catalyst"],"picked":"Slice","floor":1},{"not_picked":["Leg Sweep","Backflip"],"picked":"Bane","floor":3},{"not_picked":["PiercingWail","Dagger Throw","Choke"],"picked":"SKIP","floor":7},{"not_picked":["Deadly Poison","Outmaneuver"],"picked":"Blade Dance","floor":8},{"not_picked":["Flechettes","Flying Knee"],"picked":"Poisoned Stab","floor":11},{"not_picked":["Quick Slash","Underhanded Strike"],"picked":"Blade Dance","floor":12},{"not_picked":["Predator","Escape Plan","Terror"],"picked":"SKIP","floor":14},{"not_picked":["Wraith Form v2","Venomology"],"picked":"Phantasmal Killer","floor":16},{"not_picked":["Dagger Spray","Deadly Poison"],"picked":"Cloak And Dagger","floor":18},{"not_picked":["Concentrate","Prepared+1","Acrobatics"],"picked":"SKIP","floor":19},{"not_picked":["Heel Hook","Dodge and Roll","Dagger Spray"],"picked":"SKIP","floor":21},{"not_picked":["Predator","Sucker Punch","Dagger Throw"],"picked":"SKIP","floor":22},{"not_picked":["Sucker Punch+1","Phantasmal Killer"],"picked":"Blade Dance+1","floor":24}],"player_experience":263423,"relics_obtained":[{"floor":7,"key":"Mummified Hand"},{"floor":9,"key":"Centennial Puzzle"},{"floor":11,"key":"Ornamental Fan"}],"event_choices":[{"cards_removed":["Strike_G"],"damage_healed":0,"gold_gain":0,"player_choice":"Offered Basic","damage_taken":0,"max_hp_gain":0,"max_hp_loss":0,"event_name":"Bonfire Elementals","floor":5,"gold_loss":0},{"damage_healed":0,"gold_gain":100,"player_choice":"Pray","damage_taken":0,"max_hp_gain":0,"max_hp_loss":0,"event_name":"Golden Shrine","floor":13,"gold_loss":0}],"is_beta":false,"boss_relics":[{"not_picked":["SlaversCollar","Philosopher\u0027s Stone"],"picked":"Pandora\u0027s Box"}],"items_purged_floors":[],"is_endless":false,"potions_floor_spawned":[3,8,11,16,19,22],"killed_by":"Book of Stabbing","ascension_level":3}}