{"host":"qmlry8i8enac5s44","time":1610887231,"event":{"mods":["Act Like it!","BaseMod","Colored Map","Gensokyo","Luminous","Marisa£®ÏF”Í°°ƒß¿Ì…≥£©","Minty Spire (QoL Compilation)","StSLib","°æ“≈ŒÔø®≈∆°øREMEMod"],"gold_per_floor":[116,151,171,271,271,296,296,307,307,307,340,340,370,383,383,486,486,498,27,27,37,52,52,52],"floor_reached":23,"language":"ZHS","playtime":4522,"items_purged":[],"score":400,"play_id":"6e3b81bc-1ba3-4ee2-bb03-94dbe09c986f","local_time":"20210117204031","is_ascension_mode":true,"campfire_choices":[{"data":"ManaRampage","floor":7.0,"key":"SMITH"},{"data":"DevaForm","floor":12.0,"key":"SMITH"},{"data":"MachineGunSpark","floor":15.0,"key":"SMITH"}],"circlet_count":0,"master_deck":["Strike_MRS","Strike_MRS","Strike_MRS","Defend_MRS","Defend_MRS","Defend_MRS","MasterSpark","UpSweep","Orbital","ManaRampage+1","MachineGunSpark+1","SatelliteIllusion","DevaForm+1","Gensokyo:MarisaTwilightSpark+1","RefractionSpark+1","Orbital","MaximisePower","Gensokyo:TarnishedGold","Gensokyo:BlemishedSteel","Gensokyo:ScrapIron","Gensokyo:Shovel","Gensokyo:FourOfAKind","Gensokyo:FourOfAKind","Gensokyo:FourOfAKind","Gensokyo:FourOfAKind","RefractionSpark+1"],"relics":["MiniHakkero","REME_ComplimentaryCards","NeowsBlessing","Bird Faced Urn","HornCleat","Molten Egg 2","Art of War","Bronze Scales","Black Star","REME_CardOfGreed","HandDrill"],"acts_visited":["Exordium","Gensokyo:Gensokyo"],"potions_floor_usage":[23,23,23],"damage_taken":[{"damage":0.0,"enemies":"Gensokyo:3_Fairies","floor":1.0,"turns":2.0},{"damage":0.0,"enemies":"Gensokyo:Aya","floor":2.0,"turns":1.0},{"damage":0.0,"enemies":"Gensokyo:2_Kodama","floor":3.0,"turns":1.0},{"damage":0.0,"enemies":"Gensokyo:Aya","floor":6.0,"turns":2.0},{"damage":3.0,"enemies":"Gensokyo:Gryphon","floor":8.0,"turns":2.0},{"damage":0.0,"enemies":"Gensokyo:Cirno","floor":11.0,"turns":4.0},{"damage":0.0,"enemies":"Gensokyo:Mamizou","floor":13.0,"turns":4.0},{"damage":10.0,"enemies":"Gensokyo:3_Kodama","floor":14.0,"turns":3.0},{"damage":47.0,"enemies":"Gensokyo:Kokoro","floor":16.0,"turns":6.0},{"damage":0.0,"enemies":"Gensokyo:AngelMirror","floor":18.0,"turns":1.0},{"damage":11.0,"enemies":"Gensokyo:3_Dogs","floor":21.0,"turns":3.0},{"damage":33,"enemies":"Gensokyo:Chomper_and_Gloop","floor":22,"turns":5},{"damage":18,"enemies":"Gensokyo:Tenshi","floor":23,"turns":1}],"seed_played":"1753483966591375481","potions_obtained":[{"floor":3.0,"key":"Strength Potion"},{"floor":8.0,"key":"Explosive Potion"},{"floor":11.0,"key":"Energy Potion"},{"floor":14.0,"key":"SneckoOil"},{"floor":18.0,"key":"EssenceOfSteel"}],"is_trial":false,"path_per_floor":["M","?","M","?","?","E","R","M","T","?","E","R","E","M","R","B",null,"M","COS","?","M","M","E"],"character_chosen":"MARISA","items_purchased":[],"campfire_rested":0,"item_purchase_floors":[],"current_hp_per_floor":[75,75,75,75,60,60,60,59,59,59,61,61,65,55,55,12,75,75,75,53,46,15,0,0],"gold":52,"neow_bonus":"THREE_ENEMY_KILL","is_daily":false,"chose_seed":false,"campfire_upgraded":3,"win_rate":0.0,"timestamp":1610887231,"path_taken":["M","?","?","?","?","E","R","M","T","?","E","R","E","M","R","BOSS","M","COS","?","M","M","E"],"items_purchased_type":[],"build_version":"2020-12-22","purchased_purges":0,"victory":false,"max_hp_per_floor":[75,75,75,75,75,75,75,75,75,75,75,75,75,75,75,75,75,75,75,53,53,53,53,53],"card_choices":[{"not_picked":["DC","OneTimeOff"],"picked":"Orbital","floor":1.0},{"not_picked":["MeteoricShower","DoubleSpark"],"picked":"ManaRampage","floor":2.0},{"not_picked":["WitchLeyline","IllusionStar"],"picked":"MachineGunSpark","floor":3.0},{"not_picked":["IllusionStar","FairyDestructionRay"],"picked":"SatelliteIllusion","floor":6.0},{"not_picked":["AsteroidBelt","WitchLeyline","DC"],"picked":"SKIP","floor":8.0},{"not_picked":["DC+1","DragonMeteor+1","WitchOfGreed"],"picked":"SKIP","floor":11.0},{"not_picked":["AsteroidBelt","ManaRampage"],"picked":"RefractionSpark+1","floor":13.0},{"not_picked":["UnstableBomb+1","GalacticHalo"],"picked":"Orbital","floor":14.0},{"not_picked":["JA+1","BinaryStars"],"picked":"MaximisePower","floor":16.0},{"not_picked":["NonDirectionalLaser+1","DC+1","WitchLeyline+1"],"picked":"SKIP","floor":18.0},{"not_picked":["NonDirectionalLaser+1","EnergyRecoil","LuminesStrike+1"],"picked":"SKIP","floor":21.0},{"not_picked":["DarkMatter","MysteriousBeam+1"],"picked":"RefractionSpark+1","floor":22}],"player_experience":350102,"relics_obtained":[{"floor":2.0,"key":"Bird Faced Urn"},{"floor":6.0,"key":"HornCleat"},{"floor":9.0,"key":"Molten Egg 2"},{"floor":11.0,"key":"Art of War"},{"floor":13.0,"key":"Bronze Scales"}],"event_choices":[],"is_beta":false,"boss_relics":[{"not_picked":["REME_DuelDisc","Ectoplasm"],"picked":"Black Star"}],"items_purged_floors":[],"is_endless":false,"potions_floor_spawned":[3,8,11,14,18],"killed_by":"Gensokyo:Tenshi","ascension_level":4}}