{"host":"fkw1ntusxwk1t0d2","time":1610895720,"event":{"mods":["Act Like it!","BaseMod","GungeonMod","Minty Spire (QoL Compilation)","Spicy Shops","StSLib","vexMod"],"gold_per_floor":[111,111,131,131,56,88,88,105,131,306,35,35,10,25,25,25,25],"floor_reached":16,"language":"ZHS","playtime":689,"items_purged":["Strike_G","Doubt"],"score":103,"play_id":"b0207d5f-69d3-406b-8dc6-4f01f357da60","local_time":"20210117230200","is_ascension_mode":true,"campfire_choices":[{"data":"Neutralize","floor":7,"key":"SMITH"},{"data":"Survivor","floor":12,"key":"SMITH"},{"data":"Leg Sweep","floor":15,"key":"SMITH"}],"circlet_count":0,"master_deck":["Strike_G","Strike_G","Strike_G","Strike_G","Defend_G","Defend_G","Defend_G","Defend_G","Defend_G","Survivor+1","Neutralize+1","Heel Hook","Footwork","Leg Sweep+1","Escape Plan","Decay","Prepared"],"relics":["Coffee Dripper","Boot","DemoMod:WeirdEgg","DemoMod:PoisonVial","FossilizedHelix","Paper Crane"],"acts_visited":["Exordium"],"potions_floor_usage":[],"damage_taken":[{"damage":0.0,"enemies":"2 Louse","floor":1.0,"turns":2.0},{"damage":4.0,"enemies":"Jaw Worm","floor":3.0,"turns":4.0},{"damage":8,"enemies":"Lagavulin","floor":6,"turns":9},{"damage":0,"enemies":"Small Slimes","floor":8,"turns":4},{"damage":0,"enemies":"Exordium Thugs","floor":14,"turns":6},{"damage":30,"enemies":"Hexaghost","floor":16,"turns":19}],"seed_played":"3422061788940600473","potions_obtained":[{"floor":1.0,"key":"SpeedPotion"}],"is_trial":false,"path_per_floor":["M","?","M","?","$","E","R","M","T","?","$","R","?","M","R","B"],"character_chosen":"THE_SILENT","items_purchased":["FossilizedHelix","Paper Crane"],"campfire_rested":0,"item_purchase_floors":[11,11],"current_hp_per_floor":[70,37,33,33,33,25,25,25,25,25,25,25,25,25,25,0,0],"gold":25,"neow_bonus":"BOSS_RELIC","is_daily":false,"chose_seed":false,"campfire_upgraded":3,"win_rate":0.0,"timestamp":1610895720,"path_taken":["M","?","M","?","$","E","R","M","T","?","$","R","?","?","R","BOSS"],"items_purchased_type":["Relic","Relic"],"build_version":"2020-12-22","purchased_purges":2,"victory":false,"max_hp_per_floor":[70,70,70,70,70,70,70,70,70,70,70,70,70,70,70,70,70],"card_choices":[{"not_picked":["Deadly Poison","Quick Slash"],"picked":"Heel Hook","floor":1.0},{"not_picked":["Bane","Reflex"],"picked":"Footwork","floor":3.0},{"not_picked":["Underhanded Strike","Dagger Throw"],"picked":"Leg Sweep","floor":6},{"not_picked":["Underhanded Strike","Dodge and Roll"],"picked":"Escape Plan","floor":8},{"not_picked":["Sucker Punch","Leg Sweep"],"picked":"Prepared","floor":14}],"player_experience":354093,"relics_obtained":[{"floor":6,"key":"DemoMod:WeirdEgg"},{"floor":9,"key":"DemoMod:PoisonVial"}],"event_choices":[{"damage_healed":0.0,"max_hp_gain":0.0,"max_hp_loss":0.0,"gold_gain":0.0,"event_name":"Scrap Ooze","player_choice":"Success","floor":2.0,"gold_loss":0.0,"damage_taken":33.0,"relics_obtained":["Boot"]},{"damage_healed":0.0,"max_hp_gain":0.0,"max_hp_loss":0.0,"gold_gain":0.0,"event_name":"Shining Light","player_choice":"Ignored","floor":4.0,"gold_loss":0.0,"damage_taken":0.0},{"damage_healed":0,"gold_gain":175,"player_choice":"AGREE","damage_taken":0,"max_hp_gain":0,"max_hp_loss":0,"event_name":"Liars Game","floor":10,"gold_loss":0,"cards_obtained":["Doubt"]}],"is_beta":false,"boss_relics":[],"items_purged_floors":[5,11],"is_endless":false,"potions_floor_spawned":[1],"killed_by":"Hexaghost","ascension_level":1}}