{"host":"3ykswgue17e1ycc2","time":1610871603,"event":{"mods":["BaseMod","Colored Powertips","Dark Map","Downfall","Minty Spire (QoL Compilation)","Quick Restart","Rare Cards Sparkle","StSLib"],"gold_per_floor":[99,112,138,149,159,159,159,172,172,185,212,122,122,142,153,255,255,255,274,284,294,244,244,244,258,0,20,37,72,72,99,114,214,214,214,234,208,222,236,236,236,32,32,32,32,32,32,62,77,77,77,77],"floor_reached":50,"language":"ENG","playtime":2867,"items_purged":["hexamod:Strike","Parasite","hexamod:Defend","Clumsy"],"score":591,"play_id":"4fc78669-8b9b-4e77-ab60-01d908b5b822","local_time":"20210117152003","is_ascension_mode":false,"campfire_choices":[{"data":"hexamod:Float","floor":1,"key":"SMITH"},{"data":"hexamod:ThermalTransfer","floor":6,"key":"SMITH"},{"data":"hexamod:Sear","floor":9,"key":"SMITH"},{"data":"hexamod:Firestarter","floor":13,"key":"SMITH"},{"data":"hexamod:VolcanoVisage","floor":18,"key":"SMITH"},{"data":"hexamod:SoulSteal","floor":30,"key":"SMITH"},{"floor":35,"key":"RECALL"},{"data":"hexamod:EmpoweredFlame","floor":40,"key":"SMITH"},{"data":"hexamod:PowerFromBeyond","floor":43,"key":"SMITH"}],"circlet_count":0,"master_deck":["hexamod:Strike","hexamod:Strike","hexamod:Strike","hexamod:Defend+1","hexamod:Defend","hexamod:Defend","hexamod:Sear+1","hexamod:Float+1","hexamod:FirstSeal","hexamod:ThermalTransfer+1","hexamod:HauntingEcho+1","hexamod:SwordOfDarkness+1","hexamod:Hexaguard","hexamod:FlamesFromBeyond+1","hexamod:Firestarter+1","hexamod:WildfireWeapon","hexamod:VolcanoVisage+1","hexamod:ShieldOfDarkness+1","hexamod:Incineration+1","hexamod:SoulSteal+1","hexamod:SpectersWail+1","hexamod:StepThrough","hexamod:SixthSeal","hexamod:Hexaguard","hexamod:TimeWarp+1","hexamod:EmpoweredFlame+1","hexamod:FlamesFromBeyond+1","hexamod:PowerFromBeyond+1","hexamod:UnleashSpirits"],"relics":["Coffee Dripper","Boot","Letter Opener","Cursed Key","Nloth\u0027s Gift","Bag of Preparation","Sling","Juzu Bracelet","Incense Burner","Philosopher\u0027s Stone","Membership Card","MealTicket","Blood Vial","Pear","Torii"],"acts_visited":["Exordium","TheCity","TheBeyond"],"potions_floor_usage":[16,25,29,29,39],"damage_taken":[{"damage":0,"enemies":"Cultist","floor":2,"turns":3},{"damage":6,"enemies":"Jaw Worm","floor":4,"turns":3},{"damage":0,"enemies":"2 Louse","floor":5,"turns":2},{"damage":8,"enemies":"Lots of Slimes","floor":8,"turns":2},{"damage":10,"enemies":"Exordium Thugs","floor":10,"turns":3},{"damage":10,"enemies":"Gremlin Nob","floor":11,"turns":3},{"damage":5,"enemies":"downfall:FleeingMerchant","floor":12,"turns":4},{"damage":0,"enemies":"Blue Slaver","floor":14,"turns":2},{"damage":0,"enemies":"2 Fungi Beasts","floor":15,"turns":2},{"damage":29,"enemies":"DF_ARCHETYPE_STREAMLINE","floor":16,"turns":6},{"damage":4,"enemies":"Shell Parasite","floor":19,"turns":3},{"damage":0,"enemies":"3 Cultists","floor":20,"turns":3},{"damage":24,"enemies":"Snecko","floor":21,"turns":5},{"damage":12,"enemies":"Sentry and Sphere","floor":25,"turns":5},{"damage":2,"enemies":"downfall:FleeingMerchant","floor":26,"turns":4},{"damage":2,"enemies":"Cultist and Chosen","floor":27,"turns":6},{"damage":16,"enemies":"Snake Plant","floor":28,"turns":3},{"damage":29,"enemies":"Slavers","floor":29,"turns":4},{"damage":18,"enemies":"Gremlin Leader","floor":31,"turns":4},{"damage":5,"enemies":"Centurion and Healer","floor":32,"turns":4},{"damage":0,"enemies":"WA_ARCHETYPE_CALM","floor":33,"turns":9},{"damage":12,"enemies":"3 Shapes","floor":36,"turns":4},{"damage":21,"enemies":"downfall:FleeingMerchant","floor":37,"turns":4},{"damage":16,"enemies":"3 Darklings","floor":38,"turns":3},{"damage":32,"enemies":"Maw","floor":39,"turns":6},{"damage":34,"enemies":"Nemesis","floor":48,"turns":3},{"damage":0,"enemies":"4 Shapes","floor":49,"turns":3},{"damage":71,"enemies":"IC_BLOCK_ARCHETYPE","floor":50,"turns":2}],"seed_played":"-8883377280262219353","potions_obtained":[{"floor":2,"key":"PowerPotion"},{"floor":14,"key":"DuplicationPotion"},{"floor":16,"key":"Explosive Potion"},{"floor":19,"key":"Swift Potion"},{"floor":25,"key":"champ:CounterPotion"},{"floor":29,"key":"SteroidPotion"},{"floor":38,"key":"Swift Potion"}],"is_trial":false,"path_per_floor":["R","M","T","M","M","R","T","M","R","M","E","$","R","M","M","B",null,"R","M","M","M","?","?","T","M","$","M","M","E","R","E","M","B",null,"R","M","$","M","M","R","T","$","R","T","?","$","T","E","M","B"],"character_chosen":"THE_SPIRIT","items_purchased":["Sling","Membership Card","MealTicket","Blood Vial","Pear"],"campfire_rested":0,"item_purchase_floors":[26,37,37,37,42],"current_hp_per_floor":[70,70,70,70,70,70,70,62,62,52,49,44,44,51,51,29,70,70,70,70,46,70,70,70,65,67,67,58,36,36,25,27,34,67,67,62,48,34,11,11,11,36,36,36,36,51,51,26,35,0,0,0],"gold":77,"neow_bonus":"BOSS_RELIC","is_daily":false,"chose_seed":false,"campfire_upgraded":8,"win_rate":0.0,"timestamp":1610871603,"path_taken":["R","M","?","M","?","R","T","M","R","M","E","$","R","M","M","BOSS","R","M","M","M","?","?","T","M","$","M","?","E","R","E","M","BOSS","R","M","?","M","M","R","T","$","R","?","?","$","?","E","M","BOSS"],"items_purchased_type":["Relic","Relic","Relic","Relic","Relic"],"build_version":"2020-12-22","purchased_purges":4,"victory":false,"max_hp_per_floor":[70,70,70,70,70,70,70,70,70,70,70,70,70,70,70,70,70,70,70,70,70,70,70,70,70,67,67,67,67,67,67,67,67,67,67,67,67,67,67,67,67,77,77,77,77,77,77,77,77,77,77,77],"card_choices":[{"not_picked":["hexamod:EtherealExpedition","hexamod:GhostShield"],"picked":"hexamod:FirstSeal","floor":2},{"not_picked":["hexamod:Firestarter","hexamod:BacktrackSmack"],"picked":"hexamod:ThermalTransfer","floor":4},{"not_picked":["hexamod:RetreatToShadows","hexamod:ExtraCrispy"],"picked":"hexamod:HauntingEcho","floor":5},{"not_picked":["hexamod:Firestarter","hexamod:PhantomFireball"],"picked":"hexamod:SwordOfDarkness","floor":8},{"not_picked":["hexamod:SecondSeal","hexamod:AdvancingGuard"],"picked":"hexamod:Hexaguard","floor":10},{"not_picked":["hexamod:NightmareStrike","hexamod:GhostShield"],"picked":"hexamod:FlamesFromBeyond","floor":11},{"not_picked":["hexamod:HeatMetal","hexamod:ThermalTransfer"],"picked":"hexamod:Firestarter","floor":12},{"not_picked":["hexamod:SwordOfDarkness","hexamod:BacktrackSmack","hexamod:GhostOfSpireFuture"],"picked":"SKIP","floor":14},{"not_picked":["hexamod:AdvancingGuard","hexamod:RadiantFlame"],"picked":"hexamod:WildfireWeapon","floor":15},{"not_picked":["hexamod:TimeOfNeed","hexamod:FlameSwitch"],"picked":"hexamod:VolcanoVisage","floor":16},{"not_picked":["hexamod:RecurringNightmare","hexamod:NightmareGuise"],"picked":"hexamod:ShieldOfDarkness+1","floor":19},{"not_picked":["hexamod:GhostOfSpireFuture","hexamod:AdvancingGuard","hexamod:HauntingEcho"],"picked":"SKIP","floor":20},{"not_picked":["hexamod:HauntingEcho","hexamod:SwordOfDarkness"],"picked":"hexamod:Incineration","floor":21},{"not_picked":["hexamod:VolcanoVisage","hexamod:SpectralAdrenaline"],"picked":"hexamod:SoulSteal","floor":25},{"not_picked":["hexamod:GhostLash","hexamod:BacktrackSmack"],"picked":"hexamod:SpectersWail","floor":26},{"not_picked":["hexamod:HauntingEcho+1","hexamod:FastForward","hexamod:BacktrackSmack+1"],"picked":"SKIP","floor":27},{"not_picked":["hexamod:BurningTouch+1","hexamod:NecessarySacrifice"],"picked":"hexamod:StepThrough","floor":28},{"not_picked":["hexamod:GhostShield+1","hexamod:NecessarySacrifice+1","hexamod:WildfireWeapon"],"picked":"SKIP","floor":29},{"not_picked":["hexamod:SpectersWail","hexamod:SkipABeat"],"picked":"hexamod:SixthSeal","floor":31},{"not_picked":["hexamod:HeatMetal+1","hexamod:BurningTouch"],"picked":"hexamod:Hexaguard","floor":32},{"not_picked":["hexamod:WildfireWeapon","hexamod:ParanormalForm"],"picked":"hexamod:TimeWarp","floor":33},{"not_picked":["hexamod:FastForward+1","hexamod:GhostShield+1"],"picked":"hexamod:EmpoweredFlame","floor":36},{"not_picked":["hexamod:HauntingEcho+1","hexamod:InspiringFlames+1"],"picked":"hexamod:FlamesFromBeyond+1","floor":37},{"not_picked":["hexamod:InspiringFlames+1","hexamod:FastForward+1","hexamod:RetreatToShadows"],"picked":"SKIP","floor":38},{"not_picked":["hexamod:Firestarter+1","hexamod:RainOfEmbers"],"picked":"hexamod:PowerFromBeyond","floor":39},{"not_picked":["hexamod:ExtraCrispy","hexamod:NecessarySacrifice"],"picked":"hexamod:UnleashSpirits","floor":48},{"not_picked":["hexamod:HauntingEcho","hexamod:NecessarySacrifice+1","hexamod:GhostLash+1"],"picked":"SKIP","floor":49}],"player_experience":403199,"relics_obtained":[{"floor":3,"key":"Boot"},{"floor":7,"key":"Mercury Hourglass"},{"floor":11,"key":"Letter Opener"},{"floor":24,"key":"Bag of Preparation"},{"floor":29,"key":"Juzu Bracelet"},{"floor":31,"key":"Incense Burner"},{"floor":48,"key":"Torii"}],"event_choices":[],"is_beta":false,"boss_relics":[{"not_picked":["Snecko Eye","Busted Crown"],"picked":"Cursed Key"},{"not_picked":["bronze:MakeshiftBattery","Velvet Choker"],"picked":"Philosopher\u0027s Stone"}],"items_purged_floors":[12,26,37,42],"is_endless":false,"potions_floor_spawned":[2,14,16,19,21,25,29,38],"killed_by":"IC_BLOCK_ARCHETYPE","ascension_level":0}}