{"host":"q0qnzbgdx8oqogg9","time":1610851175,"event":{"mods":["BaseMod","Minty Spire (QoL Compilation)","Slay-I","StSLib"],"gold_per_floor":[115,46,64,80,80,80,115,134,188,250,282,294,326,355,367,482,494,525,537,534,117,132,132,148,159,159,170,170,201,219,9,9,107,107,127,127,0,16,16,16,50,50,50,50,50],"floor_reached":44,"language":"ENG","playtime":1548,"items_purged":["Strike_R"],"score":672,"play_id":"1b0aedaa-a14a-4cf1-aa14-ccae7feeae6d","local_time":"20210116213935","is_ascension_mode":true,"campfire_choices":[{"data":"Headbutt","floor":6,"key":"SMITH"},{"floor":12,"key":"REST"},{"data":"Flame Barrier","floor":15,"key":"SMITH"},{"floor":23,"key":"REST"},{"floor":28,"key":"REST"},{"floor":32,"key":"REST"},{"floor":40,"key":"REST"}],"circlet_count":0,"master_deck":["Strike_R","Strike_R","Defend_R","Defend_R","Defend_R","Defend_R","Bash","Clothesline","Flame Barrier+1","Headbutt+1","Spot Weakness","Feel No Pain","Shrug It Off","Sever Soul","Warcry","Immolate","Battle Trance","Metallicize","Mayhem","Whirlwind+1","Heavy Blade+1","Shockwave+1","Demon Form","Warcry+1","Apotheosis","Impervious","True Grit","Warcry","Battle Trance+1"],"relics":["Sozu","Mummified Hand","Dream Catcher","MawBank","Mark of Pain","GremlinMask","Membership Card","Ginger","White Beast Statue","Orichalcum","Paper Frog","Empty Cage","Red Mask","Kunai","Bronze Scales"],"acts_visited":["Exordium","TheCity","TheBeyond"],"potions_floor_usage":[],"damage_taken":[{"damage":3,"enemies":"2 Louse","floor":1,"turns":3},{"damage":4,"enemies":"Jaw Worm","floor":3,"turns":3},{"damage":0,"enemies":"Cultist","floor":4,"turns":3},{"damage":20,"enemies":"3 Sentries","floor":7,"turns":7},{"damage":1,"enemies":"Blue Slaver","floor":8,"turns":2},{"damage":15,"enemies":"3 Sentries","floor":10,"turns":9},{"damage":0,"enemies":"Exordium Wildlife","floor":11,"turns":2},{"damage":0,"enemies":"3 Louse","floor":13,"turns":3},{"damage":1,"enemies":"Red Slaver","floor":14,"turns":3},{"damage":27,"enemies":"Hexaghost","floor":16,"turns":11},{"damage":22,"enemies":"Spheric Guardian","floor":18,"turns":4},{"damage":22,"enemies":"2 Thieves","floor":20,"turns":4},{"damage":23,"enemies":"Sentry and Sphere","floor":22,"turns":4},{"damage":12,"enemies":"Snecko","floor":24,"turns":5},{"damage":23,"enemies":"Centurion and Healer","floor":25,"turns":4},{"damage":0,"enemies":"3 Cultists","floor":27,"turns":3},{"damage":21,"enemies":"Slavers","floor":29,"turns":2},{"damage":5,"enemies":"Snecko","floor":30,"turns":3},{"damage":10,"enemies":"Champ","floor":33,"turns":8},{"damage":33,"enemies":"3 Shapes","floor":35,"turns":5},{"damage":0,"enemies":"3 Darklings","floor":38,"turns":5},{"damage":74,"enemies":"Reptomancer","floor":41,"turns":6},{"damage":16,"enemies":"Maw","floor":44,"turns":2}],"seed_played":"9062890111828027755","potions_obtained":[],"is_trial":false,"path_per_floor":["M","$","M","M","?","R","E","M","T","?","M","R","M","M","R","B",null,"M","?","M","$","M","R","M","M","T","M","R","E","M","$","R","B",null,"M","?","?","M","$","R","E","?","T","M"],"character_chosen":"IRONCLAD","items_purchased":["Flame Barrier","Membership Card","Ginger","Mayhem","Apotheosis","Paper Frog"],"campfire_rested":5,"item_purchase_floors":[2,21,21,21,31,31],"current_hp_per_floor":[69,69,65,65,65,65,45,44,44,29,29,53,56,55,55,31,72,50,50,28,28,8,34,25,5,5,8,37,16,11,11,40,30,81,52,52,52,52,52,81,7,7,7,0,0],"gold":50,"neow_bonus":"BOSS_RELIC","is_daily":false,"chose_seed":false,"campfire_upgraded":2,"win_rate":0.0,"timestamp":1610851175,"path_taken":["M","$","M","M","?","R","E","M","T","?","M","R","M","M","R","BOSS","M","?","M","$","M","R","M","M","T","M","R","E","?","$","R","BOSS","M","?","?","M","?","R","E","?","T","M"],"items_purchased_type":["Card","Relic","Relic","Card","Card","Relic"],"build_version":"2020-12-22","purchased_purges":1,"victory":false,"max_hp_per_floor":[80,80,80,80,80,80,80,80,80,80,80,80,83,83,83,86,86,86,86,86,86,89,89,92,95,95,98,98,98,98,98,98,98,98,102,97,97,97,97,97,97,97,97,97,97],"card_choices":[{"not_picked":["Thunderclap","Sword Boomerang"],"picked":"Clothesline","floor":1},{"not_picked":["True Grit","Clash"],"picked":"Headbutt","floor":3},{"not_picked":["Wild Strike","Shrug It Off"],"picked":"Spot Weakness","floor":4},{"not_picked":["Armaments","Clothesline"],"picked":"Feel No Pain","floor":7},{"not_picked":["Feel No Pain","Thunderclap"],"picked":"Shrug It Off","floor":8},{"not_picked":["Shrug It Off","Intimidate"],"picked":"Sever Soul","floor":10},{"not_picked":["Rage","Infernal Blade","Dark Embrace"],"picked":"SKIP","floor":11},{"not_picked":["Iron Wave","Sword Boomerang"],"picked":"Feed","floor":12},{"not_picked":["Pummel","Flex","Heavy Blade"],"picked":"SKIP","floor":13},{"not_picked":["Combust","Feel No Pain"],"picked":"Warcry","floor":14},{"not_picked":["Exhume","Limit Break"],"picked":"Immolate","floor":16},{"not_picked":["Dual Wield+1","True Grit"],"picked":"Battle Trance","floor":18},{"not_picked":["Headbutt+1","Anger"],"picked":"Metallicize","floor":20},{"not_picked":["Thunderclap","Combust+1"],"picked":"Whirlwind+1","floor":22},{"not_picked":["Thunderclap","Uppercut","Havoc"],"picked":"SKIP","floor":24},{"not_picked":["Bloodletting","Anger"],"picked":"Heavy Blade+1","floor":25},{"not_picked":["Perfected Strike","Blood for Blood","Flex"],"picked":"SKIP","floor":27},{"not_picked":["Wild Strike+1","Clothesline"],"picked":"Shockwave+1","floor":28},{"not_picked":["Spot Weakness","Dark Embrace"],"picked":"Demon Form","floor":29},{"not_picked":["Clash","Clothesline+1"],"picked":"Warcry+1","floor":30},{"not_picked":["Limit Break","Bludgeon"],"picked":"Impervious","floor":33},{"not_picked":["Flex","Perfected Strike"],"picked":"True Grit","floor":35},{"not_picked":["Heavy Blade+1","Dropkick"],"picked":"Warcry","floor":38},{"not_picked":["Rampage","Entrench"],"picked":"Battle Trance+1","floor":40},{"not_picked":["Sword Boomerang","Armaments","Sever Soul+1"],"picked":"SKIP","floor":41}],"player_experience":227572,"relics_obtained":[{"floor":7,"key":"Mummified Hand"},{"floor":9,"key":"Dream Catcher"},{"floor":10,"key":"MawBank"},{"floor":26,"key":"White Beast Statue"},{"floor":29,"key":"Orichalcum"},{"floor":41,"key":"Kunai"},{"floor":43,"key":"Bronze Scales"}],"event_choices":[{"damage_healed":0,"gold_gain":0,"player_choice":"Ignored","damage_taken":0,"max_hp_gain":0,"max_hp_loss":0,"event_name":"Liars Game","floor":5,"gold_loss":0},{"damage_healed":0,"gold_gain":30,"player_choice":"Searched \u00272\u0027 times","damage_taken":0,"max_hp_gain":0,"max_hp_loss":0,"event_name":"Dead Adventurer","floor":10,"gold_loss":0},{"damage_healed":0,"gold_gain":0,"player_choice":"Trade","damage_taken":0,"relics_obtained":["GremlinMask"],"max_hp_gain":0,"max_hp_loss":0,"event_name":"FaceTrader","floor":19,"gold_loss":0},{"damage_healed":0,"gold_gain":0,"player_choice":"Max HP","damage_taken":0,"max_hp_gain":0,"max_hp_loss":5,"event_name":"Winding Halls","floor":36,"gold_loss":0},{"damage_healed":0,"gold_gain":0,"player_choice":"Paid","damage_taken":0,"relics_obtained":["Red Mask"],"max_hp_gain":0,"max_hp_loss":0,"event_name":"Tomb of Lord Red Mask","floor":37,"gold_loss":127},{"cards_removed":["Feed"],"damage_healed":0,"gold_gain":0,"player_choice":"Removed Attack","damage_taken":0,"max_hp_gain":0,"max_hp_loss":0,"event_name":"Falling","floor":42,"gold_loss":0}],"is_beta":false,"boss_relics":[{"not_picked":["Fusion Hammer","Pandora\u0027s Box"],"picked":"Mark of Pain"},{"not_picked":["Philosopher\u0027s Stone","SacredBark"],"picked":"Empty Cage"}],"items_purged_floors":[21],"is_endless":false,"potions_floor_spawned":[4,7,10,13,20,24,25,27,29,30,33,35,38,41],"killed_by":"Maw","ascension_level":8}}