{"host":"1c17lcvl7acx821p","time":1610904036,"event":{"mods":["AchievementEnabler","BaseMod","Colored Map","Minty Spire (QoL Compilation)","StSLib"],"gold_per_floor":[112,112,125,29,45,77,77,252,278,296,315,329,363,383,383,487,487,533,67,67,67,114,114,140,140,140,140,170,213,213,240,240,371,371,420,420,463,503,545,579,579,613,663,696,696,716,236,299,299,299,299,299,18,50,50],"floor_reached":56,"language":"ENG","playtime":4269,"items_purged":["Doubt","Strike_P","Strike_P"],"score":1627,"play_id":"048c040a-6a0b-4eea-95b5-9e5a31de1233","local_time":"20210117192036","is_ascension_mode":true,"campfire_choices":[{"data":"Vigilance","floor":7,"key":"SMITH"},{"data":"LessonLearned","floor":15,"key":"SMITH"},{"floor":23,"key":"RECALL"},{"floor":27,"key":"REST"},{"floor":32,"key":"REST"},{"floor":41,"key":"REST"},{"floor":49,"key":"REST"},{"floor":52,"key":"REST"}],"circlet_count":0,"master_deck":["Strike_P+1","Strike_P+1","Defend_P+1","Defend_P+1","Defend_P+1","Defend_P+1","Eruption+1","Vigilance+1","Sanctity","BowlingBash+1","Flash of Steel+1","CutThroughFate+1","Sanctity+1","FollowUp+1","Collect+1","Evaluate+1","Perseverance+1","LessonLearned+1","Wish+1","DeusExMachina+1","ClearTheMind+1","CutThroughFate","WaveOfTheHand+1","Scrawl+1","ConjureBlade+1","EmptyBody+1","InnerPeace+1","Fasting2","TalkToTheHand+1","Sanctity+1","Evaluate+1","Adaptation","CrushJoints+1","Fasting2","Panacea+1"],"relics":["PureWater","Toy Ornithopter","Nunchaku","Regal Pillow","Toxic Egg 2","Fusion Hammer","Sundial","Omamori","Torii","Centennial Puzzle","Mango","PreservedInsect","Pear","Sozu","Bottled Tornado","Ornamental Fan","FossilizedHelix","OrangePellets","Art of War","Unceasing Top","Damaru"],"acts_visited":["Exordium","TheCity","TheBeyond","TheEnding"],"potions_floor_usage":[6,11,16,22,28,33,42,55],"damage_taken":[{"damage":8,"enemies":"Jaw Worm","floor":1,"turns":6},{"damage":5,"enemies":"Small Slimes","floor":3,"turns":3},{"damage":0,"enemies":"Cultist","floor":5,"turns":2},{"damage":13,"enemies":"Lagavulin","floor":6,"turns":7},{"damage":0,"enemies":"3 Louse","floor":10,"turns":4},{"damage":0,"enemies":"Exordium Wildlife","floor":11,"turns":3},{"damage":0,"enemies":"Large Slime","floor":12,"turns":1},{"damage":0,"enemies":"3 Sentries","floor":13,"turns":8},{"damage":7,"enemies":"Blue Slaver","floor":14,"turns":4},{"damage":19,"enemies":"The Guardian","floor":16,"turns":18},{"damage":26,"enemies":"Chosen","floor":18,"turns":8},{"damage":0,"enemies":"Shell Parasite","floor":22,"turns":5},{"damage":2,"enemies":"Book of Stabbing","floor":24,"turns":7},{"damage":2,"enemies":"Slavers","floor":28,"turns":4},{"damage":6,"enemies":"Snecko","floor":29,"turns":5},{"damage":2,"enemies":"Gremlin Leader","floor":31,"turns":6},{"damage":14,"enemies":"Collector","floor":33,"turns":11},{"damage":1,"enemies":"3 Shapes","floor":35,"turns":4},{"damage":17,"enemies":"3 Darklings","floor":37,"turns":7},{"damage":26,"enemies":"Sphere and 2 Shapes","floor":38,"turns":8},{"damage":48,"enemies":"Maw","floor":39,"turns":6},{"damage":6,"enemies":"Giant Head","floor":40,"turns":7},{"damage":26,"enemies":"Reptomancer","floor":42,"turns":4},{"damage":9,"enemies":"Nemesis","floor":44,"turns":9},{"damage":11,"enemies":"3 Darklings","floor":46,"turns":5},{"damage":0,"enemies":"Giant Head","floor":48,"turns":6},{"damage":21,"enemies":"Donu and Deca","floor":50,"turns":9},{"damage":1,"enemies":"Shield and Spear","floor":54,"turns":3},{"damage":33,"enemies":"The Heart","floor":55,"turns":7}],"seed_played":"-5601646312831082168","potions_obtained":[{"floor":1,"key":"Fire Potion"},{"floor":3,"key":"Dexterity Potion"},{"floor":11,"key":"SkillPotion"},{"floor":14,"key":"LiquidMemories"},{"floor":22,"key":"SkillPotion"},{"floor":28,"key":"DistilledChaos"},{"floor":31,"key":"FearPotion"}],"is_trial":false,"path_per_floor":["M","?","M","$","M","E","R","?","T","M","M","M","E","M","R","B",null,"M","$","?","?","M","R","E","?","T","R","E","M","?","E","R","B",null,"M","?","M","M","M","E","R","E","T","E","?","M","$","E","R","B",null,"R","$","E","B",null],"character_chosen":"WATCHER","items_purchased":["Flash of Steel","Sundial","DeusExMachina+1","Block Potion","OrangePellets","Art of War","Adaptation","Fasting2","Panacea+1"],"campfire_rested":5,"item_purchase_floors":[4,19,19,19,47,47,47,53,53],"current_hp_per_floor":[71,64,59,59,59,51,51,51,51,51,56,56,56,49,49,35,79,53,53,38,38,43,43,41,41,55,98,96,90,90,98,108,99,108,107,107,90,64,16,10,57,36,36,27,94,83,83,83,94,73,94,94,94,93,61],"gold":50,"neow_bonus":"TEN_PERCENT_HP_BONUS","is_daily":false,"chose_seed":false,"campfire_upgraded":2,"win_rate":0.0,"timestamp":1610904036,"path_taken":["M","?","M","$","M","E","R","?","T","M","?","M","E","M","R","BOSS","M","$","?","?","M","R","E","?","T","R","E","M","?","E","R","BOSS","M","?","M","M","M","E","R","E","T","E","?","M","?","E","R","BOSS","R","$","E","BOSS"],"items_purchased_type":["Card","Relic","Card","Potion","Relic","Relic","Card","Card","Card"],"build_version":"2020-12-22","purchased_purges":3,"victory":true,"max_hp_per_floor":[79,79,79,79,79,79,79,79,79,79,79,79,79,79,79,79,79,79,79,84,84,84,84,84,84,98,98,98,98,98,108,108,108,108,108,108,108,108,108,108,108,108,108,108,94,94,94,94,94,94,94,94,94,94,94],"card_choices":[{"not_picked":["Protect","JustLucky"],"picked":"Sanctity","floor":1},{"not_picked":["Vengeance","ClearTheMind"],"picked":"BowlingBash","floor":3},{"not_picked":["ClearTheMind","EmptyBody"],"picked":"CutThroughFate","floor":5},{"not_picked":["EmptyBody","FearNoEvil"],"picked":"Sanctity","floor":6},{"not_picked":["CrushJoints","JustLucky"],"picked":"FollowUp","floor":10},{"not_picked":["ThirdEye","ClearTheMind"],"picked":"Collect","floor":11},{"not_picked":["Fasting2","CrushJoints"],"picked":"Evaluate","floor":12},{"not_picked":["ClearTheMind+1","EmptyFist"],"picked":"Perseverance+1","floor":13},{"not_picked":["InnerPeace+1","FollowUp"],"picked":"LessonLearned","floor":14},{"not_picked":["Scrawl+1","LessonLearned"],"picked":"Wish+1","floor":16},{"not_picked":["FollowUp+1","BowlingBash","WaveOfTheHand+1"],"picked":"SKIP","floor":18},{"not_picked":["EmptyBody+1","Wallop"],"picked":"ClearTheMind+1","floor":22},{"not_picked":["WreathOfFlame+1","WheelKick","Vengeance+1"],"picked":"SKIP","floor":24},{"not_picked":["FollowUp+1","ThirdEye+1"],"picked":"CutThroughFate","floor":28},{"not_picked":["Protect+1","Perseverance+1"],"picked":"WaveOfTheHand+1","floor":29},{"not_picked":["WreathOfFlame+1","Crescendo+1"],"picked":"Scrawl+1","floor":31},{"not_picked":["Wish+1","Vault+1"],"picked":"ConjureBlade+1","floor":33},{"not_picked":["Protect+1","CarveReality+1","Collect+1"],"picked":"SKIP","floor":35},{"not_picked":["Meditate+1","PathToVictory+1"],"picked":"EmptyBody+1","floor":37},{"not_picked":["Wallop+1","Protect+1"],"picked":"InnerPeace+1","floor":38},{"not_picked":["EmptyBody+1","JustLucky"],"picked":"Fasting2","floor":39},{"not_picked":["CutThroughFate+1","Swivel+1","JustLucky"],"picked":"SKIP","floor":40},{"not_picked":["CutThroughFate+1","Worship+1"],"picked":"TalkToTheHand+1","floor":42},{"not_picked":["Protect+1","Worship+1"],"picked":"Sanctity+1","floor":44},{"not_picked":["Protect+1","Worship+1"],"picked":"Evaluate+1","floor":46},{"not_picked":["ConjureBlade+1","Evaluate+1"],"picked":"CrushJoints+1","floor":48},{"not_picked":["ClearTheMind+1","FlyingSleeves+1","WaveOfTheHand+1"],"picked":"SKIP","floor":54}],"player_experience":113676,"relics_obtained":[{"floor":6,"key":"Nunchaku"},{"floor":9,"key":"Regal Pillow"},{"floor":13,"key":"Toxic Egg 2"},{"floor":24,"key":"Torii"},{"floor":26,"key":"Mango"},{"floor":28,"key":"PreservedInsect"},{"floor":31,"key":"Pear"},{"floor":40,"key":"Bottled Tornado"},{"floor":42,"key":"Ornamental Fan"},{"floor":44,"key":"FossilizedHelix"},{"floor":48,"key":"Unceasing Top"},{"floor":54,"key":"Damaru"}],"event_choices":[{"damage_healed":0,"gold_gain":0,"player_choice":"Success","damage_taken":7,"relics_obtained":["Toy Ornithopter"],"max_hp_gain":0,"max_hp_loss":0,"event_name":"Scrap Ooze","floor":2,"gold_loss":0},{"damage_healed":0,"gold_gain":175,"player_choice":"AGREE","damage_taken":0,"max_hp_gain":0,"max_hp_loss":0,"event_name":"Liars Game","floor":8,"gold_loss":0,"cards_obtained":["Doubt"]},{"damage_healed":0,"gold_gain":0,"player_choice":"Shed Blood","damage_taken":20,"max_hp_gain":5,"max_hp_loss":0,"event_name":"Forgotten Altar","floor":20,"gold_loss":0},{"damage_healed":0,"gold_gain":0,"player_choice":"Opened","damage_taken":0,"relics_obtained":["Omamori"],"max_hp_gain":0,"max_hp_loss":0,"event_name":"The Mausoleum","floor":21,"gold_loss":0},{"damage_healed":0,"gold_gain":0,"player_choice":"Stole Relic","damage_taken":0,"relics_obtained":["Centennial Puzzle"],"max_hp_gain":0,"max_hp_loss":0,"event_name":"Addict","floor":25,"gold_loss":0,"cards_obtained":["Shame"]},{"damage_healed":0,"gold_gain":0,"player_choice":"Bought 0 Potions","damage_taken":0,"max_hp_gain":0,"max_hp_loss":0,"event_name":"The Woman in Blue","floor":30,"gold_loss":0},{"damage_healed":0,"gold_gain":0,"player_choice":"Ignored","damage_taken":0,"max_hp_gain":0,"max_hp_loss":0,"event_name":"Tomb of Lord Red Mask","floor":36,"gold_loss":0},{"damage_healed":94,"gold_gain":0,"player_choice":"Heal","damage_taken":0,"max_hp_gain":0,"max_hp_loss":14,"event_name":"The Moai Head","floor":45,"gold_loss":0}],"is_beta":false,"boss_relics":[{"not_picked":["Velvet Choker","Cursed Key"],"picked":"Fusion Hammer"},{"not_picked":["Runic Dome","Snecko Eye"],"picked":"Sozu"}],"items_purged_floors":[19,47,53],"is_endless":false,"potions_floor_spawned":[1,3,11,14,22,28,31,37,38,46,54],"ascension_level":4}}