{"host":"h4qgcirtxz6qax9j","time":1610878049,"event":{"mods":["AchievementEnabler","Astrologer","BaseMod","Colored Powertips","Lobotomy","Minty Spire (QoL Compilation)","StSLib","SuperFastMode","The Cursed"],"gold_per_floor":[278,290,243,243,269,297,309,175,202,202,227,227,250,250,250,250,250],"floor_reached":16,"language":"KOR","playtime":244,"items_purged":[],"score":122,"play_id":"b6318721-a3a2-4394-9c4e-f54270065e92","local_time":"20210117190729","is_ascension_mode":true,"campfire_choices":[],"circlet_count":0,"master_deck":["SpecialBullet","SpecialBullet","SpecialBullet","SpecialBullet","SpecialBullet","SpecialBullet","SpecialBullet","SpecialBullet","ExtractionCode","SecurityCode","InformationCode","Twilight","Tough","Logging+1","VoidDream","Beak","Injury","Moonlight","OSAHOGD","Beak","Mimicry+1","SpecialBullet","GreedKing","WristCuter","PunishingBird","CherryBlossom+1"],"relics":["CogitoBucket","Golden Idol","MawBank","Dream Catcher"],"acts_visited":["Exordium"],"potions_floor_usage":[16,16],"damage_taken":[{"damage":10,"enemies":"Small Slimes","floor":1,"turns":3},{"damage":12,"enemies":"Jaw Worm","floor":2,"turns":3},{"damage":9,"enemies":"2 Louse","floor":6,"turns":3},{"damage":11,"enemies":"Looter","floor":11,"turns":2},{"damage":0,"enemies":"Blue Slaver","floor":13,"turns":3},{"damage":50,"enemies":"Hexaghost","floor":16,"turns":7}],"seed_played":"1745289280054572363","potions_obtained":[{"floor":6,"key":"SkillPotion"},{"floor":13,"key":"SkillPotion"}],"is_trial":false,"path_per_floor":["M","M","$","?","T","M","R","$","T","R","M","R","M","?","R","B"],"character_chosen":"Angela","items_purchased":["Beak","Mimicry"],"campfire_rested":0,"item_purchase_floors":[3,8],"current_hp_per_floor":[61,57,57,57,57,56,56,56,56,56,53,53,61,47,47,0,0],"gold":250,"neow_bonus":"ONE_RANDOM_RARE_CARD","is_daily":false,"chose_seed":false,"campfire_upgraded":0,"win_rate":0.0,"timestamp":1610878049,"path_taken":["M","M","$","?","?","M","R","?","T","R","?","R","M","?","R","BOSS"],"items_purchased_type":["Card","Card"],"build_version":"2020-12-22","purchased_purges":0,"victory":false,"max_hp_per_floor":[70,70,70,70,70,70,70,70,70,70,70,70,70,70,70,70,70],"card_choices":[{"not_picked":["FourthMatchFlame"],"picked":"Tough","floor":1},{"not_picked":["Lantern"],"picked":"Logging","floor":1},{"not_picked":["MHz","MeatLantern"],"picked":"VoidDream","floor":2},{"not_picked":["Spore","Loneliness"],"picked":"SKIP","floor":2},{"not_picked":["Noise","Loneliness"],"picked":"SKIP","floor":2},{"not_picked":["Amita"],"picked":"Moonlight","floor":6},{"not_picked":["CherryBlossoms","MeatLantern"],"picked":"OSAHOGD","floor":6},{"not_picked":["BlueScar"],"picked":"Beak","floor":6},{"not_picked":["CherryBlossoms","Porccubus"],"picked":"GreedKing","floor":11},{"not_picked":["MagicBullet","FrostShard"],"picked":"WristCuter","floor":11},{"not_picked":["Laetitia","Alriune","UniverseFragment"],"picked":"Singing Bowl","floor":13},{"not_picked":["MeatLantern","WallGazer"],"picked":"PunishingBird","floor":13},{"not_picked":["WristCuter+1","Logging+1"],"picked":"CherryBlossom+1","floor":13},{"not_picked":["GreenStem+1","Loneliness+1","TodaysExpression+1"],"picked":"SKIP","floor":13}],"player_experience":165541,"relics_obtained":[{"floor":5,"key":"MawBank"},{"floor":9,"key":"Dream Catcher"}],"event_choices":[{"damage_healed":0,"gold_gain":0,"player_choice":"Take Wound","damage_taken":0,"relics_obtained":["Golden Idol"],"max_hp_gain":0,"max_hp_loss":0,"event_name":"Golden Idol","floor":4,"gold_loss":0,"cards_obtained":["Injury"]},{"damage_healed":0,"gold_gain":0,"player_choice":"Entered Light","damage_taken":14,"max_hp_gain":0,"max_hp_loss":0,"event_name":"Shining Light","floor":14,"gold_loss":0,"cards_upgraded":["Mimicry","Logging"]}],"is_beta":false,"boss_relics":[],"items_purged_floors":[],"is_endless":false,"potions_floor_spawned":[6,13],"killed_by":"Hexaghost","ascension_level":7}}