{"host":"qj49eghpaxba70kv","time":1610912355,"event":{"mods":["ATMod(阿瑾Mod)","Act Like it!","Arknights The Spire","Aspiration","BaseMod","Dota2Spire","Energized Spire","Gensokyo","GungeonMod","Hermit","Hunter 猎人","KinomotoSakuraMod(木之本樱)","Koishi","Luminous","Minty Spire (QoL Compilation)","Pale of the Ancients","Permanent Neow","Prisma Mod","Quick Restart","Replay The Spire","Robot Space Explorer","StSLib","The Administrix","The Alterego","The Bug Knight","The Construct","The Hierophant","The Marked","The Senshi","UnlockEverythingMod","[GremlinLeader]The Maniac","vexMod","【功能Mod】混沌之环修复补丁","【遗物卡牌】REMEMod","篝火指南"],"gold_per_floor":[109,127,56,69,69,100,100],"floor_reached":6,"language":"ZHS","playtime":455,"items_purged":[],"score":46,"play_id":"00cc07e4-aac1-478f-824b-029f1e59535d","local_time":"20210117133915","is_ascension_mode":false,"campfire_choices":[],"circlet_count":0,"master_deck":["ClowCardTheSword","ClowCardTheSword","ClowCardTheSword","ClowCardTheSword","ClowCardTheShield","ClowCardTheShield","ClowCardTheShield","ClowCardTheShield","SpellCardSeal","SpellCardRelease","PrismaMod:IllyaCommonDefend","hierophant:Defend_Hierophant","ClowCardTheThrough","ClowCardTheFly","ClowCardTheWatery","ClowCardTheLittle","ClowCardTheRain+1","ClowCardTheWindy"],"relics":["KSMOD_SealedBook","KSMOD_SealedWand","AT_ATBox","REME_ComplimentaryCards","Anchor","aspiration:StickyExplosives_weak"],"acts_visited":["Exordium"],"potions_floor_usage":[],"damage_taken":[{"damage":1,"enemies":"Gensokyo:2_Kodama","floor":1,"turns":3},{"damage":0,"enemies":"Gensokyo:3_Fairies","floor":2,"turns":3},{"damage":23,"enemies":"Gensokyo:Gryphon","floor":4,"turns":5},{"damage":17,"enemies":"Gensokyo:Cirno","floor":6,"turns":5}],"seed_played":"3513742068857339823","potions_obtained":[{"floor":2,"key":"Energy Potion"},{"floor":4,"key":"Toxic Potion"}],"is_trial":false,"path_per_floor":["M","M","COS","M","?","E"],"character_chosen":"KINOMOTOSAKURA","items_purchased":[],"campfire_rested":0,"item_purchase_floors":[],"current_hp_per_floor":[69,69,69,46,53,36,36],"gold":100,"neow_bonus":"THREE_RARE_CARDS","is_daily":false,"chose_seed":false,"campfire_upgraded":0,"win_rate":0.0,"timestamp":1610912355,"path_taken":["M","M","COS","M","?","E"],"items_purchased_type":[],"build_version":"2020-12-22","purchased_purges":0,"victory":false,"max_hp_per_floor":[70,70,70,70,70,70,70],"card_choices":[{"not_picked":["ClowCardTheReturn","ClowCardTheDash"],"picked":"ClowCardTheThrough","floor":0},{"not_picked":["ClowCardTheMist","ClowCardTheShadow"],"picked":"ClowCardTheFly","floor":1},{"not_picked":["ClowCardTheWave","ClowCardTheFreeze"],"picked":"ClowCardTheWatery","floor":2},{"not_picked":["ClowCardTheBubbles+1","ClowCardTheSweet+1"],"picked":"ClowCardTheRain+1","floor":4},{"not_picked":["ClowCardTheDream","ClowCardTheWood"],"picked":"ClowCardTheWindy","floor":4}],"player_experience":36332,"relics_obtained":[{"floor":6,"key":"aspiration:StickyExplosives_weak"}],"event_choices":[],"is_beta":false,"boss_relics":[],"items_purged_floors":[],"is_endless":false,"potions_floor_spawned":[2,4],"killed_by":"Gensokyo:Cirno","ascension_level":0}}