{"host":"vra53s4gynvpqhud","time":1610863175,"event":{"mods":["100% Spire Juice","A Magickal Journey","AchievementEnabler","Arknights The Spire","Aspiration","BaseMod","Better Match","Better Third Choice","BetterRewards","Conspire","Energized Spire","Evolution","Friendly Minions","GifTheSpireLib","Hermit","HexUI Lib","Highlight Path","Hubris","Infinite Spire","Jorbs\u0027s Wanderer Trilogy","Mad Scientist","Magitek Elite","Mathematician","Minty Spire (QoL Compilation)","Permanent Neow","Poor People Problems","Quick Restart","Rare Cards Sparkle","Remove Card Discount Mod","Replay The Spire","Shop Mod","Somnambulant","StSLib","The Cursed","The Gatherer","The Hierophant","The Jungle","The Mystic","The Necromancer","The Poker Player","The Runesmith","egg"],"gold_per_floor":[114,130,130,20,20,49,61,61,88,10,10,23,23,51,51,154,154,167,167,167,167,167,192,209,41,41,41,41,41,41,41,41,52,52,147,147,157,176,59,59,59,59,79,114,114,143,160,160,176,94,94,94],"floor_reached":53,"language":"ENG","playtime":5603,"items_purged":["ats:Defend","ats:Strike G","ats:Strike S","ats:Defend","ats:Strike C","ats:Strike V","ats:Defend","ats:Armor Crushing Shot","ats:Powerful Strike+1","ats:Rapid Magazine","ats:Defend","ats:Composite Medical Shells+1","ats:Leaping Hammer+1"],"score":739,"play_id":"c0b58ad3-8394-40a2-9b79-e963eb78dda1","local_time":"20210117005935","is_ascension_mode":false,"campfire_choices":[{"data":"ats:Ignite","floor":8,"key":"SMITH"},{"data":"ats:Thorns","floor":11,"key":"SMITH"},{"data":"ats:Composite Medical Shells","floor":13,"key":"SMITH"},{"data":"ats:Shell Defense","floor":15,"key":"SMITH"},{"floor":27,"key":"REST"},{"data":"ats:Burning Ground","floor":29,"key":"SMITH"},{"data":"ats:Emotion Absorption","floor":34,"key":"SMITH"},{"data":"ats:Composite Medical Shells","floor":42,"key":"SMITH"},{"floor":48,"key":"REST"},{"data":"ats:Part Time Job","floor":51,"key":"SMITH"}],"circlet_count":0,"master_deck":["ats:Emotion Absorption+1","conspire:Banana+1","ats:Encircling Forest","ats:Assault Order","ats:Shell Defense+1","ats:Ignite+1","ats:Thorns+1","ats:Composite Medical Shells+1","ats:Volcano+1","ats:Blood Oath+1","ats:Healing Drone","ats:Shell Defense+1","ats:Burning Ground+1","ats:Healing Drone","ats:Calcification","ats:Song Of Battle+1","ats:Revitalization+1","infinitespire:SevenWalls+1","ats:Song Of Battle+1","ats:Part Time Job+1"],"relics":["ats:Sanity Plus","EVO:Axolotl","ats:Originium","ats:Bonebreaker","Nunchaku","Molten Egg 2","aspiration:RitualStick","aspiration:Stabinomicon","aspiration:TomeofQuesting","aspiration:DSix","MutagenicStrength","Replay:Bottled Snecko","Gremlin Food","Replay:Baseball","ReplayFunnel"],"acts_visited":["Exordium","TheCity","TheBeyond"],"potions_floor_usage":[14,16,37,47,49],"damage_taken":[{"damage":0,"enemies":"2 Louse","floor":1,"turns":4},{"damage":5,"enemies":"Small Slimes","floor":2,"turns":6},{"damage":38,"enemies":"Replay:BlueRogue","floor":6,"turns":13},{"damage":0,"enemies":"conspire:RoseBush","floor":7,"turns":6},{"damage":7,"enemies":"conspire:2 RoseBushes","floor":12,"turns":5},{"damage":14,"enemies":"Lagavulin","floor":14,"turns":8},{"damage":35,"enemies":"Fading Forest","floor":16,"turns":11},{"damage":19,"enemies":"Chosen","floor":18,"turns":5},{"damage":27,"enemies":"conspire:SneckoGhost","floor":23,"turns":7},{"damage":22,"enemies":"Spheric Guardian","floor":24,"turns":4},{"damage":7,"enemies":"conspire:HollyBat","floor":33,"turns":8},{"damage":85,"enemies":"hubris:MusketHawk","floor":35,"turns":10},{"damage":15,"enemies":"3 Shapes","floor":37,"turns":4},{"damage":54,"enemies":"3 Darklings","floor":38,"turns":5},{"damage":46,"enemies":"Jaw Worm Horde","floor":43,"turns":5},{"damage":161,"enemies":"Giant Head","floor":44,"turns":14},{"damage":32,"enemies":"Nemesis","floor":46,"turns":9},{"damage":99,"enemies":"Transient","floor":47,"turns":5},{"damage":39,"enemies":"Maw","floor":49,"turns":9},{"damage":115,"enemies":"Awakened One","floor":52,"turns":16}],"seed_played":"-730188154755581488","potions_obtained":[{"floor":12,"key":"FearPotion"},{"floor":14,"key":"Fire Potion"},{"floor":18,"key":"Elixir"},{"floor":33,"key":"Explosive Potion"},{"floor":46,"key":"Regen Potion"},{"floor":47,"key":"Ancient Potion"}],"is_trial":false,"path_per_floor":["M","M","?","$","?","E","M","R","T","$","R","M","R","E","R","B",null,"M","?","?","?","?","E","M","$","T","R","?","R","$","PTL","PTL","M","R","B",null,"M","M","$","?","AVR","R","M","E","T","E","M","R","M","$","R","B",null],"character_chosen":"DOCTOR_CLASS","items_purchased":["ats:Shell Defense","ats:Ignite","ats:Thorns","ats:Burning Ground","ats:Healing Drone","ats:Composite Medical Shells","ats:Revitalization","ats:Part Time Job"],"campfire_rested":2,"item_purchase_floors":[4,4,10,25,25,39,39,50],"current_hp_per_floor":[73,69,69,69,69,65,72,72,72,72,72,72,72,72,72,57,84,72,64,47,47,31,35,26,26,26,53,53,53,53,53,53,92,92,72,94,96,69,69,69,69,69,50,66,66,104,37,68,85,85,85,101],"gold":94,"neow_bonus":"RANDOM_COLORLESS","is_daily":false,"chose_seed":false,"campfire_upgraded":8,"win_rate":0.0,"timestamp":1610863175,"path_taken":["M","M","?","$","?","E","M","R","T","$","R","M","R","E","R","BOSS","M","?","?","?","?","E","M","$","T","R","?","R","$","PTL","PTL","M","R","BOSS","M","M","$","?","AVR","R","M","E","T","E","M","R","M","$","R","BOSS"],"items_purchased_type":["Card","Card","Card","Card","Card","Card","Card","Card"],"build_version":"2020-12-22","purchased_purges":13,"victory":true,"max_hp_per_floor":[73,74,74,74,74,76,78,78,78,78,78,80,80,82,82,84,84,86,86,86,86,86,88,90,90,90,90,90,90,90,90,90,92,92,94,94,96,98,98,98,98,98,100,102,102,104,106,106,108,108,108,110],"card_choices":[{"not_picked":["Specialist","Discovery"],"picked":"conspire:Banana","floor":0},{"not_picked":["ats:Consecutive Shot Auto","ats:Curse Doll"],"picked":"ats:Encircling Forest","floor":1},{"not_picked":["ats:Childhood Dance","ats:Charging Defense"],"picked":"ats:Assault Order","floor":2},{"not_picked":["ats:Ambush","ats:Explosion Area Strengthen","ats:Childhood Dance"],"picked":"SKIP","floor":6},{"not_picked":["ats:Consecutive Shot Auto","ats:Assault Order"],"picked":"ats:Rapid Magazine","floor":7},{"not_picked":["ats:Directed Diagnosis","ats:Cat Scratch"],"picked":"ats:Composite Medical Shells","floor":12},{"not_picked":["ats:Cat Scratch+1","ats:Explosion Area Strengthen+1"],"picked":"ats:Powerful Strike+1","floor":14},{"not_picked":["ats:Wolf Pack+1","ats:Soul Rend"],"picked":"ats:Volcano+1","floor":16},{"not_picked":["ats:Curse Doll","ats:Guardian Obelisk"],"picked":"ats:Blood Oath+1","floor":18},{"not_picked":["ats:Poison Spread+1","ats:Encircling Forest+1"],"picked":"ats:Healing Drone","floor":19},{"not_picked":["ats:Assault Order+1","ats:Collapsing Strike+1"],"picked":"ats:Shell Defense+1","floor":23},{"not_picked":["ats:Cat Scratch+1","ats:Magnetic Hammer+1"],"picked":"ats:Leaping Hammer+1","floor":24},{"not_picked":["ats:Nebulous Foxfire","ats:Cat Scratch+1","ats:Curse Doll"],"picked":"SKIP","floor":33},{"not_picked":["ats:Soul Rend","ats:Ambush"],"picked":"ats:Calcification","floor":35},{"not_picked":["ats:Ignite+1","ats:Thermite Blade+1","ats:Assault Order"],"picked":"SKIP","floor":37},{"not_picked":["ats:Leaping Hammer+1","ats:Assault Order+1"],"picked":"ats:Song Of Battle+1","floor":38},{"not_picked":["ats:Assault Order+1","ats:Revitalization","ats:Durian"],"picked":"SKIP","floor":43},{"not_picked":["ats:Assault Order","ats:Leaping Hammer+1","ats:Volcano+1"],"picked":"SKIP","floor":44},{"not_picked":["ats:Thermite Blade+1","ats:Shell Defense"],"picked":"ats:Song Of Battle+1","floor":46},{"not_picked":["ats:Support Order","ats:Explosion Area Strengthen+1","ats:Leaping Hammer+1"],"picked":"SKIP","floor":47},{"not_picked":["ats:Mental Burst+1","ats:Childhood Dance+1","ats:Curse Doll"],"picked":"SKIP","floor":49}],"player_experience":179171,"relics_obtained":[{"floor":6,"key":"ats:Originium"},{"floor":6,"key":"ats:Bonebreaker"},{"floor":9,"key":"Nunchaku"},{"floor":14,"key":"ats:Originium"},{"floor":14,"key":"Molten Egg 2"},{"floor":22,"key":"aspiration:Stabinomicon"},{"floor":23,"key":"ats:Originium"},{"floor":23,"key":"aspiration:TomeofQuesting"},{"floor":26,"key":"aspiration:DSix"},{"floor":44,"key":"ats:Originium"},{"floor":44,"key":"Gremlin Food"},{"floor":45,"key":"Replay:Baseball"},{"floor":46,"key":"ReplayFunnel"}],"event_choices":[{"damage_healed":0,"gold_gain":0,"player_choice":"Ignored","damage_taken":0,"max_hp_gain":0,"max_hp_loss":0,"event_name":"Golden Wing","floor":5,"gold_loss":0},{"damage_healed":0,"gold_gain":0,"player_choice":"Obtained Book","damage_taken":16,"max_hp_gain":0,"max_hp_loss":0,"event_name":"Cursed Tome","floor":22,"gold_loss":0},{"damage_healed":0,"gold_gain":0,"player_choice":"Inject Mutagens","damage_taken":0,"relics_obtained":["MutagenicStrength"],"max_hp_gain":0,"max_hp_loss":0,"event_name":"Drug Dealer","floor":28,"gold_loss":0}],"is_beta":false,"boss_relics":[{"not_picked":["Ectoplasm","Ring of Chaos","aspiration:RitualDagger"]},{"not_picked":["Replay:Wanted Poster","aspiration:WatcherSkillbook"],"picked":"ats:Sanity Plus"}],"items_purged_floors":[4,4,4,4,4,25,25,25,25,25,39,50,50],"is_endless":false,"potions_floor_spawned":[12,14,18,33,46,47],"ascension_level":0}}