{"host":"jn2qdns2nxijvlnt","time":1610846281,"event":{"mods":["BaseMod","Minty Spire (QoL Compilation)","Quick Restart"],"gold_per_floor":[113,12,23,23,46,85,50,89,89,89,105,118,218,232,232,351,351,376,37,62,62,87,87,107,107,107,107,37,50,93,18,18,139,139,154,106,126,126,151,151,174,190,238,238,238,252,252,252,252,252],"floor_reached":51,"language":"ENG","playtime":4106,"items_purged":[],"score":704,"play_id":"f180a43b-a548-47fb-b8b2-beab8293456e","local_time":"20210116201801","is_ascension_mode":false,"campfire_choices":[{"floor":15,"key":"REST"},{"floor":23,"key":"REST"},{"floor":27,"key":"REST"},{"data":"BattleHymn","floor":32,"key":"SMITH"},{"floor":40,"key":"REST"},{"floor":44,"key":"REST"},{"floor":49,"key":"REST"}],"circlet_count":0,"master_deck":["Defend_P+1","Defend_P+1","Defend_P+1","Defend_P+1","Eruption","Vigilance","SashWhip","EmptyBody","Halt","DevaForm","Consecrate","Conclude","CarveReality","Establishment","BattleHymn+1","Bite","Bite","Bite","Bite","Bite","Devotion","CrushJoints+1"],"relics":["HolyWater","Golden Idol","CaptainsWheel","Mango","Prayer Wheel","Busted Crown","Nunchaku","Pocketwatch","Oddly Smooth Stone","Matryoshka","Kunai","Omamori"],"acts_visited":["Exordium","TheCity","TheBeyond"],"potions_floor_usage":[12,12,14,16,16,20,24,33,39,41,41,42,50],"damage_taken":[{"damage":12.0,"enemies":"Cultist","floor":1.0,"turns":3.0},{"damage":0.0,"enemies":"2 Louse","floor":3.0,"turns":3.0},{"damage":0.0,"enemies":"Small Slimes","floor":5.0,"turns":2.0},{"damage":28.0,"enemies":"Gremlin Nob","floor":6.0,"turns":5.0},{"damage":24.0,"enemies":"3 Sentries","floor":8.0,"turns":14.0},{"damage":4.0,"enemies":"Blue Slaver","floor":11.0,"turns":4.0},{"damage":11,"enemies":"3 Louse","floor":12,"turns":4},{"damage":0,"enemies":"2 Fungi Beasts","floor":14,"turns":1},{"damage":23,"enemies":"Hexaghost","floor":16,"turns":5},{"damage":30,"enemies":"Chosen","floor":18,"turns":5},{"damage":31,"enemies":"3 Byrds","floor":20,"turns":3},{"damage":14,"enemies":"Snecko","floor":22,"turns":5},{"damage":0,"enemies":"Centurion and Healer","floor":24,"turns":7},{"damage":18,"enemies":"Cultist and Chosen","floor":29,"turns":5},{"damage":3,"enemies":"Gremlin Leader","floor":30,"turns":5},{"damage":33,"enemies":"Automaton","floor":33,"turns":10},{"damage":0,"enemies":"3 Shapes","floor":35,"turns":2},{"damage":10,"enemies":"Orb Walker","floor":37,"turns":4},{"damage":43,"enemies":"Maw","floor":39,"turns":7},{"damage":50,"enemies":"Transient","floor":41,"turns":5},{"damage":43,"enemies":"Jaw Worm Horde","floor":42,"turns":5},{"damage":15,"enemies":"3 Darklings","floor":46,"turns":6},{"damage":91,"enemies":"Donu and Deca","floor":50,"turns":12}],"seed_played":"536820391592471771","potions_obtained":[{"floor":1.0,"key":"GamblersBrew"},{"floor":5.0,"key":"BlessingOfTheForge"},{"floor":11.0,"key":"EntropicBrew"},{"floor":14,"key":"SteroidPotion"},{"floor":18,"key":"Regen Potion"},{"floor":22,"key":"Dexterity Potion"},{"floor":33,"key":"EssenceOfSteel"},{"floor":35,"key":"Weak Potion"},{"floor":39,"key":"Weak Potion"},{"floor":41,"key":"BottledMiracle"}],"is_trial":false,"path_per_floor":["M","$","M","?","M","E","?","E","T","?","M","M","?","M","R","B",null,"M","$","M","?","M","R","M","?","T","R","?","M","E","$","R","B",null,"M","$","M","?","M","R","M","M","T","R","?","M","?","?","R","B",null],"character_chosen":"WATCHER","items_purchased":["SashWhip","DistilledChaos","Blood Vial","Nunchaku","BattleHymn","DistilledChaos","ColorlessPotion"],"campfire_rested":6,"item_purchase_floors":[2,2,19,19,19,31,36],"current_hp_per_floor":[67,67,67,67,67,39,58,48,48,93,89,78,78,78,93,70,93,63,63,43,43,31,58,60,60,60,87,87,79,88,88,88,68,93,93,93,84,84,59,86,48,17,17,44,67,66,66,66,93,26],"gold":252,"neow_bonus":"TEN_PERCENT_HP_BONUS","is_daily":false,"chose_seed":false,"campfire_upgraded":1,"win_rate":0.0,"timestamp":1610846281,"path_taken":["M","$","?","?","M","E","?","E","T","?","?","M","?","?","R","BOSS","M","$","M","?","M","R","M","?","T","R","?","M","E","$","R","BOSS","M","$","M","?","M","R","M","?","T","R","?","M","?","?","R","BOSS"],"items_purchased_type":["Card","Potion","Relic","Relic","Card","Potion","Potion"],"build_version":"2020-12-22","purchased_purges":0,"victory":true,"max_hp_per_floor":[79,79,79,79,79,79,79,93,93,93,93,93,93,93,93,93,93,93,93,93,93,93,93,93,93,93,93,93,93,93,93,93,93,93,93,93,93,93,93,93,93,93,93,93,93,93,93,93,93,93],"card_choices":[{"not_picked":["Fasting2","SashWhip"],"picked":"Swivel","floor":1.0},{"not_picked":["FollowUp","FlyingSleeves"],"picked":"EmptyBody","floor":3.0},{"not_picked":["CutThroughFate","Sanctity"],"picked":"Halt","floor":5.0},{"not_picked":["BowlingBash","WaveOfTheHand"],"picked":"DevaForm","floor":6.0},{"not_picked":["Pray","TalkToTheHand","ClearTheMind"],"picked":"SKIP","floor":8.0},{"not_picked":["Fasting2","Nirvana"],"picked":"Consecrate","floor":11.0},{"not_picked":["ClearTheMind","DeceiveReality","Adaptation"],"picked":"SKIP","floor":11.0},{"not_picked":["ClearTheMind","DeceiveReality","Adaptation"],"picked":"SKIP","floor":11.0},{"not_picked":["EmptyBody","Protect"],"picked":"Conclude","floor":12},{"not_picked":["Fasting2","Nirvana","FearNoEvil"],"picked":"SKIP","floor":12},{"not_picked":["CrushJoints","ClearTheMind"],"picked":"CarveReality","floor":14},{"not_picked":["Evaluate","ClearTheMind","Wallop"],"picked":"SKIP","floor":14},{"not_picked":["DevaForm","LessonLearned"],"picked":"Establishment","floor":16},{"not_picked":["Prostrate"],"picked":"SKIP","floor":18},{"not_picked":["Vengeance"],"picked":"SKIP","floor":18},{"not_picked":["SashWhip"],"picked":"SKIP","floor":20},{"not_picked":["PathToVictory+1"],"picked":"SKIP","floor":20},{"not_picked":["Halt+1"],"picked":"SKIP","floor":22},{"not_picked":["Halt"],"picked":"SKIP","floor":22},{"not_picked":["Halt"],"picked":"SKIP","floor":24},{"not_picked":["JustLucky"],"picked":"SKIP","floor":24},{"not_picked":["ThirdEye"],"picked":"SKIP","floor":29},{"not_picked":["EmptyBody+1"],"picked":"SKIP","floor":29},{"not_picked":["Wallop"],"picked":"SKIP","floor":30},{"not_picked":[],"picked":"Devotion","floor":33},{"not_picked":["JustLucky+1"],"picked":"SKIP","floor":35},{"not_picked":["FlyingSleeves"],"picked":"SKIP","floor":35},{"not_picked":["Consecrate+1"],"picked":"SKIP","floor":37},{"not_picked":["Study"],"picked":"SKIP","floor":37},{"not_picked":[],"picked":"CrushJoints+1","floor":39},{"not_picked":["Evaluate+1"],"picked":"SKIP","floor":39},{"not_picked":["JustLucky+1"],"picked":"SKIP","floor":41},{"not_picked":["Vengeance+1"],"picked":"SKIP","floor":41},{"not_picked":["Evaluate+1"],"picked":"SKIP","floor":42},{"not_picked":["FollowUp"],"picked":"SKIP","floor":42},{"not_picked":["BowlingBash+1"],"picked":"SKIP","floor":46},{"not_picked":["Consecrate"],"picked":"SKIP","floor":46}],"player_experience":536532,"relics_obtained":[{"floor":6.0,"key":"CaptainsWheel"},{"floor":8.0,"key":"Mango"},{"floor":9.0,"key":"Prayer Wheel"},{"floor":26,"key":"Pocketwatch"},{"floor":30,"key":"Matryoshka"},{"floor":43,"key":"Kunai"},{"floor":43,"key":"Omamori"}],"event_choices":[{"damage_healed":0.0,"max_hp_gain":0.0,"max_hp_loss":0.0,"gold_gain":0.0,"event_name":"Golden Idol","player_choice":"Take Wound","floor":4.0,"gold_loss":0.0,"damage_taken":0.0,"relics_obtained":["Golden Idol"],"cards_obtained":["Injury"]},{"damage_healed":19.0,"max_hp_gain":0.0,"max_hp_loss":0.0,"gold_gain":0.0,"event_name":"The Cleric","player_choice":"Healed","floor":7.0,"gold_loss":35.0,"damage_taken":0.0},{"cards_removed":["Swivel"],"damage_healed":45.0,"max_hp_gain":0.0,"max_hp_loss":0.0,"gold_gain":0.0,"event_name":"Bonfire Elementals","player_choice":"Offered Uncommon","floor":10.0,"gold_loss":0.0,"damage_taken":0.0},{"damage_healed":0,"gold_gain":100,"player_choice":"Pray","damage_taken":0,"max_hp_gain":0,"max_hp_loss":0,"event_name":"Golden Shrine","floor":13,"gold_loss":0},{"damage_healed":0,"gold_gain":0,"player_choice":"Simplicity","damage_taken":0,"max_hp_gain":0,"max_hp_loss":0,"event_name":"Back to Basics","floor":21,"gold_loss":0,"cards_upgraded":["Strike_P","Strike_P","Strike_P","Strike_P","Defend_P","Defend_P","Defend_P","Defend_P"]},{"damage_healed":0,"gold_gain":0,"player_choice":"Became a vampire (Vial)","damage_taken":0,"max_hp_gain":0,"max_hp_loss":0,"event_name":"Vampires","floor":25,"relics_lost":["Blood Vial"],"gold_loss":0,"cards_obtained":["Bite","Bite","Bite","Bite","Bite"]},{"damage_healed":0,"gold_gain":0,"player_choice":"Paid Gold","damage_taken":0,"relics_obtained":["Oddly Smooth Stone"],"max_hp_gain":0,"max_hp_loss":0,"event_name":"WeMeetAgain","floor":28,"gold_loss":70},{"cards_removed":["Injury"],"damage_healed":0,"gold_gain":0,"player_choice":"Removed Curses","damage_taken":0,"max_hp_gain":0,"max_hp_loss":0,"event_name":"Fountain of Cleansing","floor":38,"gold_loss":0},{"damage_healed":23,"gold_gain":0,"player_choice":"Writhe","damage_taken":0,"max_hp_gain":0,"max_hp_loss":0,"event_name":"Winding Halls","floor":45,"gold_loss":0,"cards_obtained":["Writhe"]},{"damage_healed":0,"gold_gain":0,"player_choice":"Memory 1","damage_taken":0,"max_hp_gain":0,"max_hp_loss":0,"event_name":"SensoryStone","floor":47,"gold_loss":0},{"damage_healed":0,"gold_gain":0,"player_choice":"Ignored","damage_taken":0,"max_hp_gain":0,"max_hp_loss":0,"event_name":"Tomb of Lord Red Mask","floor":48,"gold_loss":0}],"is_beta":false,"boss_relics":[{"not_picked":["Ectoplasm","Fusion Hammer"],"picked":"Busted Crown"},{"not_picked":["Velvet Choker","SlaversCollar"],"picked":"HolyWater"}],"items_purged_floors":[],"is_endless":false,"potions_floor_spawned":[1,5,11,14,18,22,33,35,39,41],"ascension_level":0}}