{"host":"8n2lgrrkrt9pi315","time":1610886556,"event":{"mods":["BaseMod","Colored Map","Downfall","Minty Spire (QoL Compilation)","StSLib","The Cursed"],"gold_per_floor":[99,111,128,128,139,239,316,333,333,348,348,366,377,389,404,509,509,509,525,542,562,562,562,562],"floor_reached":22,"language":"ENG","playtime":1248,"items_purged":[],"score":209,"play_id":"7fe9eac5-a4f5-4b18-a420-d4f6f1869349","local_time":"20210117132916","is_ascension_mode":false,"campfire_choices":[{"data":"Slimebound:Tackle","floor":1,"key":"SMITH"},{"data":"Slimebound:Grow","floor":9,"key":"SMITH"},{"floor":11,"key":"REST"},{"data":"Slimebound:RollThrough","floor":18,"key":"SMITH"}],"circlet_count":0,"master_deck":["Slimebound:Strike_Slimebound","Slimebound:Strike_Slimebound","Slimebound:Tackle+1","Slimebound:Defend_Slimebound","Slimebound:Defend_Slimebound","Slimebound:Defend_Slimebound","Slimebound:Defend_Slimebound","Slimebound:Split","Slimebound:CorrosiveSpit","Slimebound:FinishingTackle","Slimebound:Grow+1","Slimebound:SplitMire","Slimebound:DisruptingSlam","Slimebound:RollThrough+1","Slimebound:ForwardTackle","Slimebound:ComboTackle","Slimebound:GoopSpray","Slimebound:SplitLeeching","Slimebound:MassFeed","Slimebound:LeechingTouch"],"relics":["Slimebound:AbsorbEndCombat","Potion Belt","Matryoshka","SacredBark"],"acts_visited":["Exordium","TheCity"],"potions_floor_usage":[6,14,15,16,16,16],"damage_taken":[{"damage":16,"enemies":"Jaw Worm","floor":2,"turns":4},{"damage":10,"enemies":"Cultist","floor":3,"turns":3},{"damage":6,"enemies":"2 Louse","floor":5,"turns":2},{"damage":30,"enemies":"downfall:LadyInBlue","floor":6,"turns":10},{"damage":9,"enemies":"Blue Slaver","floor":8,"turns":4},{"damage":6,"enemies":"Large Slime","floor":10,"turns":5},{"damage":13,"enemies":"2 Fungi Beasts","floor":12,"turns":3},{"damage":21,"enemies":"Lots of Slimes","floor":13,"turns":3},{"damage":6,"enemies":"3 Louse","floor":14,"turns":2},{"damage":6,"enemies":"Gremlin Gang","floor":15,"turns":4},{"damage":4,"enemies":"SI_SHIV_ARCHETYPE","floor":16,"turns":9},{"damage":22,"enemies":"Spheric Guardian","floor":19,"turns":5},{"damage":33,"enemies":"Shell Parasite","floor":20,"turns":7},{"damage":24,"enemies":"Snake Plant","floor":21,"turns":5},{"damage":22,"enemies":"3 Cultists","floor":22,"turns":4}],"seed_played":"5685747110886111467","potions_obtained":[{"floor":3,"key":"AttackPotion"},{"floor":6,"key":"Dexterity Potion"},{"floor":6,"key":"Ancient Potion"},{"floor":6,"key":"Slimebound:SlimyTonguePotion"},{"floor":10,"key":"Slimebound:SlimyTonguePotion"},{"floor":13,"key":"GamblersBrew"},{"floor":15,"key":"Energy Potion"},{"floor":16,"key":"GamblersBrew"}],"is_trial":false,"path_per_floor":["R","M","M","?","M","?","T","M","R","M","R","M","M","M","M","B",null,"R","M","M","M","M"],"character_chosen":"SLIMEBOUND","items_purchased":[],"campfire_rested":1,"item_purchase_floors":[],"current_hp_per_floor":[71,56,48,48,43,22,22,17,17,16,37,27,10,7,8,14,71,71,54,29,9,0,0,0],"gold":562,"neow_bonus":"TEN_PERCENT_HP_BONUS","is_daily":false,"chose_seed":false,"campfire_upgraded":3,"win_rate":0.0,"timestamp":1610886556,"path_taken":["R","M","M","?","M","?","T","M","R","M","R","?","M","M","M","BOSS","R","M","M","M","M"],"items_purchased_type":[],"build_version":"2020-12-22","purchased_purges":0,"victory":false,"max_hp_per_floor":[71,71,71,71,71,71,71,71,71,71,71,71,71,71,71,71,71,71,74,77,77,80,80,80],"card_choices":[{"not_picked":["Slimebound:ComboTackle","Slimebound:ProtectTheBoss"],"picked":"Slimebound:FinishingTackle","floor":2},{"not_picked":["Slimebound:SplitAcid","Slimebound:GoopTackle"],"picked":"Slimebound:Grow","floor":3},{"not_picked":["Slimebound:Schlurp","Slimebound:FinishingTackle"],"picked":"Slimebound:SplitMire","floor":5},{"not_picked":["Slimebound:FinishingTackle","Slimebound:Replication"],"picked":"Slimebound:DisruptingSlam","floor":6},{"not_picked":["Slimebound:SlimeBarrage","Slimebound:ComboTackle"],"picked":"Slimebound:RollThrough","floor":8},{"not_picked":["Slimebound:OozeBath","Slimebound:SplitMire"],"picked":"Slimebound:ForwardTackle","floor":10},{"not_picked":["Slimebound:GoopSpray","Slimebound:LeadByExample"],"picked":"Slimebound:ComboTackle","floor":12},{"not_picked":["Slimebound:SplitMire","Slimebound:Repurpose"],"picked":"Slimebound:GoopSpray","floor":13},{"not_picked":["Slimebound:SplitLeeching","Slimebound:Schlurp","Slimebound:GoopTackle"],"picked":"SKIP","floor":14},{"not_picked":["Slimebound:BestDefense","Slimebound:DisruptingSlam"],"picked":"Slimebound:SplitLeeching","floor":15},{"not_picked":["Slimebound:MinionMaster","Slimebound:Overexert"],"picked":"Slimebound:MassFeed","floor":16},{"not_picked":["Slimebound:AcidTongue","Slimebound:FinishingTackle","Slimebound:Prepare+1"],"picked":"SKIP","floor":19},{"not_picked":["Slimebound:PressTheAttack","Slimebound:FlameTackle"],"picked":"Slimebound:LeechingTouch","floor":20},{"not_picked":["Slimebound:ItLooksTasty","Slimebound:AcidTongue","Slimebound:ViciousTackle+1"],"picked":"SKIP","floor":21}],"player_experience":66882,"relics_obtained":[{"floor":6,"key":"Potion Belt"},{"floor":7,"key":"Matryoshka"}],"event_choices":[],"is_beta":false,"boss_relics":[{"not_picked":["bronze:MakeshiftBattery","Coffee Dripper"],"picked":"SacredBark"}],"items_purged_floors":[],"is_endless":false,"potions_floor_spawned":[3,10,13,15,16],"killed_by":"3 Cultists","ascension_level":0}}