{"host":"18wi9kpcl4eah7pe","time":1610865729,"event":{"mods":["BaseMod","Colored Powertips","Downfall","Minty Spire (QoL Compilation)","StSLib"],"gold_per_floor":[99,119,119,129,129,147,147,147,47,81,81,94,108,137,150,150,150,150],"floor_reached":16,"language":"ENG","playtime":700,"items_purged":[],"score":148,"play_id":"e7fa83fe-3428-4aa4-aed6-0a430562f979","local_time":"20210117004209","is_ascension_mode":true,"campfire_choices":[{"floor":1,"key":"RECALL"},{"floor":9,"key":"REST"},{"floor":11,"key":"REST"}],"circlet_count":0,"master_deck":["champ:Strike+1","champ:Strike","champ:Strike+1","champ:Strike+1","champ:Defend","champ:Defend","champ:Defend","champ:Defend","champ:Execute+1","champ:Taunt","champ:PreciseThrust+1","downfall:Malfunctioning","champ:IronFortress","champ:GladiatorStyle","champ:FancyFootwork","champ:Circumvent","champ:DefensiveStyle","champ:FaceSlap","champ:ShieldWall"],"relics":["champ:ChampionCrown","Letter Opener","downfall:BrokenWingStatue","downfall:HeartBlessingRed","Whetstone","hexamod:CandleOfCauterizing"],"acts_visited":["Exordium"],"potions_floor_usage":[10,14,14],"damage_taken":[{"damage":20,"enemies":"Small Slimes","floor":2,"turns":4},{"damage":14,"enemies":"Jaw Worm","floor":4,"turns":3},{"damage":14,"enemies":"2 Louse","floor":6,"turns":2},{"damage":44,"enemies":"Gremlin Nob","floor":10,"turns":5},{"damage":15,"enemies":"Lots of Slimes","floor":12,"turns":4},{"damage":8,"enemies":"Blue Slaver","floor":13,"turns":5},{"damage":23,"enemies":"Lagavulin","floor":14,"turns":8},{"damage":34,"enemies":"Gremlin Gang","floor":15,"turns":5},{"damage":29,"enemies":"IC_STATUS_ARCHETYPE","floor":16,"turns":10}],"seed_played":"-7770646215173395874","potions_obtained":[{"floor":6,"key":"Weak Potion"},{"floor":12,"key":"ColorlessPotion"},{"floor":13,"key":"Regen Potion"}],"is_trial":false,"path_per_floor":["R","M","?","M","?","M","T","?","R","E","R","M","M","E","M","B"],"character_chosen":"THE_CHAMP","items_purchased":[],"campfire_rested":2,"item_purchase_floors":[],"current_hp_per_floor":[81,81,81,67,67,53,53,53,85,51,83,68,60,62,28,0,0,0],"gold":150,"neow_bonus":"TWENTY_PERCENT_HP_BONUS","is_daily":false,"chose_seed":false,"campfire_upgraded":0,"win_rate":0.0,"timestamp":1610865729,"path_taken":["R","M","?","M","?","M","T","?","R","E","R","M","?","E","M","BOSS"],"items_purchased_type":[],"build_version":"2020-12-22","purchased_purges":0,"victory":false,"max_hp_per_floor":[108,108,108,108,108,108,108,108,108,108,108,108,108,108,108,108,108,108],"card_choices":[{"not_picked":["champ:FanOfKnives","champ:RageSigil"],"picked":"champ:PreciseThrust","floor":2},{"not_picked":["champ:Circumvent","champ:Shatter"],"picked":"champ:IronFortress","floor":4},{"not_picked":["champ:FocusedDefense","champ:FlashCut"],"picked":"champ:GladiatorStyle","floor":6},{"not_picked":["champ:TripleStrike","champ:BladeFlurry"],"picked":"champ:FancyFootwork","floor":10},{"not_picked":["champ:Haymaker","champ:CrownThrow"],"picked":"champ:Circumvent","floor":12},{"not_picked":["champ:EnGarde","champ:FalseCounter"],"picked":"champ:DefensiveStyle","floor":13},{"not_picked":["champ:HeavySlash","champ:Haymaker"],"picked":"champ:FaceSlap","floor":14},{"not_picked":["champ:SwordSigil","champ:Circumvent"],"picked":"champ:ShieldWall","floor":15}],"player_experience":918638,"relics_obtained":[{"floor":7,"key":"Letter Opener"},{"floor":10,"key":"Whetstone"},{"floor":14,"key":"hexamod:CandleOfCauterizing"}],"event_choices":[],"is_beta":false,"boss_relics":[],"items_purged_floors":[],"is_endless":false,"potions_floor_spawned":[6,12,13],"killed_by":"IC_STATUS_ARCHETYPE","ascension_level":2}}