{"host":"uyrebrj0204enqpc","time":1610903580,"event":{"mods":["Act Like it!","Bard","BaseMod","Block Reminder","Challenge The Spire","Colored Map","Colored Powertips","DeckTracker","Downfall","GifTheSpireLib","HexUI Lib","Highlight Path","Hubris","Infinite Spire","Minty Spire (QoL Compilation)","Pale of the Ancients","Quick Restart","Random Character Button","Relic Sorter","Relic Stats","Shop Mod","StSLib","The Blue Laboratory","The Bug Knight","The Cursed","The Jungle","The Marked","Wandering Minibosses"],"gold_per_floor":[117,127,143,160,160,160,193,203,203,203,336,336,103,115,115,219,219,230,230,45,55,55,85,85,85,85,104,138,138,138,156,156,252,252,272,272,287,298,310,310,342,342,342,367,377,377,377],"floor_reached":46,"language":"ENG","playtime":2024,"items_purged":["bronze:Strike","bronze:Defend"],"score":655,"play_id":"b472d40d-bb6a-49f7-8768-d0846bc5bc40","local_time":"20210117121300","is_ascension_mode":false,"campfire_choices":[{"data":"bronze:FollowUp","floor":6.0,"key":"SMITH"},{"floor":15.0,"key":"REST"},{"data":"bronze:Replicate","floor":24.0,"key":"SMITH"},{"data":"bronze:Goto","floor":30.0,"key":"SMITH"},{"data":"bronze:Flail","floor":32.0,"key":"SMITH"},{"data":"bronze:AlphaBuild","floor":40,"key":"SMITH"},{"data":"bronze:Defend","floor":42,"key":"SMITH"}],"circlet_count":0,"master_deck":["bronze:Strike","bronze:Strike","bronze:Defend","bronze:Defend+1","bronze:Replicate+1","bronze:Goto+1","bronze:Branch+1","bronze:FollowUp+1","bronze:Verify+1","bronze:Flail+1","bronze:AlphaBuild+1","bronze:MaxOutput+1","bronze:Overload+1","bronze:Shell+1","bronze:RecursiveStrike+1","bronze:ClassDefault+1","bronze:Constructor+1","bronze:ForceShield+1"],"relics":["bronze:BronzeCore","hubris:Icosahedron","Tiny Chest","HornCleat","Bag of Marbles","Membership Card","hubris:CrackedHourglass","Eternal Feather","theJungle:Creamberry","HollowMod:StagPassRelic","hubris:MedicalManual","Mummified Hand","Calling Bell","hubris:TenFootPole","infinitespire:FocusingShard","Unceasing Top","Coffee Dripper","MealTicket","infinitespire:ShieldingShard","CaptainsWheel","Bottled Flame"],"acts_visited":["Exordium","Exordium","TheBeyond"],"potions_floor_usage":[33,46],"damage_taken":[{"damage":0.0,"enemies":"Cultist","floor":1.0,"turns":3.0},{"damage":0.0,"enemies":"2 Louse","floor":2.0,"turns":2.0},{"damage":4.0,"enemies":"Jaw Worm","floor":3.0,"turns":4.0},{"damage":5.0,"enemies":"3 Louse","floor":4.0,"turns":2.0},{"damage":19.0,"enemies":"HollowMod:MossKnight","floor":7.0,"turns":7.0},{"damage":6.0,"enemies":"Blue Slaver","floor":8.0,"turns":5.0},{"damage":3.0,"enemies":"Lagavulin","floor":11.0,"turns":6.0},{"damage":2.0,"enemies":"2 Fungi Beasts","floor":14.0,"turns":2.0},{"damage":29.0,"enemies":"Hexaghost","floor":16.0,"turns":10.0},{"damage":7.0,"enemies":"theJungle:GiantWrat","floor":18.0,"turns":4.0},{"damage":6.0,"enemies":"theJungle:MUSHROOMGANG","floor":21.0,"turns":4.0},{"damage":0.0,"enemies":"theJungle:Cassacara","floor":23.0,"turns":4.0},{"damage":4.0,"enemies":"theJungle:JungleHuntersEncounter","floor":27.0,"turns":5.0},{"damage":0.0,"enemies":"theJungle:MamaSnecko","floor":28.0,"turns":3.0},{"damage":0.0,"enemies":"theJungle:2_Snecko_Cultists","floor":31.0,"turns":2.0},{"damage":0,"enemies":"theJungle:QueenSpyder","floor":33,"turns":8},{"damage":6,"enemies":"3 Shapes","floor":35,"turns":2},{"damage":3,"enemies":"3 Darklings","floor":37,"turns":2},{"damage":16,"enemies":"Transient","floor":38,"turns":6},{"damage":0,"enemies":"Spire Growth","floor":39,"turns":3},{"damage":0,"enemies":"HollowMod:StalkingDevout","floor":41,"turns":4},{"damage":7,"enemies":"Nemesis","floor":44,"turns":7},{"damage":0,"enemies":"3 Darklings","floor":45,"turns":2},{"damage":90,"enemies":"Nightmare","floor":46,"turns":6}],"seed_played":"-7109576375104936158","potions_obtained":[{"floor":3.0,"key":"Regen Potion"},{"floor":7.0,"key":"Block Potion"},{"floor":14.0,"key":"hexamod:SoulburnPotion"},{"floor":16.0,"key":"FearPotion"},{"floor":18.0,"key":"champ:CounterPotion"},{"floor":27.0,"key":"Block Potion"},{"floor":31.0,"key":"PowerPotion"},{"floor":39,"key":"FairyPotion"},{"floor":41,"key":"bronze:CleanCodePotion"},{"floor":44,"key":"PowerPotion"}],"is_trial":false,"path_per_floor":["M","M","M","M","?","R","E","M","T","?","E","?","$","M","R","B",null,"M","T","?","M","?","E","R","?","T","M","E","T","R","M","R","B",null,"M","AVR","M","M","M","R","E","R","T","E","M","NM"],"character_chosen":"THE_AUTOMATON","items_purchased":["Membership Card","bronze:Flail"],"campfire_rested":1,"item_purchase_floors":[13,13],"current_hp_per_floor":[49,49,45,40,40,40,36,30,30,30,27,27,27,25,46,17,70,63,63,63,57,57,57,63,56,56,52,52,52,61,61,70,70,70,64,64,61,45,45,54,54,63,63,56,56,0,0],"gold":377,"neow_bonus":"REMOVE_TWO","is_daily":false,"chose_seed":false,"campfire_upgraded":6,"win_rate":0.0,"timestamp":1610903580,"path_taken":["M","M","M","?","?","R","E","M","T","?","E","?","?","M","R","BOSS","M","?","?","M","?","E","R","?","T","M","E","?","R","M","R","BOSS","M","AVR","M","M","M","R","E","R","T","E","M","NM"],"items_purchased_type":["Relic","Card"],"build_version":"2020-12-22","purchased_purges":2,"victory":false,"max_hp_per_floor":[70,70,70,70,70,70,70,70,70,70,70,70,70,70,70,70,70,70,70,70,70,70,70,70,70,70,70,70,70,70,70,70,70,70,70,70,70,70,70,70,70,70,70,70,70,70,70],"relic_stats":{"counters":[24,103],"Mummified Hand":[35],"Tiny Chest":2,"Eternal Feather":42,"MealTicket":0,"obtain_stats":[{"bronze:BronzeCore":0,"Eternal Feather":19,"hubris:MedicalManual":28,"infinitespire:FocusingShard":34,"theJungle:Creamberry":20,"HollowMod:StagPassRelic":23,"Calling Bell":34,"CaptainsWheel":43,"Bottled Flame":44,"HornCleat":9,"hubris:Icosahedron":10,"infinitespire:ShieldingShard":41,"Mummified Hand":29,"Tiny Chest":7,"MealTicket":36,"Bag of Marbles":11,"hubris:TenFootPole":34,"Coffee Dripper":36,"Membership Card":13,"hubris:CrackedHourglass":17,"Unceasing Top":34},{"bronze:BronzeCore":0,"Eternal Feather":10,"hubris:MedicalManual":14,"infinitespire:FocusingShard":16,"theJungle:Creamberry":10,"HollowMod:StagPassRelic":12,"Calling Bell":16,"CaptainsWheel":21,"Bottled Flame":22,"HornCleat":6,"hubris:Icosahedron":6,"infinitespire:ShieldingShard":21,"Mummified Hand":14,"Tiny Chest":5,"MealTicket":17,"Bag of Marbles":7,"hubris:TenFootPole":16,"Coffee Dripper":17,"Membership Card":7,"hubris:CrackedHourglass":9,"Unceasing Top":16},{"bronze:BronzeCore":0,"Eternal Feather":45,"hubris:MedicalManual":61,"infinitespire:FocusingShard":71,"theJungle:Creamberry":45,"HollowMod:StagPassRelic":53,"Calling Bell":71,"CaptainsWheel":88,"Bottled Flame":95,"HornCleat":23,"hubris:Icosahedron":23,"infinitespire:ShieldingShard":88,"Mummified Hand":61,"Tiny Chest":18,"MealTicket":73,"Bag of Marbles":29,"hubris:TenFootPole":71,"Coffee Dripper":73,"Membership Card":29,"hubris:CrackedHourglass":41,"Unceasing Top":71}],"Unceasing Top":[6]},"card_choices":[{"not_picked":["bronze:Separator","bronze:Frontload"],"picked":"bronze:Branch","floor":1.0},{"not_picked":["bronze:Return","bronze:BronzeArmor","bronze:DelayedSlice"],"picked":"SKIP","floor":2.0},{"not_picked":["bronze:Repulsor","bronze:MaxOutput"],"picked":"bronze:FollowUp","floor":3.0},{"not_picked":["bronze:BitShift","bronze:WildBeam","bronze:ClassDefault"],"picked":"SKIP","floor":4.0},{"not_picked":["bronze:Return","bronze:BuggyMess"],"picked":"bronze:Verify","floor":7.0},{"not_picked":["bronze:Deprecate","bronze:Repair","bronze:MaxOutput"],"picked":"SKIP","floor":8.0},{"not_picked":["bronze:BronzeArmor","bronze:ForLoop","bronze:DarkDash"],"picked":"SKIP","floor":11.0},{"not_picked":["bronze:DigitalCarnage","bronze:Safeguard","bronze:DarkDash"],"picked":"SKIP","floor":14.0},{"not_picked":["bronze:SpaghettiCode","bronze:BurnOut"],"picked":"bronze:AlphaBuild","floor":16.0},{"not_picked":["bronze:ItsAFeature","bronze:Optimize"],"picked":"bronze:MaxOutput+1","floor":18.0},{"not_picked":["bronze:Separator","bronze:WildBeam"],"picked":"bronze:Overload+1","floor":21.0},{"not_picked":["bronze:BuggyMess","bronze:WhirlingStrike","bronze:ItsAFeature+1"],"picked":"SKIP","floor":23.0},{"not_picked":["bronze:Overload+1","bronze:Shield","bronze:Boost+1"],"picked":"SKIP","floor":27.0},{"not_picked":["bronze:BugBarrage+1","bronze:Separator"],"picked":"bronze:Shell+1","floor":28.0},{"not_picked":["bronze:ShipIt+1","bronze:Boost+1","bronze:Shield"],"picked":"SKIP","floor":31.0},{"not_picked":["bronze:SpaghettiCode+1","bronze:CleanCode+1"],"picked":"bronze:RecursiveStrike+1","floor":33},{"not_picked":["bronze:Frontload+1","bronze:Shell+1"],"picked":"bronze:ClassDefault+1","floor":35},{"not_picked":["bronze:ClassDefault+1","bronze:CutThrough","bronze:DarkDash+1"],"picked":"SKIP","floor":37},{"not_picked":["bronze:FineTuning","bronze:ForLoop+1"],"picked":"bronze:Constructor+1","floor":38},{"not_picked":["bronze:WildBeam+1","bronze:DelayedSlice","bronze:Repair+1"],"picked":"SKIP","floor":39},{"not_picked":["bronze:WildBeam+1","bronze:MaxOutput+1"],"picked":"bronze:ForceShield+1","floor":41},{"not_picked":["bronze:Optimize+1","bronze:Shell+1","bronze:Constructor"],"picked":"SKIP","floor":44},{"not_picked":["bronze:CutThrough","bronze:BugBarrage+1","bronze:Invalidate+1"],"picked":"SKIP","floor":45}],"player_experience":1055730,"relics_obtained":[{"floor":7.0,"key":"Tiny Chest"},{"floor":9.0,"key":"HornCleat"},{"floor":11.0,"key":"Bag of Marbles"},{"floor":19.0,"key":"Eternal Feather"},{"floor":23.0,"key":"HollowMod:StagPassRelic"},{"floor":28.0,"key":"hubris:MedicalManual"},{"floor":29.0,"key":"Mummified Hand"},{"floor":34,"key":"hubris:TenFootPole"},{"floor":34,"key":"infinitespire:FocusingShard"},{"floor":34,"key":"Unceasing Top"},{"floor":41,"key":"infinitespire:ShieldingShard"},{"floor":43,"key":"CaptainsWheel"},{"floor":44,"key":"Bottled Flame"}],"event_choices":[{"damage_healed":0.0,"max_hp_gain":0.0,"max_hp_loss":0.0,"gold_gain":0.0,"event_name":"Liars Game","player_choice":"Ignored","floor":5.0,"gold_loss":0.0,"damage_taken":0.0},{"damage_healed":0.0,"max_hp_gain":0.0,"max_hp_loss":0.0,"gold_gain":0.0,"event_name":"Wheel of Change","player_choice":"Damaged","floor":25.0,"gold_loss":0.0,"damage_taken":7.0}],"is_beta":false,"boss_relics":[{"not_picked":["Ectoplasm","SlaversCollar"],"picked":"hubris:CrackedHourglass"},{"not_picked":["hubris:VirtuousBlindfold","infinitespire:Cupcake"],"picked":"Calling Bell"}],"items_purged_floors":[13,36],"is_endless":false,"potions_floor_spawned":[3,7,14,16,18,27,31,39,41,44,45],"killed_by":"Nightmare","ascension_level":0}}