{"host":"x5anfo2w8aotfuta","time":1610853365,"event":{"mods":["AchievementEnabler","BaseMod","Bestiary","Block Reminder","Colored Map","Colored Powertips","DeckTracker","Highlight Path","Minty Spire (QoL Compilation)","Quick Restart","Rare Cards Sparkle","Relic Stats","StSLib"],"gold_per_floor":[119,69,85,97,112,112,122,122,174,192,218,218,253,270,270,368,368,381,381,391,10,28,28,57,57,57,91,91,119,144,164,164,164,164],"floor_reached":33,"language":"ENG","playtime":2942,"items_purged":[],"score":391,"play_id":"4174c28d-df8f-4ca2-8695-f4f820404616","local_time":"20210116191605","is_ascension_mode":true,"campfire_choices":[{"data":"Chaos","floor":6.0,"key":"SMITH"},{"floor":8.0,"key":"REST"},{"data":"Beam Cell","floor":12.0,"key":"SMITH"},{"data":"Loop","floor":15.0,"key":"SMITH"},{"data":"Master of Strategy","floor":23.0,"key":"SMITH"},{"data":"Defragment","floor":28.0,"key":"SMITH"},{"data":"Coolheaded","floor":32,"key":"SMITH"}],"circlet_count":0,"master_deck":["Strike_B","Defend_B","Defend_B","Defend_B","Defend_B","Zap","Dualcast","Cold Snap","Ball Lightning","Chaos+1","Beam Cell+1","Leap","Chill","Reinforced Body","Loop+1","Hyperbeam","Reinforced Body+1","Core Surge","Aggregate","Glacier","Master of Strategy+1","Defragment+1","Seek","BootSequence","Coolheaded+1","Skim"],"relics":["Runic Dome","Blood Vial","Gremlin Horn","DataDisk","Nuclear Battery","OrangePellets","Strawberry","Bottled Tornado","CeramicFish"],"acts_visited":["Exordium","TheCity"],"potions_floor_usage":[33],"damage_taken":[{"damage":7.0,"enemies":"Jaw Worm","floor":1.0,"turns":3.0},{"damage":0.0,"enemies":"Small Slimes","floor":3.0,"turns":3.0},{"damage":0.0,"enemies":"2 Louse","floor":4.0,"turns":3.0},{"damage":18.0,"enemies":"Lots of Slimes","floor":5.0,"turns":4.0},{"damage":21.0,"enemies":"Large Slime","floor":7.0,"turns":5.0},{"damage":3.0,"enemies":"Blue Slaver","floor":10.0,"turns":2.0},{"damage":3.0,"enemies":"Lagavulin","floor":11.0,"turns":5.0},{"damage":6.0,"enemies":"3 Sentries","floor":13.0,"turns":8.0},{"damage":4.0,"enemies":"Exordium Thugs","floor":14.0,"turns":4.0},{"damage":3.0,"enemies":"The Guardian","floor":16.0,"turns":9.0},{"damage":7.0,"enemies":"3 Byrds","floor":18.0,"turns":5.0},{"damage":3.0,"enemies":"Chosen","floor":20.0,"turns":6.0},{"damage":0.0,"enemies":"3 Cultists","floor":22.0,"turns":4.0},{"damage":10.0,"enemies":"Slavers","floor":24.0,"turns":4.0},{"damage":33.0,"enemies":"Gremlin Leader","floor":27.0,"turns":10.0},{"damage":1.0,"enemies":"Shelled Parasite and Fungi","floor":29.0,"turns":5.0},{"damage":0.0,"enemies":"Centurion and Healer","floor":30.0,"turns":5.0},{"damage":0.0,"enemies":"Chosen and Byrds","floor":31.0,"turns":4.0},{"damage":58,"enemies":"Champ","floor":33,"turns":15}],"seed_played":"1162091076698824504","potions_obtained":[{"floor":1.0,"key":"SkillPotion"},{"floor":7.0,"key":"AttackPotion"},{"floor":11.0,"key":"FocusPotion"},{"floor":14.0,"key":"Energy Potion"},{"floor":16.0,"key":"EssenceOfSteel"},{"floor":24.0,"key":"Weak Potion"},{"floor":27.0,"key":"Explosive Potion"},{"floor":29.0,"key":"Weak Potion"}],"is_trial":false,"path_per_floor":["M","?","M","M","M","R","M","R","T","M","E","R","E","M","R","B",null,"M","?","M","$","M","R","E","?","T","E","R","M","M","M","R","B"],"character_chosen":"DEFECT","items_purchased":["OrangePellets","Master of Strategy","Explosive Potion"],"campfire_rested":1,"item_purchase_floors":[21,21,21],"current_hp_per_floor":[61,61,61,61,43,43,22,44,44,43,42,42,38,36,36,35,65,60,60,59,59,61,61,60,60,60,29,29,30,32,34,34,0,0],"gold":164,"neow_bonus":"BOSS_RELIC","is_daily":false,"chose_seed":false,"campfire_upgraded":6,"win_rate":0.0,"timestamp":1610853365,"path_taken":["M","?","M","M","M","R","M","R","T","M","E","R","E","M","R","BOSS","M","?","M","$","M","R","E","?","T","E","R","M","M","M","R","BOSS"],"items_purchased_type":["Relic","Card","Potion"],"build_version":"2020-12-22","purchased_purges":0,"victory":false,"max_hp_per_floor":[75,75,75,75,75,75,75,75,75,75,75,75,75,75,75,75,75,75,75,75,75,75,75,82,82,82,82,82,82,82,82,82,82,82],"relic_stats":{"Blood Vial":28,"OrangePellets":[1],"Gremlin Horn":[16,16],"counters":[19,103],"CeramicFish":36,"obtain_stats":[{"Blood Vial":9,"Runic Dome":0,"OrangePellets":21,"DataDisk":13,"Gremlin Horn":11,"Strawberry":24,"CeramicFish":27,"Bottled Tornado":26,"Cracked Core":0,"Nuclear Battery":17},{"Blood Vial":5,"Runic Dome":0,"OrangePellets":12,"DataDisk":8,"Gremlin Horn":7,"Strawberry":14,"CeramicFish":15,"Bottled Tornado":14,"Cracked Core":0,"Nuclear Battery":10},{"Blood Vial":18,"Runic Dome":0,"OrangePellets":57,"DataDisk":33,"Gremlin Horn":25,"Strawberry":65,"CeramicFish":75,"Bottled Tornado":65,"Cracked Core":0,"Nuclear Battery":46}]},"card_choices":[{"not_picked":["Tempest","Ball Lightning"],"picked":"Cold Snap","floor":1.0},{"not_picked":["Coolheaded","Reprogram"],"picked":"Ball Lightning","floor":3.0},{"not_picked":["Scrape","Rebound"],"picked":"Chaos","floor":4.0},{"not_picked":["Coolheaded","Reprogram"],"picked":"Beam Cell","floor":5.0},{"not_picked":["Fusion","Ball Lightning"],"picked":"Leap","floor":7.0},{"not_picked":["Rebound","Stack"],"picked":"Chill","floor":10.0},{"not_picked":["Redo","Rebound","Fusion"],"picked":"SKIP","floor":11.0},{"not_picked":["Meteor Strike","Tempest"],"picked":"Reinforced Body","floor":13.0},{"not_picked":["Blizzard","Sweeping Beam"],"picked":"Loop","floor":14.0},{"not_picked":["Rainbow","Multi-Cast"],"picked":"Hyperbeam","floor":16.0},{"not_picked":["Leap","Gash"],"picked":"Reinforced Body+1","floor":18.0},{"not_picked":["Sweeping Beam","Cold Snap"],"picked":"Glacier","floor":20.0},{"not_picked":["Go for the Eyes+1","Gash+1","Glacier"],"picked":"SKIP","floor":22.0},{"not_picked":["Static Discharge","Leap"],"picked":"Defragment","floor":24.0},{"not_picked":["Auto Shields","Self Repair"],"picked":"Seek","floor":27.0},{"not_picked":["Scrape","Force Field"],"picked":"BootSequence","floor":29.0},{"not_picked":["Beam Cell","Recycle"],"picked":"Coolheaded","floor":30.0},{"not_picked":["Beam Cell","Leap"],"picked":"Skim","floor":31.0}],"player_experience":456626,"relics_obtained":[{"floor":9.0,"key":"Blood Vial"},{"floor":11.0,"key":"Gremlin Horn"},{"floor":13.0,"key":"DataDisk"},{"floor":24.0,"key":"Strawberry"},{"floor":26.0,"key":"Bottled Tornado"},{"floor":27.0,"key":"CeramicFish"}],"event_choices":[{"cards_removed":["Strike_B"],"damage_healed":0.0,"max_hp_gain":0.0,"max_hp_loss":0.0,"gold_gain":0.0,"event_name":"The Cleric","player_choice":"Card Removal","floor":2.0,"gold_loss":50.0,"damage_taken":0.0},{"damage_healed":0.0,"max_hp_gain":0.0,"max_hp_loss":0.0,"gold_gain":0.0,"cards_transformed":["Strike_B","Strike_B"],"event_name":"Drug Dealer","player_choice":"Became Test Subject","floor":19.0,"gold_loss":0.0,"damage_taken":0.0,"cards_obtained":["Core Surge","Aggregate"]}],"is_beta":false,"boss_relics":[{"not_picked":["Ectoplasm","Fusion Hammer"],"picked":"Nuclear Battery"}],"items_purged_floors":[],"is_endless":false,"potions_floor_spawned":[1,7,11,14,16,24,27,29,31],"killed_by":"Champ","ascension_level":6}}