{"host":"8rqsnaeml9gxb0kp","time":1610868829,"event":{"mods":["AchievementEnabler","BaseMod","Dark Map","Minty Spire (QoL Compilation)","StSLib"],"gold_per_floor":[116,131,206,217,317,350,360,388,443,41,41,41,61,89,89,193,193,203,53,53,72,72,72,72,72,152,252,269,41,75,90,90,187,187,199,199,199,212,61,61,92,92,118,130,168,180,20,52,52,52],"floor_reached":51,"language":"ENG","playtime":2783,"items_purged":["Strike_R","Doubt"],"score":928,"play_id":"5b34cc57-416e-4465-9015-e815e3c24033","local_time":"20210116233349","is_ascension_mode":true,"campfire_choices":[{"floor":15,"key":"REST"},{"data":"Armaments","floor":23,"key":"SMITH"},{"floor":25,"key":"REST"},{"floor":32,"key":"REST"},{"data":"Limit Break","floor":40,"key":"SMITH"},{"data":"Pummel","floor":42,"key":"SMITH"},{"data":"Brutality","floor":44,"key":"SMITH"},{"data":"Combust","floor":49,"key":"SMITH"}],"circlet_count":0,"master_deck":["Strike_R","Strike_R","Defend_R","Defend_R+1","Defend_R","Defend_R+1","Bash","Thunderclap","Clothesline","Pummel+1","Shockwave","Thunderclap","Rampage+1","Bandage Up","Armaments+1","Pommel Strike+1","Twin Strike+1","Brutality+1","Rupture+1","Cleave+1","Clothesline+1","Combust","Battle Trance","Power Through+1","Limit Break+1","Headbutt+1","Rupture+1","Intimidate+1","Combust+1","Twin Strike+1","Hemokinesis+1","Bloodletting","Combust+1"],"relics":["Burning Blood","Potion Belt","Molten Egg 2","Bronze Scales","Magic Flower","MealTicket","Runic Cube","Strange Spoon","MutagenicStrength","Self Forming Clay","Regal Pillow","Bottled Lightning","Snecko Eye","Frozen Egg 2","MawBank","Ice Cream","War Paint"],"acts_visited":["Exordium","TheCity","TheBeyond"],"potions_floor_usage":[8,16,16,16,33,33,45,50],"damage_taken":[{"damage":4,"enemies":"2 Louse","floor":1,"turns":4},{"damage":8,"enemies":"Jaw Worm","floor":2,"turns":5},{"damage":0,"enemies":"Cultist","floor":4,"turns":3},{"damage":28,"enemies":"Gremlin Nob","floor":6,"turns":4},{"damage":16,"enemies":"3 Louse","floor":7,"turns":5},{"damage":45,"enemies":"3 Sentries","floor":8,"turns":10},{"damage":13,"enemies":"Exordium Wildlife","floor":13,"turns":5},{"damage":24,"enemies":"Gremlin Nob","floor":14,"turns":4},{"damage":42,"enemies":"Slime Boss","floor":16,"turns":10},{"damage":68,"enemies":"Shell Parasite","floor":18,"turns":8},{"damage":28,"enemies":"Spheric Guardian","floor":21,"turns":4},{"damage":32,"enemies":"Snecko","floor":28,"turns":5},{"damage":16,"enemies":"Gremlin Leader","floor":30,"turns":5},{"damage":31,"enemies":"3 Cultists","floor":31,"turns":5},{"damage":31,"enemies":"Champ","floor":33,"turns":8},{"damage":46,"enemies":"3 Darklings","floor":35,"turns":4},{"damage":9,"enemies":"Orb Walker","floor":38,"turns":3},{"damage":16,"enemies":"Giant Head","floor":41,"turns":5},{"damage":37,"enemies":"Nemesis","floor":45,"turns":5},{"damage":38,"enemies":"Giant Head","floor":48,"turns":6},{"damage":33,"enemies":"Donu and Deca","floor":50,"turns":5}],"seed_played":"-6999616021165987226","potions_obtained":[{"floor":2,"key":"Regen Potion"},{"floor":4,"key":"Swift Potion"},{"floor":13,"key":"Block Potion"},{"floor":14,"key":"BlessingOfTheForge"},{"floor":18,"key":"LiquidMemories"},{"floor":21,"key":"Energy Potion"},{"floor":33,"key":"Strength Potion"},{"floor":48,"key":"PowerPotion"}],"is_trial":false,"path_per_floor":["M","M","?","M","?","E","M","E","T","$","?","?","M","E","R","B",null,"M","$","?","M","?","R","?","R","T","?","M","$","E","M","R","B",null,"M","?","?","M","$","R","E","R","T","R","E","?","$","E","R","B",null],"character_chosen":"IRONCLAD","items_purchased":["Magic Flower","Bandage Up","Armaments","Strange Spoon","Combust","Regal Pillow","Combust","Bloodletting"],"campfire_rested":3,"item_purchase_floors":[10,10,10,19,29,29,39,47],"current_hp_per_floor":[88,86,75,81,81,59,49,25,25,25,25,25,30,21,47,23,88,37,52,52,48,48,48,31,58,58,58,41,56,55,45,87,77,93,62,62,62,62,77,77,76,76,76,76,54,93,93,70,70,46],"gold":52,"neow_bonus":"TEN_PERCENT_HP_BONUS","is_daily":false,"chose_seed":false,"campfire_upgraded":5,"win_rate":0.0,"timestamp":1610868829,"path_taken":["M","M","?","M","?","E","?","E","T","$","?","?","?","E","R","BOSS","M","$","?","?","?","R","?","R","T","?","M","$","E","M","R","BOSS","M","?","?","?","?","R","E","R","T","R","E","?","$","E","R","BOSS"],"items_purchased_type":["Relic","Card","Card","Relic","Card","Relic","Card","Card"],"build_version":"2020-12-22","purchased_purges":2,"victory":true,"max_hp_per_floor":[88,88,88,88,88,88,88,88,88,88,88,88,88,88,88,88,88,88,88,88,88,88,88,93,93,93,93,93,93,93,93,93,93,93,93,93,93,93,93,93,93,93,93,93,93,93,93,93,93,93],"card_choices":[{"not_picked":["Heavy Blade","Inflame"],"picked":"Thunderclap","floor":1},{"not_picked":["Power Through","Headbutt"],"picked":"Clothesline","floor":2},{"not_picked":["Shrug It Off","Juggernaut"],"picked":"Pummel","floor":4},{"not_picked":["Shrug It Off","Rampage"],"picked":"Shockwave","floor":6},{"not_picked":["Warcry","Infernal Blade"],"picked":"Thunderclap","floor":7},{"not_picked":["Offering","Entrench"],"picked":"Rampage+1","floor":8},{"not_picked":["Clothesline+1","Carnage+1"],"picked":"Pommel Strike+1","floor":13},{"not_picked":["Rage","Body Slam+1"],"picked":"Twin Strike+1","floor":14},{"not_picked":["Corruption","Offering"],"picked":"Brutality","floor":16},{"not_picked":["Headbutt+1","Combust"],"picked":"Rupture+1","floor":18},{"not_picked":["Thunderclap+1","Body Slam+1"],"picked":"Cleave+1","floor":21},{"not_picked":["Iron Wave+1","Body Slam+1"],"picked":"Clothesline+1","floor":28},{"not_picked":["Double Tap","Headbutt+1"],"picked":"Battle Trance","floor":30},{"not_picked":["Evolve","Havoc+1"],"picked":"Power Through+1","floor":31},{"not_picked":["Offering","Berserk"],"picked":"Limit Break","floor":33},{"not_picked":["Power Through","Clothesline+1"],"picked":"Headbutt+1","floor":35},{"not_picked":["Searing Blow+1","Thunderclap+1"],"picked":"Intimidate+1","floor":38},{"not_picked":["True Grit+1","Iron Wave+1"],"picked":"Twin Strike+1","floor":41},{"not_picked":["Uppercut+1","Perfected Strike+1"],"picked":"Hemokinesis+1","floor":45},{"not_picked":["Entrench+1","Metallicize+1"],"picked":"Combust+1","floor":48}],"player_experience":89039,"relics_obtained":[{"floor":6,"key":"Potion Belt"},{"floor":8,"key":"Molten Egg 2"},{"floor":9,"key":"Bronze Scales"},{"floor":14,"key":"MealTicket"},{"floor":26,"key":"Self Forming Clay"},{"floor":30,"key":"Bottled Lightning"},{"floor":41,"key":"Frozen Egg 2"},{"floor":43,"key":"MawBank"},{"floor":45,"key":"Ice Cream"},{"floor":48,"key":"War Paint"}],"event_choices":[{"damage_healed":0,"gold_gain":75,"player_choice":"Gather Gold","damage_taken":11,"max_hp_gain":0,"max_hp_loss":0,"event_name":"World of Goop","floor":3,"gold_loss":0},{"damage_healed":0,"gold_gain":100,"player_choice":"Pray","damage_taken":0,"max_hp_gain":0,"max_hp_loss":0,"event_name":"Golden Shrine","floor":5,"gold_loss":0},{"damage_healed":0,"gold_gain":0,"player_choice":"Ignored","damage_taken":0,"max_hp_gain":0,"max_hp_loss":0,"event_name":"Golden Idol","floor":11,"gold_loss":0},{"damage_healed":0,"gold_gain":0,"player_choice":"Ignored","damage_taken":0,"max_hp_gain":0,"max_hp_loss":0,"event_name":"Shining Light","floor":12,"gold_loss":0},{"cards_removed":["Strike_R"],"damage_healed":0,"gold_gain":0,"player_choice":"Offered Basic","damage_taken":0,"max_hp_gain":0,"max_hp_loss":0,"event_name":"Bonfire Elementals","floor":20,"gold_loss":0},{"damage_healed":0,"gold_gain":0,"player_choice":"Inject Mutagens","damage_taken":0,"relics_obtained":["MutagenicStrength"],"max_hp_gain":0,"max_hp_loss":0,"event_name":"Drug Dealer","floor":22,"gold_loss":0},{"damage_healed":0,"gold_gain":0,"player_choice":"Shed Blood","damage_taken":22,"max_hp_gain":5,"max_hp_loss":0,"event_name":"Forgotten Altar","floor":24,"gold_loss":0},{"damage_healed":0,"gold_gain":100,"player_choice":"Pray","damage_taken":0,"max_hp_gain":0,"max_hp_loss":0,"event_name":"Golden Shrine","floor":27,"gold_loss":0},{"cards_removed":["Strike_R"],"damage_healed":0,"gold_gain":0,"player_choice":"Removed Attack","damage_taken":0,"max_hp_gain":0,"max_hp_loss":0,"event_name":"Falling","floor":36,"gold_loss":0},{"damage_healed":0,"gold_gain":0,"player_choice":"Copied","damage_taken":0,"max_hp_gain":0,"max_hp_loss":0,"event_name":"Duplicator","floor":37,"gold_loss":0,"cards_obtained":["Rupture"]},{"damage_healed":39,"gold_gain":0,"player_choice":"Heal","damage_taken":0,"max_hp_gain":0,"max_hp_loss":0,"event_name":"MindBloom","floor":46,"gold_loss":0,"cards_obtained":["Doubt"]}],"is_beta":false,"boss_relics":[{"not_picked":["Calling Bell","Ectoplasm"],"picked":"Runic Cube"},{"not_picked":["SlaversCollar","Runic Dome"],"picked":"Snecko Eye"}],"items_purged_floors":[39,47],"is_endless":false,"potions_floor_spawned":[2,4,13,14,18,21,33,48],"ascension_level":3}}