{"host":"b995t17pt6d05w8c","time":1610917372,"event":{"mods":["AchievementEnabler","BaseMod","Colored Map","DeckTracker","Keyboard Shortcuts","Minty Spire (QoL Compilation)","Permanent Neow","SuperFastMode"],"gold_per_floor":[109,109,109,134,150,184,184,205,231,181,197,197,213,226,226,226,226],"floor_reached":16,"language":"KOR","playtime":398,"items_purged":["Strike_R"],"score":203,"play_id":"fed6a186-2cc3-4e81-90ed-e1622f8b8768","local_time":"20210118060252","is_ascension_mode":true,"campfire_choices":[{"floor":7.0,"key":"REST"},{"floor":15.0,"key":"REST"}],"circlet_count":0,"master_deck":["AscendersBane","Strike_R","Strike_R","Strike_R","Strike_R","Defend_R","Defend_R","Defend_R","Defend_R","Bash","Flame Barrier","Twin Strike","Headbutt","Ghostly Armor","Rampage"],"relics":["Burning Blood","Smiling Mask","Golden Idol","Boot","Art of War","SsserpentHead"],"acts_visited":["Exordium"],"potions_floor_usage":[16,16],"damage_taken":[{"damage":15.0,"enemies":"Small Slimes","floor":1.0,"turns":4.0},{"damage":7.0,"enemies":"Jaw Worm","floor":4.0,"turns":3.0},{"damage":6.0,"enemies":"Cultist","floor":5.0,"turns":4.0},{"damage":56.0,"enemies":"Gremlin Nob","floor":6.0,"turns":5.0},{"damage":12.0,"enemies":"2 Fungi Beasts","floor":8.0,"turns":5.0},{"damage":11.0,"enemies":"3 Louse","floor":11.0,"turns":4.0},{"damage":13.0,"enemies":"Lots of Slimes","floor":13.0,"turns":5.0},{"damage":9.0,"enemies":"Large Slime","floor":14.0,"turns":5.0},{"damage":37,"enemies":"The Guardian","floor":16,"turns":15}],"seed_played":"1599465968828140420","potions_obtained":[{"floor":8.0,"key":"SteroidPotion"},{"floor":11.0,"key":"PowerPotion"},{"floor":13.0,"key":"GamblersBrew"}],"is_trial":false,"path_per_floor":["M","?","?","M","M","E","R","M","T","$","M","?","M","M","R","B"],"character_chosen":"IRONCLAD","items_purchased":[],"campfire_rested":2,"item_purchase_floors":[],"current_hp_per_floor":[59,64,64,63,63,13,34,28,28,28,23,23,16,13,34,0,0],"gold":226,"neow_bonus":"RANDOM_COMMON_RELIC","is_daily":false,"chose_seed":false,"campfire_upgraded":0,"win_rate":0.0,"timestamp":1610917372,"path_taken":["M","?","?","M","M","E","R","M","T","$","M","?","M","M","R","BOSS"],"items_purchased_type":[],"build_version":"2020-12-22","purchased_purges":1,"victory":false,"max_hp_per_floor":[75,80,72,72,72,72,72,72,72,72,72,72,72,72,72,72,72],"card_choices":[{"not_picked":["Twin Strike","Cleave"],"picked":"Flame Barrier","floor":1.0},{"not_picked":["True Grit","Havoc","Iron Wave"],"picked":"SKIP","floor":4.0},{"not_picked":["Anger","Thunderclap"],"picked":"Twin Strike","floor":5.0},{"not_picked":["Iron Wave","True Grit","Reaper"],"picked":"SKIP","floor":6.0},{"not_picked":["Anger","Body Slam"],"picked":"Headbutt","floor":8.0},{"not_picked":["Sever Soul","Body Slam"],"picked":"Ghostly Armor","floor":11.0},{"not_picked":["Headbutt","Flex"],"picked":"Rampage","floor":13.0},{"not_picked":["Headbutt","Dark Embrace","Cleave"],"picked":"SKIP","floor":14.0}],"player_experience":146125,"relics_obtained":[{"floor":6.0,"key":"Boot"},{"floor":9.0,"key":"Art of War"}],"event_choices":[{"damage_healed":0.0,"max_hp_gain":5.0,"max_hp_loss":0.0,"gold_gain":0.0,"event_name":"Big Fish","player_choice":"Donut","floor":2.0,"gold_loss":0.0,"damage_taken":0.0},{"damage_healed":0.0,"max_hp_gain":0.0,"max_hp_loss":8.0,"gold_gain":0.0,"event_name":"Golden Idol","player_choice":"Lose Max HP","floor":3.0,"gold_loss":0.0,"damage_taken":0.0,"relics_obtained":["Golden Idol"]},{"damage_healed":0.0,"max_hp_gain":0.0,"max_hp_loss":0.0,"gold_gain":0.0,"event_name":"FaceTrader","player_choice":"Trade","floor":12.0,"gold_loss":0.0,"damage_taken":0.0,"relics_obtained":["SsserpentHead"]}],"is_beta":false,"boss_relics":[],"items_purged_floors":[10],"is_endless":false,"potions_floor_spawned":[8,11,13],"killed_by":"The Guardian","ascension_level":19}}