{"host":"1kq2ingo3j45gyyp","time":1610845947,"event":{"mods":["BaseMod","Better Note","Better Third Choice","Downfall","Minty Spire (QoL Compilation)","StSLib"],"gold_per_floor":[99,117,127,142,53,53,105,116,54,69,69,69,69,169,185,289,289,89,101,114,23,38,38,38,57,57,70,70,88,107,107,107,107],"floor_reached":31,"language":"ENG","playtime":1482,"items_purged":[],"score":231,"play_id":"f3f1d5e8-20e7-4b7f-89ff-8b2323a2a3f6","local_time":"20210116201227","is_ascension_mode":false,"campfire_choices":[{"floor":1,"key":"RECALL"},{"data":"champ:BerserkerStyle","floor":11,"key":"SMITH"},{"data":"champ:EnchantSword","floor":13,"key":"SMITH"},{"data":"champ:Taunt","floor":18,"key":"SMITH"},{"data":"champ:HeartStrike","floor":23,"key":"SMITH"}],"circlet_count":0,"master_deck":["champ:Strike","champ:Strike","champ:Strike","champ:Strike","champ:Defend+1","champ:Defend","champ:Defend","champ:Execute","champ:Taunt+1","champ:EnchantSword+1","champ:Backstep","champ:AdrenalArmor+1","champ:Encircle+1","champ:BerserkerStyle+1","champ:BerserkersShout","champ:BerserkersShout","champ:GutPunch","champ:ShieldSlam","champ:SteelEdge","champ:Shatter","champ:Endure","champ:VampiricStrike","champ:HeartStrike+1","champ:FanOfKnives","champ:Haymaker+1","champ:FocusedBerserking+1"],"relics":["champ:ChampionCrown","Empty Cage","downfall:HeartBlessingRed","downfall:HeartBlessingBlue","Bottled Tornado","FaceOfCleric"],"acts_visited":["Exordium","TheCity"],"potions_floor_usage":[9,16,21],"damage_taken":[{"damage":0,"enemies":"Small Slimes","floor":2,"turns":4},{"damage":21,"enemies":"Cultist","floor":3,"turns":5},{"damage":20,"enemies":"2 Louse","floor":4,"turns":4},{"damage":10,"enemies":"downfall:FleeingMerchant","floor":5,"turns":4},{"damage":27,"enemies":"Exordium Thugs","floor":8,"turns":10},{"damage":36,"enemies":"downfall:FleeingMerchant","floor":9,"turns":4},{"damage":28,"enemies":"Blue Slaver","floor":10,"turns":4},{"damage":36,"enemies":"Large Slime","floor":15,"turns":5},{"damage":143,"enemies":"WA_ARCHETYPE_RETAIN","floor":16,"turns":8},{"damage":33,"enemies":"Chosen","floor":19,"turns":3},{"damage":29,"enemies":"Spheric Guardian","floor":20,"turns":3},{"damage":62,"enemies":"downfall:FleeingMerchant","floor":21,"turns":4},{"damage":55,"enemies":"Centurion and Healer","floor":22,"turns":6},{"damage":58,"enemies":"3 Cultists","floor":25,"turns":5},{"damage":7,"enemies":"Sentry and Sphere","floor":27,"turns":3},{"damage":40,"enemies":"Shelled Parasite and Fungi","floor":29,"turns":3},{"damage":65,"enemies":"Centurion and Healer","floor":30,"turns":5},{"damage":21,"enemies":"Book of Stabbing","floor":31,"turns":1}],"seed_played":"887664013293952633","potions_obtained":[{"floor":2,"key":"Regen Potion"},{"floor":4,"key":"Block Potion"},{"floor":8,"key":"EssenceOfSteel"},{"floor":10,"key":"AttackPotion"},{"floor":19,"key":"LiquidBronze"},{"floor":25,"key":"DuplicationPotion"}],"is_trial":false,"path_per_floor":["R","M","M","M","$","?","T","M","$","M","R","?","R","?","M","B",null,"R","M","M","$","M","R","T","M","?","M","?","M","M","E"],"character_chosen":"THE_CHAMP","items_purchased":["champ:BerserkerStyle","champ:GutPunch","champ:HeartStrike"],"campfire_rested":0,"item_purchase_floors":[5,9,21],"current_hp_per_floor":[81,81,70,70,70,70,70,53,62,60,60,65,65,65,65,23,86,96,96,86,79,64,64,64,51,51,51,51,52,21,0,0,0],"gold":107,"neow_bonus":"THREE_RARE_CARDS","is_daily":false,"chose_seed":false,"campfire_upgraded":4,"win_rate":0.0,"timestamp":1610845947,"path_taken":["R","M","M","M","$","?","T","M","$","M","R","?","R","?","M","BOSS","R","M","M","$","M","R","T","M","?","M","?","M","?","E"],"items_purchased_type":["Card","Card","Card"],"build_version":"2020-12-22","purchased_purges":0,"victory":false,"max_hp_per_floor":[81,81,81,81,81,81,81,81,81,81,81,86,86,86,86,86,86,96,96,96,96,96,96,96,96,96,96,96,97,98,98,98,98],"card_choices":[{"not_picked":["champ:Improvising","champ:ShieldThrow"],"picked":"champ:EnchantSword","floor":0},{"not_picked":["champ:Circumvent","champ:BringItOn"],"picked":"champ:Backstep","floor":2},{"not_picked":["champ:FancyFootwork","champ:EnGarde"],"picked":"champ:AdrenalArmor","floor":3},{"not_picked":["champ:TornadoPunch","champ:EnGarde"],"picked":"champ:Encircle","floor":4},{"not_picked":["champ:CrookedStrike","champ:TornadoPunch","champ:BladeFlurry"],"picked":"SKIP","floor":5},{"not_picked":["champ:FlashCut","champ:Circumvent"],"picked":"champ:BerserkersShout","floor":8},{"not_picked":["champ:Haymaker","champ:Backstep"],"picked":"champ:BerserkersShout","floor":9},{"not_picked":["champ:ShieldSigil","champ:TripleStrike","champ:DefensiveStyle"],"picked":"SKIP","floor":10},{"not_picked":["champ:EnGarde","champ:GladiatorStyle"],"picked":"champ:ShieldSlam","floor":15},{"not_picked":["champ:ShieldThrow","champ:MurderStrike"],"picked":"champ:SteelEdge","floor":16},{"not_picked":["champ:TornadoPunch+1","champ:DefensiveShout"],"picked":"champ:Shatter","floor":19},{"not_picked":["champ:AdrenalArmor","champ:DefensiveShout"],"picked":"champ:Endure","floor":20},{"not_picked":["champ:Backstep","champ:BladeFlurry"],"picked":"champ:VampiricStrike","floor":21},{"not_picked":["champ:BringItOn","champ:RageSigil","champ:Backstep+1"],"picked":"SKIP","floor":22},{"not_picked":["champ:PreemptiveStrike","champ:Backstep"],"picked":"champ:FanOfKnives","floor":25},{"not_picked":["champ:FancyFootwork","champ:FalseCounter"],"picked":"champ:Haymaker+1","floor":27},{"not_picked":["champ:FalseCounter","champ:RapidStrikes","champ:BringItOn+1"],"picked":"SKIP","floor":29},{"not_picked":["champ:BladeFlurry","champ:Shatter"],"picked":"champ:FocusedBerserking+1","floor":30}],"player_experience":862243,"relics_obtained":[{"floor":24,"key":"Bottled Tornado"}],"event_choices":[{"damage_healed":0,"gold_gain":0,"player_choice":"Donut","damage_taken":0,"max_hp_gain":5,"max_hp_loss":0,"event_name":"Big Fish","floor":12,"gold_loss":0},{"damage_healed":0,"gold_gain":0,"player_choice":"Ignored","damage_taken":0,"max_hp_gain":0,"max_hp_loss":0,"event_name":"betterNote:BetterNote","floor":26,"gold_loss":0,"cards_obtained":["Blind"]},{"damage_healed":0,"gold_gain":0,"player_choice":"Trade","damage_taken":0,"relics_obtained":["FaceOfCleric"],"max_hp_gain":0,"max_hp_loss":0,"event_name":"FaceTrader","floor":28,"gold_loss":0}],"is_beta":false,"boss_relics":[{"not_picked":["Runic Pyramid","bronze:MakeshiftBattery"],"picked":"Empty Cage"}],"items_purged_floors":[],"is_endless":false,"potions_floor_spawned":[2,4,8,10,19,20,25],"killed_by":"Book of Stabbing","ascension_level":0}}