{"host":"dqv8oo4v229c1o2l","time":1610926060,"event":{"mods":["AchievementEnabler","BaseMod","Colored Map","Colored Powertips","Minty Spire (QoL Compilation)","Quick Restart","Rare Cards Sparkle","StSLib","Synergy Search"],"gold_per_floor":[115,115,132,149,160,189,189,206,255,41,6,17,27,37,37,134,134,146,146,164,177,117,117,128,128,198,210,89,99,115,133,133,232,232,243,261,111,159,159,193,193,204,229,229,254,34,68,28,28,28],"floor_reached":51,"language":"ENG","playtime":2930,"items_purged":["Strike_G","Strike_G"],"score":840,"play_id":"ed828b86-05be-4828-8192-9cf8caeeabef","local_time":"20210117152740","is_ascension_mode":true,"campfire_choices":[{"data":"Blade Dance","floor":7.0,"key":"SMITH"},{"data":"Finisher","floor":15.0,"key":"SMITH"},{"floor":23.0,"key":"RECALL"},{"data":"Reflex","floor":25.0,"key":"SMITH"},{"floor":32,"key":"REST"},{"data":"Cloak And Dagger","floor":41,"key":"SMITH"},{"floor":44,"key":"REST"},{"data":"Prepared","floor":49,"key":"SMITH"}],"circlet_count":0,"master_deck":["Strike_G","Defend_G","Defend_G","Defend_G","Defend_G","Defend_G","Survivor","Neutralize+1","Blur+1","Blade Dance+1","Acrobatics","Reflex+1","Prepared+1","Blur","Footwork+1","Slice","A Thousand Cuts+1","Finisher+1","After Image+1","Cloak And Dagger+1","J.A.X.+1","Slice","Noxious Fumes+1","Expertise","Deadly Poison","Flying Knee+1","Backstab+1","Accuracy+1","Cloak And Dagger+1","Deflect","Concentrate+1","Underhanded Strike","After Image+1","Dash+1","Infinite Blades+1","Underhanded Strike","Deflect","Accuracy+1","Reflex","Footwork+1"],"relics":["Ring of the Snake","Mango","Frozen Egg 2","Sling","WristBlade","Paper Crane","Busted Crown","Tingsha","War Paint","Bag of Marbles","Orichalcum","Bird Faced Urn"],"acts_visited":["Exordium","TheCity","TheBeyond"],"potions_floor_usage":[31,38,38],"damage_taken":[{"damage":1.0,"enemies":"Jaw Worm","floor":1.0,"turns":3.0},{"damage":0.0,"enemies":"2 Louse","floor":3.0,"turns":3.0},{"damage":0.0,"enemies":"Cultist","floor":4.0,"turns":4.0},{"damage":11.0,"enemies":"3 Louse","floor":5.0,"turns":4.0},{"damage":23.0,"enemies":"Lagavulin","floor":6.0,"turns":8.0},{"damage":9.0,"enemies":"Blue Slaver","floor":8.0,"turns":3.0},{"damage":2.0,"enemies":"Exordium Wildlife","floor":12.0,"turns":5.0},{"damage":2.0,"enemies":"Large Slime","floor":13.0,"turns":9.0},{"damage":14.0,"enemies":"3 Louse","floor":14.0,"turns":2.0},{"damage":18.0,"enemies":"Slime Boss","floor":16.0,"turns":5.0},{"damage":7.0,"enemies":"Spheric Guardian","floor":18.0,"turns":5.0},{"damage":5.0,"enemies":"2 Thieves","floor":20.0,"turns":4.0},{"damage":3.0,"enemies":"Snake Plant","floor":21.0,"turns":6.0},{"damage":15.0,"enemies":"Cultist and Chosen","floor":24.0,"turns":8.0},{"damage":12.0,"enemies":"Sentry and Sphere","floor":27.0,"turns":6.0},{"damage":3.0,"enemies":"3 Cultists","floor":29.0,"turns":3.0},{"damage":20.0,"enemies":"Chosen and Byrds","floor":30.0,"turns":7.0},{"damage":0,"enemies":"Cultist and Chosen","floor":31,"turns":4},{"damage":16,"enemies":"Automaton","floor":33,"turns":6},{"damage":0,"enemies":"Orb Walker","floor":35,"turns":4},{"damage":0,"enemies":"3 Shapes","floor":36,"turns":4},{"damage":16,"enemies":"2 Orb Walkers","floor":38,"turns":4},{"damage":21,"enemies":"Reptomancer","floor":40,"turns":4},{"damage":0,"enemies":"3 Darklings","floor":42,"turns":7},{"damage":0,"enemies":"Nemesis","floor":45,"turns":5},{"damage":3,"enemies":"Reptomancer","floor":47,"turns":5},{"damage":54,"enemies":"Awakened One","floor":50,"turns":10}],"seed_played":"-5900378112167437492","potions_obtained":[{"floor":5.0,"key":"Fire Potion"},{"floor":8.0,"key":"AttackPotion"},{"floor":12.0,"key":"SkillPotion"},{"floor":14.0,"key":"Strength Potion"},{"floor":20.0,"key":"Energy Potion"},{"floor":21.0,"key":"Strength Potion"},{"floor":24.0,"key":"DistilledChaos"},{"floor":31,"key":"Energy Potion"},{"floor":36,"key":"Swift Potion"},{"floor":40,"key":"Explosive Potion"},{"floor":42,"key":"EssenceOfSteel"}],"is_trial":false,"path_per_floor":["M","?","M","M","M","E","R","M","T","$","?","M","M","M","R","B",null,"M","?","M","M","?","R","M","R","T","M","$","M","M","M","R","B",null,"M","M","$","?","?","E","R","M","T","R","E","$","E","$","R","B",null],"character_chosen":"THE_SILENT","items_purchased":["Footwork+1","Sling","Accuracy+1","Cloak And Dagger","Infinite Blades+1","Accuracy+1","Reflex","Footwork+1"],"campfire_rested":2,"item_purchase_floors":[10,10,28,28,37,46,46,48],"current_hp_per_floor":[69,76,76,76,65,42,42,33,33,33,54,52,50,36,36,18,84,77,77,72,69,69,69,54,54,54,42,42,39,19,19,44,28,84,84,84,84,68,68,47,47,47,47,71,71,71,68,68,68,30],"gold":28,"neow_bonus":"UPGRADE_CARD","is_daily":false,"chose_seed":false,"campfire_upgraded":5,"win_rate":0.0,"timestamp":1610926060,"path_taken":["M","?","M","M","M","E","R","M","T","$","?","M","M","M","R","BOSS","M","?","M","M","?","R","M","R","T","?","$","M","M","M","R","BOSS","M","M","$","?","?","E","R","M","T","R","E","?","E","?","R","BOSS"],"items_purchased_type":["Card","Relic","Card","Card","Card","Card","Card","Card"],"build_version":"2020-12-22","purchased_purges":2,"victory":true,"max_hp_per_floor":[70,84,84,84,84,84,84,84,84,84,84,84,84,84,84,84,84,84,84,84,84,84,84,84,84,84,84,84,84,84,84,84,84,84,84,84,84,84,80,80,80,80,80,80,80,80,80,80,80,80],"card_choices":[{"not_picked":["Bane","Prepared"],"picked":"Blur","floor":1.0},{"not_picked":["Deflect","Backstab"],"picked":"Blade Dance","floor":3.0},{"not_picked":["Infinite Blades","PiercingWail"],"picked":"Acrobatics","floor":4.0},{"not_picked":["Prepared","Acrobatics"],"picked":"Reflex","floor":5.0},{"not_picked":["Escape Plan","PiercingWail"],"picked":"Prepared","floor":6.0},{"not_picked":["Flechettes","Masterful Stab"],"picked":"Blur","floor":8.0},{"not_picked":["Prepared","Deadly Poison"],"picked":"Slice","floor":12.0},{"not_picked":["Flechettes","Eviscerate"],"picked":"A Thousand Cuts+1","floor":13.0},{"not_picked":["Prepared","Deflect"],"picked":"Finisher","floor":14.0},{"not_picked":["Night Terror","Adrenaline"],"picked":"After Image+1","floor":16.0},{"not_picked":["Dodge and Roll+1","Quick Slash"],"picked":"Cloak And Dagger+1","floor":18.0},{"not_picked":["Poisoned Stab","Choke"],"picked":"Slice","floor":20.0},{"not_picked":["Backflip","Leg Sweep+1"],"picked":"Noxious Fumes+1","floor":21.0},{"not_picked":["PiercingWail","Crippling Poison+1"],"picked":"Flying Knee+1","floor":24.0},{"not_picked":["Poisoned Stab","Bane"],"picked":"Backstab+1","floor":27.0},{"not_picked":["Bane","Dagger Throw"],"picked":"Deflect","floor":29.0},{"not_picked":["Prepared","Leg Sweep"],"picked":"Concentrate+1","floor":30.0},{"not_picked":["Night Terror","Flying Knee"],"picked":"Underhanded Strike","floor":31},{"not_picked":["Wraith Form v2+1","Burst"],"picked":"After Image+1","floor":33},{"not_picked":["Poisoned Stab"],"picked":"SKIP","floor":35},{"not_picked":[],"picked":"Dash+1","floor":36},{"not_picked":[],"picked":"Underhanded Strike","floor":38},{"not_picked":[],"picked":"Deflect","floor":40},{"not_picked":["Underhanded Strike"],"picked":"SKIP","floor":42},{"not_picked":["PiercingWail+1"],"picked":"SKIP","floor":45},{"not_picked":["Dagger Throw"],"picked":"SKIP","floor":47}],"player_experience":288371,"relics_obtained":[{"floor":6.0,"key":"Frozen Egg 2"},{"floor":26.0,"key":"Paper Crane"},{"floor":38,"key":"Tingsha"},{"floor":40,"key":"War Paint"},{"floor":43,"key":"Bag of Marbles"},{"floor":45,"key":"Orichalcum"},{"floor":47,"key":"Bird Faced Urn"}],"event_choices":[{"damage_healed":0.0,"max_hp_gain":0.0,"max_hp_loss":0.0,"gold_gain":0.0,"event_name":"Scrap Ooze","player_choice":"Success","floor":2.0,"gold_loss":0.0,"damage_taken":7.0,"relics_obtained":["Mango"]},{"damage_healed":21.0,"max_hp_gain":0.0,"max_hp_loss":0.0,"gold_gain":0.0,"event_name":"The Cleric","player_choice":"Healed","floor":11.0,"gold_loss":35.0,"damage_taken":0.0},{"damage_healed":0.0,"max_hp_gain":0.0,"max_hp_loss":0.0,"gold_gain":0.0,"event_name":"Drug Dealer","player_choice":"Obtain J.A.X.","floor":19.0,"gold_loss":0.0,"damage_taken":0.0,"cards_obtained":["J.A.X."]},{"damage_healed":0.0,"max_hp_gain":0.0,"max_hp_loss":0.0,"gold_gain":0.0,"cards_transformed":["Strike_G","Strike_G"],"event_name":"Designer","player_choice":"Transformed Cards","floor":22.0,"gold_loss":60.0,"damage_taken":0.0,"cards_obtained":["Expertise","Deadly Poison"]},{"damage_healed":0,"gold_gain":0,"player_choice":"Fight","damage_taken":0,"max_hp_gain":0,"max_hp_loss":0,"event_name":"Mysterious Sphere","floor":38,"gold_loss":0},{"damage_healed":0,"gold_gain":0,"player_choice":"Max HP","damage_taken":0,"max_hp_gain":0,"max_hp_loss":4,"event_name":"Winding Halls","floor":39,"gold_loss":0}],"is_beta":false,"boss_relics":[{"not_picked":["Runic Dome","Cursed Key"],"picked":"WristBlade"},{"not_picked":["Pandora\u0027s Box","Tiny House"],"picked":"Busted Crown"}],"items_purged_floors":[37,46],"is_endless":false,"potions_floor_spawned":[5,8,12,14,20,21,24,31,36,40,42,45],"ascension_level":2}}