{"host":"d7fiu2yjkssjxoz6","time":1610914122,"event":{"mods":["AchievementEnabler","BaseMod","Duelist Mod","GifTheSpireLib","Minty Spire (QoL Compilation)","StSLib"],"gold_per_floor":[137,151,151,151,163,163,163,163],"floor_reached":7,"language":"ENG","playtime":282,"items_purged":[],"score":257,"play_id":"245c4677-04fb-48ce-8c3d-b30e38574f9b","local_time":"20210117120842","is_ascension_mode":true,"campfire_choices":[{"data":"theDuelist:Metronome","floor":6,"key":"SMITH"}],"circlet_count":0,"master_deck":["theDuelist:AttackMetronome","theDuelist:AttackMetronome","theDuelist:AttackMetronome","theDuelist:AttackMetronome","theDuelist:BlockMetronome","theDuelist:BlockMetronome","theDuelist:BlockMetronome","theDuelist:BlockMetronome","theDuelist:Metronome+1","theDuelist:Metronome","theDuelist:PowerMetronome","theDuelist:SkillMetronome","theDuelist:SkillMetronome","theDuelist:TrapMetronome","theDuelist:UncommonAttackMetronome","theDuelist:Blockman","theDuelist:OjamaMetronome","theDuelist:PsiCurse","theDuelist:CurseAging","theDuelist:GravekeeperCurse","theDuelist:GravekeeperCurse","theDuelist:VampireCurse","theDuelist:PsiCurse","theDuelist:EarthquakeGiant"],"relics":["theDuelist:MillenniumPuzzle","theDuelist:CardPoolRelic","theDuelist:CardPoolBasicRelic","theDuelist:BoosterPackPoolRelic","theDuelist:CardPoolAddRelic","theDuelist:CardPoolMinusRelic","theDuelist:CardPoolSaveRelic","theDuelist:CardPoolOptionsRelic","Ancient Tea Set"],"acts_visited":["Exordium"],"potions_floor_usage":[],"damage_taken":[{"damage":0,"enemies":"Cultist","floor":1,"turns":3},{"damage":0,"enemies":"Small Slimes","floor":2,"turns":2},{"damage":9,"enemies":"Jaw Worm","floor":5,"turns":3},{"damage":105,"enemies":"Lagavulin","floor":7,"turns":9}],"seed_played":"8022796036514113259","potions_obtained":[{"floor":2,"key":"theDuelist:DebuffFuryPotion"}],"is_trial":false,"path_per_floor":["M","M","?","?","M","R","E"],"character_chosen":"THE_DUELIST","items_purchased":[],"campfire_rested":0,"item_purchase_floors":[],"current_hp_per_floor":[80,80,92,104,95,95,0,0],"gold":163,"neow_bonus":"TEN_PERCENT_HP_BONUS","is_daily":false,"chose_seed":false,"campfire_upgraded":1,"win_rate":0.0,"timestamp":1610914122,"path_taken":["M","M","?","?","M","R","E"],"items_purchased_type":[],"build_version":"2020-12-22","purchased_purges":0,"victory":false,"max_hp_per_floor":[88,88,100,112,112,112,112,112],"card_choices":[{"not_picked":["theDuelist:BattleOx","theDuelist:EvilswarmHeliotrope","theDuelist:WormKing","theDuelist:BattleguardKing"],"picked":"theDuelist:Blockman","floor":1},{"not_picked":["theDuelist:TrapMetronome","theDuelist:SpellMetronome","theDuelist:MachineMetronome","theDuelist:ArcaneMetronome"],"picked":"theDuelist:OjamaMetronome","floor":2},{"not_picked":["theDuelist:EvilswarmHeliotrope","theDuelist:ClearKuriboh","theDuelist:SolemnStrike","theDuelist:ForbiddenLance"],"picked":"theDuelist:EarthquakeGiant","floor":5}],"player_experience":225565,"relics_obtained":[],"event_choices":[{"damage_healed":0,"gold_gain":0,"player_choice":"Break - +12 Max HP","duelist":true,"damage_taken":0,"max_hp_gain":0,"max_hp_loss":0,"event_name":"Tomb of the Nameless","floor":3,"gold_loss":0},{"damage_healed":0,"gold_gain":0,"player_choice":"Break - +12 Max HP","duelist":true,"damage_taken":0,"max_hp_gain":0,"max_hp_loss":0,"event_name":"Tomb of the Nameless","floor":4,"gold_loss":0}],"is_beta":false,"boss_relics":[],"items_purged_floors":[],"is_endless":false,"potions_floor_spawned":[2],"killed_by":"Lagavulin","ascension_level":8}}