{"host":"w5vfr18i2ft1pzo2","time":1610856699,"event":{"mods":["AchievementEnabler","Act Like it!","Aspiration","BaseMod","Better Debug","Better Third Choice","BetterRewards","Colored Map","Colored Powertips","Conspire","Curses Come First","DNKmod","Defuse TimeMaze Blight","Dota2Spire","Elementarium","Energized Spire","Evolution","Force Act Four","Fox Events","Friendly Minions","Gensokyo","GifTheSpireLib","Gold Saver","Halation","Hallownest","Hubris","Hyrulean Relics","Infinite Spire","Jedi Mod","Marisa????????","Minty Spire (QoL Compilation)","MostiFishMod","Poor People Problems","Prisma Mod","Reimu??????","Remilia??????","Replay The Spire","SacredBarkPlus","Shop Mod","Small Relic Pack","Spicy Shops","Spikes Relics","StSLib","Stuff the Spire","SuperFastMode","Synergy Search","The Animator","The Blue Laboratory","The Servant 0.9.4","Trackpad","Treasure Hunter","Uncapped","Wandering Minibosses","Yakumo Yukari mod","noobMod","vexMod","??????REMEMod"],"gold_per_floor":[1956,1956,1956,1968,2246,2281,2281,2300,2300,2326,2346,2346,2346,2376,2376,2474,2474,2491,2491,2508,2528,2982,2982,3001,3001,3078,3078,3078,3090,3090,3117,3117,3218,3218,3233,3233,3251,3265,3265,3265,3265,3299,3368,3384,3659,3672,3672,3685,3685,3687],"floor_reached":51,"language":"ENG","playtime":1026,"items_purged":["Defend_G"],"score":1530,"play_id":"dbaad24d-1167-4be1-8f25-08b2aa73390e","local_time":"20210117121139","is_ascension_mode":true,"campfire_choices":[{"data":"Escape Plan","floor":12,"key":"SMITH"},{"data":"MostiFishMod:Opportunism","floor":23,"key":"SMITH"},{"data":"Replay:Sssssssssshield","floor":30,"key":"SMITH"},{"data":"jedi:LeechingStrike","floor":32,"key":"SMITH"},{"floor":41,"key":"REST"},{"data":"jedi:LeechingStrike","floor":47,"key":"SMITH"},{"data":"jedi:LeechingStrike","floor":49,"key":"SMITH"}],"circlet_count":0,"master_deck":["Poisoned Stab","Strike_G","Strike_G","Strike_G","Strike_G","Defend_G","Defend_G","Defend_G","Defend_G","Survivor","Neutralize","StuffTheSpire:TitanForm+1","Dagger Throw","Well Laid Plans","Escape Plan+1","MostiFishMod:Opportunism+1","ReplayTheSpireMod:Scrap Shanks","Replay:Sssssssssshield+1","jedi:LeechingStrike","Calculated Gamble","Terror","TH:TreasureMap","TH:TreasureMap","Burst","Quick Slash","TH:DeckOfManyThings","StuffTheSpire:BrimstoneBlast","StuffTheSpire:Rapture","Malaise","TH:CursedSword","Dagger Throw","Crippling Poison","StuffTheSpire:Injection","Well Laid Plans+1","Infinite Blades+1","Poisoned Stab","TH:DeckOfManyThings","Backflip","TH:DeckOfManyThings","StuffTheSpire:Repulse","TH:Mimic","ReplayTheSpireMod:Private Reserves","Dagger Spray+1","REME_BodyOfCthun","Acrobatics+1","TH:TreasureMap","Backflip+1","TH:CopperCoins","MostiFishMod:PerfectParry+1","Regret","MostiFishMod:PoisonShield","Quick Slash"],"relics":["EVO:Axolotl","DaveBox","ice","REME_ComplimentaryCards","jedi:hotpepper","PatriotShield","SynthV:TestCard","Sizzling Blood","MerchantsRug","hubris:NiceRug","trackpad:DisasterInABottle","SynthV","infinitespire:CursedDice","Regal Pillow","relicPack:SpireResearchBook","Dota2Spire:HeartOfTarrasque","ReplayTheSpireMod:Ninjato","Garlic","trackpad:CultistFigurine","REME_LowDesire","hubris:AncientText","StuffTheSpire:WitherSkull","wanderingMiniBosses:LockLocket","halation:Prosthetics","vexMod:ConsolationPrize","Nunchaku","CosmicIsotope","relicPack:AllForOne","Tea:ReiMu","infinitespire:BottledMercury"],"acts_visited":["Exordium","TheCity","TheBeyond"],"potions_floor_usage":[42],"damage_taken":[{"damage":0,"enemies":"Small Slimes","floor":1,"turns":1},{"damage":9,"enemies":"conspire:RoseBush","floor":4,"turns":1},{"damage":0,"enemies":"hubris:Merchant","floor":5,"turns":7},{"damage":0,"enemies":"Lagavulin","floor":6,"turns":2},{"damage":0,"enemies":"Jaw Worm","floor":8,"turns":2},{"damage":0,"enemies":"3 Sentries","floor":10,"turns":2},{"damage":0,"enemies":"conspire:2 RoseBushes","floor":11,"turns":1},{"damage":0,"enemies":"Lagavulin","floor":14,"turns":2},{"damage":0,"enemies":"Hexaghost","floor":16,"turns":2},{"damage":0,"enemies":"Shell Parasite","floor":18,"turns":2},{"damage":0,"enemies":"Spheric Guardian","floor":20,"turns":1},{"damage":0,"enemies":"Cultist and Chosen","floor":21,"turns":1},{"damage":0,"enemies":"3 Cultists","floor":22,"turns":3},{"damage":0,"enemies":"Shelled Parasite and Fungi","floor":24,"turns":2},{"damage":0,"enemies":"Snecko","floor":29,"turns":1},{"damage":0,"enemies":"REME_1_Revenger","floor":31,"turns":2},{"damage":2,"enemies":"hubris:MusketHawk","floor":33,"turns":2},{"damage":0,"enemies":"3 Darklings","floor":35,"turns":1},{"damage":0,"enemies":"3 Shapes","floor":37,"turns":1},{"damage":0,"enemies":"Writhing Mass","floor":38,"turns":2},{"damage":0,"enemies":"R_Hoarder","floor":42,"turns":3},{"damage":0,"enemies":"Jaw Worm Horde","floor":44,"turns":3},{"damage":1,"enemies":"3 Darklings","floor":46,"turns":2},{"damage":1,"enemies":"Transient","floor":48,"turns":4},{"damage":1,"enemies":"hubris:GrandSnecko","floor":50,"turns":3}],"seed_played":"-6181970972161812093","potions_obtained":[{"floor":1,"key":"blueLaboratory:BottleOfVodka"},{"floor":4,"key":"Death Potion"},{"floor":5,"key":"DistilledChaos"},{"floor":5,"key":"ColorlessPotion"},{"floor":44,"key":"blueLaboratory:BottleOfRum"}],"is_trial":false,"path_per_floor":["M","?","?","M","$","E","?","M","T","E","M","R","$","E","R_BF","B",null,"M","?","M","M","M","R","M","AVR","T","?","$","M","R","E","R","B",null,"M","?","M","M","?","?","R","E","T","M","?","M","R","M","R_BF","B",null],"character_chosen":"THE_SILENT","items_purchased":["MerchantsRug"],"campfire_rested":1,"item_purchase_floors":[5],"current_hp_per_floor":[52,52,54,49,53,58,58,58,58,58,58,58,58,58,58,58,58,58,58,58,58,58,58,58,23,23,20,20,24,24,26,26,26,26,26,25,25,25,25,25,25,25,25,25,25,25,25,25,25,25],"gold":3687,"neow_bonus":"DOUBLE_BOSS_RELIC","is_daily":false,"chose_seed":false,"campfire_upgraded":6,"win_rate":0.0,"timestamp":1610856699,"path_taken":["M","?","?","?","$","E","?","M","T","E","M","R","$","E","R_BF","BOSS","M","?","M","M","?","R","?","AVR","T","?","$","M","R","E","R","BOSS","M","?","M","M","?","?","R","E","T","M","?","?","R","M","R_BF","BOSS"],"items_purchased_type":["Relic"],"build_version":"2020-12-22","purchased_purges":1,"victory":true,"max_hp_per_floor":[52,52,54,54,54,58,58,58,58,58,58,58,58,58,58,58,58,58,58,58,58,58,58,58,23,23,26,26,26,26,26,26,26,26,26,25,25,25,25,25,25,25,25,25,25,25,25,25,25,25],"card_choices":[{"not_picked":["Dagger Spray","StuffTheSpire:BrimstoneBlast"],"picked":"Dagger Throw","floor":1},{"not_picked":["Flying Knee","conspire:PoisonWeapons","Setup","Dodge and Roll"],"picked":"Well Laid Plans","floor":4},{"not_picked":[],"picked":"Escape Plan","floor":5},{"not_picked":[],"picked":"MostiFishMod:Opportunism","floor":5},{"not_picked":[],"picked":"ReplayTheSpireMod:Scrap Shanks","floor":5},{"not_picked":[],"picked":"Replay:Sssssssssshield","floor":5},{"not_picked":[],"picked":"jedi:LeechingStrike","floor":5},{"not_picked":["Endless Agony"],"picked":"SKIP","floor":5},{"not_picked":["Bane"],"picked":"SKIP","floor":5},{"not_picked":["StuffTheSpire:Injection","Reflex","MostiFishMod:PerfectParry","Dash"],"picked":"Calculated Gamble","floor":6},{"not_picked":["TH:TreasureMap","TH:CopperCoins","TH:PixieDust","TH:CursedSword"],"picked":"SKIP","floor":6},{"not_picked":["StuffTheSpire:Injection","Wraith Form v2","PiercingWail","Bane"],"picked":"Terror","floor":8},{"not_picked":["TH:EnergyPotion","TH:ElvenBoots","TH:ArmorSpikes"],"picked":"TH:TreasureMap","floor":9},{"not_picked":["TH:ElvenBoots","TH:Mimic","TH:CursedSword"],"picked":"TH:TreasureMap","floor":10},{"not_picked":["Dagger Throw","Outmaneuver","Underhanded Strike","Prepared"],"picked":"Burst","floor":10},{"not_picked":["Terror","StuffTheSpire:MirrorStance","Poisoned Stab","Eviscerate"],"picked":"Quick Slash","floor":11},{"not_picked":["TH:ArmorSpikes","TH:EnergyPotion","TH:PixieDust"],"picked":"TH:DeckOfManyThings","floor":14},{"not_picked":["Masterful Stab","hubris:Counter","Poisoned Stab","MostiFishMod:ShivMaster"],"picked":"StuffTheSpire:BrimstoneBlast","floor":14},{"not_picked":["StuffTheSpire:Innocence","StuffTheSpire:Vigor"],"picked":"StuffTheSpire:Rapture","floor":15},{"not_picked":["jedi:rejectivetoxin","Bullet Time","Doppelganger","REME_LeechingPoison"],"picked":"Malaise","floor":16},{"not_picked":["TH:PixieDust","TH:ArmorSpikes","TH:ElvenBoots"],"picked":"TH:CursedSword","floor":16},{"not_picked":["All Out Attack","ReplayTheSpireMod:Shiv Toss","Flying Knee+1","Deflect","Deep Breath"],"picked":"Dagger Throw","floor":18},{"not_picked":["Blade Dance","Bane","Prepared","Backflip","StuffTheSpire:PlasmaPulse"],"picked":"StuffTheSpire:Injection","floor":20},{"not_picked":["Flechettes","PiercingWail","StuffTheSpire:BumpUp","Prepared","jedi:forcepull"],"picked":"Well Laid Plans+1","floor":21},{"not_picked":["Slice","MostiFishMod:InvigoratingSolution","Bane","Blade Dance+1","Assess"],"picked":"Infinite Blades+1","floor":22},{"not_picked":["aspiration:Lunge","PiercingWail","hubris:SlightOfHand","Flying Knee","TH:CopperCoins"],"picked":"Poisoned Stab","floor":24},{"not_picked":["TH:Mimic","TH:TreasureMap","TH:PixieDust"],"picked":"TH:DeckOfManyThings","floor":26},{"not_picked":["Dagger Throw+1","Deflect","StuffTheSpire:BumpUp","All Out Attack","Blind+1"],"picked":"Backflip","floor":29},{"not_picked":["TH:EnergyPotion","TH:CopperCoins","TH:PixieDust"],"picked":"TH:DeckOfManyThings","floor":31},{"not_picked":["StuffTheSpire:Injection","MostiFishMod:PerfectParry","Blade Dance+1","StuffTheSpire:FinalStruggle","vexMod:StairwayStrike"],"picked":"StuffTheSpire:Repulse","floor":31},{"not_picked":["TH:CursedSword","TH:EnergyPotion","TH:TreasureMap"],"picked":"TH:Mimic","floor":33},{"not_picked":["Venomology","jedi:brewingpoison","MostiFishMod:GrandStart","REME_LeechingPoison","StuffTheSpire:FinalStruggle"],"picked":"ReplayTheSpireMod:Private Reserves","floor":33},{"not_picked":["Well Laid Plans","jedi:poisonivy+1","Blur","All Out Attack+1","REME_BodyOfCthun"],"picked":"Dagger Spray+1","floor":35},{"not_picked":["Underhanded Strike","StuffTheSpire:Python","ReplayTheSpireMod:Shiv Toss","jedi:pocketpoison","Outmaneuver"],"picked":"REME_BodyOfCthun","floor":37},{"not_picked":["Heel Hook+1","Endless Agony+1","jedi:studyshivs","Dagger Throw","Dark Shackles"],"picked":"Acrobatics+1","floor":38},{"not_picked":["TH:PixieDust","TH:ArmorSpikes","TH:Mimic"],"picked":"TH:TreasureMap","floor":42},{"not_picked":["jedi:pocketpoison","Poisoned Stab+1","Draining Mist+1","MostiFishMod:LethalBlade","Midas Touch"],"picked":"Backflip+1","floor":42},{"not_picked":["TH:CursedSword","TH:BikiniMail","TH:PixieDust"],"picked":"TH:CopperCoins","floor":43},{"not_picked":["Outmaneuver","Storm of Steel","Dagger Throw+1","MostiFishMod:InvigoratingSolution+1","REME_BodyOfCthun"],"picked":"MostiFishMod:PerfectParry+1","floor":44},{"not_picked":["Deadly Poison","Cloak And Dagger+1","Expertise+1","MostiFishMod:PerfectParry+1","Reforge"],"picked":"MostiFishMod:PoisonShield","floor":46},{"not_picked":["jedi:acidrain","Tactician","StuffTheSpire:Python+1","Dagger Throw+1","Dark Shackles+1"],"picked":"Quick Slash","floor":48}],"player_experience":476177,"relics_obtained":[{"floor":1,"key":"SynthV:TestCard"},{"floor":5,"key":"StuffTheSpire:Barrel"},{"floor":5,"key":"trackpad:DisasterInABottle"},{"floor":5,"key":"SynthV"},{"floor":5,"key":"infinitespire:CursedDice"},{"floor":5,"key":"Regal Pillow"},{"floor":5,"key":"relicPack:SpireResearchBook"},{"floor":6,"key":"Dota2Spire:HeartOfTarrasque"},{"floor":9,"key":"ReplayTheSpireMod:Ninjato"},{"floor":10,"key":"Garlic"},{"floor":14,"key":"trackpad:CultistFigurine"},{"floor":17,"key":"hubris:AncientText"},{"floor":17,"key":"StuffTheSpire:WitherSkull"},{"floor":22,"key":"wanderingMiniBosses:LockLocket"},{"floor":26,"key":"vexMod:ConsolationPrize"},{"floor":31,"key":"Nunchaku"},{"floor":42,"key":"Tea:ReiMu"},{"floor":43,"key":"infinitespire:BottledMercury"}],"event_choices":[{"damage_healed":0,"gold_gain":0,"player_choice":"1 cards matched","damage_taken":0,"max_hp_gain":0,"max_hp_loss":0,"event_name":"Match and Keep!","floor":19,"gold_loss":0,"cards_obtained":["Crippling Poison"]},{"damage_healed":0,"gold_gain":0,"player_choice":"Shed Blood","damage_taken":6,"max_hp_gain":5,"max_hp_loss":0,"event_name":"Forgotten Altar","floor":27,"gold_loss":0},{"damage_healed":0,"gold_gain":0,"player_choice":"Max HP","damage_taken":0,"max_hp_gain":0,"max_hp_loss":1,"event_name":"Winding Halls","floor":36,"gold_loss":0},{"damage_healed":0,"gold_gain":275,"player_choice":"Desecrate","damage_taken":0,"max_hp_gain":0,"max_hp_loss":0,"event_name":"Golden Shrine","floor":45,"gold_loss":0,"cards_obtained":["Regret"]}],"is_beta":false,"boss_relics":[{"not_picked":["vexMod:RockOfEvil","halation:SmartPhone"],"picked":"REME_LowDesire"},{"not_picked":["TimeKeys","energizedSpire:StickyHand"],"picked":"CosmicIsotope"}],"items_purged_floors":[25],"is_endless":false,"potions_floor_spawned":[1,4,8,14,20,31,35,38,44],"ascension_level":6}}