{"host":"8d3fefv2347kqkpz","time":1610866366,"event":{"mods":["100% Spire Juice","BaseMod","Better Vampires","Colored Map","Minty Spire (QoL Compilation)","Quick Restart","Replay The Spire","StSLib","The Gatherer","Waifu the Spire"],"gold_per_floor":[110,123,123,123,198,6,17,34,34,34,81,81,96,106,106,202,202,215,65,82,93,93,93],"floor_reached":22,"language":"ZHS","playtime":859,"items_purged":["Dualcast","ReplaySolidLightProjector+1"],"score":203,"play_id":"83461718-c357-4437-963a-7f09ce81888a","local_time":"20210117145246","is_ascension_mode":false,"campfire_choices":[{"data":"Gash","floor":10,"key":"SMITH"},{"floor":12,"key":"REST"},{"floor":15,"key":"REST"}],"circlet_count":0,"master_deck":["Strike_B","Strike_B","Defend_B","Defend_B","Defend_B","Zap","Leap","Leap","Gash+1","Leap","Rebound","Echo Form","Hello World+1","Steam+1","Sweeping Beam","Gash","Echo Form","Gash+1","Streamline","Skim"],"relics":["Cracked Core","Ring of Fury","Membership Card","Mango","Pen Nib","Astrolabe","Orrery"],"acts_visited":["Exordium","TheCity"],"potions_floor_usage":[22,22],"damage_taken":[{"damage":2,"enemies":"Small Slimes","floor":1,"turns":4},{"damage":1,"enemies":"Jaw Worm","floor":2,"turns":4},{"damage":4,"enemies":"2 Louse","floor":7,"turns":3},{"damage":24,"enemies":"Exordium Wildlife","floor":8,"turns":7},{"damage":29,"enemies":"Gremlin Gang","floor":13,"turns":7},{"damage":2,"enemies":"Looter","floor":14,"turns":4},{"damage":27,"enemies":"Fading Forest","floor":16,"turns":11},{"damage":18,"enemies":"Spheric Guardian","floor":18,"turns":6},{"damage":23,"enemies":"Shell Parasite","floor":20,"turns":4},{"damage":44,"enemies":"Shelled Parasite and Fungi","floor":21,"turns":5},{"damage":19,"enemies":"Snake Plant","floor":22,"turns":3}],"seed_played":"-1141597036743695692","potions_obtained":[{"floor":7,"key":"Explosive Potion"},{"floor":8,"key":"Strength Potion"},{"floor":16,"key":"Adrenaline Potion"}],"is_trial":false,"path_per_floor":["M","M","?","?","?","$","M","M","T","R","T","R","M","M","R","B",null,"M","$","M","M","M"],"character_chosen":"DEFECT","items_purchased":["Membership Card","Gash","Orrery"],"campfire_rested":2,"item_purchase_floors":[6,19,19],"current_hp_per_floor":[80,79,84,84,73,73,69,45,59,59,59,89,60,58,88,85,101,83,83,60,16,0,0],"gold":93,"neow_bonus":"TEN_PERCENT_HP_BONUS","is_daily":false,"chose_seed":false,"campfire_upgraded":1,"win_rate":0.0,"timestamp":1610866366,"path_taken":["M","M","?","?","?","$","M","M","T","R","?","R","M","?","R","BOSS","M","$","M","?","M"],"items_purchased_type":["Relic","Card","Relic"],"build_version":"2020-12-22","purchased_purges":2,"victory":false,"max_hp_per_floor":[82,82,87,87,87,87,87,87,101,101,101,101,101,101,101,101,101,101,101,101,101,101,101],"card_choices":[{"not_picked":["Chaos","Go for the Eyes"],"picked":"Leap","floor":1},{"not_picked":["Loop","Beam Cell"],"picked":"Leap","floor":2},{"not_picked":["Fusion","Force Field"],"picked":"Gash","floor":7},{"not_picked":["Sweeping Beam","Redo"],"picked":"Leap","floor":8},{"not_picked":["Stack","Ball Lightning","Capacitor"],"picked":"SKIP","floor":13},{"not_picked":["Conserve Battery","Beam Cell"],"picked":"Rebound","floor":14},{"not_picked":["Multi-Cast","Biased Cognition"],"picked":"Echo Form","floor":16},{"not_picked":["Cold Snap","Leap+1"],"picked":"Sweeping Beam","floor":18},{"not_picked":["Conserve Battery","Compile Driver+1"],"picked":"Echo Form","floor":19},{"not_picked":["Reprogram","Cold Snap"],"picked":"Gash+1","floor":19},{"not_picked":["Storm","Ball Lightning"],"picked":"Streamline","floor":19},{"not_picked":["Time Bomb+1","Cold Snap"],"picked":"Skim","floor":20},{"not_picked":["Tempest","Multi-Cast","FTL"],"picked":"SKIP","floor":21}],"player_experience":76133,"relics_obtained":[{"floor":4,"key":"Ring of Fury"},{"floor":9,"key":"Mango"},{"floor":11,"key":"Pen Nib"}],"event_choices":[{"damage_healed":0,"gold_gain":0,"player_choice":"Donut","damage_taken":0,"max_hp_gain":5,"max_hp_loss":0,"event_name":"Big Fish","floor":3,"gold_loss":0},{"damage_healed":0,"gold_gain":75,"player_choice":"Gather Gold","damage_taken":11,"max_hp_gain":0,"max_hp_loss":0,"event_name":"World of Goop","floor":5,"gold_loss":0}],"is_beta":false,"boss_relics":[{"not_picked":["Replay:Wanted Poster","Pandora\u0027s Box"],"picked":"Astrolabe"}],"items_purged_floors":[6,19],"is_endless":false,"potions_floor_spawned":[7,8,16,18,20],"killed_by":"Snake Plant","ascension_level":0}}