{"host":"kq2g769nefmuyn7c","time":1610892151,"event":{"mods":["ATMod(∞¢Ë™Mod)","Act Like it!","BaseMod","Gensokyo","Koishi","Minty Spire (QoL Compilation)","Remilia£®¿Ÿ√◊¿Ú—«£©","Replay The Spire","StSLib","The Servant 0.9.4","Youmu£®ªÍ∆«—˝√Œ£©"],"gold_per_floor":[111,111,122,136,153,182,182,215,284,297,332,332,332,347,347,450,450,460,495,515,533,368,368,398,418,498,1,29,29,43,54,54,151,201,219,237,237,237,256,256,282,302,302,312,326,201,231,262,262,262,262,262,34,66,66],"floor_reached":56,"language":"ZHS","playtime":3680,"items_purged":["Strike_RM","Strike_RM","Strike_RM","Defend_RM"],"score":2034,"play_id":"9043ec77-a9a5-49d5-811b-03e97fab854e","local_time":"20210117220231","is_ascension_mode":true,"campfire_choices":[{"data":"ScarletSymphony","floor":13.0,"key":"SMITH"},{"data":"BloodyHallows","floor":23.0,"key":"SMITH"},{"data":"BloodAndWine","floor":29.0,"key":"SMITH"},{"data":"TwelveNightmare","floor":32.0,"key":"SMITH"},{"data":"Impatience","floor":40.0,"key":"SMITH"},{"floor":49,"key":"RECALL"},{"data":"HeartBreak","floor":52,"key":"SMITH"}],"circlet_count":0,"master_deck":["AscendersBane","Defend_RM","Defend_RM","Defend_RM","ScarletShoot","AT_FamilyPortrait+1","NightLord","HunterOfTheNight","Stigmanizer","ScarletSymphony+1","BloodAndWine+1","VampirishNight","ScarletDevilSign+1","ScarletGensokyo","FitfulNightmare","EmergencyRegeneration","TransientEternity","RedRainbow","ReincarnationDial","TwelveNightmare+1","BloodyHallows+1","Impatience+1","ScarletNetherworld","Crow Ritual","HeartBreak+1","GlobalNightmare","EternalNight","VampireKiss","DemonKingCradle","DiffusionOfMisfortune+1","ScarletSymphony+1","ScarletDream+1","QueenOfMidnight"],"relics":["ScarletHat","AT_ATBox","NeowsBlessing","Pear","TungstenRod","Question Card","AT_RedTearstoneRing","Gensokyo:Justice","ScarletEmblem","Gambling Chip","ReplayTheSpireMod:Ninjato","Blue Candle","Chemical X","Gremlin Food","Tiny House","FossilizedHelix","Bird Faced Urn","Happy Flower","Prayer Wheel","Membership Card","Chameleon Ring"],"acts_visited":["Gensokyo:Gensokyo","Gensokyo:Gensokyoer","Gensokyo:Gensokyoest","TheEnding"],"potions_floor_usage":[55,55],"damage_taken":[{"damage":0.0,"enemies":"Gensokyo:3_Fairies","floor":1.0,"turns":1.0},{"damage":0.0,"enemies":"Gensokyo:Gryphon","floor":3.0,"turns":1.0},{"damage":0.0,"enemies":"Gensokyo:2_Kodama","floor":4.0,"turns":1.0},{"damage":14.0,"enemies":"Gensokyo:CorruptedTreant","floor":5.0,"turns":3.0},{"damage":8.0,"enemies":"Gensokyo:Cirno","floor":6.0,"turns":6.0},{"damage":10.0,"enemies":"Gensokyo:Mamizou","floor":8.0,"turns":8.0},{"damage":9.0,"enemies":"Gensokyo:VengefulSpirit","floor":10.0,"turns":3.0},{"damage":5.0,"enemies":"Gensokyo:Aya","floor":11.0,"turns":6.0},{"damage":0.0,"enemies":"Gensokyo:2_Rabbits","floor":14.0,"turns":3.0},{"damage":76.0,"enemies":"Gensokyo:Yukari","floor":16.0,"turns":7.0},{"damage":37.0,"enemies":"Gensokyo:AngelMirror","floor":18.0,"turns":3.0},{"damage":0.0,"enemies":"Gensokyo:2_Gloops","floor":20.0,"turns":3.0},{"damage":20.0,"enemies":"Gensokyo:Swordslinger","floor":21.0,"turns":4.0},{"damage":20.0,"enemies":"Gensokyo:Reisen","floor":24.0,"turns":3.0},{"damage":4.0,"enemies":"Gensokyo:Mirror_and_Dog","floor":25.0,"turns":2.0},{"damage":15.0,"enemies":"Gensokyo:Tenshi","floor":28.0,"turns":1.0},{"damage":85.0,"enemies":"Gensokyo:Slime_Group","floor":30.0,"turns":2.0},{"damage":84.0,"enemies":"Gensokyo:3_Gloops","floor":31.0,"turns":3.0},{"damage":87.0,"enemies":"Gensokyo:Kaguya","floor":33.0,"turns":3.0},{"damage":78.0,"enemies":"Gensokyo:AncientGuardian","floor":35.0,"turns":2.0},{"damage":7.0,"enemies":"Gensokyo:3_Bats","floor":36.0,"turns":2.0},{"damage":72.0,"enemies":"Gensokyo:Sharpion","floor":39.0,"turns":2.0},{"damage":84,"enemies":"Gensokyo:Marisa","floor":41,"turns":2},{"damage":0,"enemies":"Gensokyo:3_Boulders","floor":42,"turns":3},{"damage":7,"enemies":"Gensokyo:AtlasGolem","floor":44,"turns":5},{"damage":9,"enemies":"Gensokyo:Dusk_and_Dawn","floor":45,"turns":4},{"damage":19,"enemies":"Gensokyo:Doremy","floor":47,"turns":2},{"damage":40,"enemies":"Gensokyo:SeedOfUnknown","floor":48,"turns":5},{"damage":0,"enemies":"Gensokyo:Shinki","floor":50,"turns":3},{"damage":43,"enemies":"Shield and Spear","floor":54,"turns":3},{"damage":15,"enemies":"The Heart","floor":55,"turns":3}],"seed_played":"-6589162893075656154","potions_obtained":[{"floor":3.0,"key":"Weak Potion"},{"floor":4.0,"key":"Explosive Potion"},{"floor":11.0,"key":"SpeedPotion"},{"floor":18.0,"key":"ColorlessPotion"},{"floor":20.0,"key":"Block Potion"},{"floor":44,"key":"PowerPotion"}],"is_trial":false,"path_per_floor":["M","?","M","M","M","E","?","E","T","M","E","?","R","M","R","B",null,"M","?","M","M","$","R","E","M","T","$","E","R","M","M","R","B",null,"M","M","?","?","M","R","E","M","T","M","M","$","E","M","R","B",null,"R","$","E","B",null],"character_chosen":"REMILIA","items_purchased":["Impatience","ScarletNetherworld","Chemical X","Crow Ritual","Membership Card"],"campfire_rested":0,"item_purchase_floors":[22,27,27,27,53],"current_hp_per_floor":[68,68,68,68,54,56,56,49,49,43,43,43,43,47,47,33,72,64,64,76,60,60,60,74,79,79,79,77,77,44,44,44,44,80,50,52,17,17,22,22,18,44,44,88,90,90,90,75,75,90,90,90,90,69,90],"gold":66,"neow_bonus":"THREE_ENEMY_KILL","is_daily":false,"chose_seed":false,"campfire_upgraded":6,"win_rate":0.0,"timestamp":1610892151,"path_taken":["M","?","?","M","M","E","?","E","T","M","E","?","R","M","R","BOSS","M","?","?","?","?","R","E","M","T","$","E","R","M","M","R","BOSS","M","M","?","?","M","R","E","?","T","?","M","?","E","M","R","BOSS","R","$","E","BOSS"],"items_purchased_type":["Card","Card","Relic","Card","Relic"],"build_version":"2020-12-22","purchased_purges":4,"victory":true,"max_hp_per_floor":[75,75,75,75,75,85,85,85,85,85,85,85,85,85,85,85,85,85,85,85,85,85,85,85,85,85,85,85,85,85,85,85,85,90,90,90,90,90,90,90,90,90,90,90,90,90,90,90,90,90,90,90,90,90,90],"card_choices":[{"not_picked":["BombardNight","DevilSight"],"picked":"NightLord","floor":1.0},{"not_picked":["UnderTheZenith","CharismaGuard"],"picked":"HunterOfTheNight","floor":3.0},{"not_picked":["CharismaGuard","MastersStateliness"],"picked":"Stigmanizer","floor":4.0},{"not_picked":["NightLord","EndlessAdversity"],"picked":"ScarletSymphony","floor":5.0},{"not_picked":["UnderTheZenith","MiserableFate"],"picked":"BloodAndWine","floor":6.0},{"not_picked":["BlasphemousPunishment","Maim"],"picked":"VampirishNight","floor":8.0},{"not_picked":["RedRainbow","ScarletImprint","VampireFantasy"],"picked":"ScarletDevilSign","floor":10.0},{"not_picked":["EndlessAdversity","MillenniumVampire","ScarletSymphony"],"picked":"ScarletGensokyo","floor":11.0},{"not_picked":["MastersStateliness","RedMagic","BlasphemousPunishment"],"picked":"FitfulNightmare","floor":14.0},{"not_picked":["BloodRain","DemonKingCradle","ScarletCoffin"],"picked":"TransientEternity","floor":16.0},{"not_picked":["FavorOfDestiny","ScarletDevil","ScarletGensokyo"],"picked":"RedRainbow","floor":18.0},{"not_picked":["MastersStateliness","ChainGang","NightDance"],"picked":"ReincarnationDial","floor":19.0},{"not_picked":["ScarletImprint","MastersStateliness","ScarletDevil"],"picked":"TwelveNightmare","floor":20.0},{"not_picked":["ScarletDevil+1","StarOfDavid","DiffusionOfMisfortune"],"picked":"BloodyHallows","floor":21.0},{"not_picked":["ScarletDevil","KillingBlow","VampireSweep","NightDance"],"picked":"SKIP","floor":24.0},{"not_picked":["StarOfDavid","ScarletSymphony","CharismaGuard","VampirishNight"],"picked":"SKIP","floor":25.0},{"not_picked":["MastersStateliness","BlasphemousPunishment+1","StarOfDavid","NightDance"],"picked":"SKIP","floor":28.0},{"not_picked":["EndlessAdversity","UnderTheZenith","FavorOfDestiny"],"picked":"HeartBreak","floor":30.0},{"not_picked":["TwelveNightmare","NightDance+1","ScarletDevil"],"picked":"GlobalNightmare","floor":31.0},{"not_picked":["ChaoticDestiny","BloodyCatastrophe","HellCatastrophe"],"picked":"TricksterDevil","floor":33.0},{"not_picked":["ScarletDevil","StarOfDavid","EndlessAdversity","BlasphemousPunishment"],"picked":"SKIP","floor":35.0},{"not_picked":["BloodHunter+1","ScarletMeister","CharismaGuard"],"picked":"EternalNight","floor":36.0},{"not_picked":["ScarletImprint","EndlessAdversity+1","StarOfDavid"],"picked":"VampireKiss","floor":39.0},{"not_picked":["VampireKiss","EndlessAdversity","ScarletGensokyo","ForbiddenFruit"],"picked":"SKIP","floor":41},{"not_picked":["Maim","ScarletGensokyo","RedRainbow"],"picked":"DemonKingCradle","floor":42},{"not_picked":["BlasphemousPunishment","CharismaGuard+1","MillenniumVampire"],"picked":"DiffusionOfMisfortune+1","floor":44},{"not_picked":["RedNightlessCastle","CharismaGuard+1","Stigmanizer+1","ScarletImprint"],"picked":"SKIP","floor":45},{"not_picked":["TwelveNightmare","MillenniumVampire","BlasphemousPunishment+1"],"picked":"ScarletSymphony+1","floor":47},{"not_picked":["VampirishNight","SuperhumanBloodyKnife","BombardNight"],"picked":"ScarletDream+1","floor":48},{"not_picked":["BombardNight","VampireKiss+1","VampireSweep","BloodHunter+1"],"picked":"SKIP","floor":48},{"not_picked":["StarOfDavid","FavorOfDestiny","BloodHunter"],"picked":"QueenOfMidnight","floor":54}],"player_experience":268480,"relics_obtained":[{"floor":6.0,"key":"Pear"},{"floor":8.0,"key":"TungstenRod"},{"floor":9.0,"key":"Question Card"},{"floor":11.0,"key":"AT_RedTearstoneRing"},{"floor":19.0,"key":"Gambling Chip"},{"floor":24.0,"key":"ReplayTheSpireMod:Ninjato"},{"floor":26.0,"key":"Blue Candle"},{"floor":28.0,"key":"Gremlin Food"},{"floor":41,"key":"Bird Faced Urn"},{"floor":47,"key":"Happy Flower"},{"floor":54,"key":"Chameleon Ring"}],"event_choices":[],"is_beta":false,"boss_relics":[{"not_picked":["Replay:Drink Me","Ring of Chaos"],"picked":"ScarletEmblem"},{"not_picked":["Velvet Choker","SacredBark"],"picked":"Tiny House"}],"items_purged_floors":[22,27,46,53],"is_endless":false,"potions_floor_spawned":[3,4,5,11,18,20,21,35,36,42,44,47,54],"ascension_level":12}}