{"host":"2zw05eexjythz74b","time":1610842914,"event":{"mods":["AchievementEnabler","BaseMod","Better Altar","Colored Map","Minty Spire (QoL Compilation)","StSLib","everything is the same but u backflip on backflip"],"gold_per_floor":[117,134,34,45,120,120,120,120,169,169,169,169],"floor_reached":11,"language":"ENG","playtime":296,"items_purged":[],"score":70,"play_id":"a27042d1-fd43-44b6-92ae-f35744a49a03","local_time":"20210116182154","is_ascension_mode":true,"campfire_choices":[{"data":"Dagger Throw","floor":6,"key":"SMITH"},{"floor":10,"key":"REST"}],"circlet_count":0,"master_deck":["Strike_G","Strike_G","Strike_G","Strike_G","Strike_G","Defend_G","Defend_G","Defend_G","Defend_G","Defend_G+1","Survivor","Neutralize+1","Footwork","Dodge and Roll","Footwork","Outmaneuver","Dagger Throw+1"],"relics":["Philosopher\u0027s Stone","Orichalcum"],"acts_visited":["Exordium"],"potions_floor_usage":[2,4],"damage_taken":[{"damage":7.0,"enemies":"Jaw Worm","floor":1.0,"turns":4.0},{"damage":0,"enemies":"Small Slimes","floor":2,"turns":2},{"damage":3,"enemies":"2 Louse","floor":4,"turns":5},{"damage":58,"enemies":"Gremlin Nob","floor":11,"turns":7}],"seed_played":"7572514458642971207","potions_obtained":[{"floor":1.0,"key":"CunningPotion"},{"floor":2,"key":"Block Potion"}],"is_trial":false,"path_per_floor":["M","M","$","M","?","R","$","?","T","R","E"],"character_chosen":"THE_SILENT","items_purchased":["Footwork","Outmaneuver"],"campfire_rested":1,"item_purchase_floors":[3,3],"current_hp_per_floor":[63,63,63,60,49,49,49,35,35,56,0,0],"gold":169,"neow_bonus":"BOSS_RELIC","is_daily":false,"chose_seed":false,"campfire_upgraded":1,"win_rate":0.0,"timestamp":1610842914,"path_taken":["M","M","$","M","?","R","$","?","T","R","E"],"items_purchased_type":["Card","Card"],"build_version":"2020-12-22","purchased_purges":0,"victory":false,"max_hp_per_floor":[70,70,70,70,70,70,70,70,70,70,70,70],"card_choices":[{"not_picked":["Dodge and Roll","Reflex"],"picked":"Footwork","floor":1.0},{"not_picked":["Leg Sweep","Backflip"],"picked":"Dodge and Roll","floor":2},{"not_picked":["Quick Slash","Underhanded Strike"],"picked":"Dagger Throw","floor":4}],"player_experience":227812,"relics_obtained":[{"floor":9,"key":"Orichalcum"}],"event_choices":[{"damage_healed":0,"gold_gain":75,"player_choice":"Gather Gold","damage_taken":11,"max_hp_gain":0,"max_hp_loss":0,"event_name":"World of Goop","floor":5,"gold_loss":0},{"damage_healed":0,"gold_gain":0,"player_choice":"Entered Light","damage_taken":14,"max_hp_gain":0,"max_hp_loss":0,"event_name":"Shining Light","floor":8,"gold_loss":0,"cards_upgraded":["Neutralize","Defend_G"]}],"is_beta":false,"boss_relics":[],"items_purged_floors":[],"is_endless":false,"potions_floor_spawned":[1,2],"killed_by":"Gremlin Nob","ascension_level":3}}