{"host":"df48i9djcn92c5sx","time":1610888290,"event":{"mods":["BaseMod","Downfall","Marisa£®ÏF”Í°°ƒß¿Ì…≥£©","Minty Spire (QoL Compilation)","READ ME - Guardian Mod","READ ME - Snecko Mod","Reimu£®≤©¿ˆ¡È√Œ£©","Remilia£®¿Ÿ√◊¿Ú—«£©","Shop Mod","StSLib","The Jungle","The Servant 0.9.4"],"gold_per_floor":[99,110,110,260,260,286,286,286,49,49,75,95,95,129,144,144,144],"floor_reached":16,"language":"ZHS","playtime":757,"items_purged":[],"score":116,"play_id":"4e275336-a1ae-4342-bd1a-b80185060164","local_time":"20210117205810","is_ascension_mode":false,"campfire_choices":[{"data":"bronze:Goto","floor":1.0,"key":"SMITH"},{"data":"bronze:Replicate","floor":8,"key":"SMITH"},{"data":"bronze:ChosenStrike","floor":10,"key":"SMITH"},{"data":"bronze:CloningBeam","floor":13,"key":"SMITH"}],"circlet_count":0,"master_deck":["bronze:Strike","bronze:Strike","bronze:Strike","bronze:Strike","bronze:Defend","bronze:Defend","bronze:Defend","bronze:Replicate+1","bronze:Goto+1","bronze:Constructor","downfall:Icky","bronze:NullPointer","bronze:ChosenStrike+1","bronze:AlphaBuild","bronze:FindAndReplace","bronze:Overload","bronze:CloningBeam+1","bronze:ThunderWave","bronze:GetLatest"],"relics":["bronze:BronzeCore","Incense Burner","Bronze Scales","Potion Belt"],"acts_visited":["Exordium"],"potions_floor_usage":[6,14],"damage_taken":[{"damage":1.0,"enemies":"Jaw Worm","floor":2.0,"turns":6.0},{"damage":39,"enemies":"Lagavulin","floor":6,"turns":9},{"damage":0,"enemies":"downfall:FleeingMerchant","floor":9,"turns":4},{"damage":1,"enemies":"Gremlin Nob","floor":11,"turns":4},{"damage":0,"enemies":"2 Louse","floor":12,"turns":2},{"damage":4,"enemies":"3 Sentries","floor":14,"turns":5},{"damage":2,"enemies":"Small Slimes","floor":15,"turns":3},{"damage":36,"enemies":"SI_SHIV_ARCHETYPE","floor":16,"turns":7}],"seed_played":"-5288439376286356988","potions_obtained":[{"floor":2.0,"key":"bronze:FreeFunctionsPotion"},{"floor":6,"key":"Energy Potion"},{"floor":14,"key":"SteroidPotion"}],"is_trial":false,"path_per_floor":["R","M","?","?","?","E","T","R","$","R","E","M","R","E","M","B"],"character_chosen":"THE_AUTOMATON","items_purchased":["bronze:AlphaBuild","bronze:FindAndReplace"],"campfire_rested":0,"item_purchase_floors":[9,9],"current_hp_per_floor":[77,76,76,76,81,42,42,42,42,42,41,41,41,37,35,0,0],"gold":144,"neow_bonus":"TEN_PERCENT_HP_BONUS","is_daily":false,"chose_seed":false,"campfire_upgraded":4,"win_rate":0.0,"timestamp":1610888290,"path_taken":["R","M","?","?","?","E","T","R","$","R","E","?","R","E","M","BOSS"],"items_purchased_type":["Card","Card"],"build_version":"2020-12-22","purchased_purges":0,"victory":false,"max_hp_per_floor":[77,77,77,77,82,82,82,82,82,82,82,82,82,82,82,82,82],"card_choices":[{"not_picked":["bronze:Turbo","bronze:DelayedGuard","bronze:Deprecate"],"picked":"SKIP","floor":2.0},{"not_picked":["bronze:BugBarrage","bronze:Return"],"picked":"bronze:NullPointer","floor":6},{"not_picked":["bronze:BitShift","bronze:WhirlingStrike"],"picked":"bronze:ChosenStrike","floor":9},{"not_picked":["bronze:Iterate","bronze:Invalidate"],"picked":"bronze:Overload","floor":11},{"not_picked":["bronze:Deprecate","bronze:OilSpill"],"picked":"bronze:CloningBeam","floor":12},{"not_picked":["bronze:OilSpill","bronze:Branch"],"picked":"bronze:ThunderWave","floor":14},{"not_picked":["bronze:Frontload","bronze:BitShift"],"picked":"bronze:GetLatest","floor":15}],"player_experience":1430501,"relics_obtained":[{"floor":6,"key":"Incense Burner"},{"floor":11,"key":"Bronze Scales"},{"floor":14,"key":"Potion Belt"}],"event_choices":[{"damage_healed":0,"gold_gain":0,"player_choice":"Donut","damage_taken":0,"max_hp_gain":5,"max_hp_loss":0,"event_name":"Big Fish","floor":5,"gold_loss":0}],"is_beta":false,"boss_relics":[],"items_purged_floors":[],"is_endless":false,"potions_floor_spawned":[2,6,14],"killed_by":"SI_SHIV_ARCHETYPE","ascension_level":0}}