{"host":"ooy9sn8qgs7oliwr","time":1610897153,"event":{"mods":["ATMod(阿瑾Mod)","Act Like it!","BaseMod","BetterRewards","Minty Spire (QoL Compilation)","Pale of the Ancients","Prisma Mod","Remilia_Scarlet Moed（蕾米莉亚・斯卡雷特）3.3.5","Replay The Spire","RumiaBox-露米娅的神秘盒子","StSLib","The Alterego","The Jungle","Yakumo Yukari mod","【遗物卡牌】REMEMod"],"gold_per_floor":[109,123,139,159,159,186,186,277,277,341,516,575,575,713,713,938,938,982,1072,1134,837,878,878,937,937,937,937,1042,1042,1042,1098,1098,1271,1371,1412,1553,950,988,1013,1013],"floor_reached":39,"language":"ZHS","playtime":1473,"items_purged":["Doubt"],"score":501,"play_id":"b52d7c7f-2b9b-4d93-9c43-384f2cf5f5b7","local_time":"20210117232553","is_ascension_mode":true,"campfire_choices":[{"data":"ReplayTheSpireMod:Fabricate Wheel","floor":7,"key":"SMITH"},{"data":"BasicCrystalCard","floor":13,"key":"SMITH"},{"floor":23,"key":"REST"},{"floor":25,"key":"REST"},{"floor":32,"key":"REST"}],"circlet_count":0,"master_deck":["Strike_B","Strike_B","Strike_B","Defend_B","Defend_B","Defend_B","Defend_B","Zap","Dualcast","Electrodynamics+1","BasicCrystalCard+1","Turbo","Coolheaded","Echo Form","White Noise","AT_HeatAcrobatics","AT_RightCognition","Storm+1","AT_StudyProgram","FIFO Queue+1","ReplayTheSpireMod:Reroute Power","Shame"],"relics":["Cracked Core","AT_ATBox","REME_ComplimentaryCards","AT_MibuBalloonWealth","HornCleat","Prayer Wheel","Pocketwatch","Replay:Grab Bag","Philosopher\u0027s Stone","Cursed Key","EasyGame_NEW","Replay:Mystery Machine","Mercury Hourglass","GodSword6","alterego_mod:SomeoneToFightFor","SSSystem","Bronze Scales","Replay:Wanted Poster","MoreBug","SecretRecord"],"acts_visited":["Exordium","TheCity","TheBeyond"],"potions_floor_usage":[6,10,10,22,28],"damage_taken":[{"damage":0,"enemies":"Small Slimes","floor":1,"turns":2},{"damage":1,"enemies":"Cultist","floor":2,"turns":3},{"damage":6,"enemies":"Jaw Worm","floor":3,"turns":2},{"damage":5,"enemies":"Looter","floor":4,"turns":2},{"damage":8,"enemies":"3 Sentries","floor":6,"turns":3},{"damage":1,"enemies":"3 Louse","floor":8,"turns":2},{"damage":0,"enemies":"2 Fungi Beasts","floor":10,"turns":2},{"damage":2,"enemies":"Gremlin Nob","floor":12,"turns":3},{"damage":5,"enemies":"Lots of Slimes","floor":14,"turns":2},{"damage":12,"enemies":"Fading Forest","floor":16,"turns":11},{"damage":16,"enemies":"Shell Parasite","floor":18,"turns":4},{"damage":0,"enemies":"3 Byrds","floor":19,"turns":2},{"damage":28,"enemies":"Shelled Parasite and Fungi","floor":20,"turns":4},{"damage":14,"enemies":"Snake Plant","floor":22,"turns":3},{"damage":6,"enemies":"REME_1_Revenger","floor":24,"turns":4},{"damage":21,"enemies":"Slavers","floor":28,"turns":2},{"damage":14,"enemies":"Book of Stabbing","floor":31,"turns":3},{"damage":23,"enemies":"Collector","floor":33,"turns":5},{"damage":5,"enemies":"Orb Walker","floor":35,"turns":3},{"damage":29,"enemies":"3 Darklings","floor":36,"turns":3},{"damage":11,"enemies":"Spire Growth","floor":38,"turns":2},{"damage":60,"enemies":"Remilia_Byz","floor":39,"turns":3}],"seed_played":"-5262575768856046512","potions_obtained":[{"floor":1,"key":"Explosive Potion"},{"floor":3,"key":"Energy Potion"},{"floor":5,"key":"Fire Potion"},{"floor":14,"key":"Milkshake"},{"floor":16,"key":"BlessingOfTheForge"},{"floor":24,"key":"SkillPotion"},{"floor":28,"key":"Cursed Concoction"},{"floor":31,"key":"Regen Potion"}],"is_trial":false,"path_per_floor":["M","M","M","M","?","E","R","M","T","M","?","E","R","M","R","B",null,"M","M","M","$","M","R","E","R","T","?","E","?","?","E","R","B",null,"M","M","$","M","?"],"character_chosen":"DEFECT","items_purchased":["Replay:Mystery Machine","AT_StudyProgram","MoreBug","SecretRecord"],"campfire_rested":3,"item_purchase_floors":[21,21,37,37],"current_hp_per_floor":[75,74,68,63,63,55,55,54,54,54,54,52,52,47,47,61,75,59,59,31,31,17,39,33,55,55,55,34,59,52,45,67,44,75,75,67,67,56,0,0],"gold":1013,"neow_bonus":"UPGRADE_CARD","is_daily":false,"chose_seed":false,"campfire_upgraded":2,"win_rate":0.0,"timestamp":1610897153,"path_taken":["M","M","M","M","?","E","R","M","T","?","?","E","R","M","R","BOSS","M","M","M","$","M","R","E","R","T","?","E","?","?","E","R","BOSS","M","M","$","?","?"],"items_purchased_type":["Relic","Card","Relic","Relic"],"build_version":"2020-12-22","purchased_purges":1,"victory":false,"max_hp_per_floor":[75,75,75,75,75,75,75,75,75,75,75,75,75,75,75,75,75,75,75,75,75,75,75,75,75,75,75,75,75,75,75,75,75,75,75,75,75,75,75,75],"card_choices":[{"not_picked":["Stack","ReplayGash"],"picked":"BasicCrystalCard","floor":1},{"not_picked":["Lockon","Go for the Eyes","Reprogram"],"picked":"SKIP","floor":2},{"not_picked":["Cold Snap","Steam"],"picked":"Turbo","floor":3},{"not_picked":["AT_HeatAcrobatics","Ball Lightning","ReplayTheSpireMod:System Scan"],"picked":"SKIP","floor":4},{"not_picked":["Ball Lightning","Reinforced Body"],"picked":"ReplayTheSpireMod:Fabricate Wheel","floor":6},{"not_picked":["REME_DataAnalysis","BasicCrystalCard"],"picked":"Coolheaded","floor":8},{"not_picked":["Stack","Sweeping Beam","AT_WarpDrive"],"picked":"SKIP","floor":10},{"not_picked":["Stack","Skim","Sweeping Beam"],"picked":"SKIP","floor":10},{"not_picked":["Leap","Force Field","Turbo"],"picked":"SKIP","floor":12},{"not_picked":["Sunder","Streamline"],"picked":"White Noise","floor":14},{"not_picked":["AT_RobotInSpace","Cold Snap","Gash"],"picked":"SKIP","floor":14},{"not_picked":["Meteor Strike","Thunder Strike"],"picked":"AT_RightCognition","floor":16},{"not_picked":["ReplayTheSpireMod:Omega Cannon","REME_Compress+1"],"picked":"Storm+1","floor":18},{"not_picked":["Hologram","BasicCrystalCard","Cold Snap+1"],"picked":"SKIP","floor":18},{"not_picked":["Steam+1","BasicCrystalCard","Ball Lightning"],"picked":"SKIP","floor":19},{"not_picked":["Chaos","FTL","Redo"],"picked":"SKIP","floor":19},{"not_picked":["Turbo+1","Panic Button","Conserve Battery"],"picked":"SKIP","floor":20},{"not_picked":["Go for the Eyes+1","Streamline","Stack+1"],"picked":"SKIP","floor":20},{"not_picked":["Loop","Conserve Battery"],"picked":"FIFO Queue+1","floor":22},{"not_picked":["Coolheaded+1","Hello World","ReplayTheSpireMod:System Scan+1"],"picked":"SKIP","floor":22},{"not_picked":["Reprogram+1","AT_RobotInSpace"],"picked":"ReplayTheSpireMod:Reroute Power","floor":24},{"not_picked":["Biased Cognition","REME_Compress","Cold Snap+1"],"picked":"SKIP","floor":28},{"not_picked":["Streamline+1","Reinforced Body","Defragment+1"],"picked":"SKIP","floor":31},{"not_picked":["Stack+1","Melter","Sunder"],"picked":"SKIP","floor":35},{"not_picked":["Redo+1","Conserve Battery","AT_EMC2"],"picked":"SKIP","floor":35},{"not_picked":["Scrape","Go for the Eyes+1","Blizzard+1"],"picked":"SKIP","floor":36},{"not_picked":["Conserve Battery+1","ReplayTheSpireMod:Repulse","AT_ThunderBolt"],"picked":"SKIP","floor":36},{"not_picked":["Undo+1","Melter+1","Conserve Battery+1","Turbo"],"picked":"SKIP","floor":38},{"not_picked":["Reprogram","Go for the Eyes+1","Streamline","Conserve Battery+1"],"picked":"SKIP","floor":38}],"player_experience":25016,"relics_obtained":[{"floor":6,"key":"AT_MibuBalloonWealth"},{"floor":9,"key":"HornCleat"},{"floor":12,"key":"Pocketwatch"},{"floor":24,"key":"Mercury Hourglass"},{"floor":26,"key":"GodSword6"},{"floor":28,"key":"SSSystem"},{"floor":31,"key":"Bronze Scales"}],"event_choices":[{"damage_healed":0,"gold_gain":0,"player_choice":"Got Potions","damage_taken":0,"max_hp_gain":0,"max_hp_loss":0,"event_name":"Lab","floor":5,"gold_loss":0},{"damage_healed":0,"gold_gain":175,"player_choice":"AGREE","damage_taken":0,"max_hp_gain":0,"max_hp_loss":0,"event_name":"Liars Game","floor":11,"gold_loss":0,"cards_obtained":["Doubt"]},{"damage_healed":0,"gold_gain":0,"player_choice":"Choice 2","damage_taken":0,"relics_obtained":["alterego_mod:SomeoneToFightFor"],"max_hp_gain":0,"max_hp_loss":0,"event_name":"爱的神圣花园","floor":27,"gold_loss":0},{"damage_healed":25,"gold_gain":0,"player_choice":"Heal","damage_taken":0,"max_hp_gain":0,"max_hp_loss":0,"event_name":"The Library","floor":29,"gold_loss":0},{"damage_healed":0,"gold_gain":0,"player_choice":"Damaged","damage_taken":7,"max_hp_gain":0,"max_hp_loss":0,"event_name":"Wheel of Change","floor":30,"gold_loss":0}],"is_beta":false,"boss_relics":[{"not_picked":["Black Star","Honey Jar"],"picked":"Replay:Grab Bag"},{"not_picked":["Runic Dome","ChewingGum"],"picked":"Philosopher\u0027s Stone"},{"not_picked":["SlaversCollar","Busted Crown"],"picked":"Cursed Key"},{"not_picked":["Tiny House","REME_DuelDisc"],"picked":"EasyGame_NEW"},{"not_picked":["ReplayTheSpireMod:DimensionalGlitch","Painkiller Herb"],"picked":"Replay:Wanted Poster"}],"items_purged_floors":[21],"is_endless":false,"potions_floor_spawned":[1,3,14,16,24,28,31,35],"killed_by":"Remilia_Byz","ascension_level":1}}