{"host":"2se5dq1do2gp0x9k","time":1610854152,"event":{"mods":["AchievementEnabler","BaseMod","Block Reminder","Colored Map","Colored Powertips","Minty Spire (QoL Compilation)","Relic Stats","StSLib","SuperFastMode"],"gold_per_floor":[117,117,64,78,88,88,108,108,133,133,144,159,230,230,230],"floor_reached":14,"language":"ENG","playtime":278,"items_purged":[],"score":160,"play_id":"e5cbe71f-4d06-4f9f-9e51-123a428400ee","local_time":"20210116192912","is_ascension_mode":true,"campfire_choices":[{"data":"Barrage","floor":6,"key":"SMITH"},{"data":"Tempest","floor":8,"key":"SMITH"},{"data":"Zap","floor":10,"key":"SMITH"}],"circlet_count":0,"master_deck":["AscendersBane","Strike_B","Strike_B","Strike_B+1","Strike_B","Defend_B+1","Defend_B","Defend_B","Defend_B","Zap+1","Dualcast","Tempest+1","Barrage+1","Lockon","Undo","Sweeping Beam","Loop","Melter"],"relics":["Cracked Core","NeowsBlessing","Odd Mushroom","Centennial Puzzle"],"acts_visited":["Exordium"],"potions_floor_usage":[],"damage_taken":[{"damage":0,"enemies":"Small Slimes","floor":1,"turns":1},{"damage":0,"enemies":"Jaw Worm","floor":4,"turns":1},{"damage":0,"enemies":"2 Louse","floor":5,"turns":1},{"damage":25,"enemies":"The Mushroom Lair","floor":7,"turns":4},{"damage":5,"enemies":"Large Slime","floor":11,"turns":3},{"damage":8,"enemies":"Blue Slaver","floor":12,"turns":3},{"damage":5,"enemies":"3 Sentries","floor":14,"turns":1}],"seed_played":"2819373399249948507","potions_obtained":[{"floor":7,"key":"Ancient Potion"},{"floor":12,"key":"FocusPotion"}],"is_trial":false,"path_per_floor":["M","?","$","M","M","R","?","R","T","R","M","M","?","E"],"character_chosen":"DEFECT","items_purchased":["Barrage"],"campfire_rested":0,"item_purchase_floors":[3],"current_hp_per_floor":[64,43,43,43,43,43,18,18,18,18,13,5,5,0,0],"gold":230,"neow_bonus":"THREE_ENEMY_KILL","is_daily":false,"chose_seed":false,"campfire_upgraded":3,"win_rate":0.0,"timestamp":1610854152,"path_taken":["M","?","$","M","M","R","?","R","T","R","M","M","?","E"],"items_purchased_type":["Card"],"build_version":"2020-12-22","purchased_purges":0,"victory":false,"max_hp_per_floor":[71,71,71,71,71,71,71,71,71,71,71,71,71,71,71],"relic_stats":{"Centennial Puzzle":[6],"counters":[7,14],"obtain_stats":[{"Centennial Puzzle":9,"NeowsBlessing":0,"Odd Mushroom":7,"Cracked Core":0},{"Centennial Puzzle":4,"NeowsBlessing":0,"Odd Mushroom":4,"Cracked Core":0},{"Centennial Puzzle":7,"NeowsBlessing":0,"Odd Mushroom":7,"Cracked Core":0}]},"card_choices":[{"not_picked":["Leap","Streamline"],"picked":"Tempest","floor":1},{"not_picked":["Stack","Hologram"],"picked":"Lockon","floor":4},{"not_picked":["Leap","Coolheaded"],"picked":"Undo","floor":5},{"not_picked":["Steam Power","Stack"],"picked":"Sweeping Beam","floor":7},{"not_picked":["Scrape","Stack"],"picked":"Loop","floor":11},{"not_picked":["Redo","All For One"],"picked":"Melter","floor":12}],"player_experience":3875501,"relics_obtained":[{"floor":7,"key":"Odd Mushroom"},{"floor":9,"key":"Centennial Puzzle"}],"event_choices":[{"damage_healed":0,"gold_gain":0,"player_choice":"Entered Light","damage_taken":21,"max_hp_gain":0,"max_hp_loss":0,"event_name":"Shining Light","floor":2,"gold_loss":0,"cards_upgraded":["Defend_B","Strike_B"]},{"damage_healed":0,"gold_gain":0,"player_choice":"Fought Mushrooms","damage_taken":0,"max_hp_gain":0,"max_hp_loss":0,"event_name":"Mushrooms","floor":7,"gold_loss":0},{"damage_healed":0,"gold_gain":71,"player_choice":"Gained Gold","damage_taken":0,"max_hp_gain":0,"max_hp_loss":0,"event_name":"Golden Wing","floor":13,"gold_loss":0}],"is_beta":false,"boss_relics":[],"items_purged_floors":[],"is_endless":false,"potions_floor_spawned":[7,12],"killed_by":"3 Sentries","ascension_level":20}}