{"host":"19tvufa8xx4wr4o1","time":1610917921,"event":{"mods":["AchievementEnabler","BaseMod","Better Sensory Stone","Better Third Choice","Highlight Path","Minty Spire (QoL Compilation)","Relic Stats","StSLib"],"gold_per_floor":[118,118,118,128,49,49,83,83,83,112,128,19,47,66,66,145,145,157,83,117,117,128,162,162,181,229,229,229,254,270,288,288,363,363,376,393,446,471,693,728,221,221,221,221,221,235,253,128,128,128,128,128,54,85,85],"floor_reached":56,"language":"ENG","playtime":2883,"items_purged":["Strike_G","Strike_G","Clumsy"],"score":2036,"play_id":"943ee4cb-180c-4129-9573-cbdad04e34d2","local_time":"20210117151201","is_ascension_mode":true,"campfire_choices":[{"data":"Predator","floor":6,"key":"SMITH"},{"floor":8,"key":"REST"},{"data":"Caltrops","floor":15,"key":"SMITH"},{"data":"1","floor":24,"key":"LIFT"},{"data":"2","floor":28,"key":"LIFT"},{"data":"3","floor":32,"key":"LIFT"},{"floor":42,"key":"RECALL"},{"data":"Footwork","floor":45,"key":"SMITH"},{"data":"Noxious Fumes","floor":49,"key":"SMITH"},{"data":"Leg Sweep","floor":52,"key":"SMITH"}],"circlet_count":0,"master_deck":["AscendersBane","Strike_G","Defend_G+1","Defend_G+1","Defend_G","Defend_G","Defend_G","Survivor","Neutralize","Dash","Leg Sweep+1","Predator+1","Dash","PiercingWail","Caltrops+1","Envenom","Bouncing Flask","PiercingWail","Die Die Die","Blur+1","Noxious Fumes+1","Bouncing Flask+1","Leg Sweep","Footwork+1","Tools of the Trade","Backflip+1","Footwork+1","Blur+1"],"relics":["Ring of the Snake","NeowsBlessing","Bag of Marbles","Anchor","Eternal Feather","Mummified Hand","Girya","Snecko Eye","Red Mask","MealTicket","War Paint","Boot","Cursed Key","Lizard Tail","The Specimen","Blood Vial","InkBottle","Toy Ornithopter","Orichalcum"],"acts_visited":["Exordium","TheCity","TheBeyond","TheEnding"],"potions_floor_usage":[20,46,55,55],"damage_taken":[{"damage":0,"enemies":"Small Slimes","floor":1,"turns":1},{"damage":0,"enemies":"2 Louse","floor":4,"turns":1},{"damage":0,"enemies":"Gremlin Nob","floor":7,"turns":1},{"damage":14,"enemies":"Lagavulin","floor":10,"turns":8},{"damage":0,"enemies":"Jaw Worm","floor":11,"turns":1},{"damage":4,"enemies":"Gremlin Nob","floor":13,"turns":5},{"damage":0,"enemies":"2 Fungi Beasts","floor":14,"turns":2},{"damage":15,"enemies":"Hexaghost","floor":16,"turns":10},{"damage":0,"enemies":"Chosen","floor":18,"turns":4},{"damage":2,"enemies":"Masked Bandits","floor":20,"turns":5},{"damage":4,"enemies":"Shell Parasite","floor":22,"turns":5},{"damage":4,"enemies":"Book of Stabbing","floor":23,"turns":5},{"damage":0,"enemies":"Centurion and Healer","floor":25,"turns":6},{"damage":0,"enemies":"Slavers","floor":29,"turns":4},{"damage":0,"enemies":"Snecko","floor":30,"turns":4},{"damage":0,"enemies":"3 Cultists","floor":31,"turns":4},{"damage":2,"enemies":"Automaton","floor":33,"turns":8},{"damage":0,"enemies":"Orb Walker","floor":35,"turns":4},{"damage":2,"enemies":"3 Shapes","floor":36,"turns":4},{"damage":13,"enemies":"2 Orb Walkers","floor":37,"turns":5},{"damage":0,"enemies":"Mind Bloom Boss Battle","floor":38,"turns":5},{"damage":0,"enemies":"Nemesis","floor":40,"turns":7},{"damage":0,"enemies":"Jaw Worm Horde","floor":46,"turns":3},{"damage":0,"enemies":"4 Shapes","floor":47,"turns":3},{"damage":5,"enemies":"Awakened One","floor":50,"turns":14},{"damage":0,"enemies":"Shield and Spear","floor":54,"turns":7},{"damage":21,"enemies":"The Heart","floor":55,"turns":11}],"seed_played":"-7785699338782008263","potions_obtained":[{"floor":1,"key":"SmokeBomb"},{"floor":10,"key":"Block Potion"},{"floor":20,"key":"GamblersBrew"},{"floor":31,"key":"Dexterity Potion"},{"floor":37,"key":"DistilledChaos"},{"floor":46,"key":"Fruit Juice"}],"is_trial":false,"path_per_floor":["M","?","?","M","$","R","E","R","T","E","M","$","E","M","R","B",null,"M","$","?","?","M","E","R","M","T","?","R","E","M","M","R","B",null,"M","M","?","?","?","E","$","R","T","?","R","M","M","$","R","B",null,"R","$","E","B",null],"character_chosen":"THE_SILENT","items_purchased":["Predator","Caltrops","Bouncing Flask","InkBottle","Toy Ornithopter","LiquidBronze"],"campfire_rested":1,"item_purchase_floors":[5,12,19,41,41,53],"current_hp_per_floor":[59,59,33,33,33,33,33,52,52,38,38,38,34,34,43,28,57,57,57,55,55,51,47,59,59,59,59,66,66,66,66,66,64,66,66,64,51,51,51,51,66,66,66,63,63,68,68,68,68,63,67,68,68,68,52],"gold":85,"neow_bonus":"THREE_ENEMY_KILL","is_daily":false,"chose_seed":false,"campfire_upgraded":5,"win_rate":0.0,"timestamp":1610917921,"path_taken":["M","?","?","M","$","R","E","R","T","E","M","$","E","M","R","BOSS","M","$","?","?","M","E","R","M","T","?","R","E","?","M","R","BOSS","M","M","?","?","?","E","$","R","T","?","R","M","M","$","R","BOSS","R","$","E","BOSS"],"items_purchased_type":["Card","Card","Card","Relic","Relic","Potion"],"build_version":"2020-12-22","purchased_purges":3,"victory":true,"max_hp_per_floor":[66,66,66,66,66,66,66,66,66,66,66,66,66,66,66,66,66,66,66,66,66,66,66,66,66,66,66,66,66,66,66,66,66,66,66,66,66,66,66,66,66,66,66,63,63,68,68,68,68,68,68,68,68,68,68],"relic_stats":{"counters":[27,137],"Eternal Feather":29,"War Paint":["Defend_G","Defend_G"],"Orichalcum":[0],"Boot":[4],"Cursed Key":1,"Blood Vial":0,"Lizard Tail":0,"Mummified Hand":[155],"Snecko Eye":[232,222,208,210],"MealTicket":15,"obtain_stats":[{"Girya":13,"NeowsBlessing":0,"The Specimen":38,"Eternal Feather":9,"War Paint":26,"Orichalcum":54,"Boot":29,"Cursed Key":34,"Blood Vial":40,"Anchor":7,"Lizard Tail":37,"Mummified Hand":10,"Snecko Eye":17,"MealTicket":23,"Bag of Marbles":3,"Red Mask":20,"InkBottle":41,"Toy Ornithopter":41,"Ring of the Snake":0},{"Girya":6,"NeowsBlessing":0,"The Specimen":21,"Eternal Feather":3,"War Paint":13,"Orichalcum":26,"Boot":14,"Cursed Key":17,"Blood Vial":22,"Anchor":3,"Lizard Tail":20,"Mummified Hand":4,"Snecko Eye":8,"MealTicket":12,"Bag of Marbles":1,"Red Mask":10,"InkBottle":22,"Toy Ornithopter":22,"Ring of the Snake":0},{"Girya":17,"NeowsBlessing":0,"The Specimen":92,"Eternal Feather":3,"War Paint":54,"Orichalcum":126,"Boot":58,"Cursed Key":74,"Blood Vial":99,"Anchor":3,"Lizard Tail":87,"Mummified Hand":11,"Snecko Eye":29,"MealTicket":48,"Bag of Marbles":1,"Red Mask":38,"InkBottle":99,"Toy Ornithopter":99,"Ring of the Snake":0}],"InkBottle":[19],"Toy Ornithopter":5,"Ring of the Snake":[54]},"card_choices":[{"not_picked":["Well Laid Plans","Cloak And Dagger"],"picked":"Dash","floor":1},{"not_picked":["Endless Agony","Flying Knee"],"picked":"Leg Sweep","floor":4},{"not_picked":["Concentrate","Distraction"],"picked":"Dash","floor":7},{"not_picked":["Heel Hook","Flying Knee"],"picked":"PiercingWail","floor":10},{"not_picked":["Dagger Spray","Cloak And Dagger","Underhanded Strike"],"picked":"SKIP","floor":11},{"not_picked":["Dodge and Roll","Concentrate","Expertise"],"picked":"SKIP","floor":13},{"not_picked":["Endless Agony","Finisher","Deflect"],"picked":"SKIP","floor":14},{"not_picked":["Tools of the Trade","Wraith Form v2"],"picked":"Envenom","floor":16},{"not_picked":["Acrobatics","Outmaneuver","Slice"],"picked":"SKIP","floor":18},{"not_picked":["Concentrate","Poisoned Stab"],"picked":"Blur+1","floor":22},{"not_picked":["Accuracy+1","Dodge and Roll"],"picked":"Noxious Fumes","floor":23},{"not_picked":["Poisoned Stab","Setup"],"picked":"Bouncing Flask+1","floor":25},{"not_picked":["Bane","Dagger Throw","All Out Attack"],"picked":"SKIP","floor":29},{"not_picked":["Deadly Poison","Flying Knee","PiercingWail"],"picked":"SKIP","floor":30},{"not_picked":["Deadly Poison","Backflip"],"picked":"Footwork+1","floor":31},{"not_picked":["Glass Knife","Storm of Steel"],"picked":"Tools of the Trade","floor":33},{"not_picked":["Leg Sweep","Endless Agony+1"],"picked":"Backflip+1","floor":35},{"not_picked":["Underhanded Strike","Acrobatics","Dagger Spray+1"],"picked":"SKIP","floor":36},{"not_picked":["Dodge and Roll","Backflip"],"picked":"Footwork","floor":38},{"not_picked":["Bane","Flechettes","Quick Slash"],"picked":"SKIP","floor":40},{"not_picked":["Bane","Flying Knee"],"picked":"Blur+1","floor":46},{"not_picked":["Endless Agony+1","Blade Dance","Skewer+1"],"picked":"SKIP","floor":47},{"not_picked":["All Out Attack","Heel Hook+1","Unload"],"picked":"SKIP","floor":54}],"player_experience":589902,"relics_obtained":[{"floor":7,"key":"Anchor"},{"floor":9,"key":"Eternal Feather"},{"floor":10,"key":"Mummified Hand"},{"floor":13,"key":"Girya"},{"floor":20,"key":"Red Mask"},{"floor":23,"key":"MealTicket"},{"floor":26,"key":"War Paint"},{"floor":29,"key":"Boot"},{"floor":37,"key":"Lizard Tail"},{"floor":38,"key":"The Specimen"},{"floor":40,"key":"Blood Vial"},{"floor":54,"key":"Orichalcum"}],"event_choices":[{"damage_healed":0,"gold_gain":0,"player_choice":"Leave","damage_taken":0,"max_hp_gain":0,"max_hp_loss":0,"event_name":"The Cleric","floor":2,"gold_loss":0},{"damage_healed":0,"gold_gain":1,"player_choice":"Relic ","damage_taken":26,"max_hp_gain":0,"max_hp_loss":0,"event_name":"betterThird:BetterScrap","floor":3,"gold_loss":0,"cards_obtained":["Static Discharge"]},{"damage_healed":0,"gold_gain":0,"player_choice":"Fought Bandits","damage_taken":0,"max_hp_gain":0,"max_hp_loss":0,"event_name":"Masked Bandits","floor":20,"gold_loss":0},{"damage_healed":0,"gold_gain":0,"cards_transformed":["Strike_G","Strike_G"],"player_choice":"Became Test Subject","damage_taken":0,"max_hp_gain":0,"max_hp_loss":0,"event_name":"Drug Dealer","floor":21,"gold_loss":0,"cards_obtained":["PiercingWail","Die Die Die"]},{"damage_healed":0,"gold_gain":0,"player_choice":"Copied","damage_taken":0,"max_hp_gain":0,"max_hp_loss":0,"event_name":"Duplicator","floor":27,"gold_loss":0,"cards_obtained":["Leg Sweep"]},{"damage_healed":0,"gold_gain":0,"player_choice":"Fight","damage_taken":0,"max_hp_gain":0,"max_hp_loss":0,"event_name":"Mysterious Sphere","floor":37,"gold_loss":0},{"damage_healed":0,"gold_gain":0,"player_choice":"Fight","damage_taken":0,"max_hp_gain":0,"max_hp_loss":0,"event_name":"MindBloom","floor":38,"gold_loss":0},{"damage_healed":0,"gold_gain":222,"player_choice":"Wore Mask","damage_taken":0,"max_hp_gain":0,"max_hp_loss":0,"event_name":"Tomb of Lord Red Mask","floor":39,"gold_loss":0},{"damage_healed":0,"gold_gain":0,"player_choice":"Max HP","damage_taken":0,"max_hp_gain":0,"max_hp_loss":3,"event_name":"Winding Halls","floor":44,"gold_loss":0}],"is_beta":false,"boss_relics":[{"not_picked":["Velvet Choker","SlaversCollar"],"picked":"Snecko Eye"},{"not_picked":["Astrolabe","Calling Bell"],"picked":"Cursed Key"}],"items_purged_floors":[12,41,48],"is_endless":false,"potions_floor_spawned":[1,10,11,13,20,22,30,31,33,35,37,46,54],"ascension_level":15}}