{"host":"sc0o2qwpf9j16a4i","time":1610880460,"event":{"mods":["AchievementEnabler","BaseMod","BetterRewards","Block Reminder","Colored Map","Colored Powertips","Custom Start","Highlight Path","Minty Spire (QoL Compilation)","Relic Stats"],"gold_per_floor":[118,128,278,278,278,278,295,8,63,92,118,118,138,200,200,276,276,295,275,290,302,302,302,302,335,347,359,381,393,393],"floor_reached":29,"language":"ENG","playtime":674,"items_purged":["Doubt"],"score":482,"play_id":"ae473a36-854f-4567-9213-8d0e9ea83019","local_time":"20210117124740","is_ascension_mode":true,"campfire_choices":[{"data":"Tantrum","floor":6,"key":"SMITH"},{"floor":12,"key":"REST"},{"data":"Protect","floor":15,"key":"SMITH"},{"floor":23,"key":"REST"},{"floor":27,"key":"REST"}],"circlet_count":0,"master_deck":["AscendersBane","Strike_P","Strike_P","Strike_P","Strike_P","Defend_P","Defend_P","Defend_P","Defend_P","Eruption","Vigilance","Tantrum+1","EmptyBody","FlyingSleeves","CutThroughFate","ClearTheMind","Brilliance","Protect+1","Omniscience","CrushJoints","Devotion","Decay","Prostrate","Conclude"],"relics":["PureWater","Ancient Tea Set","Bag of Preparation","Anchor","StrikeDummy","Pen Nib","Art of War","Philosopher\u0027s Stone","MawBank","Smiling Mask"],"acts_visited":["Exordium","TheCity"],"potions_floor_usage":[10,16,25,29],"damage_taken":[{"damage":0,"enemies":"Cultist","floor":1,"turns":3},{"damage":0,"enemies":"2 Louse","floor":2,"turns":3},{"damage":11,"enemies":"Jaw Worm","floor":7,"turns":6},{"damage":15,"enemies":"3 Sentries","floor":10,"turns":7},{"damage":0,"enemies":"Exordium Wildlife","floor":13,"turns":2},{"damage":0,"enemies":"Gremlin Nob","floor":14,"turns":2},{"damage":14,"enemies":"Hexaghost","floor":16,"turns":7},{"damage":15,"enemies":"3 Byrds","floor":18,"turns":3},{"damage":0,"enemies":"Chosen","floor":20,"turns":2},{"damage":33,"enemies":"Snake Plant","floor":21,"turns":4},{"damage":32,"enemies":"Gremlin Leader","floor":25,"turns":5},{"damage":15,"enemies":"Snecko","floor":28,"turns":5},{"damage":13,"enemies":"Centurion and Healer","floor":29,"turns":4}],"seed_played":"2772175618674909429","potions_obtained":[{"floor":2,"key":"SneckoOil"},{"floor":7,"key":"StancePotion"},{"floor":14,"key":"AttackPotion"},{"floor":19,"key":"SteroidPotion"},{"floor":28,"key":"Dexterity Potion"}],"is_trial":false,"path_per_floor":["M","M","?","?","?","R","M","$","T","E","T","R","M","?","R","B",null,"M","?","M","M","?","R","?","E","T","R","M","M"],"character_chosen":"WATCHER","items_purchased":["Tantrum","Bag of Preparation","ClearTheMind"],"campfire_rested":3,"item_purchase_floors":[0,8,8],"current_hp_per_floor":[61,61,61,50,55,55,44,44,44,29,29,50,50,50,50,36,64,49,49,49,16,16,37,37,5,5,26,11,0,0],"gold":393,"neow_bonus":"","is_daily":false,"chose_seed":false,"campfire_upgraded":2,"win_rate":0.0,"timestamp":1610880460,"path_taken":["M","M","?","?","?","R","?","$","T","E","?","R","M","?","R","BOSS","M","?","?","M","?","R","?","E","T","R","?","M"],"items_purchased_type":["Card","Relic","Card"],"build_version":"2020-12-22","purchased_purges":1,"victory":false,"max_hp_per_floor":[68,68,68,68,73,73,73,73,73,73,73,73,73,73,73,73,73,73,73,73,73,73,73,73,73,73,73,73,73,73],"relic_stats":{"counters":[28,131],"Pen Nib":[7],"Bag of Preparation":[20],"Art of War":[2],"MawBank":48,"Smiling Mask":0,"obtain_stats":[{"Golden Idol":3,"PreservedInsect":9,"Pen Nib":11,"Bag of Preparation":8,"Ancient Tea Set":4,"MawBank":25,"Smiling Mask":26,"Anchor":4,"Pantograph":0,"Philosopher\u0027s Stone":17,"Fusion Hammer":17,"Coffee Dripper":0,"Bag of Marbles":12,"Art of War":14,"PureWater":0,"StrikeDummy":10},{"Golden Idol":2,"PreservedInsect":4,"Pen Nib":19,"Bag of Preparation":18,"Ancient Tea Set":17,"MawBank":26,"Smiling Mask":26,"Anchor":2,"Pantograph":12,"Philosopher\u0027s Stone":22,"Fusion Hammer":8,"Coffee Dripper":0,"Bag of Marbles":6,"Art of War":21,"PureWater":0,"StrikeDummy":19},{"Golden Idol":6,"PreservedInsect":14,"Pen Nib":97,"Bag of Preparation":90,"Ancient Tea Set":84,"MawBank":122,"Smiling Mask":122,"Anchor":6,"Pantograph":57,"Philosopher\u0027s Stone":108,"Fusion Hammer":34,"Coffee Dripper":0,"Bag of Marbles":21,"Art of War":101,"PureWater":0,"StrikeDummy":97}]},"card_choices":[{"not_picked":["Halt","Crescendo"],"picked":"EmptyBody","floor":1},{"not_picked":["Collect","Evaluate"],"picked":"FlyingSleeves","floor":2},{"not_picked":["Crescendo","Protect"],"picked":"CutThroughFate","floor":7},{"not_picked":["Crescendo","Evaluate"],"picked":"Brilliance","floor":10},{"not_picked":["Tantrum","ClearTheMind","PathToVictory"],"picked":"SKIP","floor":13},{"not_picked":["FlyingSleeves","Crescendo"],"picked":"Protect","floor":14},{"not_picked":["Vault","Scrawl"],"picked":"Omniscience","floor":16},{"not_picked":["Consecrate","Evaluate"],"picked":"CrushJoints","floor":18},{"not_picked":["EmptyFist","SashWhip","Study+1"],"picked":"SKIP","floor":20},{"not_picked":["Protect","EmptyBody+1"],"picked":"Devotion","floor":21},{"not_picked":["Nirvana","CutThroughFate"],"picked":"Prostrate","floor":25},{"not_picked":["ThirdEye","EmptyFist"],"picked":"Conclude","floor":28}],"player_experience":684000,"relics_obtained":[{"floor":9,"key":"Anchor"},{"floor":10,"key":"StrikeDummy"},{"floor":11,"key":"Pen Nib"},{"floor":14,"key":"Art of War"},{"floor":25,"key":"MawBank"},{"floor":26,"key":"Smiling Mask"}],"event_choices":[{"damage_healed":0,"gold_gain":150,"player_choice":"AGREE","damage_taken":0,"max_hp_gain":0,"max_hp_loss":0,"event_name":"Liars Game","floor":3,"gold_loss":0,"cards_obtained":["Doubt"]},{"damage_healed":0,"gold_gain":0,"player_choice":"Success","damage_taken":11,"relics_obtained":["Ancient Tea Set"],"max_hp_gain":0,"max_hp_loss":0,"event_name":"Scrap Ooze","floor":4,"gold_loss":0},{"damage_healed":0,"gold_gain":0,"player_choice":"Donut","damage_taken":0,"max_hp_gain":5,"max_hp_loss":0,"event_name":"Big Fish","floor":5,"gold_loss":0},{"damage_healed":0,"gold_gain":0,"player_choice":"Searched \u00271\u0027 times","damage_taken":0,"max_hp_gain":0,"max_hp_loss":0,"event_name":"Dead Adventurer","floor":14,"gold_loss":0},{"damage_healed":0,"gold_gain":0,"player_choice":"Bought 1 Potion","damage_taken":0,"max_hp_gain":0,"max_hp_loss":0,"event_name":"The Woman in Blue","floor":19,"gold_loss":0},{"damage_healed":0,"gold_gain":0,"player_choice":"Smashed Altar","damage_taken":0,"max_hp_gain":0,"max_hp_loss":0,"event_name":"Forgotten Altar","floor":22,"gold_loss":0,"cards_obtained":["Decay"]},{"damage_healed":0,"gold_gain":0,"player_choice":"Ignored","damage_taken":0,"max_hp_gain":0,"max_hp_loss":0,"event_name":"The Mausoleum","floor":24,"gold_loss":0}],"is_beta":false,"boss_relics":[{"not_picked":["Velvet Choker","Ectoplasm"],"picked":"Philosopher\u0027s Stone"}],"items_purged_floors":[8],"is_endless":false,"potions_floor_spawned":[2,7,14,28],"killed_by":"Centurion and Healer","ascension_level":20}}