{"host":"te4ihy0orbpglf07","time":1610886464,"event":{"mods":["Act Like it!","Arknights The Spire","BaseMod","BetterRewards","Chen","Friendly Minions","Gensokyo","Hubris","Infinite Spire","Marisa????????","Minty Spire (QoL Compilation)","Onozuka Komachi Mod","Reimu??????","Remilia??????","RumiaBox-????????","Small Relic Pack","StSLib","SuperFastMode","Td1madao Mod","The Servant 0.9.4"],"gold_per_floor":[117,131,26,26,40,40,66,66,118,118,118,118,118,48,48,248,248],"floor_reached":16,"language":"ENG","playtime":612,"items_purged":[],"score":146,"play_id":"3f3b6799-251c-4e7e-aee6-4cc9d819d563","local_time":"20210117152744","is_ascension_mode":false,"campfire_choices":[{"data":"ats:Emotion Absorption","floor":6,"key":"SMITH"},{"floor":11,"key":"REST"},{"data":"ats:Calcification","floor":13,"key":"SMITH"},{"data":"ats:Neurotoxin","floor":15,"key":"SMITH"}],"circlet_count":0,"master_deck":["ats:Strike C","ats:Strike G","ats:Strike S","ats:Strike V","ats:Defend","ats:Defend","ats:Defend","ats:Defend","ats:Emotion Absorption+1","ats:Collapsing Strike","ats:Ignite","ats:Collapsing Strike","ats:Song Of Battle","Gensokyo:BlemishedSteel","ats:Calcification+1","ats:Neurotoxin+1"],"relics":["ats:Sanity","Gensokyo:LunaticRedEyes","ats:Originium","relicPack:DarknessArmor","Gensokyo:Mercy","Happy Flower","relicPack:AllForOne"],"acts_visited":["Exordium"],"potions_floor_usage":[7,7],"damage_taken":[{"damage":12,"enemies":"Gensokyo:Gryphon","floor":1,"turns":3},{"damage":6,"enemies":"Gensokyo:Python","floor":2,"turns":3},{"damage":5,"enemies":"Gensokyo:2_Kodama","floor":5,"turns":4},{"damage":35,"enemies":"Gensokyo:Aya","floor":7,"turns":9},{"damage":64,"enemies":"Gensokyo:Kokoro","floor":16,"turns":13}],"seed_played":"-8172556115428319213","potions_obtained":[{"floor":1,"key":"SkillPotion"},{"floor":5,"key":"EssenceOfSteel"}],"is_trial":false,"path_per_floor":["M","M","COS","?","M","R","E","?","T","?","R","?","R","$","R","B"],"character_chosen":"DOCTOR_CLASS","items_purchased":["ats:Collapsing Strike","ats:Ignite","ats:Neurotoxin"],"campfire_rested":1,"item_purchase_floors":[0,0,14],"current_hp_per_floor":[60,54,54,54,49,49,14,14,14,14,35,35,35,35,35,0,0],"gold":248,"neow_bonus":"","is_daily":false,"chose_seed":false,"campfire_upgraded":3,"win_rate":0.0,"timestamp":1610886464,"path_taken":["M","M","COS","?","?","R","E","?","T","?","R","?","R","$","R","BOSS"],"items_purchased_type":["Card","Card","Card"],"build_version":"2020-12-22","purchased_purges":0,"victory":false,"max_hp_per_floor":[72,72,72,72,72,72,72,72,72,72,72,72,72,72,72,72,72],"card_choices":[{"not_picked":["ats:Assault Order","ats:Leaping Hammer"],"picked":"ats:Collapsing Strike","floor":1},{"not_picked":["ats:Assault Order","ats:Leaping Hammer"],"picked":"ats:Song Of Battle","floor":2},{"not_picked":["ats:Hammer On","ats:Cat Scratch","ats:Shell Defense"],"picked":"SKIP","floor":5},{"not_picked":["ats:Curse Doll","ats:Shell Defense"],"picked":"ats:Calcification","floor":7}],"player_experience":116687,"relics_obtained":[{"floor":7,"key":"ats:Originium"},{"floor":7,"key":"relicPack:DarknessArmor"},{"floor":9,"key":"Happy Flower"}],"event_choices":[],"is_beta":false,"boss_relics":[],"items_purged_floors":[],"is_endless":false,"potions_floor_spawned":[1,5],"killed_by":"Gensokyo:Kokoro","ascension_level":0}}