{"host":"792mtbovsoa03nb3","time":1610847479,"event":{"mods":["BaseMod","Conspire","Curses Come First","Dota2Spire","Halation","Hubris","Infinite Spire","Minty Spire (QoL Compilation)","Replay The Spire","StS++","StSLib"],"gold_per_floor":[134,174,27,27,66,15,52,104,104,69,79,132,132,132,132,132,132],"floor_reached":16,"language":"ENG","playtime":637,"items_purged":[],"score":110,"play_id":"6974f0d1-5a47-4c9b-b81b-3e2ffe2214a7","local_time":"20210116173759","is_ascension_mode":false,"campfire_choices":[{"data":"Armaments","floor":13,"key":"SMITH"},{"floor":15,"key":"REST"}],"circlet_count":0,"master_deck":["Strike_R","Strike_R","Strike_R","Strike_R","Strike_R","Defend_R","Defend_R","Defend_R","Defend_R","Bash","HandOfGreed","Armaments+1","Fire Breathing","Iron Wave","Reaper","Flame Barrier","Double Tap"],"relics":["Burning Blood","Blood Vial","infinitespire:Broken Mirror","hubris:OldNail","Omamori","WarpedTongs"],"acts_visited":["Exordium"],"potions_floor_usage":[8,8,11,11,12,12],"damage_taken":[{"damage":11,"enemies":"Jaw Worm","floor":1,"turns":2},{"damage":1,"enemies":"Cultist","floor":2,"turns":4},{"damage":0,"enemies":"Small Slimes","floor":5,"turns":3},{"damage":22,"enemies":"Exordium Thugs","floor":7,"turns":9},{"damage":19,"enemies":"3 Sentries","floor":8,"turns":5},{"damage":18,"enemies":"Large Slime","floor":11,"turns":8},{"damage":39,"enemies":"Lagavulin","floor":12,"turns":11},{"damage":73,"enemies":"Fading Forest","floor":16,"turns":11}],"seed_played":"6877622045335814028","potions_obtained":[{"floor":1,"key":"LiquidBronze"},{"floor":4,"key":"Doom Potion"},{"floor":4,"key":"StSpp:ScatteredPotion"},{"floor":7,"key":"PowerPotion"},{"floor":8,"key":"Weak Potion"}],"is_trial":false,"path_per_floor":["M","M","$","?","M","$","M","E","T","$","M","E","R","?","R","B"],"character_chosen":"IRONCLAD","items_purchased":["Blood Vial","Iron Wave","Flame Barrier"],"campfire_rested":1,"item_purchase_floors":[3,6,10],"current_hp_per_floor":[51,56,56,56,64,64,50,51,51,51,49,23,23,23,47,0,0],"gold":132,"neow_bonus":"RANDOM_COLORLESS_2","is_daily":false,"chose_seed":false,"campfire_upgraded":1,"win_rate":0.0,"timestamp":1610847479,"path_taken":["M","M","$","?","?","$","?","E","T","$","M","E","R","?","R","BOSS"],"items_purchased_type":["Relic","Card","Card"],"build_version":"2020-12-22","purchased_purges":0,"victory":false,"max_hp_per_floor":[80,80,80,80,80,80,80,80,80,80,80,80,80,80,80,80,80],"card_choices":[{"not_picked":["ReplayTheSpireMod:Brewmster","Transmutation"],"picked":"HandOfGreed","floor":0},{"not_picked":["ReplayTheSpireMod:Corrosion Curse","StSpp:TheBiggerTheyAre"],"picked":"Armaments","floor":1},{"not_picked":["Clash","Sentinel"],"picked":"Fire Breathing","floor":2},{"not_picked":["Body Slam","Perfected Strike","StSpp:Succumb"],"picked":"SKIP","floor":5},{"not_picked":["Cleave","Armaments"],"picked":"Reaper","floor":7},{"not_picked":["hubris:ReadiedAction","Run Through","Cleave"],"picked":"SKIP","floor":8},{"not_picked":["StSpp:TheBiggerTheyAre","Cleave","ReplayReversal"],"picked":"SKIP","floor":11},{"not_picked":["Pommel Strike","True Grit"],"picked":"Double Tap","floor":12}],"player_experience":902812,"relics_obtained":[{"floor":8,"key":"infinitespire:Broken Mirror"},{"floor":9,"key":"hubris:OldNail"},{"floor":12,"key":"Omamori"}],"event_choices":[{"damage_healed":0,"gold_gain":0,"player_choice":"Got Potions","damage_taken":0,"max_hp_gain":0,"max_hp_loss":0,"event_name":"Lab","floor":4,"gold_loss":0},{"damage_healed":0,"gold_gain":0,"player_choice":"Rummage","damage_taken":0,"relics_obtained":["WarpedTongs"],"max_hp_gain":0,"max_hp_loss":0,"event_name":"Accursed Blacksmith","floor":14,"gold_loss":0,"cards_obtained":["Pain"]}],"is_beta":false,"boss_relics":[],"items_purged_floors":[],"is_endless":false,"potions_floor_spawned":[1,7,8],"killed_by":"Fading Forest","ascension_level":0}}