{"host":"2se5dq1do2gp0x9k","time":1610861672,"event":{"mods":["AchievementEnabler","BaseMod","Block Reminder","Colored Map","Colored Powertips","Minty Spire (QoL Compilation)","Relic Stats","StSLib","SuperFastMode"],"gold_per_floor":[119,119,136,148,18,44,64,64,64,64,76,76,52,78,78,78,78],"floor_reached":16,"language":"ENG","playtime":530,"items_purged":["Strike_G"],"score":200,"play_id":"e2ce5226-e1d7-4366-b19f-e776a393dc4d","local_time":"20210116213432","is_ascension_mode":true,"campfire_choices":[{"data":"Well Laid Plans","floor":8,"key":"SMITH"},{"data":"Dagger Spray","floor":10,"key":"SMITH"},{"data":"Riddle With Holes","floor":15,"key":"SMITH"}],"circlet_count":0,"master_deck":["AscendersBane","Strike_G","Strike_G","Strike_G","Defend_G","Defend_G","Defend_G","Defend_G","Defend_G","Survivor","Neutralize","Well Laid Plans+1","Outmaneuver","Dagger Spray+1","Riddle With Holes+1","PiercingWail","Dagger Throw","Blade Dance","Dagger Throw"],"relics":["Ring of the Snake","Bag of Marbles","Mercury Hourglass","Pantograph","Nunchaku"],"acts_visited":["Exordium"],"potions_floor_usage":[16],"damage_taken":[{"damage":1,"enemies":"2 Louse","floor":1,"turns":3},{"damage":6,"enemies":"Jaw Worm","floor":3,"turns":5},{"damage":0,"enemies":"Small Slimes","floor":4,"turns":1},{"damage":30,"enemies":"3 Sentries","floor":6,"turns":11},{"damage":0,"enemies":"2 Fungi Beasts","floor":7,"turns":2},{"damage":0,"enemies":"Gremlin Gang","floor":11,"turns":1},{"damage":48,"enemies":"The Guardian","floor":16,"turns":13}],"seed_played":"2227173996084257760","potions_obtained":[{"floor":7,"key":"GamblersBrew"}],"is_trial":false,"path_per_floor":["M","?","M","M","$","E","M","R","T","R","M","?","$","T","R","B"],"character_chosen":"THE_SILENT","items_purchased":["PiercingWail","Dagger Throw"],"campfire_rested":0,"item_purchase_floors":[5,13],"current_hp_per_floor":[58,58,52,52,52,22,22,22,22,22,22,22,22,22,22,0,0],"gold":78,"neow_bonus":"RANDOM_COMMON_RELIC","is_daily":false,"chose_seed":false,"campfire_upgraded":3,"win_rate":0.0,"timestamp":1610861672,"path_taken":["M","?","M","M","$","E","M","R","T","R","M","?","$","?","R","BOSS"],"items_purchased_type":["Card","Card"],"build_version":"2020-12-22","purchased_purges":1,"victory":false,"max_hp_per_floor":[66,66,66,66,66,66,66,66,66,66,66,66,66,66,66,66,66],"relic_stats":{"Nunchaku":[2],"counters":[7,36],"Pantograph":25,"obtain_stats":[{"Nunchaku":14,"Pantograph":9,"Bag of Marbles":0,"Ring of the Snake":0,"Mercury Hourglass":6},{"Nunchaku":6,"Pantograph":5,"Bag of Marbles":0,"Ring of the Snake":0,"Mercury Hourglass":4},{"Nunchaku":23,"Pantograph":22,"Bag of Marbles":0,"Ring of the Snake":0,"Mercury Hourglass":20}],"Ring of the Snake":[14],"Mercury Hourglass":[57]},"card_choices":[{"not_picked":["PiercingWail","Deflect"],"picked":"Well Laid Plans","floor":1},{"not_picked":["Tactician","Backflip"],"picked":"Dagger Spray","floor":3},{"not_picked":["Cloak And Dagger","Prepared"],"picked":"Riddle With Holes","floor":4},{"not_picked":["Quick Slash","Concentrate"],"picked":"Dagger Throw","floor":6},{"not_picked":["Slice","Backstab"],"picked":"Blade Dance","floor":7},{"not_picked":["Deflect","Underhanded Strike","Expertise"],"picked":"SKIP","floor":11}],"player_experience":3882352,"relics_obtained":[{"floor":6,"key":"Mercury Hourglass"},{"floor":9,"key":"Pantograph"},{"floor":14,"key":"Nunchaku"}],"event_choices":[{"damage_healed":0,"gold_gain":0,"cards_transformed":["Strike_G"],"player_choice":"Change","damage_taken":0,"max_hp_gain":0,"max_hp_loss":0,"event_name":"Living Wall","floor":2,"gold_loss":0,"cards_obtained":["Outmaneuver"]},{"damage_healed":0,"gold_gain":0,"player_choice":"Ignored","damage_taken":0,"max_hp_gain":0,"max_hp_loss":0,"event_name":"Shining Light","floor":12,"gold_loss":0}],"is_beta":false,"boss_relics":[],"items_purged_floors":[5],"is_endless":false,"potions_floor_spawned":[7],"killed_by":"The Guardian","ascension_level":20}}