{"host":"vumwfieg2b2mnrfl","time":1610847611,"event":{"mods":["AchievementEnabler","BaseMod","Minty Spire (QoL Compilation)","Rare Cards Sparkle","Relic Stats"],"gold_per_floor":[210,210,135,152,66,66,93,93,117,117,133,153,186,196,196,270,270,286,306,306,317,317,317,317],"floor_reached":23,"language":"ENG","playtime":698,"items_purged":["Regret"],"score":372,"play_id":"9e9dda05-5113-4d47-8272-eb6139e45a4f","local_time":"20210116194011","is_ascension_mode":true,"campfire_choices":[{"data":"Bash","floor":6,"key":"SMITH"},{"data":"Shrug It Off","floor":8,"key":"SMITH"},{"data":"Clothesline","floor":10,"key":"SMITH"},{"data":"Armaments","floor":15,"key":"SMITH"}],"circlet_count":0,"master_deck":["AscendersBane","Strike_R","Strike_R","Strike_R","Strike_R","Strike_R","Defend_R","Defend_R","Defend_R","Defend_R","Bash+1","Clothesline+1","Shrug It Off+1","Fire Breathing","Reaper","Armaments+1","Cleave","Double Tap","Barricade","Body Slam","RitualDagger","Necronomicurse"],"relics":["Burning Blood","FossilizedHelix","StoneCalendar","Boot","TungstenRod","Cursed Key","Necronomicon"],"acts_visited":["Exordium","TheCity"],"potions_floor_usage":[13,16,23,23],"damage_taken":[{"damage":9,"enemies":"Jaw Worm","floor":1,"turns":4},{"damage":0,"enemies":"2 Louse","floor":4,"turns":3},{"damage":12,"enemies":"Gremlin Nob","floor":7,"turns":4},{"damage":0,"enemies":"Cultist","floor":11,"turns":4},{"damage":7,"enemies":"3 Louse","floor":12,"turns":5},{"damage":13,"enemies":"Lagavulin","floor":13,"turns":7},{"damage":0,"enemies":"Blue Slaver","floor":14,"turns":3},{"damage":9,"enemies":"Slime Boss","floor":16,"turns":7},{"damage":32,"enemies":"Spheric Guardian","floor":18,"turns":7},{"damage":5,"enemies":"Chosen","floor":19,"turns":5},{"damage":27,"enemies":"Snecko","floor":21,"turns":7},{"damage":12,"enemies":"Gremlin Leader","floor":23,"turns":2}],"seed_played":"-2367000486860788459","potions_obtained":[{"floor":4,"key":"PowerPotion"},{"floor":12,"key":"AttackPotion"},{"floor":14,"key":"FearPotion"},{"floor":16,"key":"HeartOfIron"}],"is_trial":false,"path_per_floor":["M","?","$","M","$","R","E","R","T","R","M","M","E","M","R","B",null,"M","M","?","M","?","E"],"character_chosen":"IRONCLAD","items_purchased":["Fire Breathing"],"campfire_rested":0,"item_purchase_floors":[5],"current_hp_per_floor":[65,65,65,71,71,71,65,65,65,65,75,75,68,74,74,75,75,49,50,45,24,7,0,0],"gold":317,"neow_bonus":"HUNDRED_GOLD","is_daily":false,"chose_seed":false,"campfire_upgraded":4,"win_rate":0.0,"timestamp":1610847611,"path_taken":["M","?","$","M","$","R","E","R","T","R","M","M","E","M","R","BOSS","M","M","?","M","?","E"],"items_purchased_type":["Card"],"build_version":"2020-12-22","purchased_purges":1,"victory":false,"max_hp_per_floor":[75,75,75,75,75,75,75,75,75,75,75,75,75,75,75,75,75,75,75,75,75,75,75,75],"relic_stats":{"counters":[12,58],"StoneCalendar":[39],"Necronomicon":[1],"Boot":[19],"Cursed Key":0,"obtain_stats":[{"StoneCalendar":7,"Necronomicon":22,"Boot":9,"Cursed Key":17,"Burning Blood":0,"FossilizedHelix":2,"TungstenRod":13},{"StoneCalendar":3,"Necronomicon":11,"Boot":3,"Cursed Key":8,"Burning Blood":0,"FossilizedHelix":1,"TungstenRod":6},{"StoneCalendar":11,"Necronomicon":56,"Boot":11,"Cursed Key":37,"Burning Blood":0,"FossilizedHelix":4,"TungstenRod":27}],"Burning Blood":52,"TungstenRod":16},"card_choices":[{"not_picked":["Havoc","Iron Wave"],"picked":"Clothesline","floor":1},{"not_picked":["Perfected Strike","Metallicize"],"picked":"Shrug It Off","floor":4},{"not_picked":["True Grit","Flex"],"picked":"Reaper","floor":7},{"not_picked":["Burning Pact","Blood for Blood","Pommel Strike"],"picked":"SKIP","floor":11},{"not_picked":["Blood for Blood","Body Slam"],"picked":"Armaments","floor":12},{"not_picked":["Ghostly Armor","Sword Boomerang"],"picked":"Cleave","floor":13},{"not_picked":["Cleave","Armaments"],"picked":"Double Tap","floor":14},{"not_picked":["Bludgeon","Offering"],"picked":"Barricade","floor":16},{"not_picked":["Cleave+1","Perfected Strike"],"picked":"Body Slam","floor":18},{"not_picked":["Flex","Armaments","Dropkick"],"picked":"SKIP","floor":19},{"not_picked":["Anger","Havoc","Armaments"],"picked":"SKIP","floor":21}],"player_experience":434882,"relics_obtained":[{"floor":7,"key":"StoneCalendar"},{"floor":9,"key":"Boot"},{"floor":13,"key":"TungstenRod"},{"floor":22,"key":"Necronomicon"}],"event_choices":[{"damage_healed":0,"gold_gain":0,"player_choice":"Box","damage_taken":0,"relics_obtained":["FossilizedHelix"],"max_hp_gain":0,"max_hp_loss":0,"event_name":"Big Fish","floor":2,"gold_loss":0,"cards_obtained":["Regret"]},{"damage_healed":0,"gold_gain":0,"player_choice":"Joined the Cult","damage_taken":6,"max_hp_gain":0,"max_hp_loss":0,"event_name":"Nest","floor":20,"gold_loss":0,"cards_obtained":["RitualDagger"]},{"damage_healed":0,"gold_gain":0,"player_choice":"Obtained Book","damage_taken":21,"max_hp_gain":0,"max_hp_loss":0,"event_name":"Cursed Tome","floor":22,"gold_loss":0}],"is_beta":false,"boss_relics":[{"not_picked":["Runic Pyramid","Tiny House"],"picked":"Cursed Key"}],"items_purged_floors":[3],"is_endless":false,"potions_floor_spawned":[4,12,14,16],"killed_by":"Gremlin Leader","ascension_level":17}}