{"host":"s35zr3gblm7slh1q","time":1610860505,"event":{"mods":["BaseMod","Colored Powertips","Downfall","Hermit","Highlight Path","Marisa????????","Minty Spire (QoL Compilation)","Permanent Neow","StSLib"],"gold_per_floor":[99,118,118,128,138,44,44,29,29,46,62,76,76,96,110,213,213,213,230,240,260,273,273,273,273,273],"floor_reached":25,"language":"ENG","playtime":1783,"items_purged":[],"score":199,"play_id":"95be7f5f-6ee4-4010-a67f-eeab1d83c70f","local_time":"20210117001505","is_ascension_mode":false,"campfire_choices":[{"data":"bronze:Replicate","floor":1,"key":"SMITH"},{"data":"bronze:RecursiveStrike","floor":9,"key":"SMITH"},{"floor":13,"key":"REST"},{"data":"bronze:AlphaBuild","floor":18,"key":"SMITH"},{"floor":23,"key":"REST"}],"circlet_count":0,"master_deck":["bronze:Strike","bronze:Strike","bronze:Strike","bronze:Strike","bronze:Defend","bronze:Defend","bronze:Defend","bronze:Defend","bronze:Replicate+1","bronze:Goto+1","bronze:Branch","bronze:DelayedGuard+1","bronze:DelayedSlice","bronze:CloningBeam","bronze:RecursiveStrike+1","bronze:Return","bronze:CloningBeam","bronze:DelayedSlice","bronze:Optimize","bronze:Boost","bronze:Frontload","bronze:Fortify","bronze:AlphaBuild+1","bronze:ChosenStrike","bronze:ChosenStrike"],"relics":["bronze:BronzeCore","Dead Branch","Black Star","TungstenRod"],"acts_visited":["Exordium","TheCity"],"potions_floor_usage":[10,16,16,16],"damage_taken":[{"damage":0,"enemies":"Jaw Worm","floor":2,"turns":4},{"damage":0,"enemies":"Cultist","floor":4,"turns":3},{"damage":0,"enemies":"Small Slimes","floor":5,"turns":3},{"damage":10,"enemies":"downfall:FleeingMerchant","floor":6,"turns":4},{"damage":2,"enemies":"downfall:FleeingMerchant","floor":8,"turns":4},{"damage":10,"enemies":"Exordium Thugs","floor":10,"turns":4},{"damage":1,"enemies":"Large Slime","floor":11,"turns":5},{"damage":0,"enemies":"Exordium Wildlife","floor":12,"turns":2},{"damage":0,"enemies":"Blue Slaver","floor":14,"turns":3},{"damage":8,"enemies":"Red Slaver","floor":15,"turns":3},{"damage":11,"enemies":"IC_STATUS_ARCHETYPE","floor":16,"turns":6},{"damage":19,"enemies":"Shell Parasite","floor":19,"turns":7},{"damage":5,"enemies":"3 Byrds","floor":20,"turns":4},{"damage":20,"enemies":"Centurion and Healer","floor":21,"turns":8},{"damage":14,"enemies":"Chosen and Byrds","floor":22,"turns":8},{"damage":36,"enemies":"Shelled Parasite and Fungi","floor":25,"turns":8}],"seed_played":"-33192389835960159","potions_obtained":[{"floor":2,"key":"SkillPotion"},{"floor":10,"key":"Swift Potion"},{"floor":11,"key":"EssenceOfSteel"},{"floor":12,"key":"hexamod:SoulburnPotion"},{"floor":16,"key":"SpeedPotion"},{"floor":21,"key":"BlessingOfTheForge"},{"floor":22,"key":"LiquidBronze"}],"is_trial":false,"path_per_floor":["R","M","?","M","M","$","T","$","R","M","M","M","R","M","M","B",null,"R","M","M","M","M","R","T","M"],"character_chosen":"THE_AUTOMATON","items_purchased":["bronze:Return"],"campfire_rested":2,"item_purchase_floors":[6],"current_hp_per_floor":[70,70,70,70,70,60,60,58,58,48,47,47,68,68,60,49,70,70,51,46,26,12,33,33,0,0],"gold":273,"neow_bonus":"THREE_CARDS","is_daily":false,"chose_seed":false,"campfire_upgraded":3,"win_rate":0.0,"timestamp":1610860505,"path_taken":["R","M","?","?","M","$","T","?","R","M","?","M","R","M","M","BOSS","R","M","?","M","M","R","T","M"],"items_purchased_type":["Card"],"build_version":"2020-12-22","purchased_purges":0,"victory":false,"max_hp_per_floor":[70,70,70,70,70,70,70,70,70,70,70,70,70,70,70,70,70,70,70,70,70,70,70,70,70,70],"card_choices":[{"not_picked":["bronze:Overheat","bronze:CutThrough"],"picked":"bronze:Branch","floor":0},{"not_picked":["bronze:Safeguard","bronze:BitShift"],"picked":"bronze:DelayedGuard","floor":2},{"not_picked":["bronze:ClassDefault","bronze:WhirlingStrike"],"picked":"bronze:DelayedSlice","floor":4},{"not_picked":["bronze:FineTuning","bronze:Philosophize"],"picked":"bronze:CloningBeam","floor":5},{"not_picked":["bronze:BitShift","bronze:BronzeArmor"],"picked":"bronze:RecursiveStrike","floor":6},{"not_picked":["bronze:DarkDash","bronze:ForLoop"],"picked":"bronze:CloningBeam","floor":8},{"not_picked":["bronze:WhirlingStrike","bronze:BugBarrage"],"picked":"bronze:DelayedSlice","floor":10},{"not_picked":["bronze:Overheat","bronze:Repair"],"picked":"bronze:Optimize","floor":11},{"not_picked":["bronze:CutThrough","bronze:Deprecate"],"picked":"bronze:Boost","floor":12},{"not_picked":["bronze:WhirlingStrike","bronze:Repulsor"],"picked":"bronze:Frontload","floor":14},{"not_picked":["bronze:DarkDash","bronze:DigitalCarnage"],"picked":"bronze:Fortify","floor":15},{"not_picked":["bronze:Virus","bronze:RecursiveStrike"],"picked":"bronze:AlphaBuild","floor":16},{"not_picked":["bronze:Overheat","bronze:WhirlingStrike"],"picked":"bronze:ChosenStrike","floor":19},{"not_picked":["bronze:Branch","bronze:ForLoop+1"],"picked":"bronze:ChosenStrike","floor":20},{"not_picked":["bronze:Invalidate","bronze:Virus","bronze:Shield"],"picked":"SKIP","floor":21},{"not_picked":["bronze:CutThrough+1","bronze:ItsAFeature","bronze:Deprecate"],"picked":"SKIP","floor":22}],"player_experience":350093,"relics_obtained":[{"floor":7,"key":"Dead Branch"},{"floor":24,"key":"TungstenRod"}],"event_choices":[],"is_beta":false,"boss_relics":[{"not_picked":["bronze:MakeshiftBattery","Pandora\u0027s Box"],"picked":"Black Star"}],"items_purged_floors":[],"is_endless":false,"potions_floor_spawned":[2,10,11,12,16,21,22],"killed_by":"Shelled Parasite and Fungi","ascension_level":0}}