{"host":"mcdusr64esz012l0","time":1610917180,"event":{"mods":["BaseMod","Minty Spire (QoL Compilation)","Relic Stats"],"gold_per_floor":[113,113,113,113,124,124,159,177,246,256,1,1,16,44,44,123,123,137,62,62,62,62,91,91,101,176,190,190,205,215,215,215],"floor_reached":31,"language":"ENG","playtime":1310,"items_purged":["Strike_B"],"score":680,"play_id":"a910232f-1892-4d17-ac01-90d18405eaaa","local_time":"20210117155940","is_ascension_mode":true,"campfire_choices":[{"floor":6,"key":"REST"},{"data":"Capacitor","floor":15,"key":"SMITH"},{"floor":24,"key":"REST"},{"data":"Coolheaded","floor":28,"key":"SMITH"}],"circlet_count":0,"master_deck":["AscendersBane","Strike_B","Strike_B","Defend_B","Defend_B+1","Defend_B","Defend_B+1","Zap","Dualcast","Fusion","Doom and Gloom","Electrodynamics","Coolheaded+1","Meteor Strike","Sunder","Amplify","Capacitor+1","Reinforced Body","Echo Form","Tempest","BootSequence","Recycle"],"relics":["Snecko Eye","Blood Vial","Mummified Hand","Bottled Lightning","Akabeko","Philosopher\u0027s Stone","Nilry\u0027s Codex","Tiny Chest","HornCleat"],"acts_visited":["Exordium","TheCity"],"potions_floor_usage":[10,30],"damage_taken":[{"damage":8,"enemies":"2 Louse","floor":1,"turns":2},{"damage":0,"enemies":"Cultist","floor":5,"turns":4},{"damage":22,"enemies":"Lagavulin","floor":7,"turns":4},{"damage":0,"enemies":"Jaw Worm","floor":8,"turns":3},{"damage":0,"enemies":"Red Slaver","floor":10,"turns":3},{"damage":0,"enemies":"2 Fungi Beasts","floor":13,"turns":2},{"damage":11,"enemies":"Gremlin Nob","floor":14,"turns":3},{"damage":0,"enemies":"The Guardian","floor":16,"turns":8},{"damage":16,"enemies":"2 Thieves","floor":18,"turns":3},{"damage":0,"enemies":"Gremlin Leader","floor":23,"turns":4},{"damage":0,"enemies":"Chosen","floor":25,"turns":4},{"damage":0,"enemies":"3 Cultists","floor":27,"turns":2},{"damage":0,"enemies":"Cultist and Chosen","floor":29,"turns":3},{"damage":7,"enemies":"Chosen and Byrds","floor":30,"turns":4},{"damage":55,"enemies":"Book of Stabbing","floor":31,"turns":4}],"seed_played":"3588169773582693006","potions_obtained":[{"floor":1,"key":"DistilledChaos"},{"floor":4,"key":"LiquidMemories"},{"floor":10,"key":"Ancient Potion"},{"floor":14,"key":"BlessingOfTheForge"},{"floor":18,"key":"SkillPotion"},{"floor":30,"key":"Ancient Potion"}],"is_trial":false,"path_per_floor":["M","?","?","?","M","R","E","M","T","M","$","?","M","E","R","B",null,"M","$","?","?","$","E","R","M","T","M","R","M","M","E"],"character_chosen":"DEFECT","items_purchased":["Meteor Strike","Sunder"],"campfire_rested":2,"item_purchase_floors":[11,11],"current_hp_per_floor":[56,51,30,30,32,53,33,35,35,37,37,37,39,30,30,32,61,47,47,47,26,26,28,49,51,51,53,53,55,50,0,0],"gold":215,"neow_bonus":"BOSS_RELIC","is_daily":false,"chose_seed":false,"campfire_upgraded":2,"win_rate":0.0,"timestamp":1610917180,"path_taken":["M","?","?","?","?","R","E","M","T","M","?","?","M","E","R","BOSS","M","$","?","?","?","E","R","M","T","M","R","M","?","E"],"items_purchased_type":["Card","Card"],"build_version":"2020-12-22","purchased_purges":1,"victory":false,"max_hp_per_floor":[71,71,71,71,71,71,71,71,71,71,71,71,71,71,71,71,71,71,71,71,71,71,71,71,71,71,71,71,71,71,71,71],"relic_stats":{"Blood Vial":28,"counters":[15,53],"Mummified Hand":[58],"Snecko Eye":[78,89,95,81],"Tiny Chest":0,"obtain_stats":[{"Blood Vial":2,"HornCleat":26,"Mummified Hand":7,"Nilry\u0027s Codex":21,"Snecko Eye":0,"Philosopher\u0027s Stone":17,"Tiny Chest":23,"Bottled Lightning":9,"Cracked Core":0,"Akabeko":14},{"Blood Vial":1,"HornCleat":11,"Mummified Hand":3,"Nilry\u0027s Codex":9,"Snecko Eye":0,"Philosopher\u0027s Stone":8,"Tiny Chest":10,"Bottled Lightning":4,"Cracked Core":0,"Akabeko":7},{"Blood Vial":2,"HornCleat":40,"Mummified Hand":10,"Nilry\u0027s Codex":32,"Snecko Eye":0,"Philosopher\u0027s Stone":29,"Tiny Chest":36,"Bottled Lightning":13,"Cracked Core":0,"Akabeko":21}]},"card_choices":[{"not_picked":["Leap","Sweeping Beam"],"picked":"Fusion","floor":1},{"not_picked":["Compile Driver","Rebound"],"picked":"Doom and Gloom","floor":5},{"not_picked":["Barrage","Redo"],"picked":"Electrodynamics","floor":7},{"not_picked":["Barrage","Stack","Rebound"],"picked":"SKIP","floor":8},{"not_picked":["Hologram","Reprogram"],"picked":"Coolheaded","floor":10},{"not_picked":["Recycle","Stack"],"picked":"Capacitor","floor":13},{"not_picked":["Ball Lightning","Conserve Battery"],"picked":"Reinforced Body","floor":14},{"not_picked":["Core Surge","Creative AI"],"picked":"Echo Form","floor":16},{"not_picked":["Storm","Doom and Gloom"],"picked":"Tempest","floor":18},{"not_picked":["Cold Snap","Redo"],"picked":"BootSequence","floor":23},{"not_picked":["Streamline+1","Sunder","Barrage"],"picked":"SKIP","floor":25},{"not_picked":["Redo","Rebound"],"picked":"Recycle","floor":27},{"not_picked":["Steam+1","Force Field","Sweeping Beam"],"picked":"SKIP","floor":29},{"not_picked":["Static Discharge","Cold Snap","Redo"],"picked":"SKIP","floor":30}],"player_experience":1047369,"relics_obtained":[{"floor":7,"key":"Mummified Hand"},{"floor":9,"key":"Bottled Lightning"},{"floor":14,"key":"Akabeko"},{"floor":21,"key":"Nilry\u0027s Codex"},{"floor":23,"key":"Tiny Chest"},{"floor":26,"key":"HornCleat"}],"event_choices":[{"damage_healed":0,"gold_gain":0,"player_choice":"Success","damage_taken":5,"relics_obtained":["Blood Vial"],"max_hp_gain":0,"max_hp_loss":0,"event_name":"Scrap Ooze","floor":2,"gold_loss":0},{"damage_healed":0,"gold_gain":0,"player_choice":"Entered Light","damage_taken":21,"max_hp_gain":0,"max_hp_loss":0,"event_name":"Shining Light","floor":3,"gold_loss":0,"cards_upgraded":["Defend_B","Defend_B"]},{"damage_healed":0,"gold_gain":0,"player_choice":"Got Potions","damage_taken":0,"max_hp_gain":0,"max_hp_loss":0,"event_name":"Lab","floor":4,"gold_loss":0},{"damage_healed":0,"gold_gain":0,"cards_transformed":["Strike_B"],"player_choice":"Transformed","damage_taken":0,"max_hp_gain":0,"max_hp_loss":0,"event_name":"Transmorgrifier","floor":12,"gold_loss":0,"cards_obtained":["Amplify"]},{"damage_healed":0,"gold_gain":0,"player_choice":"Ignored","damage_taken":0,"max_hp_gain":0,"max_hp_loss":0,"event_name":"Ghosts","floor":20,"gold_loss":0},{"damage_healed":0,"gold_gain":0,"player_choice":"Obtained Book","damage_taken":21,"max_hp_gain":0,"max_hp_loss":0,"event_name":"Cursed Tome","floor":21,"gold_loss":0}],"is_beta":false,"boss_relics":[{"not_picked":["SacredBark","Ectoplasm"],"picked":"Philosopher\u0027s Stone"}],"items_purged_floors":[19],"is_endless":false,"potions_floor_spawned":[1,5,10,14,18,25,30],"killed_by":"Book of Stabbing","ascension_level":20}}