{"host":"oehe2dxjvdgux73m","time":1610895266,"event":{"mods":["AchievementEnabler","BaseMod","Colored Map","Colored Powertips","DeckTracker","Keyboard Shortcuts","Minty Spire (QoL Compilation)","Permanent Neow","Quick Restart","StSLib","SuperFastMode"],"gold_per_floor":[115,115,128,146,158,158,10,10,34,66,66,66,66,81,81,186,186,202,172,183,196,196,222,147,147,171,191,218,229,76,104,104,203,203,219,219,119,119,139,171,171,200,226,226,246,246,256,269,269,269],"floor_reached":51,"language":"KOR","playtime":2061,"items_purged":["Anger","Dropkick"],"score":1339,"play_id":"2e9cd3b9-f1da-4e19-accf-3680734dc907","local_time":"20210117235426","is_ascension_mode":true,"campfire_choices":[{"data":"Offering","floor":6.0,"key":"SMITH"},{"floor":12.0,"key":"REST"},{"data":"Sever Soul","floor":15.0,"key":"SMITH"},{"data":"Brutality","floor":25.0,"key":"SMITH"},{"floor":32.0,"key":"REST"},{"floor":41.0,"key":"REST"},{"floor":44.0,"key":"REST"},{"floor":49.0,"key":"REST"}],"circlet_count":0,"master_deck":["AscendersBane","Bash","Second Wind","Offering+1","Shrug It Off","Offering+1","Feel No Pain","Sever Soul+1","Corruption","Brutality+1","Evolve","Seeing Red","Rupture","Second Wind","Thunderclap","Armaments+1","Clothesline+1","Sentinel","Body Slam","Purity","Apotheosis+1","Body Slam","Shrug It Off","Shrug It Off","Evolve+1","Havoc"],"relics":["Burning Blood","Bag of Marbles","DollysMirror","Omamori","Lantern","Singing Bowl","Happy Flower","Pandora\u0027s Box","Bronze Scales","PreservedInsect","Ancient Tea Set","Nunchaku","Dream Catcher","Mark of Pain","Boot","Bottled Flame","Regal Pillow"],"acts_visited":["Exordium","TheCity","TheBeyond"],"potions_floor_usage":[50,50],"damage_taken":[{"damage":17.0,"enemies":"2 Louse","floor":1.0,"turns":3.0},{"damage":11.0,"enemies":"Cultist","floor":3.0,"turns":4.0},{"damage":8.0,"enemies":"Small Slimes","floor":4.0,"turns":3.0},{"damage":10.0,"enemies":"Looter","floor":5.0,"turns":3.0},{"damage":24.0,"enemies":"Lagavulin","floor":10.0,"turns":4.0},{"damage":16.0,"enemies":"3 Louse","floor":14.0,"turns":4.0},{"damage":24.0,"enemies":"Slime Boss","floor":16.0,"turns":7.0},{"damage":6.0,"enemies":"2 Thieves","floor":18.0,"turns":1.0},{"damage":13.0,"enemies":"Shell Parasite","floor":20.0,"turns":2.0},{"damage":7.0,"enemies":"Centurion and Healer","floor":21.0,"turns":3.0},{"damage":16.0,"enemies":"Gremlin Leader","floor":23.0,"turns":5.0},{"damage":14.0,"enemies":"Snake Plant","floor":27.0,"turns":3.0},{"damage":23.0,"enemies":"Book of Stabbing","floor":28.0,"turns":5.0},{"damage":24.0,"enemies":"Chosen and Byrds","floor":29.0,"turns":4.0},{"damage":13.0,"enemies":"Slavers","floor":31.0,"turns":2.0},{"damage":34.0,"enemies":"Automaton","floor":33.0,"turns":5.0},{"damage":12.0,"enemies":"3 Darklings","floor":35.0,"turns":4.0},{"damage":24.0,"enemies":"3 Shapes","floor":39.0,"turns":2.0},{"damage":46.0,"enemies":"Reptomancer","floor":40.0,"turns":4.0},{"damage":20.0,"enemies":"Giant Head","floor":42.0,"turns":4.0},{"damage":33.0,"enemies":"Spire Growth","floor":45.0,"turns":4.0},{"damage":35.0,"enemies":"4 Shapes","floor":47.0,"turns":4.0},{"damage":12.0,"enemies":"Sphere and 2 Shapes","floor":48.0,"turns":5.0},{"damage":50,"enemies":"Time Eater","floor":50,"turns":9}],"seed_played":"7304650348277227546","potions_obtained":[{"floor":3.0,"key":"SkillPotion"},{"floor":4.0,"key":"ElixirPotion"},{"floor":10.0,"key":"Strength Potion"},{"floor":19.0,"key":"DistilledChaos"},{"floor":19.0,"key":"SpeedPotion"},{"floor":23.0,"key":"BloodPotion"},{"floor":27.0,"key":"Fire Potion"},{"floor":28.0,"key":"FearPotion"},{"floor":29.0,"key":"Regen Potion"},{"floor":31.0,"key":"PowerPotion"},{"floor":40.0,"key":"AttackPotion"},{"floor":47.0,"key":"PowerPotion"},{"floor":48.0,"key":"AttackPotion"}],"is_trial":false,"path_per_floor":["M","?","M","M","M","R","$","T","T","E","?","R","?","M","R","B",null,"M","?","M","M","?","E","$","R","T","M","E","M","$","E","R","B",null,"M","?","$","?","M","E","R","E","T","R","M","?","M","M","R","B",null],"character_chosen":"IRONCLAD","items_purchased":["DollysMirror","Nunchaku"],"campfire_rested":5,"item_purchase_floors":[7,30],"current_hp_per_floor":[61,61,56,54,50,50,50,50,50,32,29,53,58,48,48,30,71,71,71,64,65,65,57,57,57,57,66,51,35,35,33,62,36,82,78,70,70,70,54,14,46,34,34,81,54,54,27,21,68,24],"gold":269,"neow_bonus":"RANDOM_COMMON_RELIC","is_daily":false,"chose_seed":false,"campfire_upgraded":3,"win_rate":0.0,"timestamp":1610895266,"path_taken":["M","?","M","M","?","R","$","?","T","E","?","R","?","M","R","BOSS","M","?","M","?","?","E","$","R","T","M","E","M","$","E","R","BOSS","M","?","$","?","?","E","R","E","T","R","M","?","M","M","R","BOSS"],"items_purchased_type":["Relic","Relic"],"build_version":"2020-12-22","purchased_purges":2,"victory":true,"max_hp_per_floor":[80,80,80,80,80,80,80,80,80,80,80,80,85,85,85,85,85,85,85,85,87,87,89,89,89,89,89,91,93,93,93,95,97,97,99,101,101,101,103,103,105,107,107,107,107,107,109,109,109,109],"card_choices":[{"not_picked":["True Grit","Iron Wave"],"picked":"Second Wind","floor":1.0},{"not_picked":["Flame Barrier","Anger"],"picked":"Offering","floor":3.0},{"not_picked":["Cleave","Warcry"],"picked":"Shrug It Off","floor":4.0},{"not_picked":["Disarm","Twin Strike"],"picked":"Dropkick","floor":5.0},{"not_picked":["Cleave","Sever Soul"],"picked":"Feel No Pain","floor":10.0},{"not_picked":["Twin Strike","Iron Wave"],"picked":"Sever Soul","floor":14.0},{"not_picked":["Offering","Feed"],"picked":"Corruption","floor":16.0},{"not_picked":["Entrench","Pommel Strike"],"picked":"Armaments+1","floor":18.0},{"not_picked":["Blood for Blood","Iron Wave"],"picked":"Clothesline+1","floor":20.0},{"not_picked":["Twin Strike","Anger+1","Bloodletting"],"picked":"Singing Bowl","floor":21.0},{"not_picked":["Havoc","Twin Strike","Barricade"],"picked":"Singing Bowl","floor":23.0},{"not_picked":["Thunderclap","Cleave"],"picked":"Sentinel","floor":27.0},{"not_picked":["Hemokinesis","Warcry","Wild Strike"],"picked":"Singing Bowl","floor":28.0},{"not_picked":["Wild Strike","Flex","Combust"],"picked":"Singing Bowl","floor":29.0},{"not_picked":["Flame Barrier","Pommel Strike"],"picked":"Body Slam","floor":31.0},{"not_picked":["True Grit","Iron Wave","Cleave"],"picked":"Singing Bowl","floor":32.0},{"not_picked":["Brutality","Bludgeon","Demon Form"],"picked":"Singing Bowl","floor":33.0},{"not_picked":["Second Wind","Seeing Red","Armaments"],"picked":"Singing Bowl","floor":35.0},{"not_picked":["Deep Breath","Panacea"],"picked":"Purity","floor":36.0},{"not_picked":["Bandage Up","Good Instincts"],"picked":"Apotheosis","floor":36.0},{"not_picked":["Jack Of All Trades","Good Instincts","Purity"],"picked":"Singing Bowl","floor":36.0},{"not_picked":["Spot Weakness","Clothesline","Warcry"],"picked":"Singing Bowl","floor":39.0},{"not_picked":["Sword Boomerang","Demon Form"],"picked":"Body Slam","floor":40.0},{"not_picked":["Flex","Spot Weakness+1","Iron Wave+1"],"picked":"Singing Bowl","floor":41.0},{"not_picked":["Bludgeon","Offering","Blood for Blood+1"],"picked":"Singing Bowl","floor":42.0},{"not_picked":["Rampage","Cleave"],"picked":"Shrug It Off","floor":44.0},{"not_picked":["Cleave","Fire Breathing"],"picked":"Shrug It Off","floor":45.0},{"not_picked":["Cleave","Wild Strike","Disarm"],"picked":"Singing Bowl","floor":47.0},{"not_picked":["Clash","Whirlwind"],"picked":"Evolve+1","floor":48.0},{"not_picked":["Second Wind","Clothesline"],"picked":"Havoc","floor":49.0}],"player_experience":263387,"relics_obtained":[{"floor":8.0,"key":"Omamori"},{"floor":9.0,"key":"Lantern"},{"floor":10.0,"key":"Singing Bowl"},{"floor":23.0,"key":"Bronze Scales"},{"floor":26.0,"key":"PreservedInsect"},{"floor":28.0,"key":"Ancient Tea Set"},{"floor":31.0,"key":"Dream Catcher"},{"floor":40.0,"key":"Boot"},{"floor":42.0,"key":"Bottled Flame"},{"floor":43.0,"key":"Regal Pillow"}],"event_choices":[{"cards_removed":["Strike_R"],"damage_healed":0.0,"max_hp_gain":0.0,"max_hp_loss":0.0,"gold_gain":0.0,"event_name":"Bonfire Elementals","player_choice":"Offered Basic","floor":2.0,"gold_loss":0.0,"damage_taken":0.0},{"damage_healed":0.0,"max_hp_gain":0.0,"max_hp_loss":0.0,"gold_gain":0.0,"event_name":"Scrap Ooze","player_choice":"Success","floor":11.0,"gold_loss":0.0,"damage_taken":3.0,"relics_obtained":["Happy Flower"]},{"damage_healed":0.0,"max_hp_gain":5.0,"max_hp_loss":0.0,"gold_gain":0.0,"event_name":"Big Fish","player_choice":"Donut","floor":13.0,"gold_loss":0.0,"damage_taken":0.0},{"damage_healed":0.0,"max_hp_gain":0.0,"max_hp_loss":0.0,"gold_gain":0.0,"event_name":"The Woman in Blue","player_choice":"Bought 2 Potions","floor":19.0,"gold_loss":0.0,"damage_taken":0.0},{"damage_healed":0.0,"max_hp_gain":0.0,"max_hp_loss":0.0,"gold_gain":0.0,"event_name":"The Mausoleum","player_choice":"Ignored","floor":22.0,"gold_loss":0.0,"damage_taken":0.0},{"damage_healed":0.0,"max_hp_gain":0.0,"max_hp_loss":0.0,"gold_gain":0.0,"event_name":"SensoryStone","player_choice":"Memory 3","floor":36.0,"gold_loss":0.0,"damage_taken":10.0},{"damage_healed":0.0,"max_hp_gain":0.0,"max_hp_loss":0.0,"gold_gain":0.0,"event_name":"Upgrade Shrine","player_choice":"Upgraded","floor":38.0,"gold_loss":0.0,"damage_taken":0.0,"cards_upgraded":["Apotheosis"]},{"cards_removed":["Immolate"],"damage_healed":0.0,"max_hp_gain":0.0,"max_hp_loss":0.0,"gold_gain":0.0,"event_name":"Falling","player_choice":"Removed Attack","floor":46.0,"gold_loss":0.0,"damage_taken":0.0}],"is_beta":false,"boss_relics":[{"not_picked":["Runic Cube","Black Star"],"picked":"Pandora\u0027s Box"},{"not_picked":["Calling Bell","Fusion Hammer"],"picked":"Mark of Pain"}],"items_purged_floors":[24,37],"is_endless":false,"potions_floor_spawned":[3,4,10,23,27,28,29,31,40,47,48],"ascension_level":12}}