{"host":"y9jgkjnf95sujozk","time":1610891919,"event":{"mods":["2.2 Compatiblity","AchievementEnabler","Act Like it!","BaseMod","Block Reminder","Colored Map","Colored Powertips","Decade(王小明)","Downfall","Friendly Minions","Gensokyo","GifTheSpireLib","Hallownest","Hermit","Highlight Path","HololiveMod","Hubris","Infinite Spire","Jorbs\u0027s Wanderer Trilogy","Koishi","Marisa（霧雨　魔理沙）","Minty Spire (QoL Compilation)","Quick Restart","Random Character Button","Rare Cards Sparkle","Reimu（博??梦）","Remilia（蕾米莉?）","Shop Mod","StSLib","SuperFastMode","The Animator","The Bug Knight","The Cursed","The Disciple","The Hierophant","The Jungle","The Senshi","The Servant 0.9.4","[IsaacMod]以撒尖塔"],"gold_per_floor":[112,150,225,260,217,71,71,96,96,109,128,142,23,95,95,164,164,119,119,96,181,195,195,217,217,242,336,363,26,26,143,143,122,122,143,202,217,271,326,339,325,325,375,298,412,371,512,536,536,16],"floor_reached":51,"language":"ENG","playtime":1292,"items_purged":[],"score":968,"play_id":"ea37958d-7bcc-4227-bc45-1a4162500d0d","local_time":"20210117145839","is_ascension_mode":false,"campfire_choices":[{"floor":7.0,"key":"REST"},{"floor":15.0,"key":"REST"},{"floor":23.0,"key":"REST"},{"data":"hierophant:Bribe","floor":25.0,"key":"SMITH"},{"data":"Blind","floor":30.0,"key":"SMITH"},{"floor":32.0,"key":"REST"},{"floor":42,"key":"REST"},{"floor":49,"key":"REST"}],"circlet_count":0,"master_deck":["hierophant:Strike_Hierophant","hierophant:Strike_Hierophant","hierophant:Strike_Hierophant","hierophant:Strike_Hierophant","hierophant:Punish","hierophant:Defend_Hierophant","hierophant:Defend_Hierophant","hierophant:Defend_Hierophant","hierophant:Defend_Hierophant","hierophant:ChurchCoffers","EpicFetus","hierophant:RustyCrate","hierophant:Doubloon","hierophant:Doubloon","hierophant:Purify","hierophant:OrnateBuckler","hierophant:DeathKnell","hierophant:OrnateBuckler","hierophant:SecretStash","hierophant:Doubloon","hierophant:Remorse","hierophant:SealAway","hierophant:Doubloon","hierophant:Mercenaries","Dark Shackles","hierophant:Shelter","hierophant:Cornucopia","hierophant:Doubloon","hierophant:ConvertCurrency","hierophant:Shelter+1","hierophant:OrnateJavelin","hierophant:Doubloon","hierophant:Bribe+1","hierophant:AuricShield","hierophant:Mercenaries","Transmutation","Blind+1","hierophant:Doubloon","hierophant:RecallFunds","hierophant:Anathema","hierophant:Encroach+1","hierophant:Shelter","hierophant:DisplayOfPower+1","hierophant:Bribe","hierophant:Doubloon","hierophant:Charity+1","hierophant:SecretStash+1","infinitespire:FutureSight","hierophant:Doubloon","hierophant:Dazzle","hierophant:HolyVerse","hierophant:Doubloon","hierophant:RecallFunds","hierophant:Doubloon","hierophant:Community+1"],"relics":["hierophant:PropheticMaskRelic","HushsDoor","NeowsBlessing","TuHaoJin","hubris:64BitClover","infinitespire:ShieldingShard","Philosopher\u0027s Stone","Tiny Chest","MawBank","Kunai","Membership Card","Shuriken","expansioncontent:StudyCardRelic","hubris:Zylophone","Regal Pillow","RuthlessExorcism:ReiMu","TheBible","UnicornStump","BookOfRevelations","Blood Vial"],"acts_visited":["Exordium","Exordium","TheBeyond"],"potions_floor_usage":[],"damage_taken":[{"damage":0.0,"enemies":"Jaw Worm","floor":1.0,"turns":1.0},{"damage":0.0,"enemies":"2 Louse","floor":2.0,"turns":1.0},{"damage":0.0,"enemies":"Cultist","floor":4.0,"turns":1.0},{"damage":0.0,"enemies":"Blue Slaver","floor":5.0,"turns":1.0},{"damage":0.0,"enemies":"Lagavulin","floor":6.0,"turns":1.0},{"damage":0.0,"enemies":"3 Louse","floor":8.0,"turns":1.0},{"damage":0.0,"enemies":"Red Slaver","floor":10.0,"turns":1.0},{"damage":0.0,"enemies":"HollowMod:HuskWarrior","floor":11.0,"turns":1.0},{"damage":0.0,"enemies":"2 Fungi Beasts","floor":12.0,"turns":1.0},{"damage":8.0,"enemies":"Exordium Thugs","floor":14.0,"turns":4.0},{"damage":40.0,"enemies":"Slime Boss","floor":16.0,"turns":10.0},{"damage":0.0,"enemies":"theJungle:5_Spyders","floor":18.0,"turns":1.0},{"damage":0.0,"enemies":"Shell Parasite","floor":20.0,"turns":1.0},{"damage":15.0,"enemies":"theJungle:SlimyTreeVines","floor":21.0,"turns":7.0},{"damage":0.0,"enemies":"theJungle:Snecko_Cultist_And_Trap","floor":22.0,"turns":1.0},{"damage":0.0,"enemies":"theJungle:2_Snecko_Cultists","floor":24.0,"turns":1.0},{"damage":0.0,"enemies":"theJungle:2_Flameangoes","floor":28.0,"turns":1.0},{"damage":9.0,"enemies":"theJungle:SlimyTreeVines","floor":31.0,"turns":4.0},{"damage":70.0,"enemies":"theJungle:QueenSpyder","floor":33.0,"turns":25.0},{"damage":0.0,"enemies":"Orb Walker","floor":35.0,"turns":1.0},{"damage":0.0,"enemies":"3 Shapes","floor":36.0,"turns":1.0},{"damage":0.0,"enemies":"Sphere and 2 Shapes","floor":37.0,"turns":1.0},{"damage":0.0,"enemies":"4 Shapes","floor":38.0,"turns":1.0},{"damage":0.0,"enemies":"Jaw Worm Horde","floor":39.0,"turns":1.0},{"damage":0.0,"enemies":"Sphere and 2 Shapes","floor":40.0,"turns":1.0},{"damage":0.0,"enemies":"infinitespire:Three Voidlings","floor":41.0,"turns":1.0},{"damage":28.0,"enemies":"Nightmare_Alpha","floor":41.0,"turns":12.0},{"damage":0,"enemies":"Writhing Mass","floor":44,"turns":1},{"damage":0,"enemies":"Jaw Worm Horde","floor":45,"turns":1},{"damage":0,"enemies":"Nemesis","floor":46,"turns":1},{"damage":0,"enemies":"Hiden Room Battle","floor":47,"turns":1},{"damage":0,"enemies":"Time Eater","floor":50,"turns":1}],"seed_played":"-3555975393197556547","potions_obtained":[{"floor":1.0,"key":"SkillPotion"},{"floor":8.0,"key":"GrandPatriotsElixir:ReiMu"},{"floor":10.0,"key":"Energy Potion"},{"floor":18.0,"key":"FearPotion"},{"floor":22.0,"key":"BlessingOfTheForge"},{"floor":33.0,"key":"PowerPotion"},{"floor":37.0,"key":"AttackPotion"},{"floor":38.0,"key":"MagicPotion:ReiMu"},{"floor":44,"key":"champ:CounterPotion"}],"is_trial":false,"path_per_floor":["M","M","?","M","M","E","R","M","T","M","M","M","$","M","R","B",null,"M","?","M","M","M","R","M","R","T","T","M","$","R","M","R","B",null,"M","M","M","M","M","M","?","R","T","M","M","E","?","T","R","B",null],"character_chosen":"HIEROPHANT","items_purchased":["hierophant:Mercenaries","Dark Shackles","hierophant:Mercenaries","Membership Card","Transmutation","Blind"],"campfire_rested":6,"item_purchase_floors":[13,13,29,29,29,29],"current_hp_per_floor":[75,75,64,64,64,64,75,75,75,75,75,75,75,67,75,35,75,75,75,75,63,63,75,75,75,75,75,75,75,75,66,75,5,75,75,75,75,75,75,75,36,58,58,58,58,58,58,58,75,75],"gold":16,"neow_bonus":"THREE_ENEMY_KILL","is_daily":false,"chose_seed":false,"campfire_upgraded":2,"win_rate":0.0,"timestamp":1610891919,"path_taken":["M","M","?","M","M","E","R","M","T","M","M","M","$","?","R","BOSS","M","?","M","?","M","R","?","R","T","?","M","$","R","M","R","BOSS","M","M","M","M","M","M","?","R","T","M","M","E","?","?","R","BOSS"],"items_purchased_type":["Card","Card","Card","Relic","Card","Card"],"build_version":"2020-12-22","purchased_purges":0,"victory":true,"max_hp_per_floor":[75,75,75,75,75,75,75,75,75,75,75,75,75,75,75,75,75,75,75,75,75,75,75,75,75,75,75,75,75,75,75,75,75,75,75,75,75,75,75,75,75,75,75,75,75,75,75,75,75,75],"card_choices":[{"not_picked":[],"picked":"EpicFetus","floor":0.0},{"not_picked":["hierophant:ArchangelShield","hierophant:Smite"],"picked":"hierophant:RustyCrate","floor":1.0},{"not_picked":["hierophant:Community","hierophant:Racketeering"],"picked":"hierophant:Purify","floor":2.0},{"not_picked":["Bomb","hierophant:CoinFling"],"picked":"hierophant:OrnateBuckler","floor":4.0},{"not_picked":["hierophant:FlamingChariot","hierophant:RepressedViolence"],"picked":"hierophant:DeathKnell","floor":5.0},{"not_picked":["hierophant:CoinFling","hierophant:Empathy"],"picked":"hierophant:OrnateBuckler","floor":6.0},{"not_picked":["hierophant:Repentance","hierophant:SealAway"],"picked":"hierophant:SecretStash","floor":8.0},{"not_picked":["hierophant:Shelter","hierophant:Cornucopia"],"picked":"hierophant:Remorse","floor":10.0},{"not_picked":["hierophant:PassingBell","hierophant:Rebuild"],"picked":"hierophant:SealAway","floor":11.0},{"not_picked":["hierophant:Glossolalia","hierophant:Smite"],"picked":"hierophant:Doubloon","floor":12.0},{"not_picked":["hierophant:Community","hierophant:Determination"],"picked":"hierophant:Shelter","floor":14.0},{"not_picked":["hierophant:Kindle","hierophant:Invocation"],"picked":"hierophant:Cornucopia","floor":16.0},{"not_picked":["hierophant:HammerAndAnvil","hierophant:SealAway"],"picked":"hierophant:ConvertCurrency","floor":18.0},{"not_picked":["hierophant:Smite","hierophant:Sermon"],"picked":"hierophant:Shelter+1","floor":20.0},{"not_picked":["hierophant:Encroach","hierophant:Dazzle"],"picked":"hierophant:OrnateJavelin","floor":21.0},{"not_picked":["hierophant:Endure","hierophant:Smite"],"picked":"hierophant:Doubloon","floor":22.0},{"not_picked":["hierophant:Smite","hierophant:ConvertCurrency"],"picked":"hierophant:Bribe","floor":24.0},{"not_picked":["hierophant:Doubloon","hierophant:FlamingChariot"],"picked":"hierophant:AuricShield","floor":28.0},{"not_picked":["hierophant:ArchangelShield","hierophant:Charity"],"picked":"hierophant:RecallFunds","floor":31.0},{"not_picked":["hierophant:LocustPlague","hierophant:Batter"],"picked":"hierophant:Anathema","floor":33.0},{"not_picked":["hierophant:DisplayOfPower+1","hierophant:ArchangelShield"],"picked":"hierophant:Encroach+1","floor":35.0},{"not_picked":["hierophant:PassingBell+1","hierophant:HammerAndAnvil"],"picked":"hierophant:Shelter","floor":36.0},{"not_picked":["hierophant:RepressedViolence","hierophant:HolyVerse"],"picked":"hierophant:DisplayOfPower+1","floor":37.0},{"not_picked":["hierophant:FieryStrike","hierophant:Smite"],"picked":"hierophant:Bribe","floor":38.0},{"not_picked":["hierophant:Doubloon+1","hierophant:FlamingChariot+1"],"picked":"hierophant:Charity+1","floor":39.0},{"not_picked":["hierophant:Glossolalia","hierophant:Embezzle+1"],"picked":"hierophant:SecretStash+1","floor":40.0},{"not_picked":["hubris:InfiniteBlow+435","infinitespire:DeathsTouch"],"picked":"infinitespire:FutureSight","floor":41},{"not_picked":["hierophant:Sermon+1","hierophant:Repentance+1"],"picked":"hierophant:Dazzle","floor":41},{"not_picked":["hierophant:FieryStrike","hierophant:PassingBell"],"picked":"hierophant:HolyVerse","floor":44},{"not_picked":["hierophant:AuricBeam","hierophant:RustyCrate"],"picked":"hierophant:RecallFunds","floor":45},{"not_picked":["hierophant:FlamingChariot","hierophant:Upheaval+1"],"picked":"hierophant:Doubloon","floor":46},{"not_picked":["hierophant:PassingBell","hierophant:Doomsaying+1"],"picked":"hierophant:Community+1","floor":47}],"player_experience":150972,"relics_obtained":[{"floor":6.0,"key":"hubris:64BitClover"},{"floor":9.0,"key":"infinitespire:ShieldingShard"},{"floor":18.0,"key":"Tiny Chest"},{"floor":26.0,"key":"MawBank"},{"floor":27.0,"key":"Kunai"},{"floor":33.0,"key":"Shuriken"},{"floor":41,"key":"hubris:Zylophone"},{"floor":43,"key":"Regal Pillow"},{"floor":44,"key":"RuthlessExorcism:ReiMu"},{"floor":46,"key":"TheBible"},{"floor":47,"key":"UnicornStump"},{"floor":47,"key":"BookOfRevelations"},{"floor":48,"key":"Blood Vial"}],"event_choices":[{"damage_healed":0.0,"max_hp_gain":0.0,"max_hp_loss":0.0,"gold_gain":75.0,"event_name":"World of Goop","player_choice":"Gather Gold","floor":3.0,"gold_loss":0.0,"damage_taken":11.0},{"damage_healed":0,"gold_gain":75,"player_choice":"Gather Gold","damage_taken":11,"max_hp_gain":0,"max_hp_loss":0,"event_name":"World of Goop","floor":41,"gold_loss":0},{"damage_healed":0,"gold_gain":0,"player_choice":"Fight","damage_taken":0,"max_hp_gain":0,"max_hp_loss":0,"event_name":"HidenRoomEvent","floor":47,"gold_loss":0}],"is_beta":false,"boss_relics":[{"not_picked":["Runic Pyramid","Snecko Eye"],"picked":"Philosopher\u0027s Stone"},{"not_picked":[]},{"not_picked":["hubris:ScarierMask","Coffee Dripper"],"picked":"expansioncontent:StudyCardRelic"},{"not_picked":[]}],"items_purged_floors":[],"is_endless":false,"potions_floor_spawned":[1,8,10,11,18,22,33,37,38,39,40,44],"ascension_level":0}}