{"host":"1hzg86ju9fvxh562","time":1610918649,"event":{"mods":["AchievementEnabler","Act Like it!","AlwaysNeverKeys","BaseMod","Bestiary","Better Altar","Better Match","Better Note","Better Sensory Stone","Better Skull","Better Third Choice","Colored Map","Colored Powertips","Curses Come First","Displayed Cursed Tome","Filter the Spire","Highlight Path","Keyboard Shortcuts","Minty Spire (QoL Compilation)","Rare Cards Sparkle","Relic Sorter","Relic Stats","ShortenTheSpire","Spicy Shops","StSLib","everything is the same but u backflip on backflip","slay the spire mod where everything is the same but ironclad has a cowboy hat"],"gold_per_floor":[114,114,114,114,114,114,135,135,135,200,200,126,197,231,231,324,324,340,340],"floor_reached":18,"language":"ENG","playtime":743,"items_purged":[],"score":264,"play_id":"94f69b34-8759-4d2a-8d4b-eea7512e207d","local_time":"20210117192409","is_ascension_mode":true,"campfire_choices":[{"floor":6,"key":"REST"},{"data":"Recycle","floor":11,"key":"SMITH"},{"data":"Coolheaded","floor":15,"key":"SMITH"}],"circlet_count":0,"master_deck":["AscendersBane","Strike_B+1","Strike_B+1","Defend_B","Defend_B","Zap","Dualcast","Sweeping Beam","Recycle+1","Barrage","Coolheaded+1","Conserve Battery","Biased Cognition","Barrage+1","Steam Power+1","Sweeping Beam+1"],"relics":["Inserter","Golden Idol","SsserpentHead","Symbiotic Virus","Vajra","White Beast Statue","Astrolabe"],"acts_visited":["Exordium","TheCity"],"potions_floor_usage":[16],"damage_taken":[{"damage":7,"enemies":"Small Slimes","floor":1,"turns":4},{"damage":5,"enemies":"2 Louse","floor":7,"turns":3},{"damage":1,"enemies":"Cultist","floor":10,"turns":3},{"damage":12,"enemies":"Gremlin Gang","floor":13,"turns":3},{"damage":14,"enemies":"3 Sentries","floor":14,"turns":7},{"damage":1,"enemies":"Hexaghost","floor":16,"turns":7},{"damage":10,"enemies":"Chosen","floor":18,"turns":4}],"seed_played":"2379515020745253624","potions_obtained":[{"floor":7,"key":"Strength Potion"},{"floor":10,"key":"PotionOfCapacity"},{"floor":16,"key":"Explosive Potion"}],"is_trial":false,"path_per_floor":["M","$","?","?","?","R","M","?","T","M","R","$","M","E","R","B",null,"M"],"character_chosen":"DEFECT","items_purchased":["Vajra"],"campfire_rested":1,"item_purchase_floors":[12],"current_hp_per_floor":[61,61,46,28,21,43,38,38,38,37,37,37,25,11,11,10,59,49,49],"gold":340,"neow_bonus":"BOSS_RELIC","is_daily":false,"chose_seed":false,"campfire_upgraded":2,"win_rate":0.0,"timestamp":1610918649,"path_taken":["M","$","?","?","?","R","M","?","T","?","R","$","?","E","R","BOSS","M"],"items_purchased_type":["Relic"],"build_version":"2020-12-22","purchased_purges":0,"victory":false,"max_hp_per_floor":[75,75,75,75,75,75,75,75,75,75,75,75,75,75,75,75,75,75,75],"relic_stats":{"SsserpentHead":100,"Inserter":[15],"counters":[7,31],"Golden Idol":40,"Astrolabe":["Barrage","Steam Power","Sweeping Beam"],"obtain_stats":[{"SsserpentHead":8,"Inserter":0,"Golden Idol":4,"Astrolabe":17,"Vajra":12,"Cracked Core":0,"Symbiotic Virus":9,"White Beast Statue":14},{"SsserpentHead":2,"Inserter":0,"Golden Idol":1,"Astrolabe":6,"Vajra":3,"Cracked Core":0,"Symbiotic Virus":2,"White Beast Statue":5},{"SsserpentHead":7,"Inserter":0,"Golden Idol":4,"Astrolabe":27,"Vajra":10,"Cracked Core":0,"Symbiotic Virus":7,"White Beast Statue":20}]},"card_choices":[{"not_picked":["Leap","Redo"],"picked":"Sweeping Beam","floor":1},{"not_picked":["Conserve Battery","Static Discharge"],"picked":"Recycle","floor":7},{"not_picked":["Hologram","Gash"],"picked":"Barrage","floor":10},{"not_picked":["Barrage","Aggregate"],"picked":"Coolheaded","floor":13},{"not_picked":["Thunder Strike","Beam Cell"],"picked":"Conserve Battery","floor":14},{"not_picked":["Amplify","Multi-Cast"],"picked":"Biased Cognition","floor":16}],"player_experience":473621,"relics_obtained":[{"floor":9,"key":"Symbiotic Virus"},{"floor":14,"key":"White Beast Statue"}],"event_choices":[{"damage_healed":61,"gold_gain":0,"player_choice":"Upgrade","damage_taken":15,"max_hp_gain":0,"max_hp_loss":75,"event_name":"betterThird:BetterShining","floor":3,"gold_loss":0,"cards_upgraded":["Strike_B","Strike_B"]},{"damage_healed":0,"gold_gain":0,"player_choice":"Take Damage","damage_taken":18,"relics_obtained":["Golden Idol"],"max_hp_gain":0,"max_hp_loss":0,"event_name":"Golden Idol","floor":4,"gold_loss":0},{"cards_removed":["Strike_B"],"damage_healed":0,"gold_gain":0,"player_choice":"Card Removal","damage_taken":7,"max_hp_gain":0,"max_hp_loss":0,"event_name":"Golden Wing","floor":5,"gold_loss":0},{"damage_healed":0,"gold_gain":0,"player_choice":"Trade","damage_taken":0,"relics_obtained":["SsserpentHead"],"max_hp_gain":0,"max_hp_loss":0,"event_name":"FaceTrader","floor":8,"gold_loss":0}],"is_beta":false,"boss_relics":[{"not_picked":["Black Star","Tiny House"],"picked":"Astrolabe"}],"items_purged_floors":[],"is_endless":false,"potions_floor_spawned":[7,10,16,18],"killed_by":"Chosen","ascension_level":13}}