{"host":"zekcc3vicrep0och","time":1610876040,"event":{"mods":["AchievementEnabler","BaseMod","Colored Map","Colored Powertips","Displayed Cursed Tome","Highlight Path","Minty Spire (QoL Compilation)","Quick Restart","Relic Stats","StSLib","The Cursed"],"gold_per_floor":[117,20,95,95,113,138,138,138,138],"floor_reached":8,"language":"ENG","playtime":367,"items_purged":[],"score":103,"play_id":"577e1f6f-1e7d-4665-ba7e-7b74755affff","local_time":"20210117123400","is_ascension_mode":true,"campfire_choices":[{"floor":7.0,"key":"REST"}],"circlet_count":0,"master_deck":["AscendersBane","Strike_B","Strike_B","Strike_B","Strike_B","Defend_B","Defend_B","Defend_B","Defend_B","Zap","Dualcast","Gash","Scrape","Steam","White Noise","Glacier"],"relics":["Cracked Core","StrikeDummy"],"acts_visited":["Exordium"],"potions_floor_usage":[8,8],"damage_taken":[{"damage":7.0,"enemies":"Jaw Worm","floor":1.0,"turns":3.0},{"damage":2.0,"enemies":"2 Louse","floor":5.0,"turns":3.0},{"damage":29.0,"enemies":"3 Sentries","floor":6.0,"turns":12.0},{"damage":45,"enemies":"Gremlin Nob","floor":8,"turns":6}],"seed_played":"7675884753384004998","potions_obtained":[{"floor":5.0,"key":"Ancient Potion"},{"floor":6.0,"key":"ColorlessPotion"}],"is_trial":false,"path_per_floor":["M","$","?","?","M","E","R","E"],"character_chosen":"DEFECT","items_purchased":["Scrape","Steam"],"campfire_rested":1,"item_purchase_floors":[2,2],"current_hp_per_floor":[64,64,53,58,56,27,51,6,6],"gold":138,"neow_bonus":"TEN_PERCENT_HP_BONUS","is_daily":false,"chose_seed":false,"campfire_upgraded":0,"win_rate":0.0,"timestamp":1610876040,"path_taken":["M","$","?","?","M","E","R","E"],"items_purchased_type":["Card","Card"],"build_version":"2020-12-22","purchased_purges":0,"victory":false,"max_hp_per_floor":[78,78,78,83,83,83,83,83,83],"relic_stats":{"counters":[4,24],"obtain_stats":[{"Cracked Core":0,"StrikeDummy":6},{"Cracked Core":0,"StrikeDummy":3},{"Cracked Core":0,"StrikeDummy":18}]},"card_choices":[{"not_picked":["Compile Driver","Coolheaded"],"picked":"Gash","floor":1.0},{"not_picked":["Heatsinks","BootSequence"],"picked":"White Noise","floor":5.0},{"not_picked":["Cold Snap","Double Energy"],"picked":"Glacier","floor":6.0}],"player_experience":538586,"relics_obtained":[{"floor":6.0,"key":"StrikeDummy"}],"event_choices":[{"damage_healed":0.0,"max_hp_gain":0.0,"max_hp_loss":0.0,"gold_gain":75.0,"event_name":"World of Goop","player_choice":"Gather Gold","floor":3.0,"gold_loss":0.0,"damage_taken":11.0},{"damage_healed":0.0,"max_hp_gain":5.0,"max_hp_loss":0.0,"gold_gain":0.0,"event_name":"Big Fish","player_choice":"Donut","floor":4.0,"gold_loss":0.0,"damage_taken":0.0}],"is_beta":false,"boss_relics":[],"items_purged_floors":[],"is_endless":false,"potions_floor_spawned":[5,6],"killed_by":"Gremlin Nob","ascension_level":18}}