{"host":"vddkjx04kiwje1tk","time":1610862871,"event":{"mods":["AchievementEnabler","BaseMod","Colored Map","Minty Spire (QoL Compilation)","Quick Restart","SuperFastMode"],"gold_per_floor":[117,67,67,67,67,96,96,112,112,112,146,16,16,26,26,123,123,135,35,35,54,74,108,108,108,108,108,207,223,138,138,138,138,138],"floor_reached":33,"language":"KOR","playtime":605,"items_purged":["Defend_G","Strike_G"],"score":269,"play_id":"1a7b353e-e27e-4dbe-8bc3-9d8c74568022","local_time":"20210117145431","is_ascension_mode":false,"campfire_choices":[{"floor":7,"key":"REST"},{"floor":13,"key":"REST"},{"data":"Noxious Fumes","floor":15,"key":"SMITH"},{"floor":24,"key":"REST"},{"data":"Wraith Form v2","floor":27,"key":"SMITH"},{"data":"Deadly Poison","floor":32,"key":"SMITH"}],"circlet_count":0,"master_deck":["Strike_G","Strike_G","Strike_G","Defend_G","Defend_G","Defend_G","Defend_G","Survivor","Neutralize","Deadly Poison+1","Noxious Fumes+1","Deadly Poison+1","Wraith Form v2+1","Crippling Poison+1","Writhe","Footwork+1"],"relics":["Ring of the Snake","Centennial Puzzle","Toxic Egg 2","White Beast Statue","Ancient Tea Set","MawBank","Philosopher\u0027s Stone","Bag of Marbles","Ice Cream","Smiling Mask","Happy Flower"],"acts_visited":["Exordium","TheCity"],"potions_floor_usage":[11,18,22,23,23,33,33,33],"damage_taken":[{"damage":3,"enemies":"Jaw Worm","floor":1,"turns":3},{"damage":41,"enemies":"3 Sentries","floor":6,"turns":13},{"damage":10,"enemies":"Small Slimes","floor":8,"turns":4},{"damage":22,"enemies":"Gremlin Nob","floor":11,"turns":4},{"damage":0,"enemies":"Cultist","floor":14,"turns":3},{"damage":7,"enemies":"The Guardian","floor":16,"turns":7},{"damage":2,"enemies":"2 Thieves","floor":18,"turns":3},{"damage":0,"enemies":"Spheric Guardian","floor":21,"turns":2},{"damage":3,"enemies":"Snake Plant","floor":22,"turns":4},{"damage":52,"enemies":"Book of Stabbing","floor":23,"turns":6},{"damage":2,"enemies":"Snecko","floor":29,"turns":5},{"damage":70,"enemies":"Champ","floor":33,"turns":10}],"seed_played":"8352930425619330395","potions_obtained":[{"floor":8,"key":"CultistPotion"},{"floor":11,"key":"Weak Potion"},{"floor":14,"key":"BlessingOfTheForge"},{"floor":16,"key":"SkillPotion"},{"floor":18,"key":"SkillPotion"},{"floor":21,"key":"ColorlessPotion"},{"floor":22,"key":"Energy Potion"},{"floor":23,"key":"Poison Potion"},{"floor":29,"key":"Fire Potion"}],"is_trial":false,"path_per_floor":["M","?","?","?","$","E","R","M","T","?","E","$","R","M","R","B",null,"M","$","?","M","M","E","R","?","T","R","?","M","?","?","R","B"],"character_chosen":"THE_SILENT","items_purchased":["Noxious Fumes"],"campfire_rested":3,"item_purchase_floors":[12],"current_hp_per_floor":[67,67,72,72,72,31,53,43,43,36,14,14,36,36,36,29,75,73,73,73,73,70,18,40,40,40,40,40,38,38,63,63,0,0],"gold":138,"neow_bonus":"RANDOM_COMMON_RELIC","is_daily":false,"chose_seed":false,"campfire_upgraded":3,"win_rate":0.0,"timestamp":1610862871,"path_taken":["M","?","?","?","?","E","R","?","T","?","E","$","R","M","R","BOSS","M","$","?","M","M","E","R","?","T","R","?","M","?","?","R","BOSS"],"items_purchased_type":["Card"],"build_version":"2020-12-22","purchased_purges":2,"victory":false,"max_hp_per_floor":[70,70,75,75,75,75,75,75,75,75,75,75,75,75,75,75,75,75,75,75,75,75,75,75,75,75,75,75,75,75,75,75,75,75],"card_choices":[{"not_picked":["Outmaneuver","Flying Knee"],"picked":"Deadly Poison","floor":1},{"not_picked":["Concentrate+1","Riddle With Holes","Slice"],"picked":"SKIP","floor":6},{"not_picked":["Outmaneuver+1","Acrobatics+1","Slice"],"picked":"SKIP","floor":8},{"not_picked":["Sucker Punch","Dagger Spray","All Out Attack"],"picked":"SKIP","floor":11},{"not_picked":["Cloak And Dagger+1","PiercingWail+1"],"picked":"Deadly Poison+1","floor":14},{"not_picked":["Venomology+1","Adrenaline+1"],"picked":"Wraith Form v2","floor":16},{"not_picked":["Leg Sweep+1","Outmaneuver+1"],"picked":"Crippling Poison+1","floor":18},{"not_picked":["Sucker Punch+1","Deflect+1","Backstab"],"picked":"SKIP","floor":21},{"not_picked":["Reflex+1","Tactician+1","Deflect+1"],"picked":"SKIP","floor":22},{"not_picked":["Blade Dance+1","Riddle With Holes","Blur+1"],"picked":"SKIP","floor":23},{"not_picked":["Masterful Stab","Bane"],"picked":"Footwork+1","floor":29}],"player_experience":199448,"relics_obtained":[{"floor":6,"key":"Toxic Egg 2"},{"floor":9,"key":"White Beast Statue"},{"floor":11,"key":"MawBank"},{"floor":23,"key":"Ice Cream"},{"floor":26,"key":"Smiling Mask"}],"event_choices":[{"cards_removed":["Strike_G"],"damage_healed":0,"gold_gain":0,"player_choice":"Card Removal","damage_taken":0,"max_hp_gain":0,"max_hp_loss":0,"event_name":"The Cleric","floor":2,"gold_loss":50},{"damage_healed":0,"gold_gain":0,"player_choice":"Donut","damage_taken":0,"max_hp_gain":5,"max_hp_loss":0,"event_name":"Big Fish","floor":3,"gold_loss":0},{"damage_healed":0,"gold_gain":0,"player_choice":"Ignored","damage_taken":0,"max_hp_gain":0,"max_hp_loss":0,"event_name":"Liars Game","floor":4,"gold_loss":0},{"damage_healed":0,"gold_gain":0,"player_choice":"Success","damage_taken":7,"relics_obtained":["Ancient Tea Set"],"max_hp_gain":0,"max_hp_loss":0,"event_name":"Scrap Ooze","floor":10,"gold_loss":0},{"damage_healed":0,"gold_gain":0,"player_choice":"Opened","damage_taken":0,"relics_obtained":["Bag of Marbles"],"max_hp_gain":0,"max_hp_loss":0,"event_name":"The Mausoleum","floor":20,"gold_loss":0,"cards_obtained":["Writhe"]},{"damage_healed":0,"gold_gain":0,"player_choice":"Ignored","damage_taken":0,"max_hp_gain":0,"max_hp_loss":0,"event_name":"Vampires","floor":25,"gold_loss":0},{"damage_healed":0,"gold_gain":99,"player_choice":"Stole From Cult","damage_taken":0,"max_hp_gain":0,"max_hp_loss":0,"event_name":"Nest","floor":28,"gold_loss":0},{"damage_healed":0,"gold_gain":0,"player_choice":"Obtained Relic","damage_taken":0,"relics_obtained":["Happy Flower"],"max_hp_gain":0,"max_hp_loss":0,"event_name":"Addict","floor":30,"gold_loss":85},{"damage_healed":25,"gold_gain":0,"player_choice":"Heal","damage_taken":0,"max_hp_gain":0,"max_hp_loss":0,"event_name":"The Library","floor":31,"gold_loss":0}],"is_beta":false,"boss_relics":[{"not_picked":["Calling Bell","Ring of the Serpent"],"picked":"Philosopher\u0027s Stone"}],"items_purged_floors":[12,19],"is_endless":false,"potions_floor_spawned":[8,11,14,16,18,21,22,23,29],"killed_by":"Champ","ascension_level":0}}