{"host":"7z347kdhnquy3q4q","time":1610887915,"event":{"mods":["Act Like it!","Aspiration","BaseMod","Hubris","Minty Spire (QoL Compilation)","MostiFishMod","Permanent Neow","Potionbrewer","Replay The Spire","Robot Space Explorer","Spicy Shops","StSLib","Wandering Minibosses"],"gold_per_floor":[112,112,125,173,323,352,29,61,114,130,188,113,131,144,144,217,217,232,245,97,112,130,159,169,169,195,20,20,45,84,84,84,170,170,186,186,186,20,496,531,531,531,577,577,577,588,588,622,622,622,622],"floor_reached":52,"language":"ENG","playtime":1733,"items_purged":["Defend_G","hubris:Disease"],"score":3266,"play_id":"8aa67c22-42e7-478f-9a69-8addff5e12c6","local_time":"20210117065155","is_ascension_mode":true,"campfire_choices":[{"data":"Tools of the Trade","floor":15.0,"key":"SMITH"},{"data":"Terror","floor":25.0,"key":"SMITH"},{"data":"Storm of Steel","floor":32.0,"key":"SMITH"},{"data":"Accuracy","floor":42,"key":"SMITH"},{"data":"Neutralize","floor":45,"key":"SMITH"}],"circlet_count":0,"master_deck":["AscendersBane","Strike_G+1","Strike_G+1","Strike_G+1","Strike_G+1","Strike_G+1","Defend_G+1","Defend_G+1","Defend_G+1","Defend_G+1","Survivor","Neutralize+1","Prepared","Blade Dance","Accuracy+1","Infinite Blades","Dagger Spray","MostiFishMod:PreservedThorns","Tools of the Trade+1","Storm of Steel+1","ReplayTheSpireMod:Splinters","Slice","MostiFishMod:ThornCasing+1","MostiFishMod:PreservedThorns","Blade Dance","Infinite Blades","Terror+1","Panache+1","Finisher+1","Unload+1","MostiFishMod:ShivMaster+1","MostiFishMod:ButterFly+1","Phantasmal Killer+1","Backstab","MostiFishMod:SpreadingSpore+1"],"relics":["Ring of the Snake","DaveBox","ExusiaiGun","Bird Faced Urn","SynthV:TestCard","Strawberry","SynthV","Whetstone","PreservedInsect","MostiFishMod:AdaptiveDefenses","Omamori","Juzu Bracelet","aspiration:ChemicalBlood","ImprovedEquipment","Replay:Ancient Bell","hubris:SlimyHat","Golden Egg","TungstenRod","Replay:Wax Seal","Eternal Feather","CeramicFish","hubris:TenFootPole","aspiration:SecretTechniqueScroll","hubris:Icosahedron","ReplayTheSpireMod:CursedCoin","Basket Of Snakes","wanderingMiniBosses:LockLocket","ReplayFunnel","Smiling Mask","Gremlin Horn","Bag of Marbles"],"acts_visited":["Exordium","TheCity","TheBeyond"],"potions_floor_usage":[39,39,50,51,51],"damage_taken":[{"damage":0.0,"enemies":"Cultist","floor":1.0,"turns":2.0},{"damage":0.0,"enemies":"Jaw Worm","floor":3.0,"turns":1.0},{"damage":0.0,"enemies":"Gremlin Nob","floor":6.0,"turns":1.0},{"damage":0.0,"enemies":"Replay:BlueRogue","floor":8.0,"turns":1.0},{"damage":0.0,"enemies":"2 Louse","floor":10.0,"turns":1.0},{"damage":8.0,"enemies":"Gremlin Nob","floor":11.0,"turns":1.0},{"damage":0.0,"enemies":"Large Slime","floor":13.0,"turns":2.0},{"damage":0.0,"enemies":"Looter","floor":14.0,"turns":1.0},{"damage":0.0,"enemies":"Hexaghost","floor":16.0,"turns":2.0},{"damage":0.0,"enemies":"3 Byrds","floor":18.0,"turns":2.0},{"damage":0.0,"enemies":"2 Thieves","floor":19.0,"turns":1.0},{"damage":0.0,"enemies":"Cultist and Chosen","floor":21.0,"turns":2.0},{"damage":0.0,"enemies":"Centurion and Healer","floor":22.0,"turns":1.0},{"damage":0.0,"enemies":"Replay:Snechameleon","floor":23.0,"turns":1.0},{"damage":0.0,"enemies":"Snake Plant","floor":24.0,"turns":1.0},{"damage":0.0,"enemies":"Shelled Parasite and Fungi","floor":29.0,"turns":1.0},{"damage":0.0,"enemies":"Gremlin Leader","floor":30.0,"turns":1.0},{"damage":6.0,"enemies":"Pondfish","floor":33.0,"turns":5.0},{"damage":0.0,"enemies":"3 Darklings","floor":35.0,"turns":1.0},{"damage":21,"enemies":"3 Shapes","floor":39,"turns":4},{"damage":0,"enemies":"Nemesis","floor":40,"turns":1},{"damage":12,"enemies":"Sphere and 2 Shapes","floor":46,"turns":1},{"damage":0,"enemies":"Reptomancer","floor":48,"turns":1},{"damage":0,"enemies":"hubris:GrandSnecko","floor":50,"turns":1},{"damage":0,"enemies":"Awakened One","floor":51,"turns":2}],"seed_played":"768175740894792113","potions_obtained":[{"floor":1.0,"key":"potionbrewer:NoxiousPotion"},{"floor":3.0,"key":"Ancient Potion"},{"floor":11.0,"key":"Strength Potion"},{"floor":16.0,"key":"SkillPotion"},{"floor":18.0,"key":"ColorlessPotion"},{"floor":19.0,"key":"SneckoOil"},{"floor":24.0,"key":"Swift Potion"},{"floor":39,"key":"potionbrewer:HastePotion"},{"floor":39,"key":"potionbrewer:SplittingPotion"}],"is_trial":false,"path_per_floor":["M","$","M","T","?","E","$","E","T","M","?","?","M","M","R","B",null,"M","M","$","M","M","E","M","R","T","$","?","M","E","?","R","B",null,"M","$","?","$","M","E","?","R","T","?","R","M","T","E","R","B","B",null],"character_chosen":"THE_SILENT","items_purchased":["Strawberry","SynthV","MostiFishMod:AdaptiveDefenses","Omamori","Replay:Wax Seal","MostiFishMod:ThornCasing","Panache","ReplayTheSpireMod:CursedCoin","Basket Of Snakes","MostiFishMod:ButterFly"],"campfire_rested":0,"item_purchase_floors":[2,2,7,7,20,20,27,38,38,38],"current_hp_per_floor":[59,41,43,43,43,45,45,45,45,45,54,54,54,56,56,60,65,67,67,67,67,67,67,67,67,67,67,67,67,67,67,67,66,67,67,67,67,67,57,63,63,67,67,64,64,52,52,54,67,67,67],"gold":622,"neow_bonus":"ONE_RARE_RELIC","is_daily":false,"chose_seed":false,"campfire_upgraded":5,"win_rate":0.0,"timestamp":1610887915,"path_taken":["M","?","M","?","?","E","$","E","T","M","?","?","M","M","R","BOSS","M","M","$","M","M","E","M","R","T","$","?","M","E","?","R","BOSS","M","$","?","$","M","E","?","R","T","?","R","M","?","E","R","BOSS","BOSS"],"items_purchased_type":["Relic","Relic","Relic","Relic","Relic","Card","Card","Relic","Relic","Card"],"build_version":"2020-12-22","purchased_purges":2,"victory":true,"max_hp_per_floor":[60,67,67,67,67,67,67,67,67,67,67,67,67,67,67,67,67,67,67,67,67,67,67,67,67,67,67,67,67,67,67,67,67,67,67,67,67,67,67,67,67,67,67,64,64,64,64,64,67,67,67],"card_choices":[{"not_picked":["ReplayTheSpireMod:Tripwire","Expertise"],"picked":"Prepared","floor":1.0},{"not_picked":["Deflect","Bane","Slice","Poisoned Stab"],"picked":"Blade Dance","floor":3.0},{"not_picked":["Blade Dance","Dodge and Roll","Acrobatics","PiercingWail"],"picked":"Accuracy","floor":6.0},{"not_picked":["Well Laid Plans","Phantasmal Killer","MostiFishMod:GrandStart","Deadly Poison"],"picked":"Backstab","floor":8.0},{"not_picked":["ReplayTheSpireMod:Speed Training","Quick Slash","PiercingWail","Deflect"],"picked":"Infinite Blades","floor":10.0},{"not_picked":["MostiFishMod:PerfectParry","Replay:Poison Smokescreen","Crippling Poison","Bane"],"picked":"Dagger Spray","floor":11.0},{"not_picked":["Acrobatics","Infinite Blades","Backflip","Cloak And Dagger"],"picked":"MostiFishMod:PreservedThorns","floor":13.0},{"not_picked":["Leg Sweep","Blur","Sneak Up","ReplayTheSpireMod:Shiv Toss"],"picked":"Tools of the Trade","floor":14.0},{"not_picked":["MostiFishMod:Dislodge","After Image","MostiFishMod:Wind","Malaise"],"picked":"Storm of Steel","floor":16.0},{"not_picked":["hubris:Envy","hubris:Gluttony","hubris:Lust","Replay:Hysterical Blindness"],"picked":"Pain","floor":17.0},{"not_picked":["Regret","Delirium","hubris:Gluttony","hubris:Compulsion"],"picked":"hubris:Envy","floor":17.0},{"not_picked":["hubris:Envy","Shame","hubris:Disease","Decay"],"picked":"ReplayTheSpireMod:Splinters","floor":17.0},{"not_picked":["Concentrate","Footwork+1","MostiFishMod:PerfectParry","Catalyst+1"],"picked":"Slice","floor":18.0},{"not_picked":["Toxin Wave","Quick Slash","Catalyst+1","Expertise","Prepared"],"picked":"SKIP","floor":19.0},{"not_picked":["Well Laid Plans","Quick Slash","Dodge and Roll+1","Sucker Punch"],"picked":"MostiFishMod:PreservedThorns","floor":21.0},{"not_picked":["Sucker Punch","Flying Knee","Bouncing Flask","Expertise"],"picked":"Blade Dance","floor":22.0},{"not_picked":["Slice","Flechettes","MostiFishMod:HiddenBlade","Deadly Poison"],"picked":"Infinite Blades","floor":23.0},{"not_picked":["Backflip","Dagger Throw","PiercingWail","Sucker Punch"],"picked":"Terror","floor":24.0},{"not_picked":["MostiFishMod:PoisonShield","Leg Sweep","Hidden Blade","Blur"],"picked":"Finisher+1","floor":29.0},{"not_picked":["Bane","Bouncing Flask","Poisoned Stab","MostiFishMod:PerfectParry"],"picked":"Unload","floor":30.0},{"not_picked":["MostiFishMod:Opportunism","Corpse Explosion","Doppelganger","MostiFishMod:AdrenalineArouse"],"picked":"MostiFishMod:ShivMaster","floor":33.0},{"not_picked":["Sucker Punch","Dagger Spray","Quick Slash","Blade Dance","Predator"],"picked":"SKIP","floor":35.0},{"not_picked":["MostiFishMod:InvigoratingSolution","Escape Plan","hubris:Counter","Dagger Spray"],"picked":"Phantasmal Killer","floor":39},{"not_picked":["Blur","ReplayTheSpireMod:Tripwire","Reflex","Underhanded Strike"],"picked":"Backstab","floor":40},{"not_picked":["Setup+1","MostiFishMod:PerfectParry+1","Acrobatics+1","PiercingWail+1","Dagger Throw+1"],"picked":"SKIP","floor":46},{"not_picked":["hubris:SlightOfHand","Deadly Poison+1","Cloak And Dagger","MostiFishMod:Dislodge"],"picked":"MostiFishMod:SpreadingSpore","floor":48}],"player_experience":1934139,"relics_obtained":[{"floor":1.0,"key":"SynthV:TestCard"},{"floor":4.0,"key":"Whetstone"},{"floor":6.0,"key":"PreservedInsect"},{"floor":8.0,"key":"Juzu Bracelet"},{"floor":9.0,"key":"aspiration:ChemicalBlood"},{"floor":11.0,"key":"ImprovedEquipment"},{"floor":23.0,"key":"Eternal Feather"},{"floor":26.0,"key":"CeramicFish"},{"floor":30.0,"key":"hubris:TenFootPole"},{"floor":39,"key":"wanderingMiniBosses:LockLocket"},{"floor":40,"key":"ReplayFunnel"},{"floor":43,"key":"Smiling Mask"},{"floor":47,"key":"Gremlin Horn"},{"floor":48,"key":"Bag of Marbles"}],"event_choices":[{"damage_healed":0.0,"max_hp_gain":0.0,"max_hp_loss":0.0,"gold_gain":150.0,"event_name":"Liars Game","player_choice":"AGREE","floor":5.0,"gold_loss":0.0,"damage_taken":0.0,"cards_obtained":["Doubt"]},{"damage_healed":0.0,"max_hp_gain":0.0,"max_hp_loss":0.0,"gold_gain":0.0,"event_name":"Dead Adventurer","player_choice":"Searched \u00272\u0027 times","floor":11.0,"gold_loss":0.0,"damage_taken":0.0},{"cards_removed":["Doubt"],"damage_healed":0.0,"max_hp_gain":0.0,"max_hp_loss":0.0,"gold_gain":0.0,"event_name":"The Cleric","player_choice":"Card Removal","floor":12.0,"gold_loss":75.0,"damage_taken":0.0},{"damage_healed":0.0,"max_hp_gain":0.0,"max_hp_loss":0.0,"gold_gain":0.0,"event_name":"Back to Basics","player_choice":"Simplicity","floor":28.0,"gold_loss":0.0,"damage_taken":0.0,"cards_upgraded":["Strike_G","Strike_G","Strike_G","Defend_G","Defend_G","Defend_G","Defend_G"]},{"cards_removed":["Backstab"],"damage_healed":0,"gold_gain":0,"player_choice":"Removed Attack","damage_taken":0,"max_hp_gain":0,"max_hp_loss":0,"event_name":"Falling","floor":41,"gold_loss":0},{"damage_healed":0,"gold_gain":0,"player_choice":"Max HP","damage_taken":0,"max_hp_gain":0,"max_hp_loss":3,"event_name":"Winding Halls","floor":44,"gold_loss":0}],"is_beta":false,"boss_relics":[{"not_picked":["OneHitWonderSystem","Tiny House"],"picked":"Replay:Ancient Bell"},{"not_picked":["Snake Skull","aspiration:HiddenCompartment"],"picked":"hubris:SlimyHat"},{"not_picked":["Frozen Egg 2","White Beast Statue"],"picked":"Golden Egg"},{"not_picked":["Pocketwatch","Du-Vu Doll"],"picked":"TungstenRod"},{"not_picked":["Replay:Drink Me","FixedStarFall"],"picked":"aspiration:SecretTechniqueScroll"}],"items_purged_floors":[2,38],"is_endless":false,"potions_floor_spawned":[1,3,11,16,18,19,24,29,30,39,46,48],"ascension_level":20}}