{"host":"st1kg310ms6sytc5","time":1610863828,"event":{"mods":["Act Like it!","BaseMod","CapriCore","Downfall","Minty Spire (QoL Compilation)","StSLib","SuperFastMode"],"gold_per_floor":[99,114,124,124,142,155,155,187,187,216,126,137,137,137,151,151,151],"floor_reached":16,"language":"ZHS","playtime":654,"items_purged":["bronze:Strike"],"score":112,"play_id":"a16f85f6-96be-4eed-831f-c58da4cf6ffb","local_time":"20210117141028","is_ascension_mode":false,"campfire_choices":[{"data":"bronze:Goto","floor":1.0,"key":"SMITH"},{"data":"bronze:Terminator","floor":9.0,"key":"SMITH"}],"circlet_count":0,"master_deck":["bronze:Strike","bronze:Strike","bronze:Strike","bronze:Defend","bronze:Defend","bronze:Defend","bronze:Defend+1","bronze:Replicate","bronze:Goto+1","Panache+1","bronze:ClassDefault","bronze:Terminator+1","bronze:Deprecate","bronze:Verify+1","bronze:DelayedSlice","bronze:Repair","downfall:Malfunctioning"],"relics":["bronze:BronzeCore","WingedGreaves","White Beast Statue","Torii","Boot"],"acts_visited":["Exordium"],"potions_floor_usage":[16,16],"damage_taken":[{"damage":0.0,"enemies":"Small Slimes","floor":2.0,"turns":3.0},{"damage":0.0,"enemies":"2 Louse","floor":3.0,"turns":3.0},{"damage":1.0,"enemies":"Jaw Worm","floor":5.0,"turns":4.0},{"damage":22.0,"enemies":"2 Fungi Beasts","floor":6.0,"turns":4.0},{"damage":13.0,"enemies":"3 Sentries","floor":8.0,"turns":11.0},{"damage":4.0,"enemies":"Lagavulin","floor":10.0,"turns":9.0},{"damage":0.0,"enemies":"downfall:FleeingMerchant","floor":11.0,"turns":4.0},{"damage":0.0,"enemies":"Gremlin Gang","floor":12.0,"turns":2.0},{"damage":0.0,"enemies":"3 Louse","floor":15.0,"turns":2.0},{"damage":32,"enemies":"IC_STATUS_ARCHETYPE","floor":16,"turns":8}],"seed_played":"-8702943115057790429","potions_obtained":[{"floor":6.0,"key":"Fire Potion"},{"floor":8.0,"key":"ColorlessPotion"},{"floor":10.0,"key":"Energy Potion"},{"floor":11.0,"key":"BlessingOfTheForge"},{"floor":12.0,"key":"Explosive Potion"},{"floor":15.0,"key":"Fire Potion"}],"is_trial":false,"path_per_floor":["R","M","M","?","M","M","T","E","R","E","$","M","?","?","M","B"],"character_chosen":"THE_AUTOMATON","items_purchased":[],"campfire_rested":0,"item_purchase_floors":[],"current_hp_per_floor":[49,49,49,42,41,19,19,6,6,2,2,12,12,17,24,0,0],"gold":151,"neow_bonus":"RANDOM_COLORLESS_2","is_daily":false,"chose_seed":false,"campfire_upgraded":2,"win_rate":0.0,"timestamp":1610863828,"path_taken":["R","M","M","?","M","M","T","E","R","E","$","M","?","?","M","BOSS"],"items_purchased_type":[],"build_version":"2020-12-22","purchased_purges":1,"victory":false,"max_hp_per_floor":[70,70,70,70,70,70,70,70,70,70,70,70,70,75,75,75,75],"card_choices":[{"not_picked":["Magnetism","Secret Weapon"],"picked":"Panache","floor":0.0},{"not_picked":["bronze:DarkDash","bronze:CutThrough","bronze:Flail"],"picked":"SKIP","floor":2.0},{"not_picked":["bronze:OilSpill","bronze:Constructor"],"picked":"bronze:ClassDefault","floor":3.0},{"not_picked":["bronze:DelayedGuard","bronze:FollowUp"],"picked":"bronze:Terminator","floor":5.0},{"not_picked":["bronze:WildBeam","bronze:BugBarrage"],"picked":"bronze:Deprecate","floor":6.0},{"not_picked":["bronze:WildBeam","bronze:DigitalCarnage"],"picked":"bronze:Verify","floor":8.0},{"not_picked":["bronze:FineTuning","bronze:CloningBeam"],"picked":"bronze:DelayedSlice","floor":10.0},{"not_picked":["bronze:Repulsor","bronze:FineTuning"],"picked":"bronze:Repair","floor":11.0},{"not_picked":["bronze:Deprecate","bronze:WhirlingStrike","bronze:BuggyMess"],"picked":"SKIP","floor":12.0},{"not_picked":["bronze:BuggyMess","bronze:DarkDash","bronze:OilSpill"],"picked":"SKIP","floor":15.0}],"player_experience":1548017,"relics_obtained":[{"floor":7.0,"key":"White Beast Statue"},{"floor":8.0,"key":"Torii"},{"floor":10.0,"key":"Boot"}],"event_choices":[{"damage_healed":0.0,"max_hp_gain":0.0,"max_hp_loss":0.0,"gold_gain":0.0,"event_name":"Scrap Ooze","player_choice":"Success","floor":4.0,"gold_loss":0.0,"damage_taken":7.0,"relics_obtained":["WingedGreaves"]},{"damage_healed":0.0,"max_hp_gain":5.0,"max_hp_loss":0.0,"gold_gain":0.0,"event_name":"Big Fish","player_choice":"Donut","floor":14.0,"gold_loss":0.0,"damage_taken":0.0}],"is_beta":false,"boss_relics":[],"items_purged_floors":[11],"is_endless":false,"potions_floor_spawned":[6,8,10,11,12,15],"killed_by":"IC_STATUS_ARCHETYPE","ascension_level":0}}