{"host":"50per11302020","time":1610849880,"event":{"mods":["AchievementEnabler","BaseMod","Colored Map","Minty Spire (QoL Compilation)","Relic Stats","StSLib"],"gold_per_floor":[365,15,15,33,33,33,68,68,92,92,123,123,146,190,190,319,319,332,51,66,87,107,107,126,170,170,170,170,203,228,251,251,379,379,397,460,460,484,484,484,527,527,554,597,630,642,135,156,156,156,156,156,51,82,82],"floor_reached":56,"language":"ENG","playtime":5731,"items_purged":[],"score":1767,"play_id":"333a0509-7a6a-4cf0-80cf-c8246e57d830","local_time":"20210116181800","is_ascension_mode":true,"campfire_choices":[{"data":"Go for the Eyes","floor":6.0,"key":"SMITH"},{"data":"Recycle","floor":8.0,"key":"SMITH"},{"data":"Steam","floor":10.0,"key":"SMITH"},{"data":"Zap","floor":15.0,"key":"SMITH"},{"data":"Hologram","floor":23.0,"key":"SMITH"},{"data":"Self Repair","floor":27.0,"key":"SMITH"},{"data":"Fission","floor":32.0,"key":"SMITH"},{"data":"Apotheosis","floor":40.0,"key":"SMITH"},{"data":"Machine Learning","floor":42.0,"key":"SMITH"},{"floor":46.0,"key":"RECALL"},{"data":"Rainbow","floor":49.0,"key":"SMITH"},{"data":"Discovery","floor":52.0,"key":"SMITH"}],"circlet_count":0,"master_deck":["AscendersBane","Strike_B","Strike_B","Strike_B","Defend_B","Defend_B","Defend_B","Defend_B","Zap+1","Dualcast","Steam+1","Self Repair+1","Cold Snap","Go for the Eyes+1","Recycle+1","Cold Snap","Echo Form","Sunder","Scrape","All For One","Chaos+1","Blizzard","Gash","Hologram+1","Coolheaded","Gash","Gash+1","Beam Cell+1","Fission+1","Go for the Eyes","Machine Learning+1","Coolheaded","Cold Snap","Self Repair+1","Flash of Steel","Apotheosis+1","Discovery+1","Rainbow+1","Static Discharge+1","Capacitor","Glacier","Scrape","Cold Snap","Fusion+1"],"relics":["FrozenCore","Eternal Feather","Golden Idol","Blood Vial","Bag of Preparation","Pen Nib","Kunai","DataDisk","Juzu Bracelet","InkBottle","Bird Faced Urn","Bronze Scales","Black Star","Pocketwatch","HornCleat","Mummified Hand","Omamori","MawBank","Calipers","Oddly Smooth Stone","Bottled Lightning"],"acts_visited":["Exordium","TheCity","TheBeyond","TheEnding"],"potions_floor_usage":[55,55,55],"damage_taken":[{"damage":11.0,"enemies":"Cultist","floor":1.0,"turns":4.0},{"damage":1.0,"enemies":"Small Slimes","floor":4.0,"turns":4.0},{"damage":28.0,"enemies":"Gremlin Nob","floor":7.0,"turns":6.0},{"damage":11.0,"enemies":"3 Sentries","floor":11.0,"turns":8.0},{"damage":2.0,"enemies":"2 Louse","floor":13.0,"turns":5.0},{"damage":26.0,"enemies":"Lagavulin","floor":14.0,"turns":7.0},{"damage":11.0,"enemies":"Hexaghost","floor":16.0,"turns":10.0},{"damage":8.0,"enemies":"3 Byrds","floor":18.0,"turns":5.0},{"damage":0.0,"enemies":"Chosen","floor":20.0,"turns":3.0},{"damage":20.0,"enemies":"Snake Plant","floor":21.0,"turns":7.0},{"damage":17.0,"enemies":"Shelled Parasite and Fungi","floor":22.0,"turns":7.0},{"damage":10.0,"enemies":"Cultist and Chosen","floor":24.0,"turns":6.0},{"damage":22.0,"enemies":"Gremlin Leader","floor":25.0,"turns":8.0},{"damage":12.0,"enemies":"Book of Stabbing","floor":29.0,"turns":4.0},{"damage":3.0,"enemies":"3 Cultists","floor":31.0,"turns":4.0},{"damage":33.0,"enemies":"Automaton","floor":33.0,"turns":8.0},{"damage":8.0,"enemies":"3 Shapes","floor":35.0,"turns":5.0},{"damage":0.0,"enemies":"Mind Bloom Boss Battle","floor":36.0,"turns":5.0},{"damage":11.0,"enemies":"Orb Walker","floor":38.0,"turns":3.0},{"damage":24.0,"enemies":"Nemesis","floor":41.0,"turns":7.0},{"damage":2.0,"enemies":"Reptomancer","floor":44.0,"turns":7.0},{"damage":2.0,"enemies":"Jaw Worm Horde","floor":45.0,"turns":2.0},{"damage":0.0,"enemies":"4 Shapes","floor":48.0,"turns":3.0},{"damage":30.0,"enemies":"Awakened One","floor":50.0,"turns":10.0},{"damage":63,"enemies":"Shield and Spear","floor":54,"turns":12},{"damage":31,"enemies":"The Heart","floor":55,"turns":9}],"seed_played":"8189994646939487379","potions_obtained":[{"floor":4.0,"key":"Weak Potion"},{"floor":13.0,"key":"ColorlessPotion"},{"floor":14.0,"key":"Ancient Potion"},{"floor":16.0,"key":"Strength Potion"},{"floor":18.0,"key":"FocusPotion"},{"floor":25.0,"key":"PowerPotion"},{"floor":29.0,"key":"DuplicationPotion"},{"floor":41.0,"key":"Ancient Potion"}],"is_trial":false,"path_per_floor":["M","$","?","M","?","R","E","R","T","R","E","?","M","E","R","B",null,"M","$","M","M","M","R","M","E","T","R","?","E","T","M","R","B",null,"M","?","?","M","?","R","E","R","T","E","M","R","$","M","R","B",null,"R","$","E","B",null],"character_chosen":"DEFECT","items_purchased":["Eternal Feather","Self Repair","Cold Snap","Blizzard","DataDisk","Gash","Calipers","Capacitor","Glacier","PotionOfCapacity","Scrape","Cold Snap"],"campfire_rested":0,"item_purchase_floors":[2,2,2,19,19,19,47,47,47,47,53,53],"current_hp_per_floor":[57,57,62,68,50,59,38,47,47,56,54,54,68,44,53,58,69,70,70,72,67,66,73,63,57,57,72,72,61,61,73,73,54,68,73,73,73,73,63,73,73,73,73,73,71,73,73,73,73,73,73,73,73,73,73],"gold":82,"neow_bonus":"TWO_FIFTY_GOLD","is_daily":false,"chose_seed":false,"campfire_upgraded":11,"win_rate":0.0,"timestamp":1610849880,"path_taken":["M","$","?","M","?","R","E","R","T","R","E","?","?","E","R","BOSS","M","$","M","M","M","R","M","E","T","R","?","E","?","M","R","BOSS","M","?","?","M","?","R","E","R","T","E","M","R","$","M","R","BOSS","R","$","E","BOSS"],"items_purchased_type":["Relic","Card","Card","Card","Relic","Card","Relic","Card","Card","Potion","Card","Card"],"build_version":"2020-12-18","purchased_purges":0,"victory":true,"max_hp_per_floor":[68,68,73,73,73,73,73,73,73,73,73,73,73,73,73,73,73,73,73,73,73,73,73,73,73,73,73,73,73,73,73,73,73,73,73,73,73,73,73,73,73,73,73,73,73,73,73,73,73,73,73,73,73,73,73],"relic_stats":{"counters":[26,159],"Golden Idol":224,"Eternal Feather":70,"Pen Nib":[42],"Bag of Preparation":[46],"Juzu Bracelet":0,"MawBank":36,"FrozenCore":[30],"Blood Vial":22,"Mummified Hand":[50],"Bird Faced Urn":[85],"Bronze Scales":[300],"Black Star":3,"Kunai":[92],"obtain_stats":[{"Calipers":47,"Golden Idol":5,"Oddly Smooth Stone":54,"Eternal Feather":2,"Pen Nib":11,"Bag of Preparation":9,"Juzu Bracelet":25,"Omamori":44,"MawBank":44,"FrozenCore":17,"Blood Vial":7,"DataDisk":19,"HornCleat":41,"Mummified Hand":41,"Bird Faced Urn":29,"Bronze Scales":30,"Black Star":34,"Kunai":14,"Bottled Lightning":54,"Cracked Core":0,"InkBottle":26,"Pocketwatch":36},{"Calipers":22,"Golden Idol":2,"Oddly Smooth Stone":25,"Eternal Feather":1,"Pen Nib":4,"Bag of Preparation":3,"Juzu Bracelet":13,"Omamori":21,"MawBank":21,"FrozenCore":7,"Blood Vial":3,"DataDisk":8,"HornCleat":20,"Mummified Hand":20,"Bird Faced Urn":14,"Bronze Scales":14,"Black Star":16,"Kunai":6,"Bottled Lightning":25,"Cracked Core":0,"InkBottle":13,"Pocketwatch":18},{"Calipers":125,"Golden Idol":8,"Oddly Smooth Stone":150,"Eternal Feather":4,"Pen Nib":22,"Bag of Preparation":14,"Juzu Bracelet":80,"Omamori":123,"MawBank":123,"FrozenCore":44,"Blood Vial":14,"DataDisk":49,"HornCleat":116,"Mummified Hand":116,"Bird Faced Urn":84,"Bronze Scales":84,"Black Star":96,"Kunai":34,"Bottled Lightning":150,"Cracked Core":0,"InkBottle":80,"Pocketwatch":106}],"InkBottle":[54],"Pocketwatch":[12]},"card_choices":[{"not_picked":["Turbo","Storm"],"picked":"Steam","floor":1.0},{"not_picked":["Steam Power","Skim"],"picked":"Go for the Eyes","floor":4.0},{"not_picked":["Leap","Lockon"],"picked":"Recycle","floor":7.0},{"not_picked":["Recycle","Undo"],"picked":"Cold Snap","floor":11.0},{"not_picked":["Double Energy","Leap"],"picked":"Sunder","floor":13.0},{"not_picked":["Leap","Double Energy"],"picked":"Scrape","floor":14.0},{"not_picked":["Rainbow","Amplify"],"picked":"All For One","floor":16.0},{"not_picked":["Hello World","Auto Shields"],"picked":"Chaos+1","floor":18.0},{"not_picked":["Darkness+1","Reprogram"],"picked":"Hologram","floor":20.0},{"not_picked":["Rebound","Conserve Battery"],"picked":"Coolheaded","floor":21.0},{"not_picked":["Beam Cell","Barrage"],"picked":"Gash","floor":22.0},{"not_picked":["Redo","Steam"],"picked":"Gash+1","floor":24.0},{"not_picked":["Redo","Sunder"],"picked":"Beam Cell+1","floor":25.0},{"not_picked":["Undo","Ball Lightning+1"],"picked":"Fission","floor":29.0},{"not_picked":["FTL","Undo+1"],"picked":"Go for the Eyes","floor":31.0},{"not_picked":["Electrodynamics","Seek"],"picked":"Machine Learning","floor":33.0},{"not_picked":["Stack","Aggregate"],"picked":"Coolheaded","floor":35.0},{"not_picked":["Coolheaded+1","Sweeping Beam"],"picked":"Cold Snap","floor":36.0},{"not_picked":["Streamline","Cold Snap+1"],"picked":"Self Repair+1","floor":38.0},{"not_picked":["Madness","Swift Strike"],"picked":"Flash of Steel","floor":39.0},{"not_picked":["Good Instincts","Dramatic Entrance"],"picked":"Apotheosis","floor":39.0},{"not_picked":["Violence","Impatience"],"picked":"Discovery","floor":39.0},{"not_picked":["Ball Lightning+1","Rip and Tear","Steam Power"],"picked":"SKIP","floor":41.0},{"not_picked":["Stack","Compile Driver"],"picked":"Rainbow","floor":44.0},{"not_picked":["BootSequence","Beam Cell+1"],"picked":"Static Discharge+1","floor":45.0},{"not_picked":["Leap","Rip and Tear+1","Genetic Algorithm"],"picked":"SKIP","floor":48.0},{"not_picked":["Hologram","Storm+1"],"picked":"Fusion+1","floor":54}],"player_experience":233472,"relics_obtained":[{"floor":7.0,"key":"Blood Vial"},{"floor":9.0,"key":"Bag of Preparation"},{"floor":11.0,"key":"Pen Nib"},{"floor":14.0,"key":"Kunai"},{"floor":25.0,"key":"Juzu Bracelet"},{"floor":26.0,"key":"InkBottle"},{"floor":29.0,"key":"Bird Faced Urn"},{"floor":30.0,"key":"Bronze Scales"},{"floor":36.0,"key":"Pocketwatch"},{"floor":41.0,"key":"HornCleat"},{"floor":41.0,"key":"Mummified Hand"},{"floor":44.0,"key":"Omamori"},{"floor":44.0,"key":"MawBank"},{"floor":54,"key":"Oddly Smooth Stone"},{"floor":54,"key":"Bottled Lightning"}],"event_choices":[{"damage_healed":0.0,"max_hp_gain":5.0,"max_hp_loss":0.0,"gold_gain":0.0,"event_name":"Big Fish","player_choice":"Donut","floor":3.0,"gold_loss":0.0,"damage_taken":0.0},{"damage_healed":0.0,"max_hp_gain":0.0,"max_hp_loss":0.0,"gold_gain":0.0,"event_name":"Golden Idol","player_choice":"Take Damage","floor":5.0,"gold_loss":0.0,"damage_taken":18.0,"relics_obtained":["Golden Idol"]},{"damage_healed":0.0,"max_hp_gain":0.0,"max_hp_loss":0.0,"gold_gain":0.0,"cards_transformed":["Strike_B"],"event_name":"Transmorgrifier","player_choice":"Transformed","floor":12.0,"gold_loss":0.0,"damage_taken":0.0,"cards_obtained":["Echo Form"]},{"damage_healed":0.0,"max_hp_gain":0.0,"max_hp_loss":0.0,"gold_gain":0.0,"event_name":"Beggar","player_choice":"Ignored","floor":28.0,"gold_loss":0.0,"damage_taken":0.0},{"damage_healed":0.0,"max_hp_gain":0.0,"max_hp_loss":0.0,"gold_gain":0.0,"event_name":"MindBloom","player_choice":"Fight","floor":36.0,"gold_loss":0.0,"damage_taken":0.0},{"damage_healed":0.0,"max_hp_gain":0.0,"max_hp_loss":0.0,"gold_gain":0.0,"event_name":"Tomb of Lord Red Mask","player_choice":"Ignored","floor":37.0,"gold_loss":0.0,"damage_taken":0.0},{"damage_healed":0.0,"max_hp_gain":0.0,"max_hp_loss":0.0,"gold_gain":0.0,"event_name":"SensoryStone","player_choice":"Memory 3","floor":39.0,"gold_loss":0.0,"damage_taken":10.0}],"is_beta":true,"boss_relics":[{"not_picked":["Runic Dome","SacredBark"],"picked":"FrozenCore"},{"not_picked":["Astrolabe","Tiny House"],"picked":"Black Star"}],"items_purged_floors":[],"is_endless":false,"potions_floor_spawned":[4,13,14,16,18,21,25,29,31,41,44,48],"ascension_level":10}}