{"host":"xwm2razxg55iceq9","time":1610902957,"event":{"mods":["AchievementEnabler","Aspiration","BaseMod","BetterRewards","Custom Start","Defuse TimeMaze Blight","Energized Spire","Halation","Hubris","Infinite Spire","LagranYue(???·?)","Marisa????????","Minty Spire (QoL Compilation)","Quick Restart","Remilia??????","SOS???????","StSLib","SuperFastMode","The Animator","The Bladedancer","The Death Knight","The Exalted","The Servant 0.9.4","The Wild Card","Yuri Mod"],"gold_per_floor":[109,121,137,14,89,89,39,57,82,52,66,66,31,51,51,152,152,171,96,96,108,120,120,147,147,170,170,204,230,272,284,296,320,320],"floor_reached":33,"language":"ENG","playtime":1319,"items_purged":["Strike_RM"],"score":257,"play_id":"6ebabda4-39eb-407d-959a-adf77e7c4c04","local_time":"20210117170237","is_ascension_mode":false,"campfire_choices":[{"floor":6,"key":"REST"},{"floor":15,"key":"REST"},{"floor":23,"key":"REST"},{"floor":27,"key":"REST"},{"floor":32,"key":"REST"}],"circlet_count":0,"master_deck":["Strike_RM","Defend_RM","Defend_RM","Defend_RM","Defend_RM","RedMoon","ScarletShoot","MastersStateliness","NightDance","VampireKiss","ScarletDevil","Stigmanizer","CharismaGuard","VampireSweep","KillingBlow+1","FitfulNightmare","RedNightlessCastle","ScarletMeister","SuperhumanBloodyKnife","FavorOfDestiny","ScarletImprint+1","HunterOfTheNight","UltimateOffering","BloodHunter"],"relics":["ScarletHat","LagranYue:RandomDrawCardRelic","Bromod:ArcaneNullifier","hubris:HollowSoul","hubris:Towel","Omamori","Juzu Bracelet","MawBank"],"acts_visited":["Exordium","TheCity"],"potions_floor_usage":[30,33,33],"damage_taken":[{"damage":0,"enemies":"2 Louse","floor":1,"turns":2},{"damage":0,"enemies":"Small Slimes","floor":2,"turns":3},{"damage":7,"enemies":"Cultist","floor":3,"turns":6},{"damage":0,"enemies":"Gremlin Gang","floor":8,"turns":4},{"damage":0,"enemies":"Looter","floor":10,"turns":4},{"damage":0,"enemies":"Exordium Wildlife","floor":11,"turns":3},{"damage":6,"enemies":"Red Slaver","floor":14,"turns":1},{"damage":63,"enemies":"The Guardian","floor":16,"turns":6},{"damage":10,"enemies":"Shell Parasite","floor":18,"turns":4},{"damage":0,"enemies":"Spheric Guardian","floor":21,"turns":3},{"damage":26,"enemies":"3 Cultists","floor":22,"turns":6},{"damage":38,"enemies":"Slavers","floor":24,"turns":6},{"damage":27,"enemies":"Snake Plant","floor":28,"turns":4},{"damage":5,"enemies":"Chosen and Byrds","floor":30,"turns":4},{"damage":19,"enemies":"Collector","floor":33,"turns":2}],"seed_played":"2890317538298781294","potions_obtained":[{"floor":1,"key":"Block Potion"},{"floor":3,"key":"AttackPotion"},{"floor":8,"key":"DistilledChaos"}],"is_trial":false,"path_per_floor":["M","M","M","$","?","R","?","M","T","M","M","?","$","M","R","B",null,"M","?","?","M","M","R","E","?","T","R","M","T","M","?","R","B"],"character_chosen":"REMILIA","items_purchased":["Stigmanizer","FitfulNightmare"],"campfire_rested":5,"item_purchase_floors":[4,13],"current_hp_per_floor":[75,75,68,68,57,75,75,75,75,75,75,75,75,69,75,18,75,69,69,69,71,54,75,40,26,26,50,27,27,29,29,53,0,0],"gold":320,"neow_bonus":"THREE_CARDS","is_daily":false,"chose_seed":false,"campfire_upgraded":0,"win_rate":0.0,"timestamp":1610902957,"path_taken":["M","M","M","$","?","R","?","M","T","M","M","?","$","M","R","BOSS","M","?","?","M","M","R","E","?","T","R","M","?","M","?","R","BOSS"],"items_purchased_type":["Card","Card"],"build_version":"2020-12-22","purchased_purges":1,"victory":false,"max_hp_per_floor":[75,75,75,75,75,75,75,75,75,75,75,75,75,75,75,75,75,75,75,75,75,75,75,75,80,80,80,80,80,80,80,80,80,80],"card_choices":[{"not_picked":["DiffusionOfMisfortune","BloodHunter"],"picked":"MastersStateliness","floor":0},{"not_picked":["UnstableMagic","RedNightlessCastle"],"picked":"NightDance","floor":1},{"not_picked":["ScarletImprint","UnderTheZenith"],"picked":"VampireKiss","floor":2},{"not_picked":["EndlessAdversity","FavorOfDestiny"],"picked":"ScarletDevil","floor":3},{"not_picked":["ScarletSymphony","MastersStateliness"],"picked":"CharismaGuard","floor":8},{"not_picked":["NightDance","MiserableFate"],"picked":"VampireSweep","floor":10},{"not_picked":["BloodHunter","EndlessAdversity"],"picked":"KillingBlow","floor":11},{"not_picked":["UnstableMagic","FavorOfDestiny"],"picked":"RedNightlessCastle","floor":14},{"not_picked":["HeartBreak","ForecastOfChange"],"picked":"ScarletMeister","floor":16},{"not_picked":["Stigmanizer+1","MillenniumVampire"],"picked":"SuperhumanBloodyKnife","floor":18},{"not_picked":["ForbiddenFruit","CharismaGuard"],"picked":"FavorOfDestiny","floor":21},{"not_picked":["RedRainbow","MastersStateliness"],"picked":"ScarletImprint+1","floor":22},{"not_picked":["ScarletGensokyo+1","BadLadyScramble"],"picked":"HunterOfTheNight","floor":24},{"not_picked":["ScarletSymphony","FavorOfDestiny+1"],"picked":"UltimateOffering","floor":28},{"not_picked":["VampireKiss","BloodyTrap"],"picked":"BloodHunter","floor":30}],"player_experience":266487,"relics_obtained":[{"floor":9,"key":"Bromod:ArcaneNullifier"},{"floor":24,"key":"Omamori"},{"floor":26,"key":"Juzu Bracelet"},{"floor":29,"key":"MawBank"}],"event_choices":[{"damage_healed":0,"gold_gain":75,"player_choice":"Gather Gold","damage_taken":11,"max_hp_gain":0,"max_hp_loss":0,"event_name":"World of Goop","floor":5,"gold_loss":0},{"cards_removed":["Strike_RM"],"damage_healed":0,"gold_gain":0,"player_choice":"Card Removal","damage_taken":0,"max_hp_gain":0,"max_hp_loss":0,"event_name":"The Cleric","floor":7,"gold_loss":50},{"damage_healed":0,"gold_gain":0,"player_choice":"Grow","damage_taken":0,"max_hp_gain":0,"max_hp_loss":0,"event_name":"Living Wall","floor":12,"gold_loss":0,"cards_upgraded":["KillingBlow"]},{"cards_removed":["Strike_RM"],"damage_healed":0,"gold_gain":0,"player_choice":"Gave Gold","damage_taken":0,"max_hp_gain":0,"max_hp_loss":0,"event_name":"Beggar","floor":19,"gold_loss":75},{"damage_healed":0,"gold_gain":0,"player_choice":"Shed Blood","damage_taken":19,"max_hp_gain":5,"max_hp_loss":0,"event_name":"Forgotten Altar","floor":25,"gold_loss":0}],"is_beta":false,"boss_relics":[{"not_picked":["hubris:BlackHole","aspiration:PoetsPen_weak"],"picked":"hubris:HollowSoul"}],"items_purged_floors":[4],"is_endless":false,"potions_floor_spawned":[1,3,8,16,18,21,24,30],"killed_by":"Collector","ascension_level":0}}