{"host":"8zow35rkxv448q2r","time":1610894782,"event":{"mods":["AchievementEnabler","BaseMod","Colored Map","Colored Powertips","Minty Spire (QoL Compilation)","Relic Stats"],"gold_per_floor":[117,117,117,9999211,9999227,9999262,9999262,9999298,9999298,9998437,9998457,9998526,9998526,9998546,9998546,9998674,9998674,9998699,9998699,9998723,9997944,9997969,9997969,9997969,9998007,9998032,9997136,9997136,9997150,9997164,9997180,9997180,9997311,9997311,9997329,9997348,9997372,9997705,9996953,9996982,9997036,9997036,9997113,9997113,9996184,9996184,9996184,9995418,9995418,9995418],"floor_reached":51,"language":"ENG","playtime":3629,"items_purged":["Injury","Pain","Indignation+1","ConjureBlade+1"],"score":976,"play_id":"f5373561-9d35-4205-9e28-886d87fe7b1f","local_time":"20210117094622","is_ascension_mode":true,"campfire_choices":[{"floor":7,"key":"REST"},{"data":"1","floor":13,"key":"LIFT"},{"data":"2","floor":15,"key":"LIFT"},{"data":"3","floor":23,"key":"LIFT"},{"floor":32,"key":"REST"},{"floor":42,"key":"REST"},{"data":"Conclude","floor":44,"key":"SMITH"},{"data":"ReachHeaven","floor":46,"key":"SMITH"},{"floor":49,"key":"REST"}],"circlet_count":0,"master_deck":["Eruption+1","Vigilance+1","CurseOfTheBell","Protect+1","InnerPeace+1","Madness+1","Halt+1","LikeWater+1","EmptyFist+1","FollowUp+1","Conclude+1","Alpha+1","Establishment+1","Wish+1","Trip+1","Omniscience+1","Consecrate+1","TalkToTheHand+1","EmptyFist+1","Indignation+1","ReachHeaven+1","Perseverance+1","FearNoEvil+1","Enlightenment+1"],"relics":["Calling Bell","Regal Pillow","Toxic Egg 2","FossilizedHelix","Medical Kit","Pen Nib","Singing Bowl","TungstenRod","Lantern","Girya","Centennial Puzzle","Gambling Chip","Strange Spoon","MealTicket","Runic Pyramid","WarpedTongs","HandDrill","Pantograph","Nunchaku","Question Card","Bronze Scales","Lizard Tail","Toolbox","Bottled Flame","Pandora\u0027s Box","Yang","Orichalcum","Cauldron","Matryoshka","Calipers","Potion Belt","HornCleat","Darkstone Periapt","War Paint","Sling","Mark of the Bloom","Mango","InkBottle","ClockworkSouvenir"],"acts_visited":["Exordium","TheCity","TheBeyond"],"potions_floor_usage":[5,8,8,8,12,16,20,22,22,33,33,37,40,50,50,50,50],"damage_taken":[{"damage":19,"enemies":"2 Louse","floor":1,"turns":3},{"damage":0,"enemies":"Jaw Worm","floor":5,"turns":4},{"damage":0,"enemies":"Lagavulin","floor":6,"turns":9},{"damage":0,"enemies":"Gremlin Nob","floor":8,"turns":4},{"damage":0,"enemies":"Small Slimes","floor":11,"turns":1},{"damage":10,"enemies":"Lagavulin Event","floor":12,"turns":6},{"damage":0,"enemies":"3 Louse","floor":14,"turns":1},{"damage":49,"enemies":"Hexaghost","floor":16,"turns":6},{"damage":30,"enemies":"2 Thieves","floor":18,"turns":5},{"damage":7,"enemies":"Chosen","floor":20,"turns":4},{"damage":3,"enemies":"Centurion and Healer","floor":22,"turns":7},{"damage":30,"enemies":"Book of Stabbing","floor":25,"turns":4},{"damage":7,"enemies":"Snake Plant","floor":29,"turns":3},{"damage":2,"enemies":"Shelled Parasite and Fungi","floor":30,"turns":3},{"damage":0,"enemies":"Centurion and Healer","floor":31,"turns":4},{"damage":17,"enemies":"Collector","floor":33,"turns":5},{"damage":20,"enemies":"3 Darklings","floor":35,"turns":3},{"damage":7,"enemies":"3 Shapes","floor":36,"turns":4},{"damage":0,"enemies":"Jaw Worm Horde","floor":37,"turns":2},{"damage":0,"enemies":"Nemesis","floor":40,"turns":5},{"damage":37,"enemies":"2 Orb Walkers","floor":41,"turns":4},{"damage":33,"enemies":"Awakened One","floor":50,"turns":5}],"seed_played":"-424812400448642479","potions_obtained":[{"floor":1,"key":"PowerPotion"},{"floor":6,"key":"ColorlessPotion"},{"floor":8,"key":"LiquidMemories"},{"floor":16,"key":"ColorlessPotion"},{"floor":20,"key":"SkillPotion"},{"floor":35,"key":"SteroidPotion"},{"floor":36,"key":"Dexterity Potion"},{"floor":39,"key":"DistilledChaos"}],"is_trial":false,"path_per_floor":["M","?","?","$","M","E","R","E","T","$","M","?","R","M","R","B",null,"M","?","M","$","M","R","?","E","T","$","?","M","M","M","R","B",null,"M","M","M","?","$","E","?","R","T","R","$","R","?","$","R","B",null],"character_chosen":"WATCHER","items_purchased":["InnerPeace+1","Madness+1","AttackPotion","Energy Potion","Medical Kit","Pen Nib","Singing Bowl","FairyPotion","ColorlessPotion","Centennial Puzzle","Gambling Chip","Strange Spoon","LikeWater","EmptyFist","HandDrill","Pantograph","Nunchaku","Energy Potion","Trip+1","Lizard Tail","Toolbox","Bottled Flame","Consecrate","CultistPotion","PowerPotion","Yang","Orichalcum","Cauldron","Enlightenment+1","Darkstone Periapt","War Paint","Sling","Regen Potion","SneckoOil","Energy Potion","Mango","InkBottle","ClockworkSouvenir","BottledMiracle"],"campfire_rested":4,"item_purchase_floors":[4,4,4,4,4,4,4,10,10,10,10,10,10,10,21,21,21,21,21,27,27,27,27,27,27,39,39,39,39,45,45,45,45,45,45,48,48,48,48],"current_hp_per_floor":[53,53,53,53,53,55,74,76,76,76,76,66,66,66,66,17,76,48,48,41,56,55,55,55,25,25,40,40,35,35,37,77,71,88,70,65,67,67,82,84,49,93,93,93,98,98,98,98,98,65],"gold":9995418,"neow_bonus":"BOSS_RELIC","is_daily":false,"chose_seed":false,"campfire_upgraded":2,"win_rate":0.0,"timestamp":1610894782,"path_taken":["M","?","?","$","M","E","R","E","T","?","M","?","R","M","R","BOSS","M","?","?","$","?","R","?","E","T","$","?","?","M","M","R","BOSS","M","?","?","?","$","E","?","R","T","R","$","R","?","?","R","BOSS"],"items_purchased_type":["Card","Card","Potion","Potion","Relic","Relic","Relic","Potion","Potion","Relic","Relic","Relic","Card","Card","Relic","Relic","Relic","Potion","Card","Relic","Relic","Relic","Card","Potion","Potion","Relic","Relic","Relic","Card","Relic","Relic","Relic","Potion","Potion","Potion","Relic","Relic","Relic","Potion"],"build_version":"2020-12-22","purchased_purges":4,"victory":true,"max_hp_per_floor":[72,72,72,72,72,74,74,76,76,76,76,76,76,76,76,76,76,78,78,78,78,80,80,80,80,80,80,80,82,84,86,86,88,88,90,92,94,94,94,96,98,98,98,98,98,98,98,112,112,112],"relic_stats":{"Darkstone Periapt":0,"Regal Pillow":30,"Mark of the Bloom":117,"Singing Bowl":26,"Yang":[26],"Centennial Puzzle":[34],"Nunchaku":[7],"Lizard Tail":0,"Gambling Chip":[5],"Pantograph":9,"MealTicket":50,"HandDrill":[24],"InkBottle":[2],"counters":[22,92],"Pen Nib":[14],"Orichalcum":[42],"War Paint":["Vigilance"],"Medical Kit":[1],"Question Card":10,"WarpedTongs":[50],"Strange Spoon":[37],"Bronze Scales":[79],"Pandora\u0027s Box":["TalkToTheHand","ConjureBlade","EmptyFist","Indignation","ReachHeaven","Perseverance","FearNoEvil","Indignation"],"obtain_stats":[{"Darkstone Periapt":45,"Regal Pillow":0,"Lantern":8,"Mark of the Bloom":47,"Calipers":41,"Singing Bowl":4,"Yang":39,"Mango":48,"Sling":45,"ClockworkSouvenir":48,"Centennial Puzzle":10,"Nunchaku":21,"Lizard Tail":27,"Matryoshka":40,"HornCleat":43,"Gambling Chip":10,"Pantograph":21,"Toolbox":27,"MealTicket":12,"HandDrill":21,"Toxic Egg 2":0,"InkBottle":48,"Runic Pyramid":17,"Potion Belt":43,"Girya":9,"Golden Idol":2,"Pen Nib":4,"Orichalcum":39,"War Paint":45,"Medical Kit":4,"Question Card":25,"WarpedTongs":19,"Calling Bell":0,"Strange Spoon":10,"Cauldron":39,"Bottled Flame":27,"Bronze Scales":26,"Pandora\u0027s Box":34,"PureWater":0,"FossilizedHelix":0,"TungstenRod":6},{"Darkstone Periapt":21,"Regal Pillow":0,"Lantern":4,"Mark of the Bloom":21,"Calipers":21,"Singing Bowl":1,"Yang":19,"Mango":21,"Sling":21,"ClockworkSouvenir":21,"Centennial Puzzle":4,"Nunchaku":10,"Lizard Tail":12,"Matryoshka":20,"HornCleat":21,"Gambling Chip":4,"Pantograph":10,"Toolbox":12,"MealTicket":6,"HandDrill":10,"Toxic Egg 2":0,"InkBottle":21,"Runic Pyramid":8,"Potion Belt":21,"Girya":4,"Golden Idol":1,"Pen Nib":1,"Orichalcum":19,"War Paint":21,"Medical Kit":1,"Question Card":12,"WarpedTongs":9,"Calling Bell":0,"Strange Spoon":4,"Cauldron":19,"Bottled Flame":12,"Bronze Scales":12,"Pandora\u0027s Box":16,"PureWater":0,"FossilizedHelix":0,"TungstenRod":3},{"Darkstone Periapt":87,"Regal Pillow":0,"Lantern":20,"Mark of the Bloom":87,"Calipers":87,"Singing Bowl":3,"Yang":78,"Mango":87,"Sling":87,"ClockworkSouvenir":87,"Centennial Puzzle":20,"Nunchaku":43,"Lizard Tail":54,"Matryoshka":83,"HornCleat":87,"Gambling Chip":20,"Pantograph":43,"Toolbox":54,"MealTicket":27,"HandDrill":43,"Toxic Egg 2":0,"InkBottle":87,"Runic Pyramid":34,"Potion Belt":87,"Girya":20,"Golden Idol":3,"Pen Nib":3,"Orichalcum":78,"War Paint":87,"Medical Kit":3,"Question Card":54,"WarpedTongs":39,"Calling Bell":0,"Strange Spoon":20,"Cauldron":78,"Bottled Flame":54,"Bronze Scales":54,"Pandora\u0027s Box":69,"PureWater":0,"FossilizedHelix":0,"TungstenRod":16}],"TungstenRod":37},"card_choices":[{"not_picked":["BowlingBash","LikeWater"],"picked":"Protect+1","floor":1},{"not_picked":["FlurryOfBlows","Crescendo+1"],"picked":"Halt+1","floor":5},{"not_picked":["Nirvana","ReachHeaven","WreathOfFlame+1"],"picked":"Singing Bowl","floor":6},{"not_picked":["SashWhip","JustLucky","Protect+1"],"picked":"Singing Bowl","floor":8},{"not_picked":["Tantrum","Sanctity+1"],"picked":"FollowUp","floor":11},{"not_picked":["SashWhip","BowlingBash"],"picked":"Conclude","floor":12},{"not_picked":["Indignation+1","EmptyBody+1"],"picked":"Alpha+1","floor":14},{"not_picked":["Brilliance","ConjureBlade+1"],"picked":"Establishment","floor":16},{"not_picked":["CutThroughFate","FlyingSleeves","JustLucky"],"picked":"Singing Bowl","floor":18},{"not_picked":["FlyingSleeves","Crescendo+1"],"picked":"Wish+1","floor":20},{"not_picked":["FlyingSleeves","Crescendo+1","ClearTheMind+1"],"picked":"Singing Bowl","floor":22},{"not_picked":["FlyingSleeves","WheelKick"],"picked":"Omniscience+1","floor":25},{"not_picked":["Prostrate+1","Swivel+1","Indignation+1","Pray+1"],"picked":"Singing Bowl","floor":29},{"not_picked":["Sanctity+1","EmptyFist","ClearTheMind+1","Swivel+1"],"picked":"Singing Bowl","floor":30},{"not_picked":["Halt+1","Adaptation","ForeignInfluence+1","CarveReality"],"picked":"Singing Bowl","floor":31},{"not_picked":["Blasphemy+1","Wish+1","ConjureBlade+1","LessonLearned"],"picked":"Singing Bowl","floor":33},{"not_picked":["EmptyBody+1","ThirdEye+1","WreathOfFlame+1","CutThroughFate+1"],"picked":"Singing Bowl","floor":35},{"not_picked":["CrushJoints","InnerPeace+1","PathToVictory+1","FollowUp+1"],"picked":"Singing Bowl","floor":36},{"not_picked":["Consecrate","Tantrum","Swivel+1","TalkToTheHand+1"],"picked":"Singing Bowl","floor":37},{"not_picked":["FlyingSleeves","BowlingBash+1","Indignation+1","Prostrate+1"],"picked":"Singing Bowl","floor":40},{"not_picked":["EmptyFist","ClearTheMind+1","JustLucky","BattleHymn"],"picked":"Singing Bowl","floor":41}],"player_experience":158463,"relics_obtained":[{"floor":0,"key":"Regal Pillow"},{"floor":0,"key":"Toxic Egg 2"},{"floor":0,"key":"FossilizedHelix"},{"floor":6,"key":"TungstenRod"},{"floor":8,"key":"Lantern"},{"floor":9,"key":"Girya"},{"floor":12,"key":"MealTicket"},{"floor":25,"key":"Question Card"},{"floor":26,"key":"Bronze Scales"},{"floor":40,"key":"Matryoshka"},{"floor":41,"key":"Calipers"},{"floor":43,"key":"Potion Belt"},{"floor":43,"key":"HornCleat"}],"event_choices":[{"damage_healed":0,"gold_gain":0,"player_choice":"Take Wound","damage_taken":0,"relics_obtained":["Golden Idol"],"max_hp_gain":0,"max_hp_loss":0,"event_name":"Golden Idol","floor":2,"gold_loss":0,"cards_obtained":["Injury"]},{"damage_healed":0,"gold_gain":0,"player_choice":"Ignored","damage_taken":0,"max_hp_gain":0,"max_hp_loss":0,"event_name":"Liars Game","floor":3,"gold_loss":0},{"damage_healed":0,"gold_gain":30,"player_choice":"Searched \u00272\u0027 times","damage_taken":0,"max_hp_gain":0,"max_hp_loss":0,"event_name":"Dead Adventurer","floor":12,"gold_loss":0},{"damage_healed":0,"gold_gain":0,"player_choice":"Rummage","damage_taken":0,"relics_obtained":["WarpedTongs"],"max_hp_gain":0,"max_hp_loss":0,"event_name":"Accursed Blacksmith","floor":19,"gold_loss":0,"cards_obtained":["Pain"]},{"damage_healed":0,"gold_gain":0,"player_choice":"Ignored","damage_taken":0,"max_hp_gain":0,"max_hp_loss":0,"event_name":"Ghosts","floor":24,"gold_loss":0},{"damage_healed":0,"gold_gain":0,"player_choice":"Ignored","damage_taken":0,"max_hp_gain":0,"max_hp_loss":0,"event_name":"Purifier","floor":28,"gold_loss":0},{"damage_healed":0,"gold_gain":333,"player_choice":"Gave Idol","damage_taken":0,"max_hp_gain":0,"max_hp_loss":0,"event_name":"The Moai Head","floor":38,"relics_lost":["Golden Idol"],"gold_loss":0},{"damage_healed":0,"gold_gain":0,"player_choice":"Fight","damage_taken":0,"max_hp_gain":0,"max_hp_loss":0,"event_name":"Mysterious Sphere","floor":41,"gold_loss":0},{"damage_healed":0,"gold_gain":0,"player_choice":"Upgrade","damage_taken":0,"relics_obtained":["Mark of the Bloom"],"max_hp_gain":0,"max_hp_loss":0,"event_name":"MindBloom","floor":47,"gold_loss":0,"cards_upgraded":["Eruption","LikeWater","EmptyFist","FollowUp","Establishment","Consecrate","TalkToTheHand","EmptyFist","FearNoEvil"]}],"is_beta":false,"boss_relics":[{"not_picked":["SlaversCollar","VioletLotus"],"picked":"Runic Pyramid"},{"not_picked":["Empty Cage","Coffee Dripper"],"picked":"Pandora\u0027s Box"}],"items_purged_floors":[4,21,39,45],"is_endless":false,"potions_floor_spawned":[1,6,8,16,20,31,35,36],"ascension_level":2}}