{"host":"f9ztaq6figs4snwj","time":1610871426,"event":{"mods":["BaseMod","Bestiary","Colored Map","Curses Come First","Hubris","Minty Spire (QoL Compilation)","Replay The Spire","StSLib"],"gold_per_floor":[116,126,126,126,126,156,156,156,156,192,216,261,281,58,58,78,78,209,209,227,227,227,127,52,52,52,52,76,108,108,123,137,152,152,250,250,263,263,61,81,133,163,163,198,224,224,224,235,263,17,17,17],"floor_reached":53,"language":"ENG","playtime":2023,"items_purged":["Injury","Barricade","Bash+1","hubris:CleavingFinish"],"score":877,"play_id":"6360aa28-58f6-4558-8c62-78031d20bf7b","local_time":"20210117091706","is_ascension_mode":true,"campfire_choices":[{"data":"Demon Form","floor":15,"key":"SMITH"},{"data":"Limit Break","floor":25,"key":"SMITH"},{"floor":27,"key":"REST"},{"floor":30,"key":"REST"},{"data":"Heavy Blade","floor":34,"key":"SMITH"},{"data":"Heavy Blade","floor":47,"key":"SMITH"},{"data":"Double Tap","floor":51,"key":"SMITH"}],"circlet_count":0,"master_deck":["Strike_R","Strike_R+1","Strike_R","Defend_R","Defend_R","Defend_R","Infernal Blade","Demon Form+1","Flex","Limit Break+1","Heavy Blade+1","Heavy Blade+1","Flex+1","Double Tap+1","Heavy Blade"],"relics":["Burning Blood","NeowsBlessing","Anchor","Bloody Idol","Garlic","Potion Belt","Lizard Tail","Tiny Chest","hubris:ScarierMask","Pen Nib","Regal Pillow","Bronze Scales","Velvet Choker","Chameleon Ring","Replay:Wax Seal","Incense Burner","Replay:Bottled Snecko","Gremlin Food","Centennial Puzzle","Replay:Baseball","ReplayFunnel","BargainBundle"],"acts_visited":["Exordium","TheCity","TheBeyond"],"potions_floor_usage":[29,33,35,42,44,49,49],"damage_taken":[{"damage":0,"enemies":"Jaw Worm","floor":1,"turns":1},{"damage":0,"enemies":"2 Louse","floor":2,"turns":1},{"damage":0,"enemies":"Gremlin Nob","floor":6,"turns":1},{"damage":10,"enemies":"Replay:BlueRogue","floor":10,"turns":6},{"damage":6,"enemies":"Small Slimes","floor":13,"turns":3},{"damage":0,"enemies":"2 Fungi Beasts","floor":16,"turns":3},{"damage":67,"enemies":"Fading Forest","floor":18,"turns":11},{"damage":34,"enemies":"Spheric Guardian","floor":20,"turns":5},{"damage":57,"enemies":"Gremlin Leader","floor":29,"turns":6},{"damage":0,"enemies":"Chosen","floor":31,"turns":4},{"damage":39,"enemies":"Shelled Parasite and Fungi","floor":32,"turns":5},{"damage":11,"enemies":"Snecko","floor":33,"turns":3},{"damage":23,"enemies":"hubris:MusketHawk","floor":35,"turns":5},{"damage":6,"enemies":"3 Shapes","floor":37,"turns":5},{"damage":12,"enemies":"3 Darklings","floor":40,"turns":3},{"damage":2,"enemies":"2 Orb Walkers","floor":41,"turns":3},{"damage":26,"enemies":"R_Hoarder","floor":42,"turns":6},{"damage":56,"enemies":"Reptomancer","floor":44,"turns":5},{"damage":19,"enemies":"4 Shapes","floor":48,"turns":5},{"damage":58,"enemies":"Nemesis","floor":49,"turns":5},{"damage":34,"enemies":"Replay:Hell Engine","floor":52,"turns":5}],"seed_played":"3990089918065218389","potions_obtained":[{"floor":1,"key":"BlessingOfTheForge"},{"floor":13,"key":"Strength Potion"},{"floor":18,"key":"Block Potion"},{"floor":29,"key":"SteroidPotion"},{"floor":31,"key":"Fire Potion"},{"floor":40,"key":"Regen Potion"},{"floor":41,"key":"Elixir"},{"floor":48,"key":"Fire Potion"}],"is_trial":false,"path_per_floor":["M","M","?","?","?","E","?","PTL","PTL","E","T","?","M","$","R","M","R_BF","B",null,"M","?","?","$","?","R","T","R","T","E","R","M","M","M","R","B",null,"M","T","$","M","?","E","T","E","T","?","R","M","E","$","R","B",null],"character_chosen":"IRONCLAD","items_purchased":["Tiny Chest","Replay:Wax Seal","BargainBundle","Heavy Blade"],"campfire_rested":2,"item_purchase_floors":[14,39,50,50],"current_hp_per_floor":[78,80,73,73,57,63,63,63,63,59,59,59,59,59,59,65,65,26,67,39,39,39,39,39,39,39,63,68,22,61,72,44,44,44,32,68,73,73,73,72,80,77,77,32,37,37,37,29,51,51,51,23],"gold":17,"neow_bonus":"THREE_ENEMY_KILL","is_daily":false,"chose_seed":false,"campfire_upgraded":5,"win_rate":0.0,"timestamp":1610871426,"path_taken":["M","M","?","?","?","E","?","PTL","PTL","E","T","?","?","?","R","M","R_BF","BOSS","M","?","?","$","?","R","?","R","T","E","R","?","M","M","R","BOSS","M","?","$","M","?","E","?","E","T","?","R","?","E","$","R","BOSS"],"items_purchased_type":["Relic","Relic","Relic","Card"],"build_version":"2020-12-22","purchased_purges":4,"victory":true,"max_hp_per_floor":[80,80,80,80,80,80,80,80,80,80,80,80,80,80,80,80,80,80,80,80,80,80,80,80,80,80,80,80,80,80,80,80,80,80,80,80,80,80,80,80,80,80,80,80,80,80,80,80,80,80,80,80],"card_choices":[{"not_picked":["Second Wind","Evolve"],"picked":"Infernal Blade","floor":1},{"not_picked":["ReplayTheSpireMod:LeadingStrike","Havoc"],"picked":"Whirlwind","floor":2},{"not_picked":["Clothesline","Defy Death","ReplayTheSpireMod:LeadingStrike"],"picked":"SKIP","floor":6},{"not_picked":["Thunderclap","Rupture"],"picked":"Demon Form","floor":10},{"not_picked":["Iron Wave","Defy Death","Pommel Strike"],"picked":"SKIP","floor":13},{"not_picked":["Clash","Sword Boomerang"],"picked":"Flex","floor":16},{"not_picked":["Double Tap","Juggernaut"],"picked":"Limit Break","floor":18},{"not_picked":["Sword Boomerang","Perfected Strike"],"picked":"Heavy Blade","floor":20},{"not_picked":["Carnage","Sword Boomerang","Twin Strike"],"picked":"SKIP","floor":29},{"not_picked":["Evolve+1","hubris:ReadiedAction","ReplayTheSpireMod:LeadingStrike"],"picked":"SKIP","floor":31},{"not_picked":["True Grit","Metallicize","Shrug It Off+1"],"picked":"SKIP","floor":32},{"not_picked":["Headbutt","Warcry"],"picked":"Flex+1","floor":33},{"not_picked":["Fiend Fire","Corruption"],"picked":"Double Tap","floor":35},{"not_picked":["Seeing Red+1","Ghostly Armor","Pommel Strike"],"picked":"SKIP","floor":37},{"not_picked":["Flame Barrier+1","ReplayTheSpireMod:Strike From Hell+1","Havoc"],"picked":"SKIP","floor":40},{"not_picked":["Clothesline","Anger","Body Slam+1"],"picked":"SKIP","floor":42},{"not_picked":["Clothesline","Anger","Body Slam+1"],"picked":"SKIP","floor":42},{"not_picked":["Warcry+1","Clash","Ghostly Armor"],"picked":"SKIP","floor":44},{"not_picked":["Ghostly Armor","Bloodletting","hubris:CleavingFinish"],"picked":"SKIP","floor":48},{"not_picked":["Intimidate","Pommel Strike+1","Brutality"],"picked":"SKIP","floor":49}],"player_experience":375983,"relics_obtained":[{"floor":6,"key":"Anchor"},{"floor":10,"key":"Garlic"},{"floor":11,"key":"Potion Belt"},{"floor":12,"key":"Lizard Tail"},{"floor":26,"key":"Pen Nib"},{"floor":28,"key":"Regal Pillow"},{"floor":29,"key":"Bronze Scales"},{"floor":38,"key":"Chameleon Ring"},{"floor":41,"key":"Incense Burner"},{"floor":42,"key":"Replay:Bottled Snecko"},{"floor":43,"key":"Gremlin Food"},{"floor":44,"key":"Centennial Puzzle"},{"floor":45,"key":"Replay:Baseball"},{"floor":49,"key":"ReplayFunnel"}],"event_choices":[{"cards_removed":["Defend_R"],"damage_healed":0,"gold_gain":0,"player_choice":"Card Removal","damage_taken":7,"max_hp_gain":0,"max_hp_loss":0,"event_name":"Golden Wing","floor":3,"gold_loss":0},{"damage_healed":0,"gold_gain":0,"player_choice":"Entered Light","damage_taken":16,"max_hp_gain":0,"max_hp_loss":0,"event_name":"Shining Light","floor":5,"gold_loss":0,"cards_upgraded":["Bash","Strike_R"]},{"damage_healed":0,"gold_gain":0,"player_choice":"Take Wound","damage_taken":0,"relics_obtained":["Golden Idol"],"max_hp_gain":0,"max_hp_loss":0,"event_name":"Golden Idol","floor":7,"gold_loss":0,"cards_obtained":["Injury"]},{"damage_healed":0,"gold_gain":0,"player_choice":"Gave Idol","damage_taken":0,"relics_obtained":["Bloody Idol"],"max_hp_gain":0,"max_hp_loss":0,"event_name":"Forgotten Altar","floor":21,"relics_lost":["Golden Idol"],"gold_loss":0},{"damage_healed":0,"gold_gain":0,"player_choice":"Read","damage_taken":0,"max_hp_gain":0,"max_hp_loss":0,"event_name":"The Library","floor":22,"gold_loss":0,"cards_obtained":["Heavy Blade"]},{"cards_removed":["Strike_R"],"damage_healed":0,"gold_gain":0,"player_choice":"Gave Gold","damage_taken":0,"max_hp_gain":0,"max_hp_loss":0,"event_name":"Beggar","floor":24,"gold_loss":75},{"damage_healed":0,"gold_gain":0,"player_choice":"Fight","damage_taken":0,"max_hp_gain":0,"max_hp_loss":0,"event_name":"Mysterious Sphere","floor":41,"gold_loss":0},{"cards_removed":["Whirlwind"],"damage_healed":0,"gold_gain":0,"player_choice":"Card Removal","damage_taken":0,"max_hp_gain":0,"max_hp_loss":0,"event_name":"Wheel of Change","floor":46,"gold_loss":0}],"is_beta":false,"boss_relics":[{"not_picked":["Calling Bell","hubris:Stopwatch"],"picked":"hubris:ScarierMask"},{"not_picked":["Replay:Ancient Bell","Ring of Chaos"],"picked":"Velvet Choker"}],"items_purged_floors":[14,23,39,50],"is_endless":false,"potions_floor_spawned":[1,13,18,29,31,40,41,48],"ascension_level":6}}