{"host":"pno9h1fupbyz205f","time":1610913961,"event":{"mods":["Aspiration","BaseMod","Better Altar","Better Match","Better Note","Better Sensory Stone","Better Skull","Better Third Choice","Colored Map","Colored Powertips","Hermit","Highlight Path","Hubris","Infinite Spire","Jedi Mod","Mad Scientist","Marisa????????","Minty Spire (QoL Compilation)","Permanent Neow","Potionbrewer","Prisma Mod","Replay The Spire","Robot Space Explorer","Shop Mod","Spicy Shops","StSLib","Td1madao Mod","The Blackbeard","The Gatherer","The Hierophant","The Marked","The Poker Player","The Runesmith","The Servant 0.9.4","The Spell Scribe","The Vixen","thorton","vexMod"],"gold_per_floor":[117,117,136,136,54,54,54,80,80,107,107,125,125,53,53,149,149,161,161,161,12,12,39,39,39,39,50,50,50,50,79,79,79,79],"floor_reached":33,"language":"ENG","playtime":1687,"items_purged":["Shame"],"score":327,"play_id":"103f79ce-f3c5-4ffd-bb76-d04b0c6faea0","local_time":"20210117120601","daily_mods":["Draft","Heirloom","Time Dilation","Flight"],"is_ascension_mode":false,"campfire_choices":[{"data":"theScribe:Focused","floor":6,"key":"SMITH"},{"data":"theScribe:RecklessResponse","floor":7,"key":"SMITH"},{"data":"theScribe:Clarity","floor":11,"key":"SMITH"},{"data":"theScribe:Thunder","floor":13,"key":"SMITH"},{"floor":15,"key":"REST"},{"data":"theScribe:Overexert","floor":24,"key":"SMITH"},{"floor":25,"key":"REST"},{"data":"theScribe:ScrollOfShadows","floor":28,"key":"SMITH"},{"floor":32,"key":"REST"}],"circlet_count":1,"master_deck":["theScribe:TelumSpellstone","theScribe:LightningBolt","theScribe:SacrificeRitual","theScribe:MirrorImage","theScribe:Clarity+1","theScribe:Frost","theScribe:RecklessResponse+1","theScribe:ScindoSpellstone","theScribe:Frost","theScribe:ArcaneArcing","theScribe:Thunder","theScribe:Focused+1","theScribe:StaticCage","theScribe:Overcharge","theScribe:BlankScroll","theScribe:ScrollOfShadows+1","theScribe:MirrorImage","theScribe:BlankScroll","theScribe:SanguineSurge","theScribe:FocusingBarrier","theScribe:Thunder+1","theScribe:Frost","theScribe:Overexert+1","PrismaMod:ChloeAnyPowerTrace","theScribe:ForkedBolt","theScribe:TelumSpellstone","Bullet Time"],"relics":["theScribe:StarterRelic1","CaptainsWheel","Orichalcum","TungstenRod","aspiration:SeaSaltIceCream","Circlet","Philosopher\u0027s Stone","PreservedInsect","potionbrewer:ToyAutogyro","Membership Card","vexMod:MysteryBossChallenge","Ooze Armor","Thread and Needle","Bronze Scales","PrismaticShard","Blue Doll"],"acts_visited":["Exordium","TheCity"],"potions_floor_usage":[8,10,12,12,16,31,33],"damage_taken":[{"damage":1,"enemies":"Cultist","floor":1,"turns":3},{"damage":1,"enemies":"Small Slimes","floor":3,"turns":4},{"damage":9,"enemies":"Gremlin Nob","floor":8,"turns":4},{"damage":2,"enemies":"Jaw Worm","floor":10,"turns":3},{"damage":12,"enemies":"Exordium Thugs","floor":12,"turns":6},{"damage":10,"enemies":"Fading Forest","floor":16,"turns":11},{"damage":7,"enemies":"Chosen","floor":18,"turns":7},{"damage":45,"enemies":"Slavers","floor":23,"turns":6},{"damage":19,"enemies":"2 Thieves","floor":27,"turns":4},{"damage":0,"enemies":"Replay:Snechameleon","floor":31,"turns":2},{"damage":71,"enemies":"Automaton","floor":33,"turns":6}],"seed_played":"4223948998326930734","potions_obtained":[{"floor":1,"key":"jedi:holywater"},{"floor":3,"key":"Doom Potion"},{"floor":4,"key":"Flashbang"},{"floor":4,"key":"PowerPotion"},{"floor":4,"key":"potionbrewer:DiscountPotion"},{"floor":8,"key":"potionbrewer:MidasPotion"},{"floor":12,"key":"Ancient Potion"},{"floor":27,"key":"SkillPotion"},{"floor":31,"key":"ColorlessPotion"}],"is_trial":true,"path_per_floor":["M","?","M","?","$","R","R","E","T","M","R","M","R","$","R_BF","B",null,"M","?","?","$","AVR","E","R","R","T","M","R","?","?","E","R","B"],"character_chosen":"THE_SCRIBE","items_purchased":["theScribe:BlankScroll","theScribe:Frost","potionbrewer:ToyAutogyro"],"campfire_rested":3,"item_purchase_floors":[5,14,21],"current_hp_per_floor":[74,74,73,73,73,73,73,64,64,62,62,50,50,50,72,72,75,68,68,68,68,68,23,23,45,45,26,26,26,19,19,41,0,0],"gold":79,"neow_bonus":"","is_daily":false,"chose_seed":false,"campfire_upgraded":6,"win_rate":0.0,"timestamp":1610913961,"path_taken":["M","?","?","?","$","R","R","E","T","?","R","M","R","?","R_BF","BOSS","M","?","?","?","AVR","E","R","R","T","?","R","?","?","E","R","BOSS"],"items_purchased_type":["Card","Card","Relic"],"build_version":"2020-12-22","purchased_purges":1,"victory":false,"max_hp_per_floor":[75,75,75,75,75,75,75,75,75,75,75,75,75,75,75,75,75,75,75,75,75,75,75,75,75,75,75,75,75,75,75,75,75,75],"card_choices":[{"not_picked":["theScribe:BluntWeapons","theScribe:ScindoSpellstone"],"picked":"theScribe:TelumSpellstone","floor":0},{"not_picked":["theScribe:ArcaneArcing","theScribe:EnchantedStrike"],"picked":"theScribe:LightningBolt","floor":0},{"not_picked":["theScribe:CrystalShield","theScribe:ScrollOfScrying"],"picked":"theScribe:SacrificeRitual","floor":0},{"not_picked":["theScribe:InvigoratingStrike","theScribe:Thunder"],"picked":"theScribe:MirrorImage","floor":0},{"not_picked":["theScribe:MagicMissiles","theScribe:Incendio"],"picked":"theScribe:Clarity","floor":0},{"not_picked":["theScribe:EnchantedStrike","theScribe:RecklessResponse"],"picked":"theScribe:Frost","floor":0},{"not_picked":["theScribe:InvigoratingStrike","theScribe:BarrierOfLight"],"picked":"theScribe:RecklessResponse","floor":0},{"not_picked":["theScribe:WeirdBlast","theScribe:ThrownScroll"],"picked":"theScribe:ScindoSpellstone","floor":0},{"not_picked":["theScribe:EnchantedStrike","theScribe:Meditate"],"picked":"theScribe:Frost","floor":0},{"not_picked":["theScribe:Meditate","theScribe:CrystalShield"],"picked":"theScribe:ArcaneArcing","floor":0},{"not_picked":["theScribe:ThrownScroll","theScribe:ToxicSpellstone"],"picked":"theScribe:Thunder","floor":0},{"not_picked":["theScribe:Frost","theScribe:MagicMissiles"],"picked":"theScribe:Focused","floor":0},{"not_picked":["theScribe:ThrownScroll","theScribe:AmplifyingSpellstone"],"picked":"theScribe:StaticCage","floor":0},{"not_picked":["theScribe:FlowLikeWater","theScribe:Insight"],"picked":"theScribe:Overcharge","floor":0},{"not_picked":["theScribe:ArcaneArcing","theScribe:Insight"],"picked":"theScribe:BlankScroll","floor":0},{"not_picked":["theScribe:FlowLikeWater","theScribe:Incendio"],"picked":"theScribe:ScrollOfShadows","floor":1},{"not_picked":["theScribe:Frost","theScribe:StaticSeries"],"picked":"theScribe:MirrorImage","floor":3},{"not_picked":["theScribe:WeirdShield","theScribe:CrystalShield"],"picked":"theScribe:SanguineSurge","floor":8},{"not_picked":["theScribe:BarrierOfLight","theScribe:CripplingCharge"],"picked":"theScribe:FocusingBarrier","floor":10},{"not_picked":["theScribe:BluntWeapons","theScribe:EnchantedStrike"],"picked":"theScribe:Thunder","floor":12},{"not_picked":["theScribe:FocusedBolt","theScribe:Ghost_Realm"],"picked":"theScribe:Overexert","floor":16},{"not_picked":["theScribe:FrostvenomToxin","theScribe:EnchantedStrike","theScribe:LightningBolt"],"picked":"SKIP","floor":18},{"not_picked":["theScribe:GatherComponents","theScribe:TimeDilation"],"picked":"theScribe:ForkedBolt","floor":23},{"not_picked":["theScribe:ToxicSpellstone","theScribe:LightningBolt"],"picked":"theScribe:TelumSpellstone","floor":27},{"not_picked":["Runesmith:HeatExchange+1","blackbeard:Sword"],"picked":"Bullet Time","floor":31}],"player_experience":190838,"relics_obtained":[{"floor":2,"key":"Orichalcum"},{"floor":8,"key":"TungstenRod"},{"floor":9,"key":"aspiration:SeaSaltIceCream"},{"floor":23,"key":"Thread and Needle"},{"floor":26,"key":"Bronze Scales"},{"floor":30,"key":"PrismaticShard"},{"floor":31,"key":"Blue Doll"}],"event_choices":[{"damage_healed":0,"gold_gain":0,"player_choice":"Relic","damage_taken":0,"max_hp_gain":0,"max_hp_loss":0,"event_name":"Wheel of Change","floor":2,"gold_loss":0},{"damage_healed":0,"gold_gain":0,"player_choice":"Got Potions","damage_taken":0,"max_hp_gain":0,"max_hp_loss":0,"event_name":"Lab","floor":4,"gold_loss":0},{"cards_removed":["theScribe:SacrificeRitual"],"damage_healed":0,"gold_gain":0,"player_choice":"Take \u0026 Give","damage_taken":0,"max_hp_gain":0,"max_hp_loss":0,"event_name":"betterNote:BetterNote","floor":19,"gold_loss":0,"cards_obtained":["PrismaMod:ChloeAnyPowerTrace"]},{"damage_healed":0,"gold_gain":0,"player_choice":"Stole Relic","damage_taken":0,"relics_obtained":["PreservedInsect"],"max_hp_gain":0,"max_hp_loss":0,"event_name":"Addict","floor":20,"gold_loss":0,"cards_obtained":["Shame"]}],"is_beta":false,"boss_relics":[{"not_picked":["Velvet Choker","jedi:battlestandard"],"picked":"Philosopher\u0027s Stone"}],"items_purged_floors":[21],"is_endless":false,"potions_floor_spawned":[1,3,8,12,27,31],"killed_by":"Automaton","ascension_level":0}}