{"host":"640uue19m79c7wbt","time":1610907747,"event":{"mods":["BaseMod","Colored Map","Googly Eyes","Highlight Path","Minty Spire (QoL Compilation)","Quick Restart","StSLib"],"gold_per_floor":[112,112,187,201,201,213,227,227,227,260,260,294,294,312,312,312,312],"floor_reached":16,"language":"ENG","playtime":1378,"items_purged":[],"score":171,"play_id":"ba299d50-2115-44fa-9344-c31331c1c278","local_time":"20210117132227","is_ascension_mode":true,"campfire_choices":[{"floor":11,"key":"REST"},{"floor":13,"key":"REST"},{"floor":15,"key":"DIG"}],"circlet_count":0,"master_deck":["AscendersBane","Strike_G","Strike_G","Strike_G","Strike_G","Strike_G","Defend_G","Defend_G","Defend_G","Defend_G","Defend_G","Survivor","Neutralize+1","Tactician+1","Dagger Spray","Heel Hook","Dagger Throw","Cloak And Dagger","Prepared"],"relics":["Ring of the Snake","NeowsBlessing","Ninja Scroll","Shovel","Bag of Preparation","Pantograph"],"acts_visited":["Exordium"],"potions_floor_usage":[12],"damage_taken":[{"damage":0.0,"enemies":"Jaw Worm","floor":1.0,"turns":1.0},{"damage":0.0,"enemies":"Small Slimes","floor":4.0,"turns":1.0},{"damage":0.0,"enemies":"Cultist","floor":6.0,"turns":1.0},{"damage":2.0,"enemies":"3 Louse","floor":7.0,"turns":4.0},{"damage":45,"enemies":"Lagavulin","floor":10,"turns":7},{"damage":35,"enemies":"Gremlin Nob","floor":12,"turns":5},{"damage":6,"enemies":"Looter","floor":14,"turns":2},{"damage":63,"enemies":"Hexaghost","floor":16,"turns":12}],"seed_played":"-4386937647053228735","potions_obtained":[{"floor":1.0,"key":"Dexterity Potion"},{"floor":4.0,"key":"FairyPotion"}],"is_trial":false,"path_per_floor":["M","?","?","M","?","M","M","?","T","E","R","E","R","M","R","B"],"character_chosen":"THE_SILENT","items_purchased":[],"campfire_rested":2,"item_purchase_floors":[],"current_hp_per_floor":[63,63,52,52,52,52,50,55,55,10,32,22,44,38,38,0,0],"gold":312,"neow_bonus":"THREE_ENEMY_KILL","is_daily":false,"chose_seed":false,"campfire_upgraded":0,"win_rate":0.0,"timestamp":1610907747,"path_taken":["M","?","?","M","?","M","?","?","T","E","R","E","R","M","R","BOSS"],"items_purchased_type":[],"build_version":"2020-12-22","purchased_purges":0,"victory":false,"max_hp_per_floor":[70,70,70,70,70,70,70,75,75,75,75,75,75,75,75,75,75],"card_choices":[{"not_picked":["Well Laid Plans","Expertise"],"picked":"Tactician","floor":1.0},{"not_picked":["Deflect","Outmaneuver","Poisoned Stab"],"picked":"SKIP","floor":4.0},{"not_picked":["Flechettes","Bane"],"picked":"Dagger Spray","floor":6.0},{"not_picked":["Noxious Fumes","Blade Dance"],"picked":"Heel Hook","floor":7.0},{"not_picked":["Deadly Poison","Quick Slash"],"picked":"Dagger Throw","floor":10},{"not_picked":["Skewer","Dodge and Roll"],"picked":"Cloak And Dagger","floor":12},{"not_picked":["Blade Dance","Backflip"],"picked":"Prepared","floor":14}],"player_experience":595153,"relics_obtained":[{"floor":9,"key":"Ninja Scroll"},{"floor":10,"key":"Shovel"},{"floor":12,"key":"Bag of Preparation"},{"floor":15,"key":"Pantograph"}],"event_choices":[{"damage_healed":0.0,"max_hp_gain":0.0,"max_hp_loss":0.0,"gold_gain":0.0,"event_name":"Living Wall","player_choice":"Grow","floor":2.0,"gold_loss":0.0,"damage_taken":0.0,"cards_upgraded":["Tactician"]},{"damage_healed":0.0,"max_hp_gain":0.0,"max_hp_loss":0.0,"gold_gain":75.0,"event_name":"World of Goop","player_choice":"Gather Gold","floor":3.0,"gold_loss":0.0,"damage_taken":11.0},{"damage_healed":0.0,"max_hp_gain":0.0,"max_hp_loss":0.0,"gold_gain":0.0,"event_name":"Upgrade Shrine","player_choice":"Upgraded","floor":5.0,"gold_loss":0.0,"damage_taken":0.0,"cards_upgraded":["Neutralize"]},{"damage_healed":0,"gold_gain":0,"player_choice":"Donut","damage_taken":0,"max_hp_gain":5,"max_hp_loss":0,"event_name":"Big Fish","floor":8,"gold_loss":0}],"is_beta":false,"boss_relics":[],"items_purged_floors":[],"is_endless":false,"potions_floor_spawned":[1,4],"killed_by":"Hexaghost","ascension_level":11}}