{"host":"vyjryxuuuxkt43k4","time":1610889117,"event":{"mods":["AchievementEnabler","BaseMod","Colored Map","DeckTracker","Keyboard Shortcuts","Minty Spire (QoL Compilation)","Permanent Neow","Quick Restart","StSLib","SuperFastMode","everything is the same but u backflip on backflip"],"gold_per_floor":[16,29,104,116,131,131,156,175,175,20,32,32,64,64,64,64,64],"floor_reached":16,"language":"KOR","playtime":599,"items_purged":[],"score":168,"play_id":"926a4bb3-ed6f-4b6e-9f15-19be180c669a","local_time":"20210117221157","is_ascension_mode":true,"campfire_choices":[{"data":"Wild Strike","floor":6.0,"key":"SMITH"},{"floor":12.0,"key":"REST"},{"data":"Feel No Pain","floor":15.0,"key":"SMITH"}],"circlet_count":0,"master_deck":["AscendersBane","Strike_R+1","Strike_R","Strike_R+1","Defend_R","Defend_R","Defend_R","Defend_R","Bash","Shrug It Off","Wild Strike+1","Second Wind","Feel No Pain+1","Feel No Pain"],"relics":["Burning Blood","Whetstone","Pear","ClockworkSouvenir","Ornamental Fan","Lantern"],"acts_visited":["Exordium"],"potions_floor_usage":[16],"damage_taken":[{"damage":1.0,"enemies":"Cultist","floor":1.0,"turns":4.0},{"damage":0.0,"enemies":"Jaw Worm","floor":2.0,"turns":5.0},{"damage":7.0,"enemies":"Small Slimes","floor":4.0,"turns":4.0},{"damage":11.0,"enemies":"Looter","floor":5.0,"turns":3.0},{"damage":36.0,"enemies":"Lagavulin","floor":7.0,"turns":6.0},{"damage":5.0,"enemies":"Red Slaver","floor":8.0,"turns":3.0},{"damage":22.0,"enemies":"Gremlin Gang","floor":11.0,"turns":6.0},{"damage":12.0,"enemies":"Gremlin Nob","floor":13.0,"turns":4.0},{"damage":50,"enemies":"The Guardian","floor":16,"turns":11}],"seed_played":"1678795415192134125","potions_obtained":[{"floor":1.0,"key":"DuplicationPotion"},{"floor":2.0,"key":"BlessingOfTheForge"},{"floor":8.0,"key":"Ancient Potion"}],"is_trial":false,"path_per_floor":["M","M","?","M","M","R","E","M","T","$","M","R","E","?","R","B"],"character_chosen":"IRONCLAD","items_purchased":["ClockworkSouvenir"],"campfire_rested":1,"item_purchase_floors":[10],"current_hp_per_floor":[77,80,69,68,63,63,33,34,44,44,28,55,49,49,49,0,0],"gold":64,"neow_bonus":"REMOVE_TWO","is_daily":false,"chose_seed":false,"campfire_upgraded":2,"win_rate":0.0,"timestamp":1610889117,"path_taken":["M","?","?","M","M","R","E","M","T","$","M","R","E","?","R","BOSS"],"items_purchased_type":["Relic"],"build_version":"2020-12-22","purchased_purges":0,"victory":false,"max_hp_per_floor":[80,80,80,80,80,80,80,80,90,90,90,90,90,90,90,90,90],"card_choices":[{"not_picked":["Ghostly Armor","Dropkick"],"picked":"Shrug It Off","floor":1.0},{"not_picked":["Whirlwind","Flex","True Grit"],"picked":"SKIP","floor":2.0},{"not_picked":["Clothesline","Thunderclap"],"picked":"Wild Strike","floor":4.0},{"not_picked":["Anger","Sword Boomerang","Heavy Blade"],"picked":"SKIP","floor":5.0},{"not_picked":["Warcry","Havoc","Dark Embrace"],"picked":"SKIP","floor":7.0},{"not_picked":["Juggernaut","Clothesline"],"picked":"Second Wind","floor":8.0},{"not_picked":["Wild Strike","Second Wind"],"picked":"Feel No Pain","floor":11.0},{"not_picked":["Berserk","Perfected Strike"],"picked":"Feel No Pain","floor":13.0}],"player_experience":415343,"relics_obtained":[{"floor":7.0,"key":"Whetstone"},{"floor":9.0,"key":"Pear"},{"floor":13.0,"key":"Ornamental Fan"}],"event_choices":[{"damage_healed":0.0,"max_hp_gain":0.0,"max_hp_loss":0.0,"gold_gain":75.0,"event_name":"World of Goop","player_choice":"Gather Gold","floor":3.0,"gold_loss":0.0,"damage_taken":11.0},{"damage_healed":0.0,"max_hp_gain":0.0,"max_hp_loss":0.0,"gold_gain":0.0,"event_name":"Dead Adventurer","player_choice":"Searched \u00271\u0027 times","floor":14.0,"gold_loss":0.0,"damage_taken":0.0,"relics_obtained":["Lantern"]}],"is_beta":false,"boss_relics":[],"items_purged_floors":[],"is_endless":false,"potions_floor_spawned":[1,2,8],"killed_by":"The Guardian","ascension_level":10}}