{"host":"dyggtcpod2kd5hqt","time":1610911264,"event":{"mods":["2.2 Compatiblity","AchievementEnabler","BaseMod","Bestiary","Block Reminder","Colored Map","Colored Powertips","Minty Spire (QoL Compilation)","Quick Restart","Rare Cards Sparkle","Relic Stats","Unknown Chances"],"gold_per_floor":[112,127,147,160,212,243,243,277,277,277,304,321,334,344,344,344,344],"floor_reached":16,"language":"ENG","playtime":1261,"items_purged":[],"score":143,"play_id":"9411a4d1-e5f6-4087-938d-8e70107c046f","local_time":"20210117142104","is_ascension_mode":true,"campfire_choices":[{"data":"Warcry","floor":7.0,"key":"SMITH"},{"data":"1","floor":15.0,"key":"LIFT"}],"circlet_count":0,"master_deck":["Strike_R","Strike_R","Strike_R","Strike_R","Strike_R","Defend_R","Defend_R","Defend_R","Defend_R","Bash","Carnage","Rampage","Warcry+1","Spot Weakness","Pummel","Havoc+1","Infernal Blade+1"],"relics":["Burning Blood","Blood Vial","Charon\u0027s Ashes","Pen Nib","Toxic Egg 2","Ornamental Fan","Girya"],"acts_visited":["Exordium"],"potions_floor_usage":[],"damage_taken":[{"damage":1.0,"enemies":"Cultist","floor":1.0,"turns":4.0},{"damage":7.0,"enemies":"Jaw Worm","floor":2.0,"turns":3.0},{"damage":1.0,"enemies":"2 Louse","floor":3.0,"turns":3.0},{"damage":20.0,"enemies":"Exordium Thugs","floor":4.0,"turns":6.0},{"damage":31.0,"enemies":"Lagavulin","floor":6.0,"turns":6.0},{"damage":28.0,"enemies":"Gremlin Nob","floor":8.0,"turns":4.0},{"damage":18.0,"enemies":"Lagavulin","floor":11.0,"turns":6.0},{"damage":0.0,"enemies":"2 Fungi Beasts","floor":12.0,"turns":2.0},{"damage":9.0,"enemies":"Exordium Wildlife","floor":13.0,"turns":3.0},{"damage":0.0,"enemies":"Lots of Slimes","floor":14.0,"turns":2.0},{"damage":34,"enemies":"The Guardian","floor":16,"turns":4}],"seed_played":"2865505331924852626","potions_obtained":[{"floor":3.0,"key":"SpeedPotion"},{"floor":6.0,"key":"HeartOfIron"},{"floor":11.0,"key":"Explosive Potion"},{"floor":12.0,"key":"SteroidPotion"},{"floor":13.0,"key":"BloodPotion"}],"is_trial":false,"path_per_floor":["M","M","M","M","?","E","R","E","T","T","E","M","M","M","R","B"],"character_chosen":"IRONCLAD","items_purchased":[],"campfire_rested":0,"item_purchase_floors":[],"current_hp_per_floor":[80,79,80,66,66,43,43,23,23,23,13,21,20,28,28,0,0],"gold":344,"neow_bonus":"RANDOM_COMMON_RELIC","is_daily":false,"chose_seed":false,"campfire_upgraded":1,"win_rate":0.0,"timestamp":1610911264,"path_taken":["M","M","M","?","?","E","R","E","T","?","E","M","M","M","R","BOSS"],"items_purchased_type":[],"build_version":"2020-12-22","purchased_purges":0,"victory":false,"max_hp_per_floor":[80,80,80,80,80,80,80,80,80,80,80,80,80,80,80,80,80],"relic_stats":{"Blood Vial":15,"counters":[11,43],"Ornamental Fan":[4],"Charon\u0027s Ashes":[60],"Pen Nib":[2],"obtain_stats":[{"Blood Vial":0,"Girya":11,"Ornamental Fan":10,"Charon\u0027s Ashes":6,"Pen Nib":8,"Toxic Egg 2":9,"Burning Blood":0},{"Blood Vial":0,"Girya":7,"Ornamental Fan":6,"Charon\u0027s Ashes":5,"Pen Nib":6,"Toxic Egg 2":6,"Burning Blood":0},{"Blood Vial":0,"Girya":32,"Ornamental Fan":26,"Charon\u0027s Ashes":22,"Pen Nib":26,"Toxic Egg 2":26,"Burning Blood":0}],"Burning Blood":50},"card_choices":[{"not_picked":["Twin Strike","Iron Wave"],"picked":"Carnage","floor":1.0},{"not_picked":["Pommel Strike","Havoc","Combust"],"picked":"SKIP","floor":2.0},{"not_picked":["Double Tap","Evolve"],"picked":"Rampage","floor":3.0},{"not_picked":["Perfected Strike","Twin Strike","Headbutt"],"picked":"SKIP","floor":4.0},{"not_picked":["Berserk","Headbutt"],"picked":"Warcry","floor":6.0},{"not_picked":["Iron Wave","Thunderclap"],"picked":"Spot Weakness","floor":8.0},{"not_picked":["Inflame","Reckless Charge"],"picked":"Pummel","floor":11.0},{"not_picked":["Sword Boomerang","Twin Strike","Heavy Blade"],"picked":"SKIP","floor":12.0},{"not_picked":["Anger","Twin Strike"],"picked":"Havoc+1","floor":13.0},{"not_picked":["Power Through+1","Carnage"],"picked":"Infernal Blade+1","floor":14.0}],"player_experience":753123,"relics_obtained":[{"floor":6.0,"key":"Charon\u0027s Ashes"},{"floor":8.0,"key":"Pen Nib"},{"floor":9.0,"key":"Toxic Egg 2"},{"floor":10.0,"key":"Ornamental Fan"},{"floor":11.0,"key":"Girya"}],"event_choices":[{"damage_healed":0.0,"max_hp_gain":0.0,"max_hp_loss":0.0,"gold_gain":52.0,"event_name":"Golden Wing","player_choice":"Gained Gold","floor":5.0,"gold_loss":0.0,"damage_taken":0.0}],"is_beta":false,"boss_relics":[],"items_purged_floors":[],"is_endless":false,"potions_floor_spawned":[3,6,11,12,13],"killed_by":"The Guardian","ascension_level":3}}