{"host":"qekv59dthhdg54sz","time":1610880094,"event":{"mods":["AchievementEnabler","BaseMod","Colored Map","DeckTracker","KOR Keyword Fix","Minty Spire (QoL Compilation)","Rare Cards Sparkle","StSLib","SuperFastMode"],"gold_per_floor":[116,41,41,41,58,58,58,77,77,106,126,126,140,157,157,229,229,247,65,84,134,314,314,332,349,349,380,380,101,101,114,114,188,188,199,199,199,209,222,222,257,257,257,257,289,164,176,26,26,26,26],"floor_reached":50,"language":"KOR","playtime":1998,"items_purged":["Strike_P","FlurryOfBlows","Strike_P","Strike_P"],"score":1090,"play_id":"93f3a0c8-e71a-441d-b231-543c1c42bbf5","local_time":"20210117194134","is_ascension_mode":true,"campfire_choices":[{"data":"Vault","floor":6.0,"key":"SMITH"},{"floor":12.0,"key":"REST"},{"data":"CrushJoints","floor":15.0,"key":"SMITH"},{"data":"DeusExMachina","floor":23.0,"key":"SMITH"},{"floor":28.0,"key":"REST"},{"data":"The Bomb","floor":30.0,"key":"SMITH"},{"data":"WindmillStrike","floor":32.0,"key":"SMITH"},{"data":"Worship","floor":40.0,"key":"SMITH"},{"floor":42.0,"key":"REST"},{"data":"SpiritShield","floor":44.0,"key":"SMITH"},{"floor":49.0,"key":"REST"}],"circlet_count":0,"master_deck":["AscendersBane","Defend_P","Defend_P","Defend_P+1","Defend_P","Eruption+1","Vigilance","Vault+1","CrushJoints+1","DeusExMachina+1","TalkToTheHand","Bandage Up","MentalFortress","Adaptation+1","The Bomb+1","WindmillStrike+1","SpiritShield+1","Worship+1","Mayhem","Wallop+1"],"relics":["PureWater","Dead Branch","Oddly Smooth Stone","Snecko Eye","Yang","Boot","SlaversCollar","Darkstone Periapt","Sundial","CaptainsWheel"],"acts_visited":["Exordium","TheCity","TheBeyond"],"potions_floor_usage":[],"damage_taken":[{"damage":5.0,"enemies":"Small Slimes","floor":1.0,"turns":6.0},{"damage":0.0,"enemies":"Jaw Worm","floor":5.0,"turns":3.0},{"damage":0.0,"enemies":"2 Louse","floor":8.0,"turns":3.0},{"damage":24.0,"enemies":"Lagavulin","floor":10.0,"turns":8.0},{"damage":14.0,"enemies":"Exordium Wildlife","floor":11.0,"turns":5.0},{"damage":0.0,"enemies":"2 Fungi Beasts","floor":13.0,"turns":3.0},{"damage":5.0,"enemies":"Looter","floor":14.0,"turns":4.0},{"damage":29.0,"enemies":"The Guardian","floor":16.0,"turns":13.0},{"damage":0.0,"enemies":"Chosen","floor":18.0,"turns":4.0},{"damage":0.0,"enemies":"Shell Parasite","floor":20.0,"turns":1.0},{"damage":0.0,"enemies":"Snecko","floor":24.0,"turns":6.0},{"damage":12.0,"enemies":"Shelled Parasite and Fungi","floor":25.0,"turns":3.0},{"damage":4.0,"enemies":"Gremlin Leader","floor":27.0,"turns":7.0},{"damage":0.0,"enemies":"3 Cultists","floor":31.0,"turns":4.0},{"damage":34.0,"enemies":"Collector","floor":33.0,"turns":7.0},{"damage":1.0,"enemies":"Orb Walker","floor":35.0,"turns":5.0},{"damage":2.0,"enemies":"3 Shapes","floor":38.0,"turns":5.0},{"damage":6.0,"enemies":"Spire Growth","floor":39.0,"turns":5.0},{"damage":25.0,"enemies":"Giant Head","floor":41.0,"turns":8.0},{"damage":33.0,"enemies":"Nemesis","floor":45.0,"turns":6.0},{"damage":9.0,"enemies":"Sphere and 2 Shapes","floor":47.0,"turns":5.0},{"damage":68,"enemies":"Time Eater","floor":50,"turns":9}],"seed_played":"-4890629695775610202","potions_obtained":[{"floor":5.0,"key":"LiquidBronze"},{"floor":10.0,"key":"Regen Potion"},{"floor":13.0,"key":"Weak Potion"},{"floor":18.0,"key":"DuplicationPotion"},{"floor":33.0,"key":"SteroidPotion"},{"floor":41.0,"key":"FairyPotion"}],"is_trial":false,"path_per_floor":["M","?","?","?","M","R","?","M","T","E","M","R","M","M","R","B",null,"M","$","M","?","?","R","M","M","T","E","R","$","R","M","R","B",null,"M","?","?","M","M","R","E","R","T","R","E","$","M","$","R","B"],"character_chosen":"WATCHER","items_purchased":["Bandage Up","The Bomb"],"campfire_rested":4,"item_purchase_floors":[19,29],"current_hp_per_floor":[38,38,18,40,40,40,40,40,40,16,16,36,36,31,31,2,52,52,52,52,52,33,33,37,29,29,29,49,49,49,53,53,23,57,60,60,50,52,50,50,25,45,45,45,16,16,11,11,31,0,0],"gold":26,"neow_bonus":"THREE_RARE_CARDS","is_daily":false,"chose_seed":true,"campfire_upgraded":7,"win_rate":0.0,"timestamp":1610880094,"path_taken":["M","?","?","?","M","R","?","M","T","E","M","R","?","M","R","BOSS","M","$","M","?","?","R","?","M","T","E","R","$","R","M","R","BOSS","M","?","?","M","M","R","E","R","T","R","E","?","?","$","R","BOSS"],"items_purchased_type":["Card","Card"],"build_version":"2020-12-22","purchased_purges":4,"victory":false,"max_hp_per_floor":[68,68,68,68,68,68,68,68,68,68,68,68,68,68,68,68,68,68,68,68,68,68,68,68,68,68,68,68,68,68,68,68,68,68,68,68,68,68,68,68,68,68,68,68,68,68,68,68,68,68,68],"card_choices":[{"not_picked":["Blasphemy","Omniscience"],"picked":"Vault","floor":0.0},{"not_picked":["BowlingBash","Crescendo"],"picked":"CrushJoints","floor":1.0},{"not_picked":["Protect","Sanctity","BowlingBash"],"picked":"SKIP","floor":5.0},{"not_picked":["JustLucky","ClearTheMind","Crescendo"],"picked":"SKIP","floor":8.0},{"not_picked":["JustLucky","ClearTheMind","Crescendo"],"picked":"SKIP","floor":8.0},{"not_picked":["ThirdEye","BowlingBash"],"picked":"FlurryOfBlows","floor":10.0},{"not_picked":["ReachHeaven","SashWhip","FlyingSleeves"],"picked":"SKIP","floor":11.0},{"not_picked":["DeceiveReality","WheelKick","Prostrate"],"picked":"SKIP","floor":13.0},{"not_picked":["FlyingSleeves","Evaluate","EmptyBody"],"picked":"SKIP","floor":14.0},{"not_picked":["LessonLearned","SpiritShield"],"picked":"DeusExMachina","floor":16.0},{"not_picked":["FlurryOfBlows","ForeignInfluence"],"picked":"TalkToTheHand","floor":18.0},{"not_picked":["ForeignInfluence","Nirvana"],"picked":"MentalFortress","floor":20.0},{"not_picked":["FearNoEvil+1","Halt"],"picked":"Adaptation+1","floor":24.0},{"not_picked":["DeceiveReality","Consecrate","FlyingSleeves"],"picked":"SKIP","floor":25.0},{"not_picked":["Perseverance","Halt","LikeWater"],"picked":"SKIP","floor":27.0},{"not_picked":["SashWhip","EmptyBody"],"picked":"WindmillStrike","floor":31.0},{"not_picked":["Omniscience","Establishment"],"picked":"SpiritShield","floor":33.0},{"not_picked":["ClearTheMind","Protect"],"picked":"Worship","floor":35.0},{"not_picked":["Transmutation","Thinking Ahead"],"picked":"Mayhem","floor":37.0},{"not_picked":["PathToVictory","Vengeance","FearNoEvil"],"picked":"SKIP","floor":38.0},{"not_picked":["FlurryOfBlows","Evaluate","SashWhip"],"picked":"SKIP","floor":39.0},{"not_picked":["FollowUp","Protect"],"picked":"Wallop+1","floor":41.0},{"not_picked":["Judgement","CarveReality","Adaptation"],"picked":"SKIP","floor":45.0},{"not_picked":["Consecrate","LikeWater","Prostrate"],"picked":"SKIP","floor":47.0}],"player_experience":770496,"relics_obtained":[{"floor":9.0,"key":"Dead Branch"},{"floor":10.0,"key":"Oddly Smooth Stone"},{"floor":26.0,"key":"Yang"},{"floor":27.0,"key":"Boot"},{"floor":41.0,"key":"Darkstone Periapt"},{"floor":43.0,"key":"Sundial"},{"floor":45.0,"key":"CaptainsWheel"}],"event_choices":[{"cards_removed":["Strike_P"],"damage_healed":0.0,"max_hp_gain":0.0,"max_hp_loss":0.0,"gold_gain":0.0,"event_name":"The Cleric","player_choice":"Card Removal","floor":2.0,"gold_loss":75.0,"damage_taken":0.0},{"damage_healed":0.0,"max_hp_gain":0.0,"max_hp_loss":0.0,"gold_gain":0.0,"event_name":"Shining Light","player_choice":"Entered Light","floor":3.0,"gold_loss":0.0,"damage_taken":20.0,"cards_upgraded":["Defend_P","Eruption"]},{"damage_healed":22.0,"max_hp_gain":0.0,"max_hp_loss":0.0,"gold_gain":0.0,"event_name":"Big Fish","player_choice":"Banana","floor":4.0,"gold_loss":0.0,"damage_taken":0.0},{"damage_healed":0.0,"max_hp_gain":0.0,"max_hp_loss":0.0,"gold_gain":0.0,"event_name":"Liars Game","player_choice":"Ignored","floor":7.0,"gold_loss":0.0,"damage_taken":0.0},{"damage_healed":0.0,"max_hp_gain":0.0,"max_hp_loss":0.0,"gold_gain":50.0,"event_name":"Nest","player_choice":"Stole From Cult","floor":21.0,"gold_loss":0.0,"damage_taken":0.0},{"damage_healed":0.0,"max_hp_gain":0.0,"max_hp_loss":0.0,"gold_gain":180.0,"event_name":"Knowing Skull","player_choice":"GOLD GOLD ","floor":22.0,"potions_obtained":[],"gold_loss":0.0,"damage_taken":19.0,"cards_obtained":[]},{"damage_healed":0.0,"max_hp_gain":0.0,"max_hp_loss":0.0,"gold_gain":0.0,"event_name":"Tomb of Lord Red Mask","player_choice":"Ignored","floor":36.0,"gold_loss":0.0,"damage_taken":0.0},{"damage_healed":0.0,"max_hp_gain":0.0,"max_hp_loss":0.0,"gold_gain":0.0,"event_name":"SensoryStone","player_choice":"Memory 3","floor":37.0,"gold_loss":0.0,"damage_taken":10.0}],"is_beta":false,"boss_relics":[{"not_picked":["Fusion Hammer","Coffee Dripper"],"picked":"Snecko Eye"},{"not_picked":["SacredBark","Sozu"],"picked":"SlaversCollar"}],"items_purged_floors":[19,29,46,48],"is_endless":false,"potions_floor_spawned":[5,10,13,16,18,24,33,35,41],"killed_by":"Time Eater","ascension_level":20}}