{"host":"2se5dq1do2gp0x9k","time":1610863033,"event":{"mods":["AchievementEnabler","BaseMod","Block Reminder","Colored Map","Colored Powertips","Minty Spire (QoL Compilation)","Relic Stats","StSLib","SuperFastMode"],"gold_per_floor":[115,115,129,146,146,146,171,171,171,184,219,219,248,260,260,337,337,351,351,351,227,152,152,152,152],"floor_reached":24,"language":"ENG","playtime":760,"items_purged":["Strike_G"],"score":524,"play_id":"56ffb699-3bad-40db-9705-d5a585a95012","local_time":"20210116215713","is_ascension_mode":true,"campfire_choices":[{"data":"Dash","floor":6.0,"key":"SMITH"},{"data":"Dagger Spray","floor":8.0,"key":"SMITH"},{"floor":12.0,"key":"REST"},{"floor":15.0,"key":"REST"},{"data":"Footwork","floor":23,"key":"SMITH"}],"circlet_count":0,"master_deck":["AscendersBane","Strike_G","Strike_G","Strike_G","Strike_G","Defend_G","Defend_G","Defend_G+1","Defend_G+1","Defend_G","Survivor+1","Neutralize","Dash+1","PiercingWail","Dash+1","Dagger Spray+1","Blur+1","Backstab","Endless Agony","Night Terror","Footwork+1","Cloak And Dagger","Flash of Steel"],"relics":["Philosopher\u0027s Stone","Kunai","Shuriken","War Paint","SacredBark","Thread and Needle"],"acts_visited":["Exordium","TheCity"],"potions_floor_usage":[16],"damage_taken":[{"damage":0.0,"enemies":"Small Slimes","floor":1.0,"turns":4.0},{"damage":0.0,"enemies":"2 Louse","floor":3.0,"turns":4.0},{"damage":0.0,"enemies":"Cultist","floor":4.0,"turns":4.0},{"damage":12.0,"enemies":"3 Sentries","floor":7.0,"turns":10.0},{"damage":0.0,"enemies":"Blue Slaver","floor":10.0,"turns":3.0},{"damage":20.0,"enemies":"Gremlin Nob","floor":11.0,"turns":5.0},{"damage":9.0,"enemies":"Lagavulin","floor":13.0,"turns":8.0},{"damage":0.0,"enemies":"Exordium Wildlife","floor":14.0,"turns":3.0},{"damage":0,"enemies":"The Guardian","floor":16,"turns":9},{"damage":6,"enemies":"Shell Parasite","floor":18,"turns":6},{"damage":60,"enemies":"Gremlin Leader","floor":24,"turns":9}],"seed_played":"-812909742290833808","potions_obtained":[{"floor":1.0,"key":"Block Potion"},{"floor":7.0,"key":"EssenceOfSteel"},{"floor":10.0,"key":"PowerPotion"},{"floor":16,"key":"FearPotion"}],"is_trial":false,"path_per_floor":["M","?","M","M","?","R","E","R","T","M","E","R","E","M","R","B",null,"M","T","?","$","$","R","E"],"character_chosen":"THE_SILENT","items_purchased":["Cloak And Dagger","Flash of Steel"],"campfire_rested":2,"item_purchase_floors":[21,21],"current_hp_per_floor":[59,39,39,39,39,39,27,27,27,27,7,26,17,17,36,36,59,53,53,53,53,53,53,0,0],"gold":152,"neow_bonus":"BOSS_RELIC","is_daily":false,"chose_seed":false,"campfire_upgraded":3,"win_rate":0.0,"timestamp":1610863033,"path_taken":["M","?","M","M","?","R","E","R","T","M","E","R","E","M","R","BOSS","M","?","?","?","$","R","E"],"items_purchased_type":["Card","Card"],"build_version":"2020-12-22","purchased_purges":1,"victory":false,"max_hp_per_floor":[66,66,66,66,66,66,66,66,66,66,66,66,66,66,66,66,66,66,66,66,66,66,66,66,66],"relic_stats":{"counters":[11,65],"Shuriken":[17],"Kunai":[17],"War Paint":["Blur","Defend_G"],"obtain_stats":[{"Shuriken":9,"SacredBark":17,"Philosopher\u0027s Stone":0,"Thread and Needle":19,"Kunai":7,"War Paint":11,"Ring of the Snake":0},{"Shuriken":4,"SacredBark":9,"Philosopher\u0027s Stone":0,"Thread and Needle":10,"Kunai":4,"War Paint":6,"Ring of the Snake":0},{"Shuriken":22,"SacredBark":50,"Philosopher\u0027s Stone":0,"Thread and Needle":56,"Kunai":22,"War Paint":30,"Ring of the Snake":0}]},"card_choices":[{"not_picked":["Flechettes","Cloak And Dagger"],"picked":"Dash","floor":1.0},{"not_picked":["Flechettes","Endless Agony"],"picked":"PiercingWail","floor":3.0},{"not_picked":["Sucker Punch","Dagger Throw"],"picked":"Dash","floor":4.0},{"not_picked":["Flying Knee","Backflip"],"picked":"Dagger Spray","floor":7.0},{"not_picked":["Accuracy","Cloak And Dagger"],"picked":"Blur","floor":10.0},{"not_picked":["After Image","Underhanded Strike"],"picked":"Backstab","floor":11.0},{"not_picked":["Reflex","Flying Knee","Tactician"],"picked":"SKIP","floor":13.0},{"not_picked":["Deflect","Dagger Throw"],"picked":"Endless Agony","floor":14.0},{"not_picked":["Venomology","Burst"],"picked":"Night Terror","floor":16},{"not_picked":["Flying Knee","Masterful Stab","Reflex"],"picked":"SKIP","floor":18}],"player_experience":3883314,"relics_obtained":[{"floor":7.0,"key":"Kunai"},{"floor":9.0,"key":"Shuriken"},{"floor":11.0,"key":"War Paint"},{"floor":19,"key":"Thread and Needle"}],"event_choices":[{"damage_healed":0.0,"max_hp_gain":0.0,"max_hp_loss":0.0,"gold_gain":0.0,"event_name":"Shining Light","player_choice":"Entered Light","floor":2.0,"gold_loss":0.0,"damage_taken":20.0,"cards_upgraded":["Defend_G","Survivor"]},{"damage_healed":0.0,"max_hp_gain":0.0,"max_hp_loss":0.0,"gold_gain":0.0,"event_name":"Upgrade Shrine","player_choice":"Upgraded","floor":5.0,"gold_loss":0.0,"damage_taken":0.0,"cards_upgraded":["Dash"]},{"damage_healed":0,"gold_gain":0,"player_choice":"Read","damage_taken":0,"max_hp_gain":0,"max_hp_loss":0,"event_name":"The Library","floor":20,"gold_loss":0,"cards_obtained":["Footwork"]}],"is_beta":false,"boss_relics":[{"not_picked":["Fusion Hammer","Busted Crown"],"picked":"SacredBark"}],"items_purged_floors":[22],"is_endless":false,"potions_floor_spawned":[1,7,10,16],"killed_by":"Gremlin Leader","ascension_level":20}}