{"host":"2gke39v5r4v8gacc","time":1610883396,"event":{"mods":["BaseMod","KinomotoSakuraMod(ƒæ÷Æ±æ”£)","Koishi","Marisa£®ÏF”Í°°ƒß¿Ì…≥£©","Minty Spire (QoL Compilation)","Prisma Mod","StSLib","The Bug Knight","WarShipGirlsR/’ΩΩ¢…Ÿ≈ÆR mod","Youmu£®ªÍ∆«—˝√Œ£©","Yuri Mod"],"gold_per_floor":[138,195,249,282,342,423,528,627,654,696,738,789,828,828,828,1137,1137,1182,1218,1218,1263,795,876,1076,1127,1127,1217,1247,1280,275,317,317,632,632,689,725,422,461,509,614,1064,1121,1121,366,417,417,519,627,627,627],"floor_reached":51,"language":"ZHS","playtime":2176,"items_purged":["Secret Technique+1"],"score":1334,"play_id":"38cbdd0a-8070-4f08-a7c1-1b85f93d0b27","local_time":"20210117193636","daily_mods":["SealedDeck","Vintage","Colorless Cards","Heirloom","Time Dilation","Flight","Midas"],"is_ascension_mode":false,"campfire_choices":[{"floor":15,"key":"REST"}],"circlet_count":0,"master_deck":["Swift Strike","rmod:unsinkable+1","rmod:tearstotiara","rmod:selfconfidence","rmod:diamondstrike","rmod:fletcherpendant","rmod:diamondstrike","rmod:tearstotiara","rmod:intelligenceanalysis","rmod:chargemoney","Swift Strike","rmod:ring+1","rmod:fuelsupply+1","Finesse+1","rmod:sl+1","rmod:ridicule+1","rmod:chargemoney+1","rmod:aluminumsupply+1","Panache+1","rmod:acesubmarine+1","rmod:aviationdawn+1","rmod:desperatesituation+1","rmod:mineteam+1","rmod:aluminumsupply+1","rmod:robin+1","rmod:fuelsupply+1","Finesse+1","rmod:tearstotiara","rmod:steelsupply+1"],"relics":["rmod:firstchargereward","TungstenRod","Akabeko","Dream Catcher","Ginger","Bag of Marbles","War Paint","Toxic Egg 2","Pocketwatch","yuri:PortableGlitches","Toy Ornithopter","Ornamental Fan","Bronze Scales","Ice Cream","Pantograph","Blue Candle","Coffee Dripper","Regal Pillow","Blood Vial","Bottled Tornado","Shuriken","Oddly Smooth Stone","HollowMod:StagPassRelic","Kunai","StrikeDummy","Du-Vu Doll","Mummified Hand","rmod:equipmentrecovery","Frozen Egg 2","HollowMod:LifeEnderRelic","Tiny Chest","Fusion Hammer","CeramicFish","FossilizedHelix","Ancient Tea Set","HollowMod:PaleOreRelic","Orichalcum","Pear","Old Coin","InkBottle","Bottled Lightning","Medical Kit","Omamori","Question Card","MealTicket","HornCleat"],"acts_visited":["Exordium","TheCity","TheBeyond"],"potions_floor_usage":[19,23,23,41,50,50,50],"damage_taken":[{"damage":0,"enemies":"Cultist","floor":1,"turns":1},{"damage":0,"enemies":"2 Louse","floor":2,"turns":1},{"damage":0,"enemies":"Small Slimes","floor":3,"turns":1},{"damage":0,"enemies":"Large Slime","floor":4,"turns":2},{"damage":0,"enemies":"3 Louse","floor":5,"turns":1},{"damage":0,"enemies":"HollowMod:MossKnight","floor":6,"turns":1},{"damage":0,"enemies":"Gremlin Nob","floor":7,"turns":1},{"damage":0,"enemies":"3 Sentries","floor":8,"turns":2},{"damage":0,"enemies":"Exordium Thugs","floor":10,"turns":2},{"damage":0,"enemies":"2 Fungi Beasts","floor":11,"turns":1},{"damage":0,"enemies":"Gremlin Gang","floor":12,"turns":1},{"damage":0,"enemies":"3 Louse","floor":13,"turns":1},{"damage":0,"enemies":"Slime Boss","floor":16,"turns":2},{"damage":0,"enemies":"Spheric Guardian","floor":18,"turns":2},{"damage":0,"enemies":"Chosen","floor":19,"turns":1},{"damage":10,"enemies":"Sentry and Sphere","floor":21,"turns":3},{"damage":11,"enemies":"HollowMod:Nosk","floor":23,"turns":3},{"damage":0,"enemies":"Snake Plant","floor":25,"turns":1},{"damage":0,"enemies":"Slavers","floor":27,"turns":1},{"damage":0,"enemies":"Centurion and Healer","floor":28,"turns":1},{"damage":0,"enemies":"Snecko","floor":29,"turns":1},{"damage":0,"enemies":"Snake Plant","floor":31,"turns":1},{"damage":0,"enemies":"Collector","floor":33,"turns":1},{"damage":0,"enemies":"3 Darklings","floor":35,"turns":1},{"damage":0,"enemies":"3 Shapes","floor":36,"turns":1},{"damage":0,"enemies":"Writhing Mass","floor":38,"turns":1},{"damage":0,"enemies":"Maw","floor":39,"turns":1},{"damage":0,"enemies":"Giant Head","floor":40,"turns":2},{"damage":0,"enemies":"Mind Bloom Boss Battle","floor":41,"turns":2},{"damage":0,"enemies":"Jaw Worm Horde","floor":42,"turns":1},{"damage":0,"enemies":"4 Shapes","floor":45,"turns":1},{"damage":0,"enemies":"Nemesis","floor":47,"turns":1},{"damage":0,"enemies":"HollowMod:StalkingDevout","floor":48,"turns":1},{"damage":0,"enemies":"Donu and Deca","floor":50,"turns":3}],"seed_played":"5047767905344555748","potions_obtained":[{"floor":3,"key":"SkillPotion"},{"floor":4,"key":"ColorlessPotion"},{"floor":5,"key":"Strength Potion"},{"floor":21,"key":"PowerPotion"},{"floor":28,"key":"EssenceOfSteel"},{"floor":31,"key":"FearPotion"},{"floor":33,"key":"BlessingOfTheForge"},{"floor":45,"key":"AttackPotion"},{"floor":48,"key":"SkillPotion"}],"is_trial":true,"path_per_floor":["M","M","M","M","M","E","E","E","T","M","M","M","M","?","R","B",null,"M","M","?","M","$","E","?","M","T","E","M","M","$","M","R","B",null,"M","M","$","M","M","E","?","M","T","$","M","?","E","E","R","B",null],"character_chosen":"PRAEFECT","items_purchased":["Shuriken","Oddly Smooth Stone","Finesse+1","Frozen Egg 2","rmod:chargemoney+1","HollowMod:LifeEnderRelic","rmod:aluminumsupply+1","Panache+1","rmod:acesubmarine","rmod:aviationdawn+1","Ancient Tea Set","rmod:mineteam+1","rmod:aluminumsupply+1","rmod:robin+1","Medical Kit","Omamori","Question Card","Finesse+1","AttackPotion"],"campfire_rested":1,"item_purchase_floors":[22,22,22,30,30,30,30,30,30,30,37,37,37,37,44,44,44,44,44],"current_hp_per_floor":[75,75,75,75,75,75,75,75,75,75,75,75,75,73,75,75,75,75,75,75,65,65,66,66,68,68,70,72,74,74,75,75,75,75,75,75,75,75,75,85,85,85,85,85,85,85,85,85,85,85],"gold":627,"neow_bonus":"","is_daily":false,"chose_seed":false,"campfire_upgraded":0,"win_rate":0.0,"timestamp":1610883396,"path_taken":["M","M","M","M","M","E","E","E","T","M","M","M","M","?","R","BOSS","M","M","?","M","$","E","?","?","T","E","M","?","$","M","R","BOSS","M","M","$","M","M","E","?","M","T","$","M","?","E","E","R","BOSS"],"items_purchased_type":["Relic","Relic","Card","Relic","Card","Relic","Card","Card","Card","Card","Relic","Card","Card","Card","Relic","Relic","Relic","Card","Potion"],"build_version":"2020-12-22","purchased_purges":1,"victory":true,"max_hp_per_floor":[75,75,75,75,75,75,75,75,75,75,75,75,75,75,75,75,75,75,75,75,75,75,75,75,75,75,75,75,75,75,75,75,75,75,75,75,75,75,75,85,85,85,85,85,85,85,85,85,85,85],"card_choices":[{"not_picked":["rmod:heivgo+1","rmod:expedition"],"picked":"Swift Strike","floor":6},{"not_picked":["Chrysalis+1","Purity+1"],"picked":"rmod:ring+1","floor":7},{"not_picked":["Dark Shackles+1","Purity+1"],"picked":"rmod:fuelsupply+1","floor":8},{"not_picked":["Bandage Up+1","rmod:luckystar"],"picked":"rmod:victimresponsibility+1","floor":15},{"not_picked":["rmod:u235+1","Mayhem"],"picked":"Secret Technique+1","floor":16},{"not_picked":["rmod:fuelsupply+1","rmod:luckystar"],"picked":"rmod:sl+1","floor":23},{"not_picked":["rmod:ammunitionsupply+1","rmod:fuelsupply+1"],"picked":"rmod:ridicule+1","floor":27},{"not_picked":["rmod:fletcher","Secret Technique+1"],"picked":"rmod:desperatesituation+1","floor":33},{"not_picked":["rmod:steelsupply+1","rmod:luckystar+1"],"picked":"rmod:fuelsupply+1","floor":40},{"not_picked":["Trip+1","rmod:generalist","rmod:victimresponsibility+1"],"picked":"rmod:tearstotiara","floor":47},{"not_picked":["rmod:unsinkable+1","rmod:goodfighter","rmod:intelligenceanalysis"],"picked":"rmod:steelsupply+1","floor":48}],"player_experience":544041,"relics_obtained":[{"floor":1,"key":"Akabeko"},{"floor":2,"key":"Dream Catcher"},{"floor":3,"key":"Ginger"},{"floor":4,"key":"Bag of Marbles"},{"floor":5,"key":"War Paint"},{"floor":6,"key":"Toxic Egg 2"},{"floor":7,"key":"Pocketwatch"},{"floor":8,"key":"yuri:PortableGlitches"},{"floor":9,"key":"Toy Ornithopter"},{"floor":10,"key":"Ornamental Fan"},{"floor":11,"key":"Bronze Scales"},{"floor":12,"key":"Ice Cream"},{"floor":13,"key":"Pantograph"},{"floor":18,"key":"Regal Pillow"},{"floor":19,"key":"Blood Vial"},{"floor":21,"key":"Bottled Tornado"},{"floor":23,"key":"HollowMod:StagPassRelic"},{"floor":25,"key":"Kunai"},{"floor":26,"key":"StrikeDummy"},{"floor":27,"key":"Du-Vu Doll"},{"floor":28,"key":"Mummified Hand"},{"floor":29,"key":"rmod:equipmentrecovery"},{"floor":31,"key":"Tiny Chest"},{"floor":35,"key":"CeramicFish"},{"floor":36,"key":"FossilizedHelix"},{"floor":38,"key":"HollowMod:PaleOreRelic"},{"floor":39,"key":"Orichalcum"},{"floor":40,"key":"Pear"},{"floor":41,"key":"Old Coin"},{"floor":42,"key":"InkBottle"},{"floor":43,"key":"Bottled Lightning"},{"floor":47,"key":"MealTicket"},{"floor":48,"key":"HornCleat"}],"event_choices":[{"damage_healed":0,"gold_gain":0,"player_choice":"Success","damage_taken":3,"relics_obtained":["Blue Candle"],"max_hp_gain":0,"max_hp_loss":0,"event_name":"Scrap Ooze","floor":14,"gold_loss":0},{"damage_healed":0,"gold_gain":250,"player_choice":"Bet on Owner","damage_taken":0,"max_hp_gain":0,"max_hp_loss":0,"event_name":"The Joust","floor":24,"gold_loss":50},{"damage_healed":0,"gold_gain":0,"player_choice":"Fight","damage_taken":0,"max_hp_gain":0,"max_hp_loss":0,"event_name":"MindBloom","floor":41,"gold_loss":0},{"cards_removed":["rmod:victimresponsibility"],"damage_healed":0,"gold_gain":0,"player_choice":"Removed Skill","damage_taken":0,"max_hp_gain":0,"max_hp_loss":0,"event_name":"Falling","floor":46,"gold_loss":0}],"is_beta":false,"boss_relics":[{"not_picked":["Busted Crown","Tiny House"],"picked":"Coffee Dripper"},{"not_picked":["Philosopher\u0027s Stone","Snecko Eye"],"picked":"Fusion Hammer"}],"items_purged_floors":[44],"is_endless":false,"potions_floor_spawned":[3,4,5,10,12,16,18,21,28,31,33,36,38,39,45,48],"ascension_level":0}}