{"host":"cw25u8qal1h0d7ia","time":1610851978,"event":{"mods":["BaseMod","Downfall","Minty Spire (QoL Compilation)","StSLib"],"gold_per_floor":[99,99,199,213,43,59,59,84,100,118,118,118,28,56,75,170,170,170,190,203,203,223,249,249,249,259,259,259],"floor_reached":27,"language":"ENG","playtime":2896,"items_purged":["downfall:Malfunctioning"],"score":255,"play_id":"5b960a23-c642-4161-bd43-8a4359ab0ead","local_time":"20210117035258","is_ascension_mode":true,"campfire_choices":[{"data":"bronze:Goto","floor":1,"key":"SMITH"},{"floor":12,"key":"REST"},{"data":"bronze:Virus","floor":18,"key":"SMITH"}],"circlet_count":0,"master_deck":["bronze:Strike+1","bronze:Strike","bronze:Strike","bronze:Strike","bronze:Defend","bronze:Defend+1","bronze:Defend","bronze:Defend","bronze:Replicate","bronze:Goto+1","bronze:Backtrace","bronze:Refactor+1","bronze:Optimize+1","bronze:CleanCode+1","bronze:Invalidate","bronze:Virus+1","bronze:InfiniteBeams+1"],"relics":["bronze:BronzeCore","Bronze Scales","downfall:ShatteredFragment","Orichalcum","Darkstone Periapt","War Paint","HornCleat","Black Star","Mummified Hand","Prayer Wheel","Boot"],"acts_visited":["Exordium","TheCity"],"potions_floor_usage":[14,16,16,16,20],"damage_taken":[{"damage":2,"enemies":"Jaw Worm","floor":4,"turns":4},{"damage":0,"enemies":"downfall:FleeingMerchant","floor":5,"turns":4},{"damage":0,"enemies":"Small Slimes","floor":6,"turns":3},{"damage":12,"enemies":"Lagavulin","floor":8,"turns":5},{"damage":6,"enemies":"2 Louse","floor":9,"turns":2},{"damage":6,"enemies":"Blue Slaver","floor":10,"turns":3},{"damage":2,"enemies":"downfall:FleeingMerchant","floor":13,"turns":4},{"damage":3,"enemies":"3 Sentries","floor":14,"turns":5},{"damage":5,"enemies":"3 Louse","floor":15,"turns":3},{"damage":30,"enemies":"DF_ARCHETYPE_STREAMLINE","floor":16,"turns":9},{"damage":4,"enemies":"Chosen","floor":19,"turns":2},{"damage":4,"enemies":"3 Cultists","floor":20,"turns":3},{"damage":2,"enemies":"Cultist and Chosen","floor":22,"turns":3},{"damage":44,"enemies":"Gremlin Leader","floor":23,"turns":5},{"damage":20,"enemies":"Centurion and Healer","floor":26,"turns":4},{"damage":4,"enemies":"Chosen and Byrds","floor":27,"turns":1}],"seed_played":"-5146046855155377498","potions_obtained":[{"floor":4,"key":"hexamod:SoulburnPotion"},{"floor":8,"key":"Guardian:BlockOnCardUsePotion"},{"floor":9,"key":"Weak Potion"},{"floor":14,"key":"SpeedPotion"},{"floor":15,"key":"Block Potion"},{"floor":19,"key":"Swift Potion"},{"floor":22,"key":"Dexterity Potion"},{"floor":25,"key":"CultistPotion"}],"is_trial":false,"path_per_floor":["R","?","?","M","$","M","T","E","M","M","?","R","$","E","M","B",null,"R","M","M","?","M","E","T","?","M","M"],"character_chosen":"THE_AUTOMATON","items_purchased":["Orichalcum"],"campfire_rested":1,"item_purchase_floors":[5],"current_hp_per_floor":[70,49,49,47,47,47,47,35,29,23,29,51,49,46,41,11,76,76,72,68,68,66,22,22,22,2,0,0],"gold":259,"neow_bonus":"RANDOM_COMMON_RELIC","is_daily":false,"chose_seed":false,"campfire_upgraded":2,"win_rate":0.0,"timestamp":1610851978,"path_taken":["R","?","?","M","?","?","T","E","M","M","?","R","$","E","M","BOSS","R","M","M","?","M","E","T","?","M","M"],"items_purchased_type":["Relic"],"build_version":"2020-12-22","purchased_purges":1,"victory":false,"max_hp_per_floor":[70,70,70,70,70,70,70,70,70,70,76,76,76,76,76,76,76,76,76,76,76,76,76,76,76,76,76,76],"card_choices":[{"not_picked":["bronze:Allocate","bronze:NullPointer"],"picked":"bronze:Backtrace","floor":4},{"not_picked":["bronze:Philosophize","bronze:BronzeArmor"],"picked":"bronze:Refactor","floor":5},{"not_picked":["bronze:Shield","bronze:BronzeArmor"],"picked":"bronze:Optimize","floor":6},{"not_picked":["bronze:Optimize","bronze:Iterate"],"picked":"bronze:CleanCode","floor":8},{"not_picked":["bronze:Overload","bronze:Frontload","bronze:Turbo"],"picked":"SKIP","floor":9},{"not_picked":["bronze:BugBarrage","bronze:ItsAFeature"],"picked":"bronze:Invalidate","floor":10},{"not_picked":["bronze:GetLatest","bronze:CutThrough","bronze:Shield"],"picked":"SKIP","floor":13},{"not_picked":["bronze:Flail","bronze:BitShift","bronze:ClassDefault"],"picked":"SKIP","floor":14},{"not_picked":["bronze:ClassDefault","bronze:CutThrough","bronze:DarkDash"],"picked":"SKIP","floor":15},{"not_picked":["bronze:AlphaBuild","bronze:BurnOut"],"picked":"bronze:Virus","floor":16},{"not_picked":["bronze:Separator","bronze:Refactor+1","bronze:NullPointer"],"picked":"SKIP","floor":19},{"not_picked":["bronze:WhirlingStrike","bronze:FineTuning","bronze:Return"],"picked":"SKIP","floor":20},{"not_picked":["bronze:Overheat","bronze:Deprecate"],"picked":"bronze:InfiniteBeams+1","floor":22},{"not_picked":["bronze:Overload","bronze:BitShift+1","bronze:RecursiveStrike"],"picked":"SKIP","floor":23},{"not_picked":["bronze:WhirlingStrike","bronze:Branch","bronze:Repair"],"picked":"SKIP","floor":26},{"not_picked":["bronze:BuggyMess","bronze:Shield","bronze:Virus"],"picked":"SKIP","floor":26}],"player_experience":546675,"relics_obtained":[{"floor":7,"key":"Darkstone Periapt"},{"floor":8,"key":"War Paint"},{"floor":14,"key":"HornCleat"},{"floor":23,"key":"Mummified Hand"},{"floor":23,"key":"Prayer Wheel"},{"floor":24,"key":"Boot"}],"event_choices":[],"is_beta":false,"boss_relics":[{"not_picked":["Fusion Hammer","Runic Dome"],"picked":"Black Star"}],"items_purged_floors":[13],"is_endless":false,"potions_floor_spawned":[4,8,9,10,14,15,19,22],"killed_by":"Chosen and Byrds","ascension_level":1}}