{"host":"11728qvdvolffudn","time":1610895337,"event":{"mods":["BaseMod","Block Reminder","Colored Powertips","Curses Come First","Custom Start","Displayed Cursed Tome","Highlight Path","Minty Spire (QoL Compilation)","Permanent Neow","Quick Restart","Rare Cards Sparkle","Relic Stats","StSLib"],"gold_per_floor":[111,111,130,148,159,159,174,192,260,260,278,292,292,310,310,407,407,422,439,454,369,369,369,369,369,392,392,392],"floor_reached":27,"language":"ENG","playtime":2657,"items_purged":[],"score":209,"play_id":"5215368f-b206-4736-a4ef-3f5d20083507","local_time":"20210117145537","is_ascension_mode":false,"campfire_choices":[{"data":"Bash","floor":6,"key":"SMITH"},{"data":"Demon Form","floor":10,"key":"SMITH"},{"data":"Inflame","floor":13,"key":"SMITH"},{"data":"Limit Break","floor":15,"key":"SMITH"},{"floor":23,"key":"REST"},{"data":"Whirlwind","floor":25,"key":"SMITH"}],"circlet_count":0,"master_deck":["Strike_R","Strike_R","Strike_R","Strike_R","Strike_R","Defend_R","Defend_R","Defend_R","Defend_R","Bash+1","Immolate+1","Cleave","Demon Form+1","Shrug It Off","Inflame+1","Limit Break+1","Limit Break","Iron Wave+1","Flex","Whirlwind+1"],"relics":["Burning Blood","Letter Opener","Runic Pyramid","Meat on the Bone","Anchor"],"acts_visited":["Exordium","TheCity"],"potions_floor_usage":[19],"damage_taken":[{"damage":0,"enemies":"Cultist","floor":1,"turns":2},{"damage":0,"enemies":"Small Slimes","floor":3,"turns":2},{"damage":1,"enemies":"Jaw Worm","floor":4,"turns":2},{"damage":1,"enemies":"Exordium Thugs","floor":5,"turns":3},{"damage":8,"enemies":"Lots of Slimes","floor":7,"turns":2},{"damage":0,"enemies":"Gremlin Gang","floor":8,"turns":1},{"damage":13,"enemies":"Red Slaver","floor":11,"turns":2},{"damage":0,"enemies":"3 Louse","floor":12,"turns":2},{"damage":0,"enemies":"2 Fungi Beasts","floor":14,"turns":1},{"damage":20,"enemies":"Slime Boss","floor":16,"turns":5},{"damage":46,"enemies":"2 Thieves","floor":18,"turns":4},{"damage":30,"enemies":"Spheric Guardian","floor":19,"turns":5},{"damage":32,"enemies":"Snake Plant","floor":20,"turns":5},{"damage":43,"enemies":"Sentry and Sphere","floor":27,"turns":5}],"seed_played":"-7343870668850442201","potions_obtained":[{"floor":1,"key":"Strength Potion"},{"floor":7,"key":"SteroidPotion"},{"floor":11,"key":"FairyPotion"}],"is_trial":false,"path_per_floor":["M","?","M","M","M","R","M","M","T","R","M","M","R","M","R","B",null,"M","M","M","?","?","R","?","R","T","M"],"character_chosen":"IRONCLAD","items_purchased":[],"campfire_rested":1,"item_purchase_floors":[],"current_hp_per_floor":[80,80,80,80,80,80,78,80,80,80,73,79,79,80,80,66,80,40,16,17,17,17,41,41,41,41,0,0],"gold":392,"neow_bonus":"ONE_RANDOM_RARE_CARD","is_daily":false,"chose_seed":false,"campfire_upgraded":5,"win_rate":0.0,"timestamp":1610895337,"path_taken":["M","?","M","M","M","R","M","M","T","R","?","M","R","?","R","BOSS","M","M","M","?","?","R","?","R","T","M"],"items_purchased_type":[],"build_version":"2020-12-22","purchased_purges":0,"victory":false,"max_hp_per_floor":[80,80,80,80,80,80,80,80,80,80,80,80,80,80,80,80,80,80,80,80,80,80,80,80,80,80,80,80],"relic_stats":{"counters":[14,41],"Letter Opener":[10],"obtain_stats":[{"Anchor":26,"Letter Opener":9,"Burning Blood":0,"Runic Pyramid":17,"Meat on the Bone":21},{"Anchor":13,"Letter Opener":6,"Burning Blood":0,"Runic Pyramid":10,"Meat on the Bone":13},{"Anchor":36,"Letter Opener":12,"Burning Blood":0,"Runic Pyramid":22,"Meat on the Bone":36}],"Burning Blood":47,"Meat on the Bone":0},"card_choices":[{"not_picked":["Heavy Blade","True Grit","Metallicize"],"picked":"SKIP","floor":1},{"not_picked":["Perfected Strike","Wild Strike"],"picked":"Cleave","floor":3},{"not_picked":["Clash","Reckless Charge","Dark Embrace"],"picked":"SKIP","floor":4},{"not_picked":["Clothesline","True Grit","Perfected Strike"],"picked":"SKIP","floor":5},{"not_picked":["Rupture","Armaments"],"picked":"Demon Form","floor":7},{"not_picked":["Body Slam","Rage"],"picked":"Shrug It Off","floor":8},{"not_picked":["Flex","Clothesline"],"picked":"Inflame","floor":11},{"not_picked":["Clash","Dark Embrace","Wild Strike"],"picked":"SKIP","floor":12},{"not_picked":["Carnage","Fire Breathing"],"picked":"Limit Break","floor":14},{"not_picked":["Barricade","Corruption"],"picked":"Limit Break","floor":16},{"not_picked":["Seeing Red","Cleave","Armaments"],"picked":"SKIP","floor":18},{"not_picked":["Warcry+1","Perfected Strike+1"],"picked":"Iron Wave+1","floor":19},{"not_picked":["Flame Barrier","Wild Strike+1"],"picked":"Flex","floor":20}],"player_experience":130159,"relics_obtained":[{"floor":9,"key":"Letter Opener"},{"floor":26,"key":"Anchor"}],"event_choices":[{"damage_healed":0,"gold_gain":0,"player_choice":"Upgraded","damage_taken":0,"max_hp_gain":0,"max_hp_loss":0,"event_name":"Upgrade Shrine","floor":2,"gold_loss":0,"cards_upgraded":["Immolate"]},{"damage_healed":0,"gold_gain":0,"player_choice":"Obtained Relic","damage_taken":0,"relics_obtained":["Meat on the Bone"],"max_hp_gain":0,"max_hp_loss":0,"event_name":"Addict","floor":21,"gold_loss":85},{"damage_healed":0,"gold_gain":0,"player_choice":"Read","damage_taken":0,"max_hp_gain":0,"max_hp_loss":0,"event_name":"The Library","floor":22,"gold_loss":0,"cards_obtained":["Whirlwind"]},{"damage_healed":0,"gold_gain":0,"player_choice":"Ignored","damage_taken":0,"max_hp_gain":0,"max_hp_loss":0,"event_name":"N\u0027loth","floor":24,"gold_loss":0}],"is_beta":false,"boss_relics":[{"not_picked":["Sozu","Mark of Pain"],"picked":"Runic Pyramid"}],"items_purged_floors":[],"is_endless":false,"potions_floor_spawned":[1,7,11,12,16,18],"killed_by":"Sentry and Sphere","ascension_level":0}}