{"host":"qgrlfjrqk9z96gfi","time":1610925649,"event":{"mods":["BaseMod","Block Reminder","Colored Map","Custom Start","DeckTracker","Minty Spire (QoL Compilation)"],"gold_per_floor":[109,34,54,73,92,92,126,137,137,167,167,178,178,191,191,191,191],"floor_reached":16,"language":"ENG","playtime":462,"items_purged":["Strike_G"],"score":228,"play_id":"c83858f7-b437-4bc9-86a6-211f2dbaa641","local_time":"20210117132049","is_ascension_mode":true,"campfire_choices":[{"data":"Neutralize","floor":6,"key":"SMITH"},{"data":"Riddle With Holes","floor":15,"key":"SMITH"}],"circlet_count":0,"master_deck":["AscendersBane","Strike_G","Strike_G","Strike_G","Strike_G","Defend_G","Defend_G","Defend_G","Defend_G","Defend_G","Survivor","Neutralize+1","Quick Slash","All Out Attack","Bane","Backstab","Riddle With Holes+1","Poisoned Stab","PiercingWail"],"relics":["Velvet Choker","Mango","Kunai","Nunchaku"],"acts_visited":["Exordium"],"potions_floor_usage":[7,12],"damage_taken":[{"damage":1,"enemies":"Cultist","floor":1,"turns":5},{"damage":4,"enemies":"2 Louse","floor":3,"turns":3},{"damage":2,"enemies":"Small Slimes","floor":4,"turns":5},{"damage":4,"enemies":"Looter","floor":5,"turns":3},{"damage":19,"enemies":"Gremlin Nob","floor":7,"turns":4},{"damage":0,"enemies":"Lots of Slimes","floor":8,"turns":3},{"damage":29,"enemies":"Lagavulin","floor":10,"turns":9},{"damage":9,"enemies":"3 Louse","floor":12,"turns":3},{"damage":0,"enemies":"Blue Slaver","floor":14,"turns":2},{"damage":31,"enemies":"Hexaghost","floor":16,"turns":9}],"seed_played":"1799346262274273329","potions_obtained":[{"floor":4,"key":"AttackPotion"},{"floor":8,"key":"GamblersBrew"},{"floor":10,"key":"Energy Potion"},{"floor":14,"key":"Swift Potion"}],"is_trial":false,"path_per_floor":["M","$","M","M","M","R","E","M","T","E","?","M","?","M","R","B"],"character_chosen":"THE_SILENT","items_purchased":[],"campfire_rested":0,"item_purchase_floors":[],"current_hp_per_floor":[58,58,54,52,48,48,43,43,43,14,14,5,31,31,31,0,0],"gold":191,"neow_bonus":"BOSS_RELIC","is_daily":false,"chose_seed":false,"campfire_upgraded":2,"win_rate":0.0,"timestamp":1610925649,"path_taken":["M","?","M","M","M","R","E","M","T","E","?","M","?","M","R","BOSS"],"items_purchased_type":[],"build_version":"2020-12-22","purchased_purges":1,"victory":false,"max_hp_per_floor":[66,66,66,66,66,66,80,80,80,80,80,80,80,80,80,80,80],"card_choices":[{"not_picked":["Sucker Punch","PiercingWail"],"picked":"Quick Slash","floor":1},{"not_picked":["Prepared","Accuracy"],"picked":"All Out Attack","floor":3},{"not_picked":["Choke","Tactician"],"picked":"Bane","floor":4},{"not_picked":["Blade Dance","Dagger Throw","Dodge and Roll"],"picked":"SKIP","floor":5},{"not_picked":["Dagger Throw","Grand Finale"],"picked":"Backstab","floor":7},{"not_picked":["Dagger Throw","Dodge and Roll","Choke"],"picked":"SKIP","floor":8},{"not_picked":["Dodge and Roll","Acrobatics"],"picked":"Riddle With Holes","floor":10},{"not_picked":["Expertise","Sucker Punch"],"picked":"Poisoned Stab","floor":12},{"not_picked":["Acrobatics","Underhanded Strike"],"picked":"PiercingWail","floor":14}],"player_experience":1020270,"relics_obtained":[{"floor":7,"key":"Mango"},{"floor":9,"key":"Kunai"},{"floor":10,"key":"Nunchaku"}],"event_choices":[{"damage_healed":0,"gold_gain":0,"player_choice":"Fled","damage_taken":0,"max_hp_gain":0,"max_hp_loss":0,"event_name":"Scrap Ooze","floor":11,"gold_loss":0},{"damage_healed":26,"gold_gain":0,"player_choice":"Banana","damage_taken":0,"max_hp_gain":0,"max_hp_loss":0,"event_name":"Big Fish","floor":13,"gold_loss":0}],"is_beta":false,"boss_relics":[],"items_purged_floors":[2],"is_endless":false,"potions_floor_spawned":[4,8,10,14],"killed_by":"Hexaghost","ascension_level":20}}