{"host":"dlqyscxstsnu98l1","time":1610854079,"event":{"mods":["AchievementEnabler","BaseMod","Bestiary","Colored Map","Colored Powertips","Conspire","GifTheSpireLib","Highlight Path","Minty Spire (QoL Compilation)","Random Character Button","Replay The Spire","SacredBarkPlus","StSLib"],"gold_per_floor":[113,113,132,148,148,148,164,164,164,89,124,141,166,179,179,279,279,293,311,410,423,84,84,110,110,160,190,201,232,80,80,80,176,176,188,238,113,128,141,173,192,210,210,243,93,147,72,118,118,118,118,118,118,51,51,51],"floor_reached":55,"language":"ENG","playtime":3629,"items_purged":["Strike_P","Eruption","Vigilance","Wireheading","Defend_P"],"score":886,"play_id":"99c90c55-2ea9-473e-924a-3db239eeb320","local_time":"20210116212759","is_ascension_mode":true,"campfire_choices":[{"data":"Alpha","floor":6.0,"key":"SMITH"},{"data":"Perseverance","floor":8.0,"key":"SMITH"},{"data":"Replay:AtTheReady","floor":15.0,"key":"SMITH"},{"floor":23.0,"key":"RECALL"},{"data":"Alpha","floor":25.0,"key":"SMITH"},{"data":"ThirdEye","floor":32.0,"key":"SMITH"},{"data":"Defend_P","floor":49,"key":"SMITH"},{"data":"Defend_P","floor":52,"key":"SMITH"}],"circlet_count":0,"master_deck":["Defend_P","Defend_P+1","Defend_P+1","Alpha+1","Replay:AtTheReady+1","Perseverance+1","ThirdEye+1","Evaluate+1","Evaluate+1","Alpha+1","AbeCurse"],"relics":["PureWater","GoldenEye","StoneCalendar","Anchor","Empty Cage","Bottled Lightning","Replay:Wax Seal","Potion Belt","Question Card","Lee\u0027s Waffle","Enchiridion","Abe\u0027s Treasure","Ice Cream","Lantern","Juzu Bracelet","Orichalcum","conspire:GiftBox","Blue Doll","Whetstone"],"acts_visited":["Exordium","TheCity","TheBeyond","TheEnding"],"potions_floor_usage":[33,36,40,55],"damage_taken":[{"damage":3.0,"enemies":"Small Slimes","floor":1.0,"turns":4.0},{"damage":2.0,"enemies":"2 Louse","floor":3.0,"turns":4.0},{"damage":0.0,"enemies":"Jaw Worm","floor":4.0,"turns":4.0},{"damage":0.0,"enemies":"Exordium Wildlife","floor":7.0,"turns":3.0},{"damage":0.0,"enemies":"Lagavulin","floor":11.0,"turns":5.0},{"damage":5.0,"enemies":"Looter","floor":12.0,"turns":3.0},{"damage":0.0,"enemies":"3 Sentries","floor":13.0,"turns":4.0},{"damage":0.0,"enemies":"Blue Slaver","floor":14.0,"turns":3.0},{"damage":2.0,"enemies":"Hexaghost","floor":16.0,"turns":8.0},{"damage":16.0,"enemies":"2 Thieves","floor":18.0,"turns":4.0},{"damage":0.0,"enemies":"conspire:FuzzyDice","floor":19.0,"turns":5.0},{"damage":13.0,"enemies":"Chosen and Byrds","floor":21.0,"turns":5.0},{"damage":3.0,"enemies":"conspire:SneckoGhost","floor":24.0,"turns":42.0},{"damage":14.0,"enemies":"Gremlin Leader","floor":27.0,"turns":6.0},{"damage":0.0,"enemies":"Snake Plant","floor":28.0,"turns":7.0},{"damage":3.0,"enemies":"conspire:SneckoGhost","floor":29.0,"turns":13.0},{"damage":15,"enemies":"Automaton","floor":33,"turns":7},{"damage":0,"enemies":"3 Darklings","floor":35,"turns":4},{"damage":0,"enemies":"Mind Bloom Boss Battle","floor":36,"turns":7},{"damage":0,"enemies":"3 Shapes","floor":38,"turns":3},{"damage":0,"enemies":"Maw","floor":39,"turns":6},{"damage":16,"enemies":"Nemesis","floor":40,"turns":7},{"damage":22,"enemies":"Spire Growth","floor":41,"turns":5},{"damage":0,"enemies":"3 Darklings","floor":42,"turns":4},{"damage":12,"enemies":"R_Hoarder","floor":44,"turns":6},{"damage":13,"enemies":"2 Orb Walkers","floor":46,"turns":4},{"damage":11,"enemies":"Awakened One","floor":50,"turns":11},{"damage":37,"enemies":"Shield and Spear","floor":54,"turns":7},{"damage":44,"enemies":"The Heart","floor":55,"turns":8}],"seed_played":"895950686079738810","potions_obtained":[{"floor":3.0,"key":"GamblersBrew"},{"floor":4.0,"key":"Strength Potion"},{"floor":14.0,"key":"conspire:TimeTravelPotion"},{"floor":19.0,"key":"Fire Potion"},{"floor":24.0,"key":"PowerPotion"},{"floor":27.0,"key":"Strength Potion"},{"floor":28.0,"key":"Explosive Potion"},{"floor":36,"key":"Regen Potion"},{"floor":39,"key":"FearPotion"},{"floor":44,"key":"StancePotion"},{"floor":54,"key":"Block Potion"}],"is_trial":false,"path_per_floor":["M","?","M","M","?","R","M","R","T","$","E","M","E","M","R","B",null,"M","M","?","M","$","R","E","R","T","E","M","E","$","?","R","B",null,"M","?","$","M","M","E","M","M","T","E","$","?","$","T","R","B",null,"R","$","E","B"],"character_chosen":"WATCHER","items_purchased":["Bottled Lightning","Lee\u0027s Waffle"],"campfire_rested":0,"item_purchase_floors":[22,30],"current_hp_per_floor":[69,69,67,67,67,67,67,67,67,67,67,62,62,62,62,60,72,72,72,72,59,59,59,56,56,56,42,42,39,79,63,63,48,79,79,79,79,79,79,78,56,56,56,44,44,31,31,31,31,20,79,79,79,42,0,0],"gold":51,"neow_bonus":"ONE_RANDOM_RARE_CARD","is_daily":false,"chose_seed":false,"campfire_upgraded":7,"win_rate":0.0,"timestamp":1610854079,"path_taken":["M","?","M","M","?","R","M","R","T","?","E","M","E","M","R","BOSS","M","M","?","M","$","R","E","R","T","E","M","E","$","?","R","BOSS","M","?","$","M","M","E","M","M","T","E","$","?","?","?","R","BOSS","R","$","E","BOSS"],"items_purchased_type":["Relic","Relic"],"build_version":"2020-12-22","purchased_purges":5,"victory":false,"max_hp_per_floor":[72,72,72,72,72,72,72,72,72,72,72,72,72,72,72,72,72,72,72,72,72,72,72,72,72,72,72,72,72,79,79,79,79,79,79,79,79,79,79,79,79,79,79,79,79,79,79,79,79,79,79,79,79,79,79,79],"card_choices":[{"not_picked":["Prostrate","Replay:ManipulateFuture"],"picked":"Replay:AtTheReady","floor":1.0},{"not_picked":["ClearTheMind","Nirvana"],"picked":"Perseverance","floor":3.0},{"not_picked":["FollowUp","EmptyBody","PathToVictory"],"picked":"SKIP","floor":4.0},{"not_picked":["Replay:BluntJabs","FlyingSleeves"],"picked":"ThirdEye","floor":7.0},{"not_picked":["Vengeance","Replay:DivineShield"],"picked":"Wireheading","floor":11.0},{"not_picked":["Replay:AtTheReady","Replay:Anticipation","Crescendo"],"picked":"SKIP","floor":12.0},{"not_picked":["Weave","CutThroughFate","Collect"],"picked":"SKIP","floor":13.0},{"not_picked":["Evaluate","Replay:AtTheReady","Devotion"],"picked":"SKIP","floor":14.0},{"not_picked":["Wallop","FlyingSleeves"],"picked":"Evaluate+1","floor":18.0},{"not_picked":["PathToVictory","Protect"],"picked":"Evaluate+1","floor":19.0},{"not_picked":["Adaptation","JustLucky","ThirdEye+1"],"picked":"SKIP","floor":21.0},{"not_picked":["CutThroughFate","ForeignInfluence"],"picked":"Alpha","floor":24.0},{"not_picked":["Study","SandsOfTime","Evaluate"],"picked":"SKIP","floor":27.0},{"not_picked":["Prostrate","Evaluate","ClearTheMind"],"picked":"SKIP","floor":28.0},{"not_picked":["Replay:ManipulateFuture+1","Replay:AtTheReady","WreathOfFlame"],"picked":"SKIP","floor":29.0},{"not_picked":["FollowUp+1","Evaluate","BowlingBash+1","Adaptation"],"picked":"SKIP","floor":35},{"not_picked":["JustLucky+1","FlyingSleeves+1","PathToVictory+1","ReachHeaven"],"picked":"SKIP","floor":38},{"not_picked":["Replay:ManipulateFuture","ClearTheMind","Consecrate+1","WreathOfFlame+1"],"picked":"SKIP","floor":39},{"not_picked":["Wish","ClearTheMind","SignatureMove","Consecrate+1"],"picked":"SKIP","floor":40},{"not_picked":["CrushJoints+1","Protect","InnerPeace","ThirdEye+1"],"picked":"SKIP","floor":41},{"not_picked":["BattleHymn","SashWhip","CarveReality+1","Replay:Hum"],"picked":"SKIP","floor":42},{"not_picked":["Replay:LoomingThreat","JustLucky+1","FollowUp+1","BattleHymn+1"],"picked":"SKIP","floor":44},{"not_picked":["Replay:Vibes","Replay:BluntJabs","EmptyBody+1","BowlingBash+1"],"picked":"SKIP","floor":54}],"player_experience":74336,"relics_obtained":[{"floor":9.0,"key":"GoldenEye"},{"floor":11.0,"key":"StoneCalendar"},{"floor":13.0,"key":"Anchor"},{"floor":24.0,"key":"Replay:Wax Seal"},{"floor":27.0,"key":"Potion Belt"},{"floor":29.0,"key":"Question Card"},{"floor":31.0,"key":"Enchiridion"},{"floor":36,"key":"Ice Cream"},{"floor":40,"key":"Lantern"},{"floor":43,"key":"Juzu Bracelet"},{"floor":44,"key":"Orichalcum"},{"floor":46,"key":"conspire:GiftBox"},{"floor":48,"key":"Blue Doll"},{"floor":54,"key":"Whetstone"}],"event_choices":[{"damage_healed":0.0,"max_hp_gain":0.0,"max_hp_loss":0.0,"gold_gain":0.0,"event_name":"conspire:Investor","player_choice":"Leave","floor":5.0,"gold_loss":0.0,"damage_taken":0.0},{"damage_healed":0.0,"max_hp_gain":0.0,"max_hp_loss":0.0,"gold_gain":99.0,"event_name":"Nest","player_choice":"Stole From Cult","floor":20.0,"gold_loss":0.0,"damage_taken":0.0},{"damage_healed":0.0,"max_hp_gain":0.0,"max_hp_loss":0.0,"gold_gain":0.0,"event_name":"Cursed Tome","player_choice":"Obtained Book","floor":31.0,"gold_loss":0.0,"damage_taken":16.0},{"damage_healed":0,"gold_gain":0,"player_choice":"Fight","damage_taken":0,"max_hp_gain":0,"max_hp_loss":0,"event_name":"MindBloom","floor":36,"gold_loss":0},{"damage_healed":0,"gold_gain":0,"player_choice":"Fight","damage_taken":0,"max_hp_gain":0,"max_hp_loss":0,"event_name":"Mysterious Sphere","floor":46,"gold_loss":0}],"is_beta":false,"boss_relics":[{"not_picked":["Ring of Chaos","Calling Bell"],"picked":"Empty Cage"},{"not_picked":["Painkiller Herb","Velvet Choker"],"picked":"Abe\u0027s Treasure"}],"items_purged_floors":[10,22,37,45,47],"is_endless":false,"potions_floor_spawned":[3,4,14,19,24,27,28,36,39,44,54],"killed_by":"The Heart","ascension_level":1}}