{"host":"veymnbzwgp1k9ont","time":1610909217,"event":{"mods":["BaseMod","Defuse TimeMaze Blight","Lobotomy","Minty Spire (QoL Compilation)","Rare Cards Sparkle","Shop Mod","StSLib"],"gold_per_floor":[109,184,254,266,123,123,135,119,119,119,137,137,153,153,153,174,174,188,33,25,25],"floor_reached":20,"language":"ENG","playtime":1579,"items_purged":[],"score":166,"play_id":"009df869-1246-4748-8cda-aae5cb71573b","local_time":"20210117124657","is_ascension_mode":false,"campfire_choices":[{"data":"Clash","floor":6.0,"key":"SMITH"},{"data":"Strike_R","floor":12,"key":"SMITH"},{"data":"Defend_R","floor":15,"key":"SMITH"}],"circlet_count":0,"master_deck":["Strike_R","Strike_R","Strike_R","Strike_R+1","Strike_R+1","Defend_R+1","Defend_R","Defend_R","Defend_R","Bash+1","OSAHOGD","Clash+1","Freischutz","BlackSwan","BeautyBeast","QueenOfHatred","LongBird","Offering","Funeral","BigBadWolf","Impervious"],"relics":["Burning Blood","CogitoBucket","Whetstone","Pocketwatch","ChangeAnything","Magic Flower","Philosopher\u0027s Stone","Red Skull"],"acts_visited":["Exordium","TheCity"],"potions_floor_usage":[13,13],"damage_taken":[{"damage":4.0,"enemies":"Jaw Worm","floor":1.0,"turns":5.0},{"damage":2.0,"enemies":"2 Louse","floor":4.0,"turns":2.0},{"damage":0.0,"enemies":"Cultist","floor":7.0,"turns":2.0},{"damage":2.0,"enemies":"3 Louse","floor":8.0,"turns":2.0},{"damage":3,"enemies":"Red Slaver","floor":11,"turns":4},{"damage":17,"enemies":"Large Slime","floor":13,"turns":4},{"damage":55,"enemies":"Hexaghost","floor":16,"turns":6},{"damage":12,"enemies":"Chosen","floor":18,"turns":4},{"damage":9,"enemies":"Shell Parasite","floor":20,"turns":3}],"seed_played":"5585526390678860373","potions_obtained":[{"floor":4.0,"key":"Weak Potion"},{"floor":7.0,"key":"BloodPotion"},{"floor":11,"key":"LiquidBronze"},{"floor":16,"key":"Dexterity Potion"},{"floor":18,"key":"PowerPotion"}],"is_trial":false,"path_per_floor":["M","?","?","M","$","R","M","M","T","?","M","R","M","?","R","B",null,"M","$","M"],"character_chosen":"IRONCLAD","items_purchased":["Whetstone","Red Skull"],"campfire_rested":0,"item_purchase_floors":[5,19],"current_hp_per_floor":[80,69,69,73,73,73,79,80,80,80,80,80,69,66,66,29,80,80,80,80,80],"gold":25,"neow_bonus":"","is_daily":false,"chose_seed":false,"campfire_upgraded":3,"win_rate":0.0,"timestamp":1610909217,"path_taken":["M","?","?","M","?","R","M","M","T","?","M","R","M","?","R","BOSS","M","$","M"],"items_purchased_type":["Relic","Relic"],"build_version":"2020-12-22","purchased_purges":0,"victory":false,"max_hp_per_floor":[80,80,80,80,80,80,80,80,80,80,80,80,80,80,80,80,80,80,80,80,80],"card_choices":[{"not_picked":["LongBird","PunishingBird"],"picked":"OSAHOGD","floor":1.0},{"not_picked":["Cleave","Uppercut"],"picked":"Clash","floor":1.0},{"not_picked":["Wellcheers","SpiderBud"],"picked":"Freischutz","floor":4.0},{"not_picked":["Intimidate","Metallicize","Disarm"],"picked":"SKIP","floor":4.0},{"not_picked":["Intimidate","Metallicize","Disarm"],"picked":"SKIP","floor":4.0},{"not_picked":["Wellcheers","UniverseFragment"],"picked":"PunishingBird","floor":7.0},{"not_picked":["Power Through","Armaments","Immolate"],"picked":"SKIP","floor":7.0},{"not_picked":["Wellcheers","BeautyBeast"],"picked":"BlackSwan","floor":8.0},{"not_picked":["Burning Pact","Clash","Wild Strike"],"picked":"SKIP","floor":8.0},{"not_picked":["CherryBlossoms","CrumblingArmor"],"picked":"BeautyBeast","floor":11},{"not_picked":["Twin Strike","True Grit","Heavy Blade"],"picked":"SKIP","floor":11},{"not_picked":["MeatLantern","LaLuna"],"picked":"QueenOfHatred","floor":13},{"not_picked":["Sword Boomerang","Body Slam","Blood for Blood"],"picked":"SKIP","floor":13},{"not_picked":["WallGazer","Murderer"],"picked":"LongBird","floor":16},{"not_picked":["Impervious","Fiend Fire"],"picked":"Offering","floor":16},{"not_picked":["PunishingBird","LaLuna"],"picked":"Funeral","floor":18},{"not_picked":["Body Slam","Thunderclap","Wild Strike+1"],"picked":"SKIP","floor":18},{"not_picked":["Bloodbath","CrumblingArmor"],"picked":"BigBadWolf","floor":20},{"not_picked":["Body Slam+1","Dark Embrace+1"],"picked":"Impervious","floor":20}],"player_experience":398377,"relics_obtained":[{"floor":9.0,"key":"Pocketwatch"}],"event_choices":[{"damage_healed":0.0,"max_hp_gain":0.0,"max_hp_loss":0.0,"gold_gain":75.0,"event_name":"World of Goop","player_choice":"Gather Gold","floor":2.0,"gold_loss":0.0,"damage_taken":11.0},{"damage_healed":0.0,"max_hp_gain":0.0,"max_hp_loss":0.0,"gold_gain":70.0,"event_name":"Golden Wing","player_choice":"Gained Gold","floor":3.0,"gold_loss":0.0,"damage_taken":0.0},{"cards_removed":["PunishingBird"],"damage_healed":0,"gold_gain":0,"player_choice":"Purged","damage_taken":0,"max_hp_gain":0,"max_hp_loss":0,"event_name":"Purifier","floor":10,"gold_loss":0},{"damage_healed":0,"gold_gain":0,"player_choice":"Success","damage_taken":3,"relics_obtained":["Magic Flower"],"max_hp_gain":0,"max_hp_loss":0,"event_name":"Scrap Ooze","floor":14,"gold_loss":0}],"is_beta":false,"boss_relics":[{"not_picked":["Black Star","Fusion Hammer"],"picked":"Philosopher\u0027s Stone"}],"items_purged_floors":[],"is_endless":false,"potions_floor_spawned":[4,7,11,16,18,20],"killed_by":"Shell Parasite","ascension_level":0}}