{"host":"a03nuch2hxtfs9ti","time":1610891956,"event":{"mods":["BaseMod","Custom Start","Marisa£®ÏF”Í°°ƒß¿Ì…≥£©","Minty Spire (QoL Compilation)","Replay The Spire","StSLib","Td1madao Mod","The Servant 0.9.4"],"gold_per_floor":[118,134,134,134,150,175,185,196,196,227,31,49,49,49,49,147,147,158,158,173,88,17,17,28,28,99,125,139,139,139,152,152,252,252,262,279,328,238,248,273,26,54,81,81,98,115,126,143,143,143],"floor_reached":51,"language":"ZHS","playtime":6465,"items_purged":["Defend_C"],"score":816,"play_id":"f4ef8752-70ba-4570-9ce7-094e57d219ee","local_time":"20210117215916","is_ascension_mode":false,"campfire_choices":[{"data":"1","floor":15.0,"key":"LIFT"},{"data":"2","floor":23.0,"key":"LIFT"},{"data":"Perfect Defend","floor":29,"key":"SMITH"},{"data":"3","floor":32,"key":"LIFT"},{"data":"Twin Teeth","floor":44,"key":"SMITH"},{"data":"Chip","floor":49,"key":"SMITH"}],"circlet_count":0,"master_deck":["Defend_C","Knight Kick","Chip+1","Optimization+1","Im Angry+1","Moon Tear+1","Floating Swing Kick","Fixing","Black Contract+1","Twin Teeth+1","Bursts+1","Lore","Preloading","Preparedness","Perfect Defend+1","Overencumbered","Black Hand+1","Shockwave Tdmadao","De Ware Chip+1","Black Spear+1"],"relics":["Astrolabe","Regal Pillow","ReplayFunnel","Snack Pack","Girya","Philosopher\u0027s Stone","Gremlin Horn","Shuriken","Replay:Bottled Flurry","Molten Egg 2","Coffee Dripper","Durian","Letter Opener","Ornamental Fan","StoneCalendar","Lsj Skin"],"acts_visited":["TheCity","TheBeyond"],"potions_floor_usage":[24,27,27,31,37,42,50,50,50,50,50,50],"damage_taken":[{"damage":1.0,"enemies":"Jaw Worm","floor":1.0,"turns":5.0},{"damage":0.0,"enemies":"Small Slimes","floor":2.0,"turns":6.0},{"damage":1.0,"enemies":"2 Louse","floor":5.0,"turns":3.0},{"damage":1.0,"enemies":"3 Sentries","floor":6.0,"turns":10.0},{"damage":0.0,"enemies":"Blue Slaver","floor":7.0,"turns":6.0},{"damage":0.0,"enemies":"3 Louse","floor":8.0,"turns":6.0},{"damage":3.0,"enemies":"Gremlin Nob","floor":10.0,"turns":8.0},{"damage":2.0,"enemies":"Exordium Wildlife","floor":12.0,"turns":3.0},{"damage":1.0,"enemies":"Slime Boss","floor":16.0,"turns":14.0},{"damage":8.0,"enemies":"3 Byrds","floor":18.0,"turns":5.0},{"damage":1.0,"enemies":"Spheric Guardian","floor":20.0,"turns":5.0},{"damage":15,"enemies":"Centurion and Healer","floor":24,"turns":8},{"damage":26,"enemies":"Slavers","floor":27,"turns":6},{"damage":3,"enemies":"Chosen and Byrds","floor":28,"turns":5},{"damage":0,"enemies":"Snake Plant","floor":31,"turns":3},{"damage":3,"enemies":"Automaton","floor":33,"turns":8},{"damage":16,"enemies":"Orb Walker","floor":35,"turns":3},{"damage":0,"enemies":"3 Darklings","floor":36,"turns":3},{"damage":27,"enemies":"2 Orb Walkers","floor":37,"turns":5},{"damage":4,"enemies":"Writhing Mass","floor":39,"turns":3},{"damage":0,"enemies":"Giant Head","floor":40,"turns":6},{"damage":8,"enemies":"Reptomancer","floor":42,"turns":5},{"damage":0,"enemies":"Maw","floor":45,"turns":5},{"damage":0,"enemies":"Spire Growth","floor":46,"turns":4},{"damage":10,"enemies":"4 Shapes","floor":47,"turns":3},{"damage":2,"enemies":"Transient","floor":48,"turns":5},{"damage":12,"enemies":"Time Eater","floor":50,"turns":10}],"seed_played":"-5255610919389205284","potions_obtained":[{"floor":5.0,"key":"SteroidPotion"},{"floor":7.0,"key":"GamblersBrew"},{"floor":8.0,"key":"Block Potion"},{"floor":16.0,"key":"ColorlessPotion"},{"floor":20.0,"key":"SpeedPotion"},{"floor":27,"key":"PowerPotion"},{"floor":28,"key":"SteroidPotion"},{"floor":30,"key":"Flashbang"},{"floor":30,"key":"EntropicBrew"},{"floor":33,"key":"DuplicationPotion"},{"floor":37,"key":"Ancient Potion"},{"floor":40,"key":"Flashbang"},{"floor":42,"key":"Venom Potion"}],"is_trial":false,"path_per_floor":["M","M","?","?","M","E","M","M","T","E","$","M","$","?","R","B",null,"M","?","M","?","$","R","M","?","T","E","M","R","?","M","R","B",null,"M","M","?","?","M","E","$","E","T","R","M","M","M","M","R","B",null],"character_chosen":"TD1MADAO_CLASS","items_purchased":["Black Contract+1","Perfect Defend","Ornamental Fan"],"campfire_rested":0,"item_purchase_floors":[11,22,41],"current_hp_per_floor":[69,69,62,44,43,42,42,42,42,43,43,43,43,43,43,62,70,68,68,70,70,70,70,61,61,61,37,38,38,38,38,38,43,70,56,64,48,48,52,62,62,66,66,66,75,75,67,75,75,73],"gold":143,"neow_bonus":"BOSS_RELIC","is_daily":false,"chose_seed":false,"campfire_upgraded":3,"win_rate":0.0,"timestamp":1610891956,"path_taken":["M","M","?","?","M","E","M","M","T","E","$","M","?","?","R","BOSS","M","?","M","?","?","R","M","?","T","E","?","R","?","M","R","BOSS","M","?","?","?","M","E","$","E","T","R","?","M","M","M","R","BOSS"],"items_purchased_type":["Card","Card","Relic"],"build_version":"2020-12-22","purchased_purges":1,"victory":true,"max_hp_per_floor":[70,70,70,70,70,70,70,70,70,70,70,70,70,70,70,70,70,70,70,70,70,70,70,70,70,70,70,70,70,70,70,70,70,70,70,70,75,75,75,75,75,75,75,75,75,75,75,75,75,75],"card_choices":[{"not_picked":["Cursed Blade","Light Attack"],"picked":"Floating Swing Kick","floor":1.0},{"not_picked":["Black Shadow","Twin Teeth","Bugfix"],"picked":"SKIP","floor":2.0},{"not_picked":["Afterwards","Preloading"],"picked":"Fixing","floor":5.0},{"not_picked":["Fixing","Chip Synthesis","Black Shadow"],"picked":"SKIP","floor":6.0},{"not_picked":["Machining","Lunge","Afterwards"],"picked":"SKIP","floor":7.0},{"not_picked":["Machining","Rupture","Twin Teeth"],"picked":"SKIP","floor":8.0},{"not_picked":["Provocative","Three Hit","Cursed Blade"],"picked":"SKIP","floor":10.0},{"not_picked":["Afterwards","Fire Up"],"picked":"Twin Teeth","floor":12.0},{"not_picked":["Memory Alloy","Im Angry"],"picked":"Bursts","floor":16.0},{"not_picked":["Machining","Oblique Hack"],"picked":"Lore","floor":18.0},{"not_picked":["Black Shadow","Twin Teeth+1"],"picked":"Thunder Jump+1","floor":20.0},{"not_picked":["Light Attack+1","Break Into+1","Cursed Blade"],"picked":"SKIP","floor":24},{"not_picked":["White Contract+1","Fixing","Light Attack+1"],"picked":"SKIP","floor":27},{"not_picked":["Fire Up+1","Thunder Jump+1","Break Into"],"picked":"SKIP","floor":28},{"not_picked":["Black Execution+1","Here Defend Chip"],"picked":"Black Hand+1","floor":31},{"not_picked":["Black Warm Hole","Retrieval Recycling+1"],"picked":"Shockwave Tdmadao","floor":33},{"not_picked":["Lunge+1","Coercion"],"picked":"De Ware Chip+1","floor":35},{"not_picked":["New Defend Magic","Rupture+1","Pod Fire+1"],"picked":"SKIP","floor":36},{"not_picked":["Machining+1","Black Shadow+1","Floating Swing Kick+1"],"picked":"SKIP","floor":39},{"not_picked":["Awareness+1","Chip Synthesis","Black Warm Hole"],"picked":"SKIP","floor":40},{"not_picked":["Paralysis+1","Cursed Blade+1","Revenge+1"],"picked":"SKIP","floor":42},{"not_picked":["E MP","White Contract+1","Sudden Beat+1"],"picked":"SKIP","floor":45},{"not_picked":["Coercion+1","Resistance+1","Trader"],"picked":"SKIP","floor":46},{"not_picked":["White Contract+1","Floating Swing Kick+1"],"picked":"Black Spear+1","floor":47},{"not_picked":["Load Balancing","Machining+1","Black Execution+1"],"picked":"SKIP","floor":48}],"player_experience":271213,"relics_obtained":[{"floor":6.0,"key":"ReplayFunnel"},{"floor":9.0,"key":"Snack Pack"},{"floor":10.0,"key":"Girya"},{"floor":26,"key":"Replay:Bottled Flurry"},{"floor":27,"key":"Molten Egg 2"},{"floor":37,"key":"Durian"},{"floor":40,"key":"Letter Opener"},{"floor":42,"key":"StoneCalendar"},{"floor":43,"key":"Lsj Skin"}],"event_choices":[{"cards_removed":["Defend_C"],"damage_healed":0.0,"max_hp_gain":0.0,"max_hp_loss":0.0,"gold_gain":0.0,"event_name":"Golden Wing","player_choice":"Card Removal","floor":3.0,"gold_loss":0.0,"damage_taken":7.0},{"damage_healed":0.0,"max_hp_gain":0.0,"max_hp_loss":0.0,"gold_gain":0.0,"event_name":"Scrap Ooze","player_choice":"Success","floor":4.0,"gold_loss":0.0,"damage_taken":18.0,"relics_obtained":["Regal Pillow"]},{"damage_healed":0.0,"max_hp_gain":0.0,"max_hp_loss":0.0,"gold_gain":0.0,"cards_transformed":["Strike_C"],"event_name":"Living Wall","player_choice":"Change","floor":14.0,"gold_loss":0.0,"damage_taken":0.0,"cards_obtained":["Floating Even"]},{"damage_healed":0.0,"max_hp_gain":0.0,"max_hp_loss":0.0,"gold_gain":0.0,"cards_transformed":["Floating Even","Strike_C"],"event_name":"Drug Dealer","player_choice":"Became Test Subject","floor":19.0,"gold_loss":0.0,"damage_taken":0.0,"cards_obtained":["Preloading","Preparedness"]},{"damage_healed":0.0,"max_hp_gain":0.0,"max_hp_loss":0.0,"gold_gain":0.0,"event_name":"Addict","player_choice":"Obtained Relic","floor":21.0,"gold_loss":85.0,"damage_taken":0.0,"relics_obtained":["Gremlin Horn"]},{"damage_healed":0,"gold_gain":0,"player_choice":"Got Potions","damage_taken":0,"max_hp_gain":0,"max_hp_loss":0,"event_name":"Lab","floor":30,"gold_loss":0},{"damage_healed":0,"gold_gain":0,"player_choice":"Fight","damage_taken":0,"max_hp_gain":0,"max_hp_loss":0,"event_name":"Mysterious Sphere","floor":37,"gold_loss":0},{"cards_removed":["Thunder Jump"],"damage_healed":0,"gold_gain":0,"player_choice":"Upgrade and Remove","damage_taken":0,"max_hp_gain":0,"max_hp_loss":0,"event_name":"Designer","floor":38,"gold_loss":90,"cards_upgraded":["Bursts"]}],"is_beta":false,"boss_relics":[{"not_picked":["Circlet","Runic Dome"],"picked":"Philosopher\u0027s Stone"},{"not_picked":["Calling Bell","Velvet Choker"],"picked":"Coffee Dripper"}],"items_purged_floors":[11],"is_endless":false,"potions_floor_spawned":[5,7,8,16,20,27,28,33,36,37,40,42,48],"ascension_level":0}}