{"host":"pfy6u49v5s5r680p","time":1610869293,"event":{"mods":["BaseMod","Colored Map","DeckTracker","Highlight Path","Keyboard Shortcuts","Minty Spire (QoL Compilation)","Permanent Neow","Quick Restart","StSLib","SuperFastMode","everything is the same but u backflip on backflip"],"gold_per_floor":[111,129,148,167,44,44,62,62,62,76,86,106,126,126,126,225,225,237,247,247,247],"floor_reached":20,"language":"KOR","playtime":912,"items_purged":["Strike_G"],"score":172,"play_id":"6c405e06-f450-463b-94fd-0672dca827ab","local_time":"20210117164133","is_ascension_mode":false,"campfire_choices":[{"data":"Flechettes","floor":6.0,"key":"SMITH"},{"data":"Acrobatics","floor":8.0,"key":"SMITH"},{"floor":15.0,"key":"REST"}],"circlet_count":0,"master_deck":["Strike_G","Strike_G","Strike_G","Strike_G","Defend_G","Defend_G","Defend_G","Defend_G","Defend_G","Survivor","Neutralize","Flechettes+1","Acrobatics+1","Dagger Spray","Acrobatics+1","Blur","Malaise","Underhanded Strike+1","Backflip"],"relics":["Ring of the Snake","StrikeDummy","SlaversCollar"],"acts_visited":["TheCity"],"potions_floor_usage":[],"damage_taken":[{"damage":3.0,"enemies":"Jaw Worm","floor":1.0,"turns":4.0},{"damage":0.0,"enemies":"Cultist","floor":2.0,"turns":4.0},{"damage":0.0,"enemies":"2 Louse","floor":3.0,"turns":3.0},{"damage":2.0,"enemies":"Blue Slaver","floor":4.0,"turns":6.0},{"damage":14.0,"enemies":"Exordium Thugs","floor":7.0,"turns":3.0},{"damage":0.0,"enemies":"Looter","floor":10.0,"turns":1.0},{"damage":12.0,"enemies":"Blue Slaver","floor":11.0,"turns":2.0},{"damage":0.0,"enemies":"2 Fungi Beasts","floor":12.0,"turns":3.0},{"damage":0.0,"enemies":"Large Slime","floor":13.0,"turns":6.0},{"damage":56.0,"enemies":"Slime Boss","floor":16.0,"turns":11.0},{"damage":15.0,"enemies":"Shell Parasite","floor":18.0,"turns":8.0},{"damage":42.0,"enemies":"Chosen","floor":19.0,"turns":10.0},{"damage":3,"enemies":"Snake Plant","floor":20,"turns":2}],"seed_played":"-4953256519805134305","potions_obtained":[{"floor":1.0,"key":"Ancient Potion"},{"floor":7.0,"key":"PowerPotion"},{"floor":10.0,"key":"Swift Potion"}],"is_trial":false,"path_per_floor":["M","M","M","M","$","R","M","R","T","M","M","M","M","?","R","B",null,"M","M","M"],"character_chosen":"THE_SILENT","items_purchased":["Poison Potion"],"campfire_rested":1,"item_purchase_floors":[5],"current_hp_per_floor":[67,67,67,65,65,65,51,51,51,51,39,39,39,39,60,4,70,55,13,10,10],"gold":247,"neow_bonus":"THREE_CARDS","is_daily":false,"chose_seed":false,"campfire_upgraded":2,"win_rate":0.0,"timestamp":1610869293,"path_taken":["M","M","M","M","$","R","M","R","T","M","M","M","M","?","R","BOSS","M","M","?"],"items_purchased_type":["Potion"],"build_version":"2020-12-22","purchased_purges":1,"victory":false,"max_hp_per_floor":[70,70,70,70,70,70,70,70,70,70,70,70,70,70,70,70,70,70,70,70,70],"card_choices":[{"not_picked":["Dagger Throw","Underhanded Strike"],"picked":"Flechettes","floor":0.0},{"not_picked":["Blur","Deflect"],"picked":"Acrobatics","floor":1.0},{"not_picked":["Underhanded Strike","All Out Attack","Expertise"],"picked":"SKIP","floor":2.0},{"not_picked":["Catalyst","Tactician"],"picked":"Dagger Spray","floor":3.0},{"not_picked":["Deflect","Dagger Spray"],"picked":"Acrobatics","floor":4.0},{"not_picked":["Dagger Throw","Flying Knee","Underhanded Strike"],"picked":"SKIP","floor":7.0},{"not_picked":["Dagger Throw","Flying Knee","Underhanded Strike"],"picked":"SKIP","floor":7.0},{"not_picked":["Dash","Tools of the Trade"],"picked":"Blur","floor":10.0},{"not_picked":["Expertise","Bouncing Flask","Bane"],"picked":"SKIP","floor":11.0},{"not_picked":["Dagger Throw","Quick Slash","Underhanded Strike"],"picked":"SKIP","floor":12.0},{"not_picked":["Flying Knee","Sucker Punch","Flechettes"],"picked":"SKIP","floor":13.0},{"not_picked":["A Thousand Cuts","Burst"],"picked":"Malaise","floor":16.0},{"not_picked":["Deflect","Riddle With Holes"],"picked":"Underhanded Strike+1","floor":18.0},{"not_picked":["Deflect+1","Acrobatics"],"picked":"Backflip","floor":19.0}],"player_experience":146380,"relics_obtained":[{"floor":9.0,"key":"StrikeDummy"}],"event_choices":[{"damage_healed":0.0,"max_hp_gain":0.0,"max_hp_loss":0.0,"gold_gain":0.0,"event_name":"Upgrade Shrine","player_choice":"Upgraded","floor":14.0,"gold_loss":0.0,"damage_taken":0.0,"cards_upgraded":["Acrobatics"]}],"is_beta":false,"boss_relics":[{"not_picked":["WristBlade","Busted Crown"],"picked":"SlaversCollar"}],"items_purged_floors":[5],"is_endless":false,"potions_floor_spawned":[1,7,10,12],"killed_by":"Snake Plant","ascension_level":0}}