{"host":"qik6c64y69p9jmph","time":1610860772,"event":{"mods":["AchievementEnabler","BaseMod","Downfall","Highlight Path","Minty Spire (QoL Compilation)","Quick Restart","StSLib","Synergy Search"],"gold_per_floor":[349,360,360,370,427,106,180,191,217,217,231,251,251,262,280,378,378,378,395,407,507,507,392,392,423,423,438,449,463,463,463,483,579,579,579,599,332,74,74,88,114,114,148,203,221,23,23,43,53,53,53,53],"floor_reached":50,"language":"ENG","playtime":3854,"items_purged":["downfall:Icky","Pain","Shame","downfall:Aged"],"score":597,"play_id":"90fa454c-6427-4d26-ba38-cdf025d594b4","local_time":"20210117001932","is_ascension_mode":true,"campfire_choices":[{"data":"Slimebound:Split","floor":1,"key":"SMITH"},{"data":"Slimebound:Overexert","floor":10,"key":"SMITH"},{"floor":13,"key":"REST"},{"data":"Slimebound:TagTeam","floor":18,"key":"SMITH"},{"data":"expansioncontent:DashGenerateEvil","floor":26,"key":"SMITH"},{"floor":30,"key":"REST"},{"data":"Slimebound:MinionMaster","floor":35,"key":"SMITH"},{"data":"Mayhem","floor":42,"key":"SMITH"},{"floor":47,"key":"REST"}],"circlet_count":0,"master_deck":["Slimebound:Strike_Slimebound+1","Slimebound:Strike_Slimebound","Slimebound:Strike_Slimebound+1","Slimebound:Tackle","Slimebound:Defend_Slimebound","Slimebound:Defend_Slimebound","Slimebound:Defend_Slimebound","Slimebound:Defend_Slimebound","Slimebound:Split+1","Slimebound:CorrosiveSpit+1","Slimebound:SplitSpecialist","Slimebound:ProtectTheBoss","Slimebound:Overexert+1","Slimebound:SplitAcid","expansioncontent:DashGenerateEvil+1","Slimebound:SlimeTap","Slimebound:SlimeBarrage+1","Slimebound:SplitSpecialist","Slimebound:TagTeam+1","Slimebound:ServeAndProtect","Doubt","Doubt","Injury","Slimebound:SplitAcid","Slimebound:SplitAcid","Slimebound:Prepare","Slimebound:FirmFortitude","Slimebound:MinionMaster+1","Slimebound:SplitBruiser+1","Mayhem+1","Slimebound:LeadByExample","Slimebound:SlimeTap","downfall:Icky","Slimebound:SplitLeeching+1"],"relics":["Slimebound:AbsorbEndCombat","Slimebound:AggressiveSlimeRelic","Sundial","Whetstone","Black Star","Cursed Key","Letter Opener","Bag of Preparation","Pen Nib","Philosopher\u0027s Stone","Mango","Lee\u0027s Waffle","Omamori","Meat on the Bone","White Beast Statue","Nunchaku"],"acts_visited":["Exordium","TheCity","TheBeyond"],"potions_floor_usage":[9,9,14,16,16,16,25,28,33,48,48,50,50],"damage_taken":[{"damage":3,"enemies":"Jaw Worm","floor":2,"turns":4},{"damage":0,"enemies":"Cultist","floor":4,"turns":4},{"damage":20,"enemies":"Lagavulin Event","floor":5,"turns":5},{"damage":13,"enemies":"downfall:FleeingMerchant","floor":6,"turns":4},{"damage":0,"enemies":"Small Slimes","floor":8,"turns":2},{"damage":0,"enemies":"3 Sentries","floor":9,"turns":5},{"damage":0,"enemies":"Blue Slaver","floor":11,"turns":2},{"damage":8,"enemies":"Lots of Slimes","floor":12,"turns":2},{"damage":1,"enemies":"Large Slime","floor":14,"turns":3},{"damage":10,"enemies":"Exordium Thugs","floor":15,"turns":3},{"damage":15,"enemies":"SI_SHIV_ARCHETYPE","floor":16,"turns":5},{"damage":3,"enemies":"Spheric Guardian","floor":19,"turns":2},{"damage":10,"enemies":"Centurion and Healer","floor":20,"turns":5},{"damage":8,"enemies":"downfall:FleeingMerchant","floor":23,"turns":4},{"damage":17,"enemies":"Slavers","floor":25,"turns":3},{"damage":0,"enemies":"Sentry and Sphere","floor":27,"turns":3},{"damage":14,"enemies":"Snake Plant","floor":28,"turns":3},{"damage":1,"enemies":"Centurion and Healer","floor":29,"turns":3},{"damage":0,"enemies":"Cultist and Chosen","floor":32,"turns":5},{"damage":33,"enemies":"IC_MUSHROOM_ARCHETYPE","floor":33,"turns":7},{"damage":10,"enemies":"3 Darklings","floor":36,"turns":2},{"damage":10,"enemies":"downfall:FleeingMerchant","floor":37,"turns":3},{"damage":11,"enemies":"3 Shapes","floor":40,"turns":2},{"damage":63,"enemies":"Giant Head","floor":43,"turns":8},{"damage":0,"enemies":"Maw","floor":45,"turns":5},{"damage":23,"enemies":"Spire Growth","floor":48,"turns":4},{"damage":0,"enemies":"Writhing Mass","floor":49,"turns":5},{"damage":83,"enemies":"WA_ARCHETYPE_DIVINITY","floor":50,"turns":5}],"seed_played":"800814617685560434","potions_obtained":[{"floor":2,"key":"DuplicationPotion"},{"floor":4,"key":"Strength Potion"},{"floor":8,"key":"Strength Potion"},{"floor":11,"key":"sneckomod:MuddlingPotion"},{"floor":12,"key":"EssenceOfSteel"},{"floor":14,"key":"GamblersBrew"},{"floor":20,"key":"Energy Potion"},{"floor":25,"key":"Swift Potion"},{"floor":29,"key":"DuplicationPotion"},{"floor":32,"key":"LiquidBronze"},{"floor":45,"key":"PowerPotion"},{"floor":48,"key":"AttackPotion"},{"floor":49,"key":"Energy Potion"}],"is_trial":false,"path_per_floor":["R","M","?","M","?","$","T","M","E","R","M","M","R","M","M","B",null,"R","M","M","?","?","$","T","E","R","M","M","M","R","?","M","B",null,"R","M","?","$","?","M","T","R","E","T","M","$","R","M","M","B"],"character_chosen":"SLIMEBOUND","items_purchased":["Slimebound:SplitAcid","expansioncontent:DashGenerateEvil","Mango","Mayhem","Slimebound:LeadByExample","Lee\u0027s Waffle","Slimebound:SlimeTap","Block Potion"],"campfire_rested":3,"item_purchase_floors":[6,6,37,37,38,38,38,46],"current_hp_per_floor":[65,65,65,65,46,36,36,36,36,36,36,29,48,48,39,26,65,65,62,52,52,52,47,47,33,33,33,20,20,39,65,65,34,65,65,55,59,86,86,75,75,75,15,15,27,27,52,42,52,0,0,0],"gold":53,"neow_bonus":"TWO_FIFTY_GOLD","is_daily":false,"chose_seed":false,"campfire_upgraded":6,"win_rate":0.0,"timestamp":1610860772,"path_taken":["R","M","?","?","?","$","T","M","E","R","M","M","R","M","M","BOSS","R","M","M","?","?","$","T","E","R","M","M","?","R","?","M","BOSS","R","M","?","$","?","M","T","R","E","?","?","$","R","M","M","BOSS"],"items_purchased_type":["Card","Card","Relic","Card","Card","Relic","Card","Potion"],"build_version":"2020-12-22","purchased_purges":4,"victory":false,"max_hp_per_floor":[65,65,65,65,65,65,65,65,65,65,65,65,65,65,65,65,65,65,65,65,65,65,65,65,65,65,65,65,65,65,65,65,65,65,65,65,79,86,86,86,86,86,86,86,86,86,86,86,86,86,86,86],"card_choices":[{"not_picked":["Slimebound:SlimeSpikes","Slimebound:SlimeBrawl","Slimebound:SlimeTap"],"picked":"SKIP","floor":2},{"not_picked":["Slimebound:LivingWall","Slimebound:SplitMire"],"picked":"Slimebound:SplitSpecialist","floor":4},{"not_picked":["Slimebound:BestDefense","Slimebound:LeechingTouch"],"picked":"Slimebound:ProtectTheBoss","floor":5},{"not_picked":["Slimebound:SplitSpecialist","Slimebound:HungryTackle"],"picked":"Slimebound:Overexert","floor":6},{"not_picked":["Slimebound:LivingWall","Slimebound:ItLooksTasty","Slimebound:HungryTackle"],"picked":"SKIP","floor":8},{"not_picked":["Slimebound:GoopSpray","Slimebound:Recycling"],"picked":"Slimebound:SlimeTap","floor":9},{"not_picked":["Slimebound:SpikyOuterGoop","Slimebound:PressTheAttack","Slimebound:GoopSpray"],"picked":"SKIP","floor":11},{"not_picked":["Slimebound:AcidTongue","Slimebound:FinishingTackle"],"picked":"Slimebound:SlimeBarrage","floor":12},{"not_picked":["Slimebound:PressTheAttack","Slimebound:GrowthPunch"],"picked":"Slimebound:SplitSpecialist","floor":14},{"not_picked":["Slimebound:LeechingTouch","Slimebound:Recollect","Slimebound:GoopSpray"],"picked":"SKIP","floor":15},{"not_picked":["Slimebound:SlimeSlap","Slimebound:MinionMaster"],"picked":"Slimebound:TagTeam","floor":16},{"not_picked":["Slimebound:TongueLash","Slimebound:Nibble","Slimebound:GrowthPunch"],"picked":"SKIP","floor":19},{"not_picked":["Slimebound:RollThrough+1","Slimebound:ProtectTheBoss"],"picked":"Slimebound:ServeAndProtect","floor":20},{"not_picked":["Slimebound:SlimeSpikes+1","Slimebound:GoopSpray","Slimebound:PressTheAttack"],"picked":"SKIP","floor":23},{"not_picked":["Slimebound:HauntingLick","Slimebound:LeechEnergy"],"picked":"Slimebound:SplitAcid","floor":25},{"not_picked":["Slimebound:ItLooksTasty","Slimebound:HauntingLick"],"picked":"Slimebound:SplitAcid","floor":27},{"not_picked":["Slimebound:WasteNot","Slimebound:Dissolve","Slimebound:SpikyOuterGoop+1"],"picked":"SKIP","floor":28},{"not_picked":["Slimebound:GrowthPunch","Slimebound:ForwardTackle"],"picked":"Slimebound:Prepare","floor":29},{"not_picked":["Slimebound:RollThrough","Slimebound:GoopSpray"],"picked":"Slimebound:FirmFortitude","floor":32},{"not_picked":["Slimebound:Overexert","Slimebound:FirmFortitude"],"picked":"Slimebound:MinionMaster","floor":33},{"not_picked":["Slimebound:Dissolve","Slimebound:LeechingTouch+1","Slimebound:LeechEnergy"],"picked":"SKIP","floor":36},{"not_picked":["Slimebound:TongueLash+1","Slimebound:HauntingLick+1"],"picked":"Slimebound:SplitBruiser+1","floor":37},{"not_picked":["Slimebound:SamplingLick+1","Slimebound:ComboTackle","Slimebound:ItLooksTasty+1"],"picked":"SKIP","floor":40},{"not_picked":["Slimebound:SplitBruiser","Slimebound:CheckThePlaybook","Slimebound:RollThrough+1"],"picked":"SKIP","floor":43},{"not_picked":["Slimebound:Recollect+1","Slimebound:Equalize","Slimebound:GoopTackle+1"],"picked":"SKIP","floor":45},{"not_picked":["Slimebound:LivingWall+1","Slimebound:SplitBruiser"],"picked":"Slimebound:SplitLeeching+1","floor":48},{"not_picked":["Slimebound:FinishingTackle+1","Slimebound:Schlurp","Slimebound:ItLooksTasty+1"],"picked":"SKIP","floor":49}],"player_experience":532381,"relics_obtained":[{"floor":7,"key":"Sundial"},{"floor":9,"key":"Whetstone"},{"floor":24,"key":"Letter Opener"},{"floor":25,"key":"Bag of Preparation"},{"floor":25,"key":"Pen Nib"},{"floor":41,"key":"Omamori"},{"floor":43,"key":"Meat on the Bone"},{"floor":43,"key":"White Beast Statue"},{"floor":44,"key":"Nunchaku"}],"event_choices":[],"is_beta":false,"boss_relics":[{"not_picked":["SacredBark","Empty Cage"],"picked":"Black Star"},{"not_picked":["Pandora\u0027s Box","Fusion Hammer"],"picked":"Philosopher\u0027s Stone"}],"items_purged_floors":[6,23,37,46],"is_endless":false,"potions_floor_spawned":[2,4,8,11,12,14,15,20,25,29,32,45,48,49],"killed_by":"WA_ARCHETYPE_DIVINITY","ascension_level":1}}