{"host":"y76clbnovzmw9ubx","time":1610891259,"event":{"mods":["AchievementEnabler","BaseMod","Minty Spire (QoL Compilation)","Permanent Neow","Relic Stats"],"gold_per_floor":[117,135,151,165,184,219,239,255,255,255,255,255,286,298,298,298,298],"floor_reached":16,"language":"ENG","playtime":1524,"items_purged":[],"score":232,"play_id":"5ec44af3-7489-4203-b82c-63bd200e2608","local_time":"20210117084739","is_ascension_mode":true,"campfire_choices":[{"floor":10,"key":"REST"},{"floor":12,"key":"REST"},{"data":"Cloak And Dagger","floor":15,"key":"SMITH"}],"circlet_count":0,"master_deck":["AscendersBane","Strike_G","Strike_G","Strike_G","Strike_G","Strike_G","Defend_G","Defend_G","Defend_G","Defend_G","Defend_G","Survivor","Neutralize","Deadly Poison","Dodge and Roll","Dagger Spray","Cloak And Dagger","Flying Knee","After Image","Blade Dance","Dodge and Roll","After Image","Cloak And Dagger+1"],"relics":["Ring of the Snake","Singing Bowl","InkBottle","Pantograph"],"acts_visited":["Exordium"],"potions_floor_usage":[13,14,16],"damage_taken":[{"damage":2,"enemies":"Jaw Worm","floor":1,"turns":4},{"damage":9,"enemies":"Small Slimes","floor":2,"turns":5},{"damage":0,"enemies":"2 Louse","floor":3,"turns":5},{"damage":4,"enemies":"Blue Slaver","floor":4,"turns":5},{"damage":10,"enemies":"Large Slime","floor":5,"turns":10},{"damage":20,"enemies":"3 Sentries","floor":6,"turns":11},{"damage":4,"enemies":"3 Louse","floor":7,"turns":4},{"damage":3,"enemies":"Looter","floor":8,"turns":4},{"damage":16,"enemies":"Lagavulin","floor":13,"turns":9},{"damage":0,"enemies":"Exordium Wildlife","floor":14,"turns":7},{"damage":54,"enemies":"Hexaghost","floor":16,"turns":15}],"seed_played":"-5021833953408933051","potions_obtained":[{"floor":5,"key":"Weak Potion"},{"floor":6,"key":"BlessingOfTheForge"},{"floor":7,"key":"DuplicationPotion"},{"floor":13,"key":"SpeedPotion"}],"is_trial":false,"path_per_floor":["M","M","M","M","M","E","M","M","T","R","?","R","E","M","R","B"],"character_chosen":"THE_SILENT","items_purchased":[],"campfire_rested":2,"item_purchase_floors":[],"current_hp_per_floor":[57,48,48,44,34,14,10,7,7,26,26,45,29,29,29,0,0],"gold":298,"neow_bonus":"THREE_CARDS","is_daily":false,"chose_seed":false,"campfire_upgraded":1,"win_rate":0.0,"timestamp":1610891259,"path_taken":["M","M","M","M","M","E","M","M","T","R","?","R","E","M","R","BOSS"],"items_purchased_type":[],"build_version":"2020-12-22","purchased_purges":0,"victory":false,"max_hp_per_floor":[66,66,66,66,66,66,66,66,66,66,66,66,66,66,66,66,66],"relic_stats":{"Singing Bowl":0,"counters":[11,79],"Pantograph":25,"obtain_stats":[{"Singing Bowl":6,"Pantograph":13,"InkBottle":9,"Ring of the Snake":0},{"Singing Bowl":6,"Pantograph":9,"InkBottle":8,"Ring of the Snake":0},{"Singing Bowl":40,"Pantograph":57,"InkBottle":48,"Ring of the Snake":0}],"InkBottle":[12],"Ring of the Snake":[22]},"card_choices":[{"not_picked":["Flying Knee","Quick Slash"],"picked":"Deadly Poison","floor":0},{"not_picked":["Acrobatics","Blade Dance","Underhanded Strike"],"picked":"SKIP","floor":1},{"not_picked":["Quick Slash","Blade Dance"],"picked":"Dodge and Roll","floor":2},{"not_picked":["Grand Finale","Distraction"],"picked":"Dagger Spray","floor":3},{"not_picked":["Bane","Tactician"],"picked":"Cloak And Dagger","floor":4},{"not_picked":["Prepared","Underhanded Strike"],"picked":"Flying Knee","floor":5},{"not_picked":["Reflex","Setup"],"picked":"After Image","floor":6},{"not_picked":["PiercingWail","Bane"],"picked":"Blade Dance","floor":7},{"not_picked":["Expertise","Acrobatics"],"picked":"Dodge and Roll","floor":8},{"not_picked":["Poisoned Stab","Leg Sweep"],"picked":"After Image","floor":13},{"not_picked":["Calculated Gamble","Terror"],"picked":"Cloak And Dagger","floor":14}],"player_experience":3074147,"relics_obtained":[{"floor":6,"key":"Singing Bowl"},{"floor":9,"key":"InkBottle"},{"floor":13,"key":"Pantograph"}],"event_choices":[{"damage_healed":0,"gold_gain":0,"player_choice":"Ignored","damage_taken":0,"max_hp_gain":0,"max_hp_loss":0,"event_name":"Liars Game","floor":11,"gold_loss":0}],"is_beta":false,"boss_relics":[],"items_purged_floors":[],"is_endless":false,"potions_floor_spawned":[5,6,7,13],"killed_by":"Hexaghost","ascension_level":20}}