{"host":"ijcc764tftnz8swj","time":1610868155,"event":{"mods":["ATMod(阿瑾Mod)","BaseMod","Challenge The Spire","Lobotomy","Luminous","Marisa（F雨　魔理沙）","Marked Mod","Minty Spire (QoL Compilation)","Reimu（博丽灵梦）","Remilia（蕾米莉亚）","RumiaBox-露米娅的神秘盒子","SIMod","SOS（斯巴达之子）","Spicy Shops","StSLib","Td1madao Mod","TestMod","The Administrix","The Gatherer","Waifu the Spire","WarShipGirlsR/战舰少女R mod","Yakumo Yukari mod","【遗物卡牌】REMEMod"],"gold_per_floor":[112,8,23,33,53,53,53,65,91,123,123,92,92,92,92,188,188,203,216,66,66,89,117,117,117,141,141,141,141],"floor_reached":27,"language":"ZHS","playtime":1349,"items_purged":[],"score":331,"play_id":"2f120319-b2d9-4b49-8ff7-70a50bf349fd","local_time":"20210117152235","is_ascension_mode":false,"metric_token":1493,"campfire_choices":[{"data":"Gatherer:HeartToFruit","floor":6,"key":"SMITH"},{"data":"Gatherer:FlowerWhip","floor":13,"key":"SMITH"},{"data":"Gatherer:FlowerWhip+2","floor":15,"key":"SMITH"},{"data":"Gatherer:FinishingStrike","floor":24,"key":"SMITH"}],"circlet_count":0,"master_deck":["Gatherer:Strike_Gatherer","Gatherer:Strike_Gatherer","Gatherer:Strike_Gatherer","Gatherer:Strike_Gatherer","Gatherer:Strike_Gatherer","Gatherer:Defend_Gatherer","Gatherer:Defend_Gatherer","Gatherer:Defend_Gatherer","Gatherer:Defend_Gatherer","Gatherer:Defend_Gatherer","Gatherer:Centralize","Gatherer:FlowerWhip+3","Gatherer:HeartToFruit+1","Gatherer:BigPouch","Gatherer:Enchant","Gatherer:Polymorphism","Gatherer:ScentOfRosmari","Gatherer:Solidify","TakeTheLead","Gatherer:TacticalStrike","Gatherer:TacticalStrike","Gatherer:FinishingStrike+1","Gatherer:FragileHammer","Gatherer:RecoveryHerb","Gatherer:AromaProtection+1","Apotheosis","Gatherer:FlowerBeam"],"relics":["Gatherer:AlchemyBag","testmod-TestBox","AT_ATBox","REME_ComplimentaryCards","Baka","Tiny Chest","Calipers","AddBug","testmod-TestBox","AT_SpeedBoots","MutagenicStrength","Oddly Smooth Stone","Nunchaku","AT_RedTearstoneRing"],"acts_visited":["Exordium","TheCity"],"potions_floor_usage":[2,12,12,16,27],"damage_taken":[{"damage":2,"enemies":"Cultist","floor":1,"turns":4},{"damage":7,"enemies":"Small Slimes","floor":3,"turns":4},{"damage":1,"enemies":"2 Louse","floor":4,"turns":2},{"damage":6,"enemies":"Large Slime","floor":5,"turns":7},{"damage":14,"enemies":"3 Louse","floor":8,"turns":3},{"damage":32,"enemies":"Gremlin Nob","floor":10,"turns":5},{"damage":14,"enemies":"Exordium Thugs","floor":12,"turns":5},{"damage":33,"enemies":"Hexaghost","floor":16,"turns":9},{"damage":0,"enemies":"Spheric Guardian","floor":18,"turns":2},{"damage":44,"enemies":"2 Thieves","floor":19,"turns":4},{"damage":52,"enemies":"Gremlin Leader","floor":23,"turns":10},{"damage":37,"enemies":"REME_1_Revenger","floor":27,"turns":2}],"seed_played":"-3075891403157408239","potions_obtained":[{"floor":3,"key":"Ancient Potion"},{"floor":4,"key":"DistilledChaos"},{"floor":8,"key":"PowerPotion"},{"floor":23,"key":"testmod-SpacePotion"}],"is_trial":false,"path_per_floor":["M","$","M","M","M","R","$","M","T","E","T","M","R","?","R","B",null,"M","M","$","?","T","E","R","?","T","E"],"character_chosen":"THE_GATHERER","items_purchased":["Fruit Juice","AT_SpeedBoots"],"campfire_rested":0,"item_purchase_floors":[2,20],"current_hp_per_floor":[52,57,53,55,92,92,92,89,89,57,57,47,47,47,47,14,100,100,66,66,66,66,19,19,19,19,0,0,0],"gold":141,"neow_bonus":"THREE_RARE_CARDS","is_daily":false,"chose_seed":false,"campfire_upgraded":4,"win_rate":0.0,"timestamp":1610868155,"path_taken":["M","$","M","?","M","R","$","?","T","E","?","M","R","?","R","BOSS","M","M","$","?","?","E","R","?","T","E"],"items_purchased_type":["Potion","Relic"],"build_version":"2020-12-22","purchased_purges":0,"victory":false,"max_hp_per_floor":[75,80,83,86,92,92,92,96,96,96,96,100,100,100,100,100,100,100,110,110,110,110,110,110,110,110,110,110,110],"card_choices":[{"not_picked":["Gatherer:BlackTea","Gatherer:GrowBook"],"picked":"Gatherer:HeartToFruit","floor":0},{"not_picked":["Gatherer:Snatch","Gatherer:QuickSynthesis"],"picked":"Gatherer:BigPouch","floor":1},{"not_picked":["Gatherer:WoolGloves","Gatherer:UpgradeBag"],"picked":"Gatherer:Enchant","floor":3},{"not_picked":["Gatherer:CollectorsShot","Gatherer:WoolGloves"],"picked":"Gatherer:Polymorphism","floor":4},{"not_picked":["Gatherer:EchoOfNature","Gatherer:CollectorsShot"],"picked":"Gatherer:ScentOfRosmari","floor":5},{"not_picked":["Gatherer:FragileHammer","Gatherer:ScrollOfWall"],"picked":"Gatherer:Solidify","floor":8},{"not_picked":["Gatherer:FlowerFalling","Gatherer:GlowingPlant"],"picked":"Gatherer:TacticalStrike","floor":10},{"not_picked":["Gatherer:Snatch","Gatherer:FlowerBeam"],"picked":"Gatherer:TacticalStrike","floor":12},{"not_picked":["Gatherer:Photoscythe","Gatherer:ColorfulGarden"],"picked":"Gatherer:FinishingStrike","floor":16},{"not_picked":["Gatherer:Liquidism","Gatherer:Snatch"],"picked":"Gatherer:FragileHammer","floor":18},{"not_picked":["Gatherer:WoolGloves+1","Gatherer:Solidify"],"picked":"Gatherer:RecoveryHerb","floor":19},{"not_picked":["Gatherer:ScherryThrow","Gatherer:Solidify"],"picked":"Gatherer:AromaProtection+1","floor":23}],"player_experience":315952,"relics_obtained":[{"floor":1,"key":"Baka"},{"floor":10,"key":"Tiny Chest"},{"floor":11,"key":"Calipers"},{"floor":18,"key":"testmod-TestBox"},{"floor":22,"key":"Oddly Smooth Stone"},{"floor":23,"key":"Nunchaku"},{"floor":26,"key":"AT_RedTearstoneRing"}],"event_choices":[{"damage_healed":0,"gold_gain":0,"player_choice":"Grow","damage_taken":0,"max_hp_gain":0,"max_hp_loss":0,"event_name":"Living Wall","floor":14,"gold_loss":0,"cards_upgraded":["Gatherer:FlowerWhip"]},{"damage_healed":0,"gold_gain":0,"player_choice":"Inject Mutagens","damage_taken":0,"relics_obtained":["MutagenicStrength"],"max_hp_gain":0,"max_hp_loss":0,"event_name":"Drug Dealer","floor":21,"gold_loss":0}],"is_beta":false,"boss_relics":[{"not_picked":["testmod-IncinerationGenerator","REME_DemonsWealth"],"picked":"AddBug"}],"items_purged_floors":[],"is_endless":false,"potions_floor_spawned":[3,4,8,23],"killed_by":"REME_1_Revenger","ascension_level":0}}