{"host":"o8ich17pcr9p9m1c","time":1610892853,"event":{"mods":["Ascension Unlocker","BaseMod","Block Reminder","Colored Map","Colored Powertips","DeckTracker","Highlight Path","Minty Spire (QoL Compilation)","Quick Restart","Random Character Button","StSLib","SuperFastMode","UnlockEverythingMod"],"gold_per_floor":[117,128,128,143,155,155,230,230,230,230,248,248,279,322,322,396,396,409,409,427,427,427],"floor_reached":21,"language":"JPN","playtime":6280,"items_purged":[],"score":362,"play_id":"5398ad57-b320-417a-913b-33948a504980","local_time":"20210117231413","is_ascension_mode":true,"campfire_choices":[{"data":"CutThroughFate","floor":6,"key":"SMITH"},{"data":"FlyingSleeves","floor":8,"key":"SMITH"},{"data":"Vigilance","floor":10,"key":"SMITH"},{"data":"EmptyFist","floor":15,"key":"SMITH"}],"circlet_count":0,"master_deck":["AscendersBane","Eruption","Vigilance+1","FlyingSleeves+1","EmptyFist+1","Prostrate","CutThroughFate+1","Pray","Wish","Perseverance","Brilliance","LikeWater","Devotion","InnerPeace","FollowUp","Prostrate","TalkToTheHand","Omniscience","Tantrum","Pray","Necronomicurse"],"relics":["PureWater","CloakClasp","Incense Burner","Juzu Bracelet","Pandora\u0027s Box","Necronomicon"],"acts_visited":["Exordium","TheCity"],"potions_floor_usage":[13,14,18,21],"damage_taken":[{"damage":0,"enemies":"2 Louse","floor":1,"turns":2},{"damage":0,"enemies":"Cultist","floor":2,"turns":2},{"damage":10,"enemies":"Small Slimes","floor":4,"turns":4},{"damage":1,"enemies":"Looter","floor":5,"turns":3},{"damage":0,"enemies":"Large Slime","floor":11,"turns":2},{"damage":10,"enemies":"3 Sentries","floor":13,"turns":11},{"damage":0,"enemies":"Exordium Wildlife","floor":14,"turns":5},{"damage":22,"enemies":"Slime Boss","floor":16,"turns":13},{"damage":25,"enemies":"Chosen","floor":18,"turns":5},{"damage":0,"enemies":"Spheric Guardian","floor":20,"turns":2},{"damage":24,"enemies":"Masked Bandits","floor":21,"turns":2}],"seed_played":"5606839524406648564","potions_obtained":[{"floor":4,"key":"Energy Potion"},{"floor":11,"key":"StancePotion"},{"floor":13,"key":"EssenceOfSteel"},{"floor":16,"key":"Swift Potion"},{"floor":20,"key":"Explosive Potion"}],"is_trial":false,"path_per_floor":["M","M","?","M","M","R","?","R","T","R","M","?","E","M","R","B",null,"M","?","M","?"],"character_chosen":"WATCHER","items_purchased":[],"campfire_rested":0,"item_purchase_floors":[],"current_hp_per_floor":[43,43,78,68,67,67,56,56,56,56,56,51,41,41,41,19,63,38,17,17,0,0],"gold":427,"neow_bonus":"THREE_RARE_CARDS","is_daily":false,"chose_seed":false,"campfire_upgraded":4,"win_rate":0.0,"timestamp":1610892853,"path_taken":["M","M","?","M","?","R","?","R","T","R","M","?","E","M","R","BOSS","M","?","M","?"],"items_purchased_type":[],"build_version":"2020-12-22","purchased_purges":0,"victory":false,"max_hp_per_floor":[68,68,78,78,78,78,78,78,78,78,78,78,78,78,78,78,78,78,78,78,78,78],"card_choices":[{"not_picked":["Vault","Omniscience"],"picked":"Judgement","floor":0},{"not_picked":["ClearTheMind","DeceiveReality"],"picked":"FlyingSleeves","floor":1},{"not_picked":["Protect","Sanctity"],"picked":"EmptyFist","floor":2},{"not_picked":["Nirvana","Establishment"],"picked":"Prostrate","floor":4},{"not_picked":["EmptyMind","FlyingSleeves"],"picked":"CutThroughFate","floor":5},{"not_picked":["PathToVictory","ClearTheMind"],"picked":"Pray","floor":11},{"not_picked":["DeceiveReality","Evaluate"],"picked":"Wish","floor":13},{"not_picked":["FlyingSleeves","JustLucky"],"picked":"Perseverance","floor":14},{"not_picked":["ConjureBlade","DevaForm"],"picked":"Brilliance","floor":16},{"not_picked":["PathToVictory","EmptyFist"],"picked":"Pray","floor":18},{"not_picked":["Crescendo","CarveReality","FollowUp"],"picked":"SKIP","floor":20}],"player_experience":6966,"relics_obtained":[{"floor":9,"key":"CloakClasp"},{"floor":13,"key":"Juzu Bracelet"},{"floor":19,"key":"Necronomicon"}],"event_choices":[{"cards_removed":["Judgement"],"damage_healed":25,"gold_gain":0,"player_choice":"Offered Rare","damage_taken":0,"max_hp_gain":10,"max_hp_loss":0,"event_name":"Bonfire Elementals","floor":3,"gold_loss":0},{"damage_healed":0,"gold_gain":75,"player_choice":"Gather Gold","damage_taken":11,"max_hp_gain":0,"max_hp_loss":0,"event_name":"World of Goop","floor":7,"gold_loss":0},{"damage_healed":0,"gold_gain":0,"player_choice":"Success","damage_taken":5,"relics_obtained":["Incense Burner"],"max_hp_gain":0,"max_hp_loss":0,"event_name":"Scrap Ooze","floor":12,"gold_loss":0},{"damage_healed":0,"gold_gain":0,"player_choice":"Obtained Book","damage_taken":21,"max_hp_gain":0,"max_hp_loss":0,"event_name":"Cursed Tome","floor":19,"gold_loss":0},{"damage_healed":0,"gold_gain":0,"player_choice":"Fought Bandits","damage_taken":0,"max_hp_gain":0,"max_hp_loss":0,"event_name":"Masked Bandits","floor":21,"gold_loss":0}],"is_beta":false,"boss_relics":[{"not_picked":["Empty Cage","Sozu"],"picked":"Pandora\u0027s Box"}],"items_purged_floors":[],"is_endless":false,"potions_floor_spawned":[4,11,13,16,20],"killed_by":"Masked Bandits","ascension_level":20}}