{"host":"g8ufh7m4frdlkxwv","time":1610911004,"event":{"mods":["AchievementEnabler","BaseMod","Colored Map","Dark Map","Minty Spire (QoL Compilation)","Relic Stats","StSLib","ojb\u0027s Info Mod"],"gold_per_floor":[109,123,138,155,168,194,194,221,221,221,221,232,293,293,293],"floor_reached":14,"language":"ENG","playtime":834,"items_purged":[],"score":204,"play_id":"1c56c4e0-ca1a-4b2a-80d1-c71abc673743","local_time":"20210117201644","is_ascension_mode":true,"campfire_choices":[{"floor":11,"key":"REST"}],"circlet_count":0,"master_deck":["AscendersBane","Strike_G","Strike_G","Strike_G","Strike_G","Defend_G","Defend_G","Defend_G","Defend_G","Survivor","Neutralize","Distraction","Storm of Steel+1","Leg Sweep","All Out Attack","Poisoned Stab","Noxious Fumes","Malaise","Backflip","Malaise","Crippling Poison+1"],"relics":["Ring of the Snake","Boot","Peace Pipe","Toxic Egg 2"],"acts_visited":["Exordium"],"potions_floor_usage":[6,14],"damage_taken":[{"damage":10.0,"enemies":"Cultist","floor":1.0,"turns":5.0},{"damage":0.0,"enemies":"2 Louse","floor":2.0,"turns":4.0},{"damage":2.0,"enemies":"Jaw Worm","floor":3.0,"turns":6.0},{"damage":1.0,"enemies":"Looter","floor":4.0,"turns":4.0},{"damage":9.0,"enemies":"Exordium Thugs","floor":5.0,"turns":6.0},{"damage":11,"enemies":"Gremlin Nob","floor":6,"turns":3},{"damage":17,"enemies":"Lagavulin","floor":8,"turns":8},{"damage":3,"enemies":"Exordium Wildlife","floor":12,"turns":7},{"damage":24,"enemies":"Gremlin Nob","floor":14,"turns":3}],"seed_played":"-4672990783017500679","potions_obtained":[{"floor":1.0,"key":"SteroidPotion"},{"floor":2.0,"key":"FearPotion"},{"floor":8,"key":"SpeedPotion"},{"floor":12,"key":"Fruit Juice"}],"is_trial":false,"path_per_floor":["M","M","M","M","M","E","?","E","T","?","R","M","?","E"],"character_chosen":"THE_SILENT","items_purchased":[],"campfire_rested":1,"item_purchase_floors":[],"current_hp_per_floor":[49,49,47,46,37,26,26,9,9,4,22,19,19,0,0],"gold":293,"neow_bonus":"TRANSFORM_TWO_CARDS","is_daily":false,"chose_seed":false,"campfire_upgraded":0,"win_rate":0.0,"timestamp":1610911004,"path_taken":["M","M","M","?","M","E","?","E","T","?","R","M","?","E"],"items_purchased_type":[],"build_version":"2020-12-22","purchased_purges":0,"victory":false,"max_hp_per_floor":[60,60,60,60,60,60,60,60,60,60,60,60,60,65,65],"relic_stats":{"Peace Pipe":0,"counters":[9,46],"Boot":[36],"obtain_stats":[{"Peace Pipe":8,"Toxic Egg 2":9,"Boot":6,"Ring of the Snake":0},{"Peace Pipe":7,"Toxic Egg 2":7,"Boot":6,"Ring of the Snake":0},{"Peace Pipe":36,"Toxic Egg 2":36,"Boot":28,"Ring of the Snake":0}],"Ring of the Snake":[18]},"card_choices":[{"not_picked":["Flechettes","Cloak And Dagger"],"picked":"Leg Sweep","floor":1.0},{"not_picked":["Skewer","Deflect"],"picked":"All Out Attack","floor":2.0},{"not_picked":["Catalyst","Masterful Stab"],"picked":"Poisoned Stab","floor":3.0},{"not_picked":["Heel Hook","Tactician"],"picked":"Noxious Fumes","floor":4.0},{"not_picked":["Poisoned Stab","Caltrops"],"picked":"Malaise","floor":5.0},{"not_picked":["Underhanded Strike","Flying Knee"],"picked":"Backflip","floor":6},{"not_picked":["Well Laid Plans","Finisher"],"picked":"Malaise","floor":8},{"not_picked":["Dagger Throw","Deadly Poison+1"],"picked":"Crippling Poison+1","floor":12}],"player_experience":1041700,"relics_obtained":[{"floor":6,"key":"Boot"},{"floor":8,"key":"Peace Pipe"},{"floor":9,"key":"Toxic Egg 2"}],"event_choices":[{"damage_healed":0,"gold_gain":0,"player_choice":"Grow","damage_taken":0,"max_hp_gain":0,"max_hp_loss":0,"event_name":"Living Wall","floor":7,"gold_loss":0,"cards_upgraded":["Storm of Steel"]},{"damage_healed":0,"gold_gain":0,"player_choice":"Fled","damage_taken":5,"max_hp_gain":0,"max_hp_loss":0,"event_name":"Scrap Ooze","floor":10,"gold_loss":0},{"damage_healed":0,"gold_gain":61,"player_choice":"Gained Gold","damage_taken":0,"max_hp_gain":0,"max_hp_loss":0,"event_name":"Golden Wing","floor":13,"gold_loss":0}],"is_beta":false,"boss_relics":[],"items_purged_floors":[],"is_endless":false,"potions_floor_spawned":[1,2,4,8,12],"killed_by":"Gremlin Nob","ascension_level":20}}