{"host":"w0w6jcqjdtkzk2bw","time":1610895601,"event":{"mods":["AchievementEnabler","BaseMod","Bestiary","Block Reminder","Colored Map","Colored Powertips","Filter the Spire","Highlight Path","Minty Spire (QoL Compilation)","Permanent Neow","Quick Restart","Relic Stats","StSLib","Synergy Search"],"gold_per_floor":[218,234,12,27,27,27,47,47,47,47,22,22,48,61,61,161,161,177,187,187,43,43,43,43,43],"floor_reached":24,"language":"ENG","playtime":1596,"items_purged":[],"score":268,"play_id":"b7af6220-b790-42fc-9582-f3117c511948","local_time":"20210117100001","is_ascension_mode":true,"campfire_choices":[{"data":"Mayhem","floor":6,"key":"SMITH"},{"floor":8,"key":"REST"},{"floor":10,"key":"REST"},{"floor":15,"key":"REST"},{"floor":23,"key":"REST"}],"circlet_count":0,"master_deck":["Defend_B","Defend_B","Defend_B+1","Defend_B","Zap","Dualcast","Storm","Leap","Turbo","Mayhem+1","Turbo","Creative AI","Streamline","Regret","Consume","Redo","Machine Learning","Barrage+1","Bite","Bite","Bite","Bite","Bite","Decay"],"relics":["Cracked Core","Blue Candle","CaptainsWheel","Symbiotic Virus","Inserter","Lantern"],"acts_visited":["Exordium","TheCity"],"potions_floor_usage":[16,20],"damage_taken":[{"damage":3,"enemies":"2 Louse","floor":1,"turns":3},{"damage":3,"enemies":"Jaw Worm","floor":2,"turns":5},{"damage":16,"enemies":"Cultist","floor":4,"turns":4},{"damage":28,"enemies":"Exordium Wildlife","floor":7,"turns":5},{"damage":26,"enemies":"3 Sentries","floor":13,"turns":5},{"damage":13,"enemies":"2 Fungi Beasts","floor":14,"turns":5},{"damage":9,"enemies":"Slime Boss","floor":16,"turns":7},{"damage":13,"enemies":"Spheric Guardian","floor":18,"turns":4},{"damage":35,"enemies":"2 Thieves","floor":19,"turns":5},{"damage":51,"enemies":"Book of Stabbing","floor":24,"turns":5}],"seed_played":"-832210726459152082","potions_obtained":[{"floor":1,"key":"LiquidBronze"},{"floor":7,"key":"LiquidMemories"},{"floor":14,"key":"Fruit Juice"}],"is_trial":false,"path_per_floor":["M","M","$","M","?","R","M","R","T","R","$","?","E","M","R","B",null,"M","M","?","$","?","R","E"],"character_chosen":"DEFECT","items_purchased":["Turbo","Mayhem","Streamline","Lantern"],"campfire_rested":4,"item_purchase_floors":[3,3,11,21],"current_hp_per_floor":[72,69,69,53,38,38,10,32,32,54,54,54,28,15,37,28,63,50,15,20,20,20,37,0,0],"gold":43,"neow_bonus":"HUNDRED_GOLD","is_daily":false,"chose_seed":false,"campfire_upgraded":1,"win_rate":0.0,"timestamp":1610895601,"path_taken":["M","M","$","M","?","R","M","R","T","R","$","?","E","M","R","BOSS","M","M","?","$","?","R","E"],"items_purchased_type":["Card","Card","Card","Relic"],"build_version":"2020-12-22","purchased_purges":0,"victory":false,"max_hp_per_floor":[75,75,75,75,75,75,75,75,75,75,75,75,75,75,75,75,75,75,75,57,57,57,57,57,57],"relic_stats":{"Inserter":[7],"counters":[10,48],"Blue Candle":[7],"obtain_stats":[{"CaptainsWheel":12,"Lantern":21,"Inserter":17,"Blue Candle":9,"Cracked Core":0,"Symbiotic Virus":13},{"CaptainsWheel":4,"Lantern":9,"Inserter":7,"Blue Candle":4,"Cracked Core":0,"Symbiotic Virus":5},{"CaptainsWheel":17,"Lantern":43,"Inserter":34,"Blue Candle":17,"Cracked Core":0,"Symbiotic Virus":22}]},"card_choices":[{"not_picked":["Rip and Tear","Chill"],"picked":"Storm","floor":1},{"not_picked":["Redo","Stack"],"picked":"Leap","floor":2},{"not_picked":["Compile Driver","Steam"],"picked":"Turbo","floor":4},{"not_picked":["Redo","Go for the Eyes"],"picked":"Creative AI","floor":7},{"not_picked":["Barrage","Genetic Algorithm"],"picked":"Consume","floor":13},{"not_picked":["Go for the Eyes","Sunder"],"picked":"Redo","floor":14},{"not_picked":["Hyperbeam","Creative AI"],"picked":"Machine Learning","floor":16},{"not_picked":["Turbo","Ball Lightning","Scrape"],"picked":"SKIP","floor":18},{"not_picked":["Melter","Reprogram"],"picked":"Barrage+1","floor":19}],"player_experience":204661,"relics_obtained":[{"floor":9,"key":"Blue Candle"},{"floor":13,"key":"Symbiotic Virus"}],"event_choices":[{"damage_healed":0,"gold_gain":0,"player_choice":"Entered Light","damage_taken":15,"max_hp_gain":0,"max_hp_loss":0,"event_name":"Shining Light","floor":5,"gold_loss":0,"cards_upgraded":["Defend_B","Strike_B"]},{"damage_healed":0,"gold_gain":0,"player_choice":"Box","damage_taken":0,"relics_obtained":["CaptainsWheel"],"max_hp_gain":0,"max_hp_loss":0,"event_name":"Big Fish","floor":12,"gold_loss":0,"cards_obtained":["Regret"]},{"damage_healed":0,"gold_gain":0,"player_choice":"Became a vampire","damage_taken":0,"max_hp_gain":0,"max_hp_loss":23,"event_name":"Vampires","floor":20,"gold_loss":0,"cards_obtained":["Bite","Bite","Bite","Bite","Bite"]},{"damage_healed":0,"gold_gain":0,"player_choice":"Smashed Altar","damage_taken":0,"max_hp_gain":0,"max_hp_loss":0,"event_name":"Forgotten Altar","floor":22,"gold_loss":0,"cards_obtained":["Decay"]}],"is_beta":false,"boss_relics":[{"not_picked":["SacredBark","Sozu"],"picked":"Inserter"}],"items_purged_floors":[],"is_endless":false,"potions_floor_spawned":[1,7,14],"killed_by":"Book of Stabbing","ascension_level":5}}