{"host":"Qube","time":1610909125,"event":{"mods":["AchievementEnabler","BaseMod","Colored Map","Colored Powertips","Minty Spire (QoL Compilation)","Quick Restart","Random Character Button","StSLib"],"gold_per_floor":[112,132,132,142,158,158,233,233,233,233,267,267,294,312,312,312,312],"floor_reached":16,"language":"ENG","playtime":493,"items_purged":[],"score":220,"play_id":"7f541f8a-6ce4-41d6-ad78-f6bb44d02525","local_time":"20210117104525","is_ascension_mode":true,"campfire_choices":[{"data":"Eruption","floor":6.0,"key":"SMITH"},{"data":"FlurryOfBlows","floor":8.0,"key":"SMITH"},{"data":"SignatureMove","floor":10.0,"key":"SMITH"},{"floor":15,"key":"REST"}],"circlet_count":0,"master_deck":["AscendersBane","Strike_P","Strike_P","Strike_P","Strike_P","Defend_P","Defend_P","Defend_P","Eruption+1","Vigilance","SignatureMove+1","Crescendo","PathToVictory","FlurryOfBlows+1","Swivel","DevaForm","Swivel"],"relics":["PureWater","NeowsBlessing","Dream Catcher","Molten Egg 2","Darkstone Periapt"],"acts_visited":["Exordium"],"potions_floor_usage":[14],"damage_taken":[{"damage":0.0,"enemies":"Cultist","floor":1.0,"turns":1.0},{"damage":0.0,"enemies":"Small Slimes","floor":2.0,"turns":2.0},{"damage":0.0,"enemies":"2 Louse","floor":4.0,"turns":1.0},{"damage":17.0,"enemies":"Gremlin Gang","floor":5.0,"turns":5.0},{"damage":25.0,"enemies":"3 Sentries","floor":11.0,"turns":6.0},{"damage":9.0,"enemies":"Lagavulin","floor":13.0,"turns":7.0},{"damage":0,"enemies":"Exordium Thugs","floor":14,"turns":2},{"damage":32,"enemies":"Hexaghost","floor":16,"turns":7}],"seed_played":"-8417974395878230063","potions_obtained":[{"floor":1.0,"key":"BottledMiracle"},{"floor":4.0,"key":"Swift Potion"},{"floor":5.0,"key":"SpeedPotion"},{"floor":13.0,"key":"Fire Potion"}],"is_trial":false,"path_per_floor":["M","M","?","M","M","R","?","R","T","R","E","?","E","M","R","B"],"character_chosen":"WATCHER","items_purchased":[],"campfire_rested":1,"item_purchase_floors":[],"current_hp_per_floor":[61,61,66,66,49,49,49,49,49,49,24,24,15,15,36,4,4],"gold":312,"neow_bonus":"THREE_ENEMY_KILL","is_daily":false,"chose_seed":false,"campfire_upgraded":3,"win_rate":0.0,"timestamp":1610909125,"path_taken":["M","M","?","M","M","R","?","R","T","R","E","?","E","?","R","BOSS"],"items_purchased_type":[],"build_version":"2020-12-18","purchased_purges":0,"victory":false,"max_hp_per_floor":[68,68,73,73,73,73,73,73,73,73,73,73,73,73,73,73,73],"card_choices":[{"not_picked":["Sanctity","SashWhip"],"picked":"SignatureMove","floor":1.0},{"not_picked":["Wireheading","EmptyMind"],"picked":"Crescendo","floor":2.0},{"not_picked":["Worship","WaveOfTheHand"],"picked":"PathToVictory","floor":4.0},{"not_picked":["FollowUp","EmptyFist"],"picked":"FlurryOfBlows","floor":5.0},{"not_picked":["WaveOfTheHand","Prostrate"],"picked":"Swivel","floor":11.0},{"not_picked":["Consecrate+1","CutThroughFate+1","Weave+1"],"picked":"SKIP","floor":13.0},{"not_picked":["JustLucky+1","FlyingSleeves+1","Wish"],"picked":"SKIP","floor":14},{"not_picked":["JustLucky+1","SashWhip+1"],"picked":"Swivel","floor":15}],"player_experience":910884,"relics_obtained":[{"floor":9.0,"key":"Dream Catcher"},{"floor":11.0,"key":"Molten Egg 2"},{"floor":13.0,"key":"Darkstone Periapt"}],"event_choices":[{"damage_healed":0.0,"max_hp_gain":5.0,"max_hp_loss":0.0,"gold_gain":0.0,"event_name":"Big Fish","player_choice":"Donut","floor":3.0,"gold_loss":0.0,"damage_taken":0.0},{"damage_healed":0.0,"max_hp_gain":0.0,"max_hp_loss":0.0,"gold_gain":75.0,"event_name":"Golden Wing","player_choice":"Gained Gold","floor":7.0,"gold_loss":0.0,"damage_taken":0.0},{"damage_healed":0.0,"max_hp_gain":0.0,"max_hp_loss":0.0,"gold_gain":0.0,"cards_transformed":["Defend_P"],"event_name":"Transmorgrifier","player_choice":"Transformed","floor":12.0,"gold_loss":0.0,"damage_taken":0.0,"cards_obtained":["DevaForm"]}],"is_beta":true,"boss_relics":[],"items_purged_floors":[],"is_endless":false,"potions_floor_spawned":[1,4,5,13],"killed_by":"Hexaghost","ascension_level":20}}