{"host":"lh9qfzqeqctr28d2","time":1610878770,"event":{"mods":["BaseMod","CapriCore","Luminous","Minty Spire (QoL Compilation)","Quick Restart","Relic Stats","Remilia£®¿Ÿ√◊¿Ú—«£©","StSLib","Yakumo Yukari mod"],"gold_per_floor":[117,117,292,292,292,326,360,360,360,372,372,372,115,135,135,231,281,291,291,308,52,52,86,105,105,156,156,156,185,203,233,233,333,333,343,354,364,127,127,127,138,138,165,183,216,216,242,256,256,256],"floor_reached":51,"language":"ZHS","playtime":3138,"items_purged":["Regret","Doubt"],"score":1208,"play_id":"ac5a5b44-1cb2-41f1-add9-0f1b0cbe8adf","local_time":"20210117181930","is_ascension_mode":true,"campfire_choices":[{"data":"TransientEternity","floor":8.0,"key":"SMITH"},{"floor":11.0,"key":"REST"},{"data":"Apotheosis","floor":15.0,"key":"SMITH"},{"floor":25.0,"key":"REST"},{"data":"ScarletImprint","floor":32.0,"key":"SMITH"},{"data":"ScarletSymphony","floor":40.0,"key":"SMITH"},{"floor":42.0,"key":"REST"},{"data":"ScarletCoffin","floor":49.0,"key":"SMITH"}],"circlet_count":0,"master_deck":["Strike_RM+1","Strike_RM","Strike_RM+1","Strike_RM+1","Defend_RM+1","Defend_RM+1","Defend_RM+1","Defend_RM+1","RedMoon","ScarletShoot+1","ScarletCoffin+1","TransientEternity+1","StarOfDavid","Apotheosis+1","ReincarnationDial","BloodHunter","LeisurelyOfLord+1","ScarletSymphony+1","ScarletImprint+1","BombardNight+1","HunterOfTheNight+1","UnstableMagic+1","FitfulNightmare","ScarletDream+1","UnderTheZenith+1","ScarletImprint+1","DiffusionOfMisfortune+1"],"relics":["ScarletHat","NeowsBlessing","StoneCalendar","Pear","WingedGreaves","Matryoshka","Vajra","Dream Catcher","Gambling Chip","Omamori","Art of War","War Paint","Tiny House","Regal Pillow","Boot","ScarletDevilRocket","Juzu Bracelet","The Courier","Enchiridion","Ancient Tea Set","Pantograph","Bag of Preparation","Busted Crown","Anchor","Orichalcum","PreservedInsect","Nunchaku","Whetstone"],"acts_visited":["Exordium","TheCity","TheBeyond"],"potions_floor_usage":[50,50],"damage_taken":[{"damage":0.0,"enemies":"2 Louse","floor":1.0,"turns":2.0},{"damage":0.0,"enemies":"Gremlin Nob","floor":6.0,"turns":1.0},{"damage":7.0,"enemies":"3 Sentries","floor":7.0,"turns":5.0},{"damage":1.0,"enemies":"Jaw Worm","floor":10.0,"turns":3.0},{"damage":0.0,"enemies":"Small Slimes","floor":14.0,"turns":3.0},{"damage":19.0,"enemies":"The Guardian","floor":16.0,"turns":11.0},{"damage":8.0,"enemies":"Chosen","floor":18.0,"turns":3.0},{"damage":1.0,"enemies":"Shell Parasite","floor":20.0,"turns":5.0},{"damage":35.0,"enemies":"Book of Stabbing","floor":23.0,"turns":6.0},{"damage":0.0,"enemies":"Snake Plant","floor":24.0,"turns":3.0},{"damage":0.0,"enemies":"Slavers","floor":29.0,"turns":2.0},{"damage":0.0,"enemies":"Snecko","floor":30.0,"turns":5.0},{"damage":15.0,"enemies":"Book of Stabbing","floor":31.0,"turns":3.0},{"damage":10.0,"enemies":"Collector","floor":33.0,"turns":7.0},{"damage":0.0,"enemies":"3 Shapes","floor":35.0,"turns":4.0},{"damage":0.0,"enemies":"3 Darklings","floor":36.0,"turns":2.0},{"damage":2.0,"enemies":"Spire Growth","floor":37.0,"turns":4.0},{"damage":8.0,"enemies":"Maw","floor":41.0,"turns":3.0},{"damage":7.0,"enemies":"Writhing Mass","floor":44.0,"turns":3.0},{"damage":13.0,"enemies":"Nemesis","floor":45.0,"turns":4.0},{"damage":0.0,"enemies":"Giant Head","floor":47.0,"turns":4.0},{"damage":0.0,"enemies":"4 Shapes","floor":48.0,"turns":2.0},{"damage":37,"enemies":"Donu and Deca","floor":50,"turns":6}],"seed_played":"4175203128734539710","potions_obtained":[{"floor":1.0,"key":"DestinyDice"},{"floor":7.0,"key":"Swift Potion"},{"floor":10.0,"key":"Dexterity Potion"},{"floor":16.0,"key":"SkillPotion"},{"floor":16.0,"key":"DistilledChaos"},{"floor":17.0,"key":"DistilledChaos"},{"floor":20.0,"key":"EssenceOfSteel"},{"floor":29.0,"key":"Block Potion"},{"floor":30.0,"key":"AttackPotion"},{"floor":33.0,"key":"Fruit Juice"},{"floor":35.0,"key":"PowerPotion"},{"floor":44.0,"key":"BlessingOfTheForge"},{"floor":45.0,"key":"Block Potion"}],"is_trial":false,"path_per_floor":["M","?","?","T","?","E","E","R","T","M","R","T","$","M","R","B",null,"M","?","M","$","?","E","M","R","T","T","?","E","M","E","R","B",null,"M","M","M","$","?","R","M","R","T","M","E","?","E","M","R","B",null],"character_chosen":"REMILIA","items_purchased":["Apotheosis","Boot","Anchor","Orichalcum"],"campfire_rested":3,"item_purchase_floors":[13,21,38,38],"current_hp_per_floor":[68,68,68,78,61,61,54,54,54,53,78,78,78,78,78,66,85,81,81,85,85,85,52,55,86,86,86,70,70,77,75,75,91,91,91,91,91,91,91,91,91,91,91,91,81,81,91,91,91,60],"gold":256,"neow_bonus":"THREE_ENEMY_KILL","is_daily":false,"chose_seed":false,"campfire_upgraded":5,"win_rate":0.0,"timestamp":1610878770,"path_taken":["M","?","?","?","?","E","E","R","T","M","R","?","$","M","R","BOSS","M","?","M","$","?","E","M","R","T","?","?","E","M","E","R","BOSS","M","M","M","$","?","R","M","R","T","M","E","?","E","M","R","BOSS"],"items_purchased_type":["Card","Relic","Relic","Relic"],"build_version":"2020-12-22","purchased_purges":2,"victory":true,"max_hp_per_floor":[75,75,75,85,85,85,85,85,85,85,85,85,85,85,85,85,90,90,90,90,90,86,86,86,86,86,86,86,86,86,86,86,91,91,91,91,91,91,91,91,91,91,91,91,91,91,91,91,91,91],"relic_stats":{"Regal Pillow":6,"counters":[23,91],"StoneCalendar":[52],"PreservedInsect":172,"Juzu Bracelet":1,"Bag of Preparation":[18],"Whetstone":["Strike_RM","Strike_RM"],"War Paint":["Defend_RM","Defend_RM"],"Orichalcum":[12],"Boot":[189],"Dream Catcher":3,"Nunchaku":[4],"Busted Crown":18,"Gambling Chip":[103],"Pantograph":11,"Art of War":[2],"obtain_stats":[{"Regal Pillow":20,"Tiny House":17,"ScarletDevilRocket":23,"Vajra":7,"Enchiridion":28,"StoneCalendar":2,"Juzu Bracelet":26,"Bag of Preparation":33,"Whetstone":47,"Boot":21,"Ancient Tea Set":29,"ScarletHat":0,"Dream Catcher":9,"Nunchaku":45,"Matryoshka":7,"Gambling Chip":9,"Pantograph":31,"WingedGreaves":6,"Pear":4,"NeowsBlessing":0,"The Courier":27,"PreservedInsect":43,"Omamori":12,"War Paint":14,"Orichalcum":38,"Anchor":38,"Busted Crown":34,"Art of War":12},{"Regal Pillow":8,"Tiny House":6,"ScarletDevilRocket":9,"Vajra":3,"Enchiridion":10,"StoneCalendar":1,"Juzu Bracelet":10,"Bag of Preparation":14,"Whetstone":21,"Boot":8,"Ancient Tea Set":11,"ScarletHat":0,"Dream Catcher":3,"Nunchaku":20,"Matryoshka":3,"Gambling Chip":3,"Pantograph":13,"WingedGreaves":2,"Pear":1,"NeowsBlessing":0,"The Courier":10,"PreservedInsect":18,"Omamori":4,"War Paint":5,"Orichalcum":17,"Anchor":17,"Busted Crown":14,"Art of War":4},{"Regal Pillow":33,"Tiny House":25,"ScarletDevilRocket":39,"Vajra":8,"Enchiridion":42,"StoneCalendar":2,"Juzu Bracelet":42,"Bag of Preparation":59,"Whetstone":83,"Boot":33,"Ancient Tea Set":44,"ScarletHat":0,"Dream Catcher":8,"Nunchaku":79,"Matryoshka":8,"Gambling Chip":8,"Pantograph":52,"WingedGreaves":3,"Pear":2,"NeowsBlessing":0,"The Courier":42,"PreservedInsect":72,"Omamori":11,"War Paint":14,"Orichalcum":69,"Anchor":69,"Busted Crown":59,"Art of War":11}]},"card_choices":[{"not_picked":["CharismaGuard","UnderTheZenith"],"picked":"ScarletDevilSign","floor":1.0},{"not_picked":["BombardNight","VampireFantasy"],"picked":"ScarletCoffin","floor":6.0},{"not_picked":["UnstableMagic","VampireFantasy"],"picked":"TransientEternity","floor":7.0},{"not_picked":["BlasphemousPunishment","TwelveNightmare","VampireKiss"],"picked":"SKIP","floor":10.0},{"not_picked":["EndlessAdversity","DiffusionOfMisfortune"],"picked":"StarOfDavid","floor":11.0},{"not_picked":["Ultimatum","BombardNight"],"picked":"ReincarnationDial","floor":14.0},{"not_picked":["MiserableFate","GlobalNightmare"],"picked":"BloodHunter","floor":17.0},{"not_picked":["ChainGang","FavorOfDestiny"],"picked":"LeisurelyOfLord+1","floor":18.0},{"not_picked":["BloodAndWine","BloodHunter"],"picked":"ScarletImprint","floor":20.0},{"not_picked":["NightDance","ScarletDevilSign+1","EndlessAdversity"],"picked":"SKIP","floor":23.0},{"not_picked":["StarOfDavid","ScarletDevil"],"picked":"BombardNight+1","floor":24.0},{"not_picked":["QueenOfMidnight","ScarletDevil"],"picked":"HunterOfTheNight+1","floor":25.0},{"not_picked":["EndlessAdversity","Stigmanizer","BadLadyScramble"],"picked":"SKIP","floor":29.0},{"not_picked":["NightDance","ScarletDevil+1"],"picked":"UnstableMagic+1","floor":30.0},{"not_picked":["CeilingFear","BloodHunter"],"picked":"FitfulNightmare","floor":31.0},{"not_picked":["CharismaGuard"],"picked":"SKIP","floor":35.0},{"not_picked":[],"picked":"ScarletDream+1","floor":36.0},{"not_picked":["AfternoonTea"],"picked":"SKIP","floor":37.0},{"not_picked":["BlasphemousPunishment"],"picked":"SKIP","floor":41.0},{"not_picked":[],"picked":"UnderTheZenith+1","floor":44.0},{"not_picked":["EndlessAdversity"],"picked":"SKIP","floor":45.0},{"not_picked":[],"picked":"DiffusionOfMisfortune+1","floor":47.0},{"not_picked":["BombardNight"],"picked":"SKIP","floor":48.0}],"player_experience":393211,"relics_obtained":[{"floor":4.0,"key":"Pear"},{"floor":6.0,"key":"WingedGreaves"},{"floor":7.0,"key":"Matryoshka"},{"floor":7.0,"key":"Vajra"},{"floor":9.0,"key":"Dream Catcher"},{"floor":9.0,"key":"Gambling Chip"},{"floor":12.0,"key":"Omamori"},{"floor":12.0,"key":"Art of War"},{"floor":14.0,"key":"War Paint"},{"floor":20.0,"key":"Regal Pillow"},{"floor":23.0,"key":"ScarletDevilRocket"},{"floor":26.0,"key":"Juzu Bracelet"},{"floor":27.0,"key":"The Courier"},{"floor":28.0,"key":"Enchiridion"},{"floor":29.0,"key":"Ancient Tea Set"},{"floor":31.0,"key":"Pantograph"},{"floor":33.0,"key":"Bag of Preparation"},{"floor":43.0,"key":"PreservedInsect"},{"floor":45.0,"key":"Nunchaku"},{"floor":47.0,"key":"Whetstone"}],"event_choices":[{"damage_healed":0.0,"max_hp_gain":0.0,"max_hp_loss":0.0,"gold_gain":0.0,"event_name":"Big Fish","player_choice":"Box","floor":2.0,"gold_loss":0.0,"damage_taken":0.0,"relics_obtained":["StoneCalendar"],"cards_obtained":["Regret"]},{"damage_healed":0.0,"max_hp_gain":0.0,"max_hp_loss":0.0,"gold_gain":175.0,"event_name":"Liars Game","player_choice":"AGREE","floor":3.0,"gold_loss":0.0,"damage_taken":0.0,"cards_obtained":["Doubt"]},{"damage_healed":0.0,"max_hp_gain":0.0,"max_hp_loss":0.0,"gold_gain":0.0,"event_name":"Shining Light","player_choice":"Entered Light","floor":5.0,"gold_loss":0.0,"damage_taken":17.0,"cards_upgraded":["ScarletDevilSign","Defend_RM"]},{"damage_healed":0.0,"max_hp_gain":0.0,"max_hp_loss":0.0,"gold_gain":0.0,"event_name":"The Library","player_choice":"Read","floor":19.0,"gold_loss":0.0,"damage_taken":0.0,"cards_obtained":["ScarletSymphony"]},{"damage_healed":0.0,"max_hp_gain":0.0,"max_hp_loss":0.0,"gold_gain":0.0,"event_name":"Cursed Tome","player_choice":"Obtained Book","floor":28.0,"gold_loss":0.0,"damage_taken":16.0},{"damage_healed":0.0,"max_hp_gain":0.0,"max_hp_loss":0.0,"gold_gain":0.0,"event_name":"Match and Keep!","player_choice":"0 cards matched","floor":39.0,"gold_loss":0.0,"damage_taken":0.0,"cards_obtained":[]},{"damage_healed":0.0,"max_hp_gain":0.0,"max_hp_loss":0.0,"gold_gain":0.0,"event_name":"Duplicator","player_choice":"Copied","floor":46.0,"gold_loss":0.0,"damage_taken":0.0,"cards_obtained":["ScarletImprint"]}],"is_beta":false,"boss_relics":[{"not_picked":["SacredBark","Velvet Choker"],"picked":"Tiny House"},{"not_picked":["Astrolabe","Sozu"],"picked":"Busted Crown"}],"items_purged_floors":[13,21],"is_endless":false,"potions_floor_spawned":[1,10,16,20,24,29,30,35,44,45],"ascension_level":7}}