{"host":"c3lc60y5x60jlt1y","time":1610917895,"event":{"mods":["AchievementEnabler","BaseMod","Bestiary","Colored Map","Minty Spire (QoL Compilation)","Quick Restart","StSLib","ojb\u0027s Info Mod"],"gold_per_floor":[359,359,359,39,63,94,94,94,94],"floor_reached":8,"language":"ENG","playtime":311,"items_purged":["Regret"],"score":84,"play_id":"229c18f4-9744-450b-862f-1fcb34d4d76a","local_time":"20210117231135","is_ascension_mode":true,"campfire_choices":[{"data":"Beam Cell","floor":7,"key":"SMITH"}],"circlet_count":0,"master_deck":["AscendersBane","Strike_B","Strike_B","Strike_B","Strike_B","Defend_B","Defend_B","Defend_B","Defend_B","Zap","Dualcast","Streamline+1","Genetic Algorithm","BootSequence","Defragment","Beam Cell+1","FTL","BootSequence"],"relics":["Cracked Core","Golden Idol","Tiny Chest"],"acts_visited":["Exordium"],"potions_floor_usage":[],"damage_taken":[{"damage":3,"enemies":"Cultist","floor":1,"turns":3},{"damage":0,"enemies":"Small Slimes","floor":5,"turns":3},{"damage":42,"enemies":"3 Sentries","floor":6,"turns":7},{"damage":32,"enemies":"Gremlin Nob","floor":8,"turns":3}],"seed_played":"-8281536495382430718","potions_obtained":[],"is_trial":false,"path_per_floor":["M","?","?","$","M","E","R","E"],"character_chosen":"DEFECT","items_purchased":["Genetic Algorithm","BootSequence","Defragment","Beam Cell"],"campfire_rested":0,"item_purchase_floors":[4,4,4,4],"current_hp_per_floor":[65,65,65,65,65,23,23,0,0],"gold":94,"neow_bonus":"TWO_FIFTY_GOLD","is_daily":false,"chose_seed":false,"campfire_upgraded":1,"win_rate":0.0,"timestamp":1610917895,"path_taken":["M","?","?","$","M","E","R","E"],"items_purchased_type":["Card","Card","Card","Card"],"build_version":"2020-12-22","purchased_purges":1,"victory":false,"max_hp_per_floor":[75,69,69,69,69,69,69,69,69],"card_choices":[{"not_picked":["Rip and Tear","Hello World"],"picked":"Streamline","floor":1},{"not_picked":["Cold Snap","BootSequence"],"picked":"FTL","floor":5},{"not_picked":["Compile Driver","Barrage"],"picked":"BootSequence","floor":6}],"player_experience":8152614,"relics_obtained":[{"floor":6,"key":"Tiny Chest"}],"event_choices":[{"damage_healed":0,"gold_gain":0,"player_choice":"Lose Max HP","damage_taken":0,"relics_obtained":["Golden Idol"],"max_hp_gain":0,"max_hp_loss":6,"event_name":"Golden Idol","floor":2,"gold_loss":0},{"damage_healed":0,"gold_gain":0,"player_choice":"Upgraded","damage_taken":0,"max_hp_gain":0,"max_hp_loss":0,"event_name":"Upgrade Shrine","floor":3,"gold_loss":0,"cards_upgraded":["Streamline"]}],"is_beta":false,"boss_relics":[],"items_purged_floors":[4],"is_endless":false,"potions_floor_spawned":[],"killed_by":"Gremlin Nob","ascension_level":11}}