{"host":"e6sgj53qqwx3piqv","time":1610858821,"event":{"mods":["AchievementEnabler","Aspiration","BaseMod","BetterRewards","Colored Powertips","Hubris","Infinite Spire","Minty Spire (QoL Compilation)","Quick Restart","Rare Cards Sparkle","Replay The Spire","Shop Mod","StSLib","The Jungle"],"gold_per_floor":[116,116,116,130,130,156,6,6,31,42,57,57,77,95,95,95,95],"floor_reached":16,"language":"ENG","playtime":732,"items_purged":[],"score":125,"play_id":"744a5464-f288-47d4-a168-9c150d9c4ec6","local_time":"20210116234701","is_ascension_mode":false,"campfire_choices":[{"floor":12,"key":"RECALL"},{"floor":15,"key":"REST"}],"circlet_count":0,"master_deck":["Strike_B","Strike_B","Strike_B","Strike_B","Defend_B","Defend_B","Defend_B","Defend_B","Zap","Dualcast","Heatsinks","Buffer","Zap","Barrage","Storm","Darkness","Ball Lightning","hubris:SpecializedCircuitry","Stack"],"relics":["Cracked Core","NeowsBlessing","aspiration:SeaSaltIceCream","aspiration:Nostalgia","Replay:M_StaffOfTheSnake","MerchantsRug","ReplayTheSpireMod:Ninjato","Oddly Smooth Stone","Odd Mushroom"],"acts_visited":["Exordium"],"potions_floor_usage":[],"damage_taken":[{"damage":0,"enemies":"Small Slimes","floor":1,"turns":1},{"damage":0,"enemies":"2 Louse","floor":4,"turns":1},{"damage":0,"enemies":"Gremlin Nob","floor":6,"turns":1},{"damage":6,"enemies":"Cultist","floor":10,"turns":3},{"damage":14,"enemies":"Exordium Thugs","floor":11,"turns":4},{"damage":33,"enemies":"The Mushroom Lair","floor":13,"turns":4},{"damage":0,"enemies":"Large Slime","floor":14,"turns":4},{"damage":29,"enemies":"Slime Boss","floor":16,"turns":3}],"seed_played":"-4148162842540349027","potions_obtained":[{"floor":1,"key":"Dexterity Potion"},{"floor":6,"key":"GamblersBrew"},{"floor":14,"key":"DuplicationPotion"}],"is_trial":false,"path_per_floor":["M","?","?","M","T","E","$","T","T","M","M","R","?","M","R","B"],"character_chosen":"DEFECT","items_purchased":["MerchantsRug"],"campfire_rested":1,"item_purchase_floors":[7],"current_hp_per_floor":[75,58,58,58,58,58,58,58,58,52,38,38,5,5,27,0,0],"gold":95,"neow_bonus":"THREE_ENEMY_KILL","is_daily":false,"chose_seed":false,"campfire_upgraded":0,"win_rate":0.0,"timestamp":1610858821,"path_taken":["M","?","?","?","?","E","$","?","T","M","M","R","?","M","R","BOSS"],"items_purchased_type":["Relic"],"build_version":"2020-12-22","purchased_purges":0,"victory":false,"max_hp_per_floor":[75,75,75,75,75,75,75,75,75,75,75,75,75,75,75,75,75],"card_choices":[{"not_picked":["Streamline","Hello World"],"picked":"Heatsinks","floor":1},{"not_picked":["infinitespire:UltimateForm","ReplayTheSpireMod:Chaos Vortex"],"picked":"infinitespire:SealOfDarkness+","floor":2},{"not_picked":["Scrape","Genetic Algorithm"],"picked":"Barrage","floor":4},{"not_picked":["Hologram","ReplayTheSpireMod:System Scan"],"picked":"Storm","floor":6},{"not_picked":["Cold Snap","Crescendo"],"picked":"Darkness","floor":10},{"not_picked":["CutThroughFate","Cold Snap"],"picked":"Ball Lightning","floor":11},{"not_picked":["Flying Knee","Beam Cell"],"picked":"hubris:SpecializedCircuitry","floor":13},{"not_picked":["Beam Cell","Outmaneuver"],"picked":"Stack","floor":14}],"player_experience":135331,"relics_obtained":[{"floor":6,"key":"aspiration:SeaSaltIceCream"},{"floor":8,"key":"ReplayTheSpireMod:Ninjato"},{"floor":9,"key":"Oddly Smooth Stone"},{"floor":13,"key":"Odd Mushroom"}],"event_choices":[{"damage_healed":0,"gold_gain":0,"player_choice":"2 cards matched","damage_taken":0,"max_hp_gain":0,"max_hp_loss":0,"event_name":"Match and Keep!","floor":3,"gold_loss":0,"cards_obtained":["Buffer","Zap"]},{"damage_healed":0,"gold_gain":0,"player_choice":"Fought Mushrooms","damage_taken":0,"max_hp_gain":0,"max_hp_loss":0,"event_name":"Mushrooms","floor":13,"gold_loss":0}],"is_beta":false,"boss_relics":[],"items_purged_floors":[],"is_endless":false,"potions_floor_spawned":[1,6,14],"killed_by":"Slime Boss","ascension_level":0}}