{"host":"h3vysik1bw5w0dm6","time":1610891067,"event":{"mods":["AchievementEnabler","Aspiration","BaseMod","Better Note","Better Sensory Stone","Better Vampires","BetterRewards","Colored Powertips","Conspire","Downfall","Friendly Minions","Googly Eyes","Gremlin Skip","Halation","Infinite Spire","Lobotomy","Minty Spire (QoL Compilation)","Quick Restart","Shop Mod","StSLib"],"gold_per_floor":[117,117,117,135,135,135,152,152,152,152,152,152],"floor_reached":11,"language":"ENG","playtime":441,"items_purged":[],"score":111,"play_id":"c352b281-2b35-4872-b6ea-adbaa54f06cb","local_time":"20210117144427","daily_mods":["Red Cards","Green Cards","Blue Cards","Purple Cards","Heirloom"],"is_ascension_mode":false,"campfire_choices":[{"data":"Guardian:BodySlam","floor":6,"key":"SMITH"},{"data":"infinitespire:UltimateForm","floor":8,"key":"SMITH"},{"data":"Bash","floor":10,"key":"SMITH"}],"circlet_count":0,"master_deck":["conspire:GhostlyStrike","conspire:GhostlyStrike","conspire:GhostlyStrike","conspire:GhostlyStrike","conspire:GhostlyStrike","conspire:GhostlyDefend","conspire:GhostlyDefend","conspire:GhostlyDefend","conspire:GhostlyDefend","Bash+1","Guardian:Planning","Guardian:BodySlam+1","infinitespire:UltimateForm+1"],"relics":["Burning Blood","Unceasing Top","halation:EternalFortune","Frozen Egg 2"],"acts_visited":["Exordium"],"potions_floor_usage":[1],"damage_taken":[{"damage":10,"enemies":"Jaw Worm","floor":1,"turns":4},{"damage":5,"enemies":"Small Slimes","floor":4,"turns":5},{"damage":4,"enemies":"2 Louse","floor":7,"turns":3},{"damage":58,"enemies":"3 Sentries","floor":11,"turns":9}],"seed_played":"3439253405358852700","potions_obtained":[{"floor":1,"key":"Fruit Juice"}],"is_trial":true,"path_per_floor":["M","?","?","M","?","R","M","R","T","R","E"],"character_chosen":"IRONCLAD","items_purchased":[],"campfire_rested":0,"item_purchase_floors":[],"current_hp_per_floor":[81,81,84,85,63,63,65,65,65,65,7,7],"gold":152,"neow_bonus":"","is_daily":false,"chose_seed":false,"campfire_upgraded":3,"win_rate":0.0,"timestamp":1610891067,"path_taken":["M","?","?","M","?","R","M","R","T","R","E"],"items_purchased_type":[],"build_version":"2020-12-22","purchased_purges":0,"victory":false,"max_hp_per_floor":[85,85,88,88,88,88,88,88,88,88,88,88],"card_choices":[{"not_picked":["hexamod:BacktrackSmack","champ:Shatter"],"picked":"Guardian:Planning","floor":1},{"not_picked":["champ:BerserkersShout","Undo"],"picked":"Guardian:BodySlam","floor":4},{"not_picked":["infinitespire:Execution","infinitespire:Punishment"],"picked":"infinitespire:UltimateForm","floor":5},{"not_picked":["champ:ShieldWall","hexamod:HeatMetal","Guardian:Gem_Crimson"],"picked":"SKIP","floor":7}],"player_experience":366114,"relics_obtained":[{"floor":9,"key":"Frozen Egg 2"}],"event_choices":[{"damage_healed":0,"gold_gain":0,"player_choice":"Agree","damage_taken":0,"max_hp_gain":0,"max_hp_loss":0,"event_name":"conspire:LoneGhost","floor":2,"gold_loss":0}],"is_beta":false,"boss_relics":[],"items_purged_floors":[],"is_endless":false,"potions_floor_spawned":[1],"killed_by":"3 Sentries","ascension_level":0}}