{"host":"l84l8xigz5v5foa2","time":1610886663,"event":{"mods":["2.2 Compatiblity","AchievementEnabler","BaseMod","Better Note","Better Vampires","Card Filter","Colored Map","DeckTracker","Downfall","Gremlin Skip","Highlight Path","Keyboard Shortcuts","Minty Spire (QoL Compilation)","Permanent Neow","Quick Restart","Relic Filter","Relic Stats","StSLib","SuperFastMode","Transform Curses","Unknown Chances"],"gold_per_floor":[99,119,134,44,64,123,123,137,137,147,180,280,280,293,307,410,410,410,428,440,104,115,186,212,244,262,295,106,106,6,16,26,123,123,123,136,147,76,94,94,142,42,72,86,106,120,20,20,34,34,34,69,44,44,44,44,44,44],"floor_reached":56,"language":"ENG","playtime":4003,"items_purged":["hexamod:Sear","hexamod:Strike","hexamod:Strike","hexamod:Strike"],"score":813,"play_id":"8edaac98-36ba-435a-99a9-44649ff49740","local_time":"20210117213103","is_ascension_mode":true,"campfire_choices":[{"data":"hexamod:Float","floor":1.0,"key":"SMITH"},{"data":"hexamod:SoulSteal","floor":9.0,"key":"SMITH"},{"data":"hexamod:SuperheatedStrike","floor":13.0,"key":"SMITH"},{"data":"hexamod:GhostflameBarrier","floor":18.0,"key":"SMITH"},{"data":"hexamod:ThermalTransfer","floor":30.0,"key":"SMITH"},{"floor":35.0,"key":"RECALL"},{"data":"hexamod:Rewind","floor":40.0,"key":"SMITH"},{"data":"hexamod:SearingWound","floor":42.0,"key":"SMITH"},{"data":"hexamod:ForkedFlame","floor":47.0,"key":"SMITH"},{"data":"hexamod:FastForward","floor":54,"key":"SMITH"}],"circlet_count":0,"master_deck":["hexamod:Defend","hexamod:Defend","hexamod:Defend","hexamod:Defend","hexamod:Float+1","hexamod:GhostflameBarrier+1","hexamod:SuperheatedStrike+1","hexamod:HeatMetal","hexamod:SoulSteal+1","hexamod:FirstSeal","hexamod:FourthSeal","hexamod:RecurringNightmare","hexamod:ThermalTransfer+1","hexamod:TimeWarp","hexamod:HauntingEcho+1","hexamod:SpectralSpark+1","hexamod:Incineration+1","hexamod:PowerFromBeyond+1","expansioncontent:Chronoboost","hexamod:ThirdSeal","hexamod:ShieldOfDarkness","hexamod:GhostShield+1","hexamod:StepThrough","hexamod:Float+1","hexamod:FastForward+1","hexamod:Rewind+1","hexamod:ForkedFlame+1","hexamod:SearingWound+1","hexamod:HeatShield+1","hexamod:GhostOfSpireFuture+1","hexamod:ForkedFlame","hexamod:ForkedFlame","hexamod:RecurringNightmare+1","hexamod:RainOfEmbers+1"],"relics":["hexamod:UnbrokenSoul","Pen Nib","Nunchaku","Centennial Puzzle","Toy Ornithopter","Philosopher\u0027s Stone","Membership Card","Meat on the Bone","Bag of Preparation","Toolbox","Potion Belt","Orichalcum","Tiny Chest","Oddly Smooth Stone","downfall:HeartBlessingGreen","downfall:HeartBlessingRed","Dream Catcher","downfall:HeartBlessingBlue","hexamod:SoulOfChaos"],"acts_visited":["Exordium","TheCity","TheBeyond","TheEnding"],"potions_floor_usage":[52,56,56,56,56,56,56],"damage_taken":[{"damage":0.0,"enemies":"2 Louse","floor":2.0,"turns":2.0},{"damage":0.0,"enemies":"Small Slimes","floor":3.0,"turns":3.0},{"damage":0.0,"enemies":"downfall:FleeingMerchant","floor":4.0,"turns":4.0},{"damage":0.0,"enemies":"Cultist","floor":5.0,"turns":3.0},{"damage":0.0,"enemies":"3 Sentries","floor":6.0,"turns":6.0},{"damage":6.0,"enemies":"Lots of Slimes","floor":8.0,"turns":4.0},{"damage":0.0,"enemies":"Red Slaver","floor":10.0,"turns":4.0},{"damage":14.0,"enemies":"Gremlin Nob","floor":11.0,"turns":4.0},{"damage":12.0,"enemies":"downfall:LadyInBlue","floor":12.0,"turns":9.0},{"damage":0.0,"enemies":"3 Louse","floor":14.0,"turns":2.0},{"damage":2.0,"enemies":"Blue Slaver","floor":15.0,"turns":4.0},{"damage":22.0,"enemies":"DF_ARCHETYPE_STREAMLINE","floor":16.0,"turns":7.0},{"damage":10.0,"enemies":"3 Byrds","floor":19.0,"turns":3.0},{"damage":6.0,"enemies":"Shell Parasite","floor":20.0,"turns":3.0},{"damage":15.0,"enemies":"downfall:FleeingMerchant","floor":21.0,"turns":4.0},{"damage":0.0,"enemies":"3 Cultists","floor":22.0,"turns":4.0},{"damage":10.0,"enemies":"downfall:FleeingMerchant","floor":23.0,"turns":3.0},{"damage":48.0,"enemies":"Book of Stabbing","floor":25.0,"turns":5.0},{"damage":9.0,"enemies":"Shelled Parasite and Fungi","floor":26.0,"turns":3.0},{"damage":38.0,"enemies":"Slavers","floor":27.0,"turns":3.0},{"damage":0.0,"enemies":"Snecko","floor":31.0,"turns":3.0},{"damage":0.0,"enemies":"Centurion and Healer","floor":32.0,"turns":5.0},{"damage":16.0,"enemies":"IC_MUSHROOM_ARCHETYPE","floor":33.0,"turns":6.0},{"damage":29.0,"enemies":"3 Darklings","floor":36.0,"turns":5.0},{"damage":11.0,"enemies":"3 Shapes","floor":37.0,"turns":8.0},{"damage":0.0,"enemies":"Sphere and 2 Shapes","floor":39.0,"turns":3.0},{"damage":0.0,"enemies":"Giant Head","floor":43.0,"turns":6.0},{"damage":0.0,"enemies":"3 Darklings","floor":44.0,"turns":4.0},{"damage":0.0,"enemies":"Spire Growth","floor":45.0,"turns":3.0},{"damage":0.0,"enemies":"Transient","floor":46.0,"turns":5.0},{"damage":0.0,"enemies":"3 Darklings","floor":49.0,"turns":4.0},{"damage":16.0,"enemies":"SI_POISON_ARCHETYPE","floor":50.0,"turns":6.0},{"damage":14,"enemies":"downfall:CharBossMerchant","floor":52,"turns":8},{"damage":58,"enemies":"downfall:NeowBoss","floor":55,"turns":16},{"damage":64,"enemies":"downfall:NeowBossFinal","floor":56,"turns":5}],"seed_played":"-8068910039824914264","potions_obtained":[{"floor":5.0,"key":"LiquidMemories"},{"floor":8.0,"key":"SteroidPotion"},{"floor":11.0,"key":"SteroidPotion"},{"floor":11.0,"key":"Weak Potion"},{"floor":12.0,"key":"ColorlessPotion"},{"floor":12.0,"key":"PowerPotion"},{"floor":12.0,"key":"DuplicationPotion"},{"floor":12.0,"key":"EntropicBrew"},{"floor":16.0,"key":"FairyPotion"},{"floor":16.0,"key":"champ:CounterPotion"},{"floor":19.0,"key":"CultistPotion"},{"floor":20.0,"key":"hexamod:SoulburnPotion"},{"floor":21.0,"key":"Regen Potion"},{"floor":22.0,"key":"hexamod:EctoCoolerPotion"},{"floor":23.0,"key":"Explosive Potion"},{"floor":25.0,"key":"FairyPotion"},{"floor":25.0,"key":"CultistPotion"},{"floor":26.0,"key":"PowerPotion"},{"floor":26.0,"key":"Strength Potion"},{"floor":27.0,"key":"hexamod:SoulburnPotion"},{"floor":27.0,"key":"Block Potion"},{"floor":31.0,"key":"AttackPotion"},{"floor":31.0,"key":"SkillPotion"},{"floor":33.0,"key":"SpeedPotion"},{"floor":36.0,"key":"Weak Potion"},{"floor":36.0,"key":"Slimebound:ThreeZeroPotion"},{"floor":37.0,"key":"LiquidMemories"},{"floor":39.0,"key":"Ancient Potion"},{"floor":43.0,"key":"Energy Potion"},{"floor":52,"key":"CultistPotion"}],"is_trial":false,"path_per_floor":["R","M","M","$","M","?","T","M","R","M","E","?","R","M","M","B",null,"R","M","M","$","M","$","T","E","M","E","$","?","R","M","M","B",null,"R","M","M","$","M","R","T","R","E","M","M","M","R","?","M","B",null,"E","$","R","B","B"],"character_chosen":"THE_SPIRIT","items_purchased":["Membership Card","Meat on the Bone","Bag of Preparation","Toolbox","expansioncontent:Chronoboost","hexamod:StepThrough","Oddly Smooth Stone","hexamod:ForkedFlame","ColorlessPotion"],"campfire_rested":0,"item_purchase_floors":[21,21,23,23,23,28,28,38,53],"current_hp_per_floor":[70,70,70,70,70,70,70,70,70,70,63,58,58,65,70,55,70,70,70,70,67,70,67,67,43,53,49,49,49,49,56,63,61,70,70,48,44,44,49,49,49,49,54,61,68,70,80,80,80,71,80,73,73,73,34,0,0,0],"gold":44,"neow_bonus":"TRANSFORM_CARD","is_daily":false,"chose_seed":false,"campfire_upgraded":9,"win_rate":0.0,"timestamp":1610886663,"path_taken":["R","M","M","$","M","?","T","M","R","M","E","?","R","M","M","BOSS","R","M","?","$","?","?","T","E","?","E","$","?","R","M","M","BOSS","R","M","M","$","M","R","T","R","E","M","M","M","R","?","M","BOSS","E","$","R","BOSS","BOSS"],"items_purchased_type":["Relic","Relic","Relic","Relic","Card","Card","Relic","Card","Potion"],"build_version":"2020-12-22","purchased_purges":4,"victory":false,"max_hp_per_floor":[70,70,70,70,70,70,70,70,70,70,70,70,70,70,70,70,70,70,70,70,70,70,70,70,70,70,70,70,70,70,70,70,70,70,70,70,70,70,70,70,70,70,70,70,70,70,80,80,80,80,80,80,80,80,80,80,80,80],"relic_stats":{"Nunchaku":[30],"Centennial Puzzle":[51],"Dream Catcher":0,"counters":[35,167],"Tiny Chest":0,"Pen Nib":[30],"Bag of Preparation":[36],"Orichalcum":[42],"obtain_stats":[{"Potion Belt":24,"downfall:HeartBlessingRed":42,"Oddly Smooth Stone":28,"downfall:HeartBlessingGreen":30,"Pen Nib":6,"Bag of Preparation":23,"Orichalcum":25,"Nunchaku":7,"Centennial Puzzle":11,"Dream Catcher":43,"hexamod:UnbrokenSoul":34,"downfall:HeartBlessingBlue":47,"hexamod:SoulOfChaos":52,"Toolbox":23,"Philosopher\u0027s Stone":17,"Tiny Chest":27,"Membership Card":21,"hexamod:SpiritBrand":0,"Toy Ornithopter":12,"Meat on the Bone":21},{"Potion Belt":17,"downfall:HeartBlessingRed":26,"Oddly Smooth Stone":20,"downfall:HeartBlessingGreen":20,"Pen Nib":5,"Bag of Preparation":17,"Orichalcum":18,"Nunchaku":5,"Centennial Puzzle":8,"Dream Catcher":27,"hexamod:UnbrokenSoul":23,"downfall:HeartBlessingBlue":30,"hexamod:SoulOfChaos":33,"Toolbox":17,"Philosopher\u0027s Stone":12,"Tiny Chest":20,"Membership Card":15,"hexamod:SpiritBrand":0,"Toy Ornithopter":9,"Meat on the Bone":15},{"Potion Belt":69,"downfall:HeartBlessingRed":110,"Oddly Smooth Stone":80,"downfall:HeartBlessingGreen":80,"Pen Nib":18,"Bag of Preparation":69,"Orichalcum":74,"Nunchaku":18,"Centennial Puzzle":30,"Dream Catcher":116,"hexamod:UnbrokenSoul":94,"downfall:HeartBlessingBlue":128,"hexamod:SoulOfChaos":146,"Toolbox":69,"Philosopher\u0027s Stone":52,"Tiny Chest":80,"Membership Card":62,"hexamod:SpiritBrand":0,"Toy Ornithopter":39,"Meat on the Bone":62}],"Toy Ornithopter":77,"Meat on the Bone":48},"card_choices":[{"not_picked":["hexamod:Hexaguard","hexamod:SpectersWail"],"picked":"hexamod:SuperheatedStrike","floor":2.0},{"not_picked":["hexamod:SoulSteal","hexamod:Again"],"picked":"hexamod:HeatMetal","floor":3.0},{"not_picked":["hexamod:InspiringFlames","hexamod:GhostLash"],"picked":"hexamod:SoulSteal","floor":4.0},{"not_picked":["hexamod:GhostShield","hexamod:BacktrackSmack","hexamod:NightmareGuise"],"picked":"SKIP","floor":5.0},{"not_picked":["hexamod:RainOfEmbers","hexamod:GhostShield"],"picked":"hexamod:FirstSeal","floor":6.0},{"not_picked":["hexamod:Hexaguard","hexamod:Firestarter","hexamod:SwordOfDarkness"],"picked":"SKIP","floor":8.0},{"not_picked":["hexamod:Firestarter","hexamod:GhostflameInferno"],"picked":"hexamod:FourthSeal","floor":10.0},{"not_picked":["hexamod:ParanormalForm","hexamod:BacktrackSmack","hexamod:SwordOfDarkness"],"picked":"SKIP","floor":11.0},{"not_picked":["hexamod:EtherealExpedition","hexamod:Haunt"],"picked":"hexamod:RecurringNightmare","floor":12.0},{"not_picked":["hexamod:GhostflameBarrier","hexamod:BurningTouch"],"picked":"hexamod:ThermalTransfer","floor":14.0},{"not_picked":["hexamod:ExtraCrispy","hexamod:SuperheatedStrike","hexamod:EmpoweredFlame"],"picked":"SKIP","floor":15.0},{"not_picked":["hexamod:SixthSeal","hexamod:FifthSeal"],"picked":"hexamod:TimeWarp","floor":16.0},{"not_picked":["hexamod:FirstSeal","hexamod:SpectralSpark"],"picked":"hexamod:HauntingEcho+1","floor":19.0},{"not_picked":["hexamod:ExtraCrispy","hexamod:BacktrackSmack"],"picked":"hexamod:SpectralSpark+1","floor":20.0},{"not_picked":["hexamod:Toasty","hexamod:ChargedBarrage"],"picked":"hexamod:Incineration+1","floor":21.0},{"not_picked":["hexamod:NecessarySacrifice","hexamod:HauntingEcho","hexamod:EmpoweredFlame+1"],"picked":"SKIP","floor":22.0},{"not_picked":["hexamod:NecessarySacrifice","hexamod:HauntingEcho","hexamod:EmpoweredFlame+1"],"picked":"SKIP","floor":22.0},{"not_picked":["hexamod:FastForward","hexamod:ShieldOfDarkness"],"picked":"hexamod:PowerFromBeyond+1","floor":23.0},{"not_picked":["hexamod:GhostLash","hexamod:FlamesFromBeyond+1"],"picked":"hexamod:ThirdSeal","floor":25.0},{"not_picked":["hexamod:ThermalTransfer+1","hexamod:HeatMetal"],"picked":"hexamod:ShieldOfDarkness","floor":26.0},{"not_picked":["hexamod:Incineration","hexamod:Hexaguard","hexamod:Haunt"],"picked":"SKIP","floor":26.0},{"not_picked":["hexamod:BacktrackSmack","hexamod:HauntingEcho"],"picked":"hexamod:GhostShield+1","floor":27.0},{"not_picked":["hexamod:SkipABeat+1","hexamod:HeatCrush","hexamod:FlamesFromBeyond+1"],"picked":"SKIP","floor":27.0},{"not_picked":["hexamod:HeatMetal","hexamod:SkipABeat"],"picked":"hexamod:FastForward","floor":31.0},{"not_picked":["hexamod:HeatMetal","hexamod:ShieldOfDarkness"],"picked":"hexamod:Rewind","floor":32.0},{"not_picked":["hexamod:GhostShield","hexamod:HauntingEcho","hexamod:NightmareGuise"],"picked":"SKIP","floor":32.0},{"not_picked":["hexamod:TimeWarp","hexamod:FlameSwitch"],"picked":"hexamod:ForkedFlame","floor":33.0},{"not_picked":["hexamod:VolcanoVisage","hexamod:ParanormalForm"],"picked":"hexamod:SearingWound","floor":33.0},{"not_picked":["hexamod:NightmareGuise+1","hexamod:ThermalTransfer"],"picked":"hexamod:HeatShield+1","floor":36.0},{"not_picked":["hexamod:HauntingEcho+1","hexamod:RecurringNightmare","hexamod:HeatMetal+1"],"picked":"SKIP","floor":36.0},{"not_picked":["hexamod:SuperheatedStrike","hexamod:ChargedBarrage+1"],"picked":"hexamod:GhostOfSpireFuture+1","floor":37.0},{"not_picked":["hexamod:BurningTouch","hexamod:Firestarter+1","hexamod:GhostShield"],"picked":"SKIP","floor":37.0},{"not_picked":["hexamod:BacktrackSmack+1","hexamod:AdvancingGuard+1"],"picked":"hexamod:ForkedFlame","floor":39.0},{"not_picked":["hexamod:BacktrackSmack","hexamod:SpectralAdrenaline","hexamod:EmpoweredFlame"],"picked":"SKIP","floor":43.0},{"not_picked":["hexamod:SpectralSpark","hexamod:GhostLash","hexamod:NightmareStrike+1"],"picked":"SKIP","floor":43.0},{"not_picked":["hexamod:GhostflameBarrier+1","hexamod:Firestarter","hexamod:BacktrackSmack"],"picked":"SKIP","floor":44.0},{"not_picked":["hexamod:SuperheatedStrike","hexamod:BurningTouch"],"picked":"hexamod:RecurringNightmare+1","floor":45.0},{"not_picked":["hexamod:Again+1","hexamod:BacktrackSmack","hexamod:SuperheatedStrike+1"],"picked":"SKIP","floor":46.0},{"not_picked":["hexamod:BacktrackSmack+1","hexamod:SuperheatedStrike","hexamod:Toasty"],"picked":"SKIP","floor":46.0},{"not_picked":["hexamod:HeatMetal+1","hexamod:NightmareGuise","hexamod:FourthSeal"],"picked":"SKIP","floor":49.0},{"not_picked":["hexamod:FlamesFromBeyond+1","hexamod:CatchUp","hexamod:PowerFromBeyond"],"picked":"SKIP","floor":49.0},{"not_picked":["hexamod:Haunt+1","hexamod:SuperheatedStrike"],"picked":"hexamod:RainOfEmbers+1","floor":52},{"not_picked":["hexamod:Firestarter","hexamod:RainOfEmbers","hexamod:SpectersWail"],"picked":"SKIP","floor":52}],"player_experience":3285139,"relics_obtained":[{"floor":6.0,"key":"Pen Nib"},{"floor":7.0,"key":"Nunchaku"},{"floor":11.0,"key":"Centennial Puzzle"},{"floor":12.0,"key":"Toy Ornithopter"},{"floor":24.0,"key":"Potion Belt"},{"floor":25.0,"key":"Orichalcum"},{"floor":27.0,"key":"Tiny Chest"},{"floor":43.0,"key":"Dream Catcher"},{"floor":52,"key":"hexamod:SoulOfChaos"}],"event_choices":[],"is_beta":false,"boss_relics":[{"not_picked":["sneckomod:SneckoTalon","hexamod:IceCube"],"picked":"Philosopher\u0027s Stone"},{"not_picked":["Runic Pyramid","Sozu"],"picked":"hexamod:UnbrokenSoul"}],"items_purged_floors":[4,21,23,28],"is_endless":false,"potions_floor_spawned":[5,8,11,12,15,16,22,25,26,27,31,36,39,44,45,49],"killed_by":"downfall:NeowBossFinal","ascension_level":1}}