{"host":"l4kdldlios54gl54","time":1610858929,"event":{"mods":["AchievementEnabler","BaseMod","Colored Map","Colored Powertips","Minty Spire (QoL Compilation)","Random Character Button"],"gold_per_floor":[109,109,8,21,44,77,77,77,130,130,146,146,17,57,57,57,57],"floor_reached":16,"language":"ENG","playtime":611,"items_purged":["Strike_R","Strike_R"],"score":200,"play_id":"57c3e086-b392-4687-85c4-82553c28a1b5","local_time":"20210117054849","is_ascension_mode":true,"campfire_choices":[{"data":"Hemokinesis","floor":8,"key":"SMITH"},{"floor":12,"key":"REST"},{"floor":15,"key":"REST"}],"circlet_count":0,"master_deck":["AscendersBane","Strike_R","Strike_R","Defend_R","Defend_R","Defend_R","Bash","Twin Strike","Shrug It Off","Rampage","Hemokinesis+1","Rage","Shrug It Off","Brutality"],"relics":["Burning Blood","Golden Idol","Juzu Bracelet","Art of War"],"acts_visited":["Exordium"],"potions_floor_usage":[14,16,16],"damage_taken":[{"damage":14,"enemies":"Small Slimes","floor":1,"turns":4},{"damage":0,"enemies":"2 Louse","floor":4,"turns":4},{"damage":2,"enemies":"Jaw Worm","floor":5,"turns":4},{"damage":44,"enemies":"3 Sentries","floor":6,"turns":10},{"damage":12,"enemies":"Gremlin Gang","floor":11,"turns":6},{"damage":8,"enemies":"Exordium Wildlife","floor":14,"turns":3},{"damage":46,"enemies":"Slime Boss","floor":16,"turns":11}],"seed_played":"-5466967116338109756","potions_obtained":[{"floor":4,"key":"Weak Potion"},{"floor":11,"key":"ColorlessPotion"},{"floor":14,"key":"ColorlessPotion"}],"is_trial":false,"path_per_floor":["M","?","$","M","M","E","$","R","T","?","M","R","$","M","R","B"],"character_chosen":"IRONCLAD","items_purchased":["Shrug It Off","Shrug It Off"],"campfire_rested":2,"item_purchase_floors":[3,13],"current_hp_per_floor":[42,42,42,48,52,14,14,14,14,14,8,28,28,26,46,0,0],"gold":57,"neow_bonus":"REMOVE_TWO","is_daily":false,"chose_seed":false,"campfire_upgraded":1,"win_rate":0.0,"timestamp":1610858929,"path_taken":["M","?","$","M","M","E","$","R","T","?","M","R","$","M","R","BOSS"],"items_purchased_type":["Card","Card"],"build_version":"2020-12-22","purchased_purges":2,"victory":false,"max_hp_per_floor":[75,68,68,68,68,68,68,68,68,68,68,68,68,68,68,68,68],"card_choices":[{"not_picked":["Shrug It Off","Sword Boomerang"],"picked":"Twin Strike","floor":1},{"not_picked":["Havoc","Heavy Blade"],"picked":"Rampage","floor":4},{"not_picked":["Evolve","Sentinel","Perfected Strike"],"picked":"SKIP","floor":5},{"not_picked":["Twin Strike","Body Slam"],"picked":"Hemokinesis","floor":6},{"not_picked":["Perfected Strike","Metallicize"],"picked":"Rage","floor":11},{"not_picked":["Anger","Clothesline"],"picked":"Brutality","floor":14}],"player_experience":866141,"relics_obtained":[{"floor":6,"key":"Juzu Bracelet"},{"floor":9,"key":"Art of War"}],"event_choices":[{"damage_healed":0,"gold_gain":0,"player_choice":"Lose Max HP","damage_taken":0,"relics_obtained":["Golden Idol"],"max_hp_gain":0,"max_hp_loss":7,"event_name":"Golden Idol","floor":2,"gold_loss":0},{"damage_healed":0,"gold_gain":0,"player_choice":"Ignored","damage_taken":0,"max_hp_gain":0,"max_hp_loss":0,"event_name":"Shining Light","floor":10,"gold_loss":0}],"is_beta":false,"boss_relics":[],"items_purged_floors":[3,13],"is_endless":false,"potions_floor_spawned":[4,11,14],"killed_by":"Slime Boss","ascension_level":20}}