{"host":"61xbmbtf5zrn7rzc","time":1610872476,"event":{"mods":["BaseMod","Challenge The Spire","Hubris","Infinite Spire","Minty Spire (QoL Compilation)","Replay The Spire","StSLib","SuperFastMode"],"gold_per_floor":[119,209,209,209,64,64,94,112,136,136,161,161,179,212,212,316,316,326,336,336,336,336,336,348,377,403,431,442,442,461,477,477,572,572,624,624,624,677,739,739,797,797,820,602,671,728,728,728,728,728,728],"floor_reached":50,"language":"ENG","playtime":1536,"items_purged":["Strike_G+1"],"score":891,"play_id":"c089ce8d-5a67-4d0d-9512-b4cfd1d84336","local_time":"20210117033436","is_ascension_mode":true,"campfire_choices":[{"data":"Neutralize","floor":6,"key":"SMITH"},{"data":"Draining Mist","floor":12,"key":"SMITH"},{"data":"Backflip","floor":15,"key":"SMITH"},{"floor":23,"key":"RECALL"},{"data":"Backstab","floor":29,"key":"SMITH"},{"floor":32,"key":"REST"},{"data":"infinitespire:DeathsTouch","floor":40,"key":"SMITH"},{"data":"After Image","floor":42,"key":"SMITH"},{"floor":47,"key":"REST"},{"floor":49,"key":"REST"}],"circlet_count":0,"master_deck":["Strike_G+1","Defend_G+2","Defend_G+1","Defend_G+1","Defend_G+2","Defend_G+1","Survivor","Neutralize+1","Backflip+1","Blade Dance+1","Draining Mist+1","Dash","Backstab+1","All Out Attack+1","Backstab","ReplayTheSpireMod:Speed Training+1","Accuracy+1","Infinite Blades","After Image+1","Backstab","infinitespire:DeathsTouch+1","Infinite Blades+1","Accuracy","Choke","Backflip+1","infinitespire:Menacing"],"relics":["Ring of the Snake","NeowsBlessing","Replay:Baseball","hubris:Icosahedron","Omamori","hubris:GlazedTorus","Pen Nib","Bronze Scales","MutagenicStrength","Replay:Rubber Ducky","Potion Belt","Dream Catcher","infinitespire:EvilPickle","Empty Cage","hubris:CuriousFeather","Bag of Preparation","ReplayTheSpireMod:CursedCoin","Replay:Mystery Machine","Simple Rune","hubris:KleinBottle","Membership Card","Strawberry"],"acts_visited":["Exordium","TheCity","TheBeyond"],"potions_floor_usage":[11,16,16,17,25,27,33,33,33,45,50],"damage_taken":[{"damage":0,"enemies":"Jaw Worm","floor":1,"turns":1},{"damage":0,"enemies":"Lagavulin","floor":7,"turns":2},{"damage":0,"enemies":"Small Slimes","floor":8,"turns":1},{"damage":2,"enemies":"Gremlin Nob","floor":11,"turns":3},{"damage":0,"enemies":"2 Louse","floor":13,"turns":2},{"damage":4,"enemies":"Lagavulin","floor":14,"turns":5},{"damage":7,"enemies":"The Guardian","floor":16,"turns":8},{"damage":15,"enemies":"2 Thieves","floor":18,"turns":3},{"damage":0,"enemies":"Spheric Guardian","floor":19,"turns":4},{"damage":8,"enemies":"Centurion and Healer","floor":24,"turns":3},{"damage":0,"enemies":"Slavers","floor":25,"turns":4},{"damage":2,"enemies":"Gremlin Leader","floor":27,"turns":4},{"damage":0,"enemies":"Snake Plant","floor":28,"turns":2},{"damage":0,"enemies":"Cultist and Chosen","floor":30,"turns":3},{"damage":7,"enemies":"Chosen and Byrds","floor":31,"turns":5},{"damage":15,"enemies":"Pondfish","floor":33,"turns":8},{"damage":0,"enemies":"3 Shapes","floor":35,"turns":4},{"damage":19,"enemies":"3 Darklings","floor":38,"turns":2},{"damage":20,"enemies":"Spire Growth","floor":39,"turns":4},{"damage":0,"enemies":"Sphere and 2 Shapes","floor":41,"turns":2},{"damage":7,"enemies":"R_Hoarder","floor":45,"turns":4},{"damage":0,"enemies":"Transient","floor":46,"turns":5},{"damage":54,"enemies":"infinitespire:MassOfShapes","floor":50,"turns":4}],"seed_played":"-7097871917588352814","potions_obtained":[{"floor":7,"key":"SpeedPotion"},{"floor":8,"key":"FearPotion"},{"floor":13,"key":"Dexterity Potion"},{"floor":14,"key":"EntropicBrew"},{"floor":18,"key":"LiquidBronze"},{"floor":28,"key":"Adrenaline Potion"},{"floor":31,"key":"Regen Potion"},{"floor":35,"key":"Strength Potion"},{"floor":39,"key":"AttackPotion"},{"floor":41,"key":"SteroidPotion"}],"is_trial":false,"path_per_floor":["M","?","?","?","$","R","E","M","T","?","E","R","M","E","R","B",null,"M","M","?","?","?","R","M","E","T","E","M","R","M","M","R","B",null,"M","?","AVR","M","M","R","M","R","T","$","E","M","R","$","R","B"],"character_chosen":"THE_SILENT","items_purchased":["Omamori","ReplayTheSpireMod:CursedCoin","Accuracy","Choke","Replay:Mystery Machine","hubris:KleinBottle","Membership Card","Strawberry"],"campfire_rested":3,"item_purchase_floors":[5,44,44,44,44,48,48,48],"current_hp_per_floor":[70,42,42,42,42,42,42,42,42,59,57,57,57,53,53,46,70,55,55,55,55,55,55,47,47,47,45,45,45,45,38,59,59,70,70,70,70,51,31,31,31,31,31,31,24,24,45,13,36,0,0],"gold":728,"neow_bonus":"THREE_ENEMY_KILL","is_daily":false,"chose_seed":false,"campfire_upgraded":6,"win_rate":0.0,"timestamp":1610872476,"path_taken":["M","?","?","?","?","R","E","M","T","?","E","R","M","E","R","BOSS","M","M","?","?","?","R","M","E","T","E","?","R","M","M","R","BOSS","M","?","AVR","M","M","R","M","R","T","$","E","M","R","?","R","BOSS"],"items_purchased_type":["Relic","Relic","Card","Card","Relic","Relic","Relic","Relic"],"build_version":"2020-12-22","purchased_purges":1,"victory":false,"max_hp_per_floor":[70,70,70,70,70,70,70,70,70,70,70,70,70,70,70,70,70,70,70,70,70,70,70,70,70,70,70,70,70,70,70,70,70,70,70,70,70,70,70,70,70,70,70,70,70,70,70,77,77,77,77],"card_choices":[{"not_picked":["Acrobatics","Deflect"],"picked":"Backflip","floor":1},{"not_picked":["Slice","Dagger Throw"],"picked":"Blade Dance","floor":2},{"not_picked":["Well Laid Plans","Cloak And Dagger"],"picked":"Draining Mist","floor":7},{"not_picked":["Expertise","ReplayTheSpireMod:Exploit Weakness"],"picked":"Dash","floor":8},{"not_picked":["Deflect","Calculated Gamble","Doppelganger"],"picked":"SKIP","floor":11},{"not_picked":["Deflect","Calculated Gamble","Doppelganger"],"picked":"SKIP","floor":11},{"not_picked":["Dagger Spray","Dagger Throw","All Out Attack"],"picked":"SKIP","floor":13},{"not_picked":["Fluid Movement","Skewer"],"picked":"Backstab","floor":14},{"not_picked":["hubris:SlightOfHand","Bane"],"picked":"All Out Attack+1","floor":18},{"not_picked":["Slice","hubris:Sniper","Distraction"],"picked":"SKIP","floor":19},{"not_picked":["ReplayTheSpireMod:Tripwire","ReplayTheSpireMod:Shiv Toss","Cloak And Dagger"],"picked":"SKIP","floor":24},{"not_picked":["Sucker Punch","Crippling Poison","hubris:SlightOfHand"],"picked":"SKIP","floor":25},{"not_picked":["Catalyst","Dagger Throw+1"],"picked":"ReplayTheSpireMod:Speed Training+1","floor":27},{"not_picked":["PiercingWail","Deflect"],"picked":"Accuracy+1","floor":28},{"not_picked":["Sucker Punch","PiercingWail"],"picked":"Infinite Blades","floor":30},{"not_picked":["Bane","hubris:SlightOfHand+1","Blade Dance"],"picked":"SKIP","floor":31},{"not_picked":["Corpse Explosion","ReplayTheSpireMod:Necrosis"],"picked":"After Image","floor":33},{"not_picked":["Predator","Dodge and Roll+1"],"picked":"Backstab","floor":35},{"not_picked":["Dodge and Roll+1","Outmaneuver+1"],"picked":"Infinite Blades+1","floor":38},{"not_picked":["ReplayTheSpireMod:Shiv Toss","Finisher+1","Sucker Punch+1"],"picked":"SKIP","floor":39},{"not_picked":["PiercingWail","hubris:SlightOfHand","Malaise"],"picked":"SKIP","floor":41},{"not_picked":["ReplayTheSpireMod:Shiv Toss+1","Underhanded Strike","hubris:SlightOfHand+1"],"picked":"SKIP","floor":45},{"not_picked":["Cloak And Dagger","Deadly Poison+1"],"picked":"Backflip+1","floor":46},{"not_picked":["infinitespire:Punishment","ReplayTheSpireMod:Echoes of Time"],"picked":"infinitespire:Menacing","floor":48}],"player_experience":132505,"relics_obtained":[{"floor":2,"key":"Replay:Baseball"},{"floor":7,"key":"hubris:GlazedTorus"},{"floor":11,"key":"Pen Nib"},{"floor":14,"key":"Bronze Scales"},{"floor":25,"key":"Replay:Rubber Ducky"},{"floor":26,"key":"Potion Belt"},{"floor":27,"key":"Dream Catcher"},{"floor":43,"key":"Bag of Preparation"},{"floor":45,"key":"Simple Rune"}],"event_choices":[{"damage_healed":17,"gold_gain":0,"player_choice":"Healed and dodged fight","damage_taken":0,"max_hp_gain":0,"max_hp_loss":0,"event_name":"Mushrooms","floor":10,"gold_loss":0,"cards_obtained":["Parasite"]},{"damage_healed":0,"gold_gain":0,"player_choice":"Simplicity","damage_taken":0,"max_hp_gain":0,"max_hp_loss":0,"event_name":"Back to Basics","floor":20,"gold_loss":0,"cards_upgraded":["Strike_G","Strike_G","Strike_G","Strike_G","Strike_G","Defend_G","Defend_G","Defend_G","Defend_G","Defend_G"]},{"damage_healed":0,"gold_gain":0,"player_choice":"Inject Mutagens","damage_taken":0,"relics_obtained":["MutagenicStrength"],"max_hp_gain":0,"max_hp_loss":0,"event_name":"Drug Dealer","floor":21,"gold_loss":0},{"damage_healed":0,"gold_gain":0,"player_choice":"Copied","damage_taken":0,"max_hp_gain":0,"max_hp_loss":0,"event_name":"Duplicator","floor":22,"gold_loss":0,"cards_obtained":["Backstab"]},{"cards_removed":["Strike_G"],"damage_healed":0,"gold_gain":0,"player_choice":"Purged","damage_taken":0,"max_hp_gain":0,"max_hp_loss":0,"event_name":"Purifier","floor":36,"gold_loss":0}],"is_beta":false,"boss_relics":[{"not_picked":["Replay:Drink Me","Runic Pyramid","HoveringKite"]},{"not_picked":["infinitespire:Cupcake","Abe\u0027s Treasure"],"picked":"Empty Cage"}],"items_purged_floors":[44],"is_endless":false,"potions_floor_spawned":[7,8,13,14,18,28,31,35,39,41],"killed_by":"infinitespire:MassOfShapes","ascension_level":3}}