{"host":"hjw1ay65n7jm40lc","time":1610922802,"event":{"mods":["AchievementEnabler","BaseMod","Block Reminder","Colored Map","Colored Powertips","Curses Come First","Downfall","Googly Eyes","Hermit","Highlight Path","Minty Spire (QoL Compilation)","Quick Restart","Relic Stats","StSLib"],"gold_per_floor":[99,116,126,138,138,138,138,138,150,177,197,197,197],"floor_reached":12,"language":"ENG","playtime":2103,"items_purged":[],"score":92,"play_id":"32e5c4f0-bcef-4361-8f07-8c1db03803cc","local_time":"20210117173322","is_ascension_mode":true,"campfire_choices":[{"data":"bronze:Replicate","floor":1,"key":"SMITH"},{"data":"bronze:InfiniteBeams","floor":8,"key":"SMITH"}],"circlet_count":0,"master_deck":["bronze:Strike","bronze:Strike","bronze:Strike","bronze:Strike","bronze:Defend","bronze:Defend","bronze:Defend","bronze:Defend","bronze:Replicate+1","bronze:Goto+1","bronze:DelayedSlice+1","bronze:InfiniteBeams+1","bronze:Separator"],"relics":["bronze:BronzeCore","Bag of Marbles","Singing Bowl"],"acts_visited":["Exordium"],"potions_floor_usage":[11],"damage_taken":[{"damage":4,"enemies":"2 Louse","floor":2,"turns":3},{"damage":0,"enemies":"Small Slimes","floor":3,"turns":2},{"damage":6,"enemies":"Cultist","floor":4,"turns":3},{"damage":6,"enemies":"Blue Slaver","floor":9,"turns":3},{"damage":25,"enemies":"Lagavulin","floor":10,"turns":4},{"damage":19,"enemies":"3 Louse","floor":11,"turns":3},{"damage":25,"enemies":"3 Sentries","floor":12,"turns":4}],"seed_played":"-6337815157984605558","potions_obtained":[{"floor":3,"key":"Dexterity Potion"},{"floor":10,"key":"ColorlessPotion"}],"is_trial":false,"path_per_floor":["R","M","M","M","?","?","T","R","M","E","M","E"],"character_chosen":"THE_AUTOMATON","items_purchased":[],"campfire_rested":0,"item_purchase_floors":[],"current_hp_per_floor":[77,73,73,67,67,67,67,67,61,38,21,0,0],"gold":197,"neow_bonus":"TEN_PERCENT_HP_BONUS","is_daily":false,"chose_seed":false,"campfire_upgraded":2,"win_rate":0.0,"timestamp":1610922802,"path_taken":["R","M","M","M","?","?","T","R","M","E","M","E"],"items_purchased_type":[],"build_version":"2020-12-22","purchased_purges":0,"victory":false,"max_hp_per_floor":[77,77,77,77,77,77,77,77,77,79,81,81,81],"relic_stats":{"Singing Bowl":4,"counters":[7,22],"obtain_stats":[{"bronze:BronzeCore":0,"Singing Bowl":10,"Bag of Marbles":7},{"bronze:BronzeCore":0,"Singing Bowl":5,"Bag of Marbles":3},{"bronze:BronzeCore":0,"Singing Bowl":15,"Bag of Marbles":8}]},"card_choices":[{"not_picked":["bronze:BuggyMess","bronze:Safeguard"],"picked":"bronze:DelayedSlice","floor":2},{"not_picked":["bronze:Allocate","bronze:BugBarrage"],"picked":"bronze:InfiniteBeams","floor":3},{"not_picked":["bronze:BronzeOrb","bronze:InfiniteBeams","bronze:BuggyMess"],"picked":"SKIP","floor":4},{"not_picked":["bronze:Turbo","bronze:Overheat"],"picked":"bronze:Separator","floor":9},{"not_picked":["bronze:Shield","bronze:Deprecate","bronze:Safeguard"],"picked":"Singing Bowl","floor":10},{"not_picked":["bronze:OilSpill","bronze:CutThrough","bronze:Refactor"],"picked":"Singing Bowl","floor":11}],"player_experience":923636,"relics_obtained":[{"floor":7,"key":"Bag of Marbles"},{"floor":10,"key":"Singing Bowl"}],"event_choices":[],"is_beta":false,"boss_relics":[],"items_purged_floors":[],"is_endless":false,"potions_floor_spawned":[3,10],"killed_by":"3 Sentries","ascension_level":3}}