{"host":"tmgdm9kau0qip004","time":1610875856,"event":{"mods":["BaseMod","Downfall","Marisa£®ÏF”Í°°ƒß¿Ì…≥£©","Minty Spire (QoL Compilation)","READ ME - Guardian Mod","Remilia£®¿Ÿ√◊¿Ú—«£©","StSLib","The Necromancer","The Senshi","vexMod"],"gold_per_floor":[99,109,125,125,138,155,182,205,205,205,5,23,41,26,45,143,143,143,158,170,188,188,188],"floor_reached":22,"language":"ZHS","playtime":931,"items_purged":[],"score":180,"play_id":"9e29248b-6fa9-4be1-878d-4f5e4a2a75d1","local_time":"20210117173056","is_ascension_mode":false,"campfire_choices":[{"floor":1,"key":"RECALL"},{"floor":11,"key":"REST"},{"data":"CurseOfVladTepes","floor":18,"key":"SMITH"}],"circlet_count":0,"master_deck":["Strike_RM","Strike_RM","Strike_RM","Defend_RM","Defend_RM","Defend_RM","Defend_RM","RedMoon","ScarletShoot","DiffusionOfMisfortune","SuperhumanBloodyKnife","ScarletNetherworld","CurseOfVladTepes+1","BloodAndWine","RedNightlessCastle","MiserableFate","ReincarnationDial","ChaoticDestiny","CharismaGuard","MastersStateliness+1","BloodyMagicSquare"],"relics":["ScarletHat","Bag of Preparation","Odd Mushroom","Nunchaku","downfall:HeartBlessingRed","downfall:HeartBlessingBlue","vexMod:MysteryBossChallenge","sneckomod:SuperSneckoSoul"],"acts_visited":["Exordium","TheCity"],"potions_floor_usage":[16,16,21],"damage_taken":[{"damage":0,"enemies":"Small Slimes","floor":2,"turns":4},{"damage":2,"enemies":"2 Louse","floor":3,"turns":2},{"damage":1,"enemies":"Jaw Worm","floor":5,"turns":4},{"damage":0,"enemies":"Blue Slaver","floor":6,"turns":3},{"damage":23,"enemies":"The Mushroom Lair","floor":8,"turns":6},{"damage":0,"enemies":"2 Fungi Beasts","floor":12,"turns":3},{"damage":5,"enemies":"Exordium Wildlife","floor":13,"turns":3},{"damage":4,"enemies":"downfall:FleeingMerchant","floor":14,"turns":4},{"damage":3,"enemies":"Gremlin Gang","floor":15,"turns":3},{"damage":33,"enemies":"DF_ARCHETYPE_STREAMLINE","floor":16,"turns":12},{"damage":17,"enemies":"Spheric Guardian","floor":19,"turns":7},{"damage":24,"enemies":"3 Byrds","floor":20,"turns":6},{"damage":41,"enemies":"Cultist and Chosen","floor":21,"turns":12},{"damage":15,"enemies":"Snake Plant","floor":22,"turns":1}],"seed_played":"3758232122755458213","potions_obtained":[{"floor":3,"key":"FearPotion"},{"floor":6,"key":"champ:CounterPotion"},{"floor":8,"key":"Weak Potion"},{"floor":16,"key":"DestinyDice"},{"floor":19,"key":"Strength Potion"}],"is_trial":false,"path_per_floor":["R","M","M","?","M","M","T","?","?","?","R","M","M","$","M","B",null,"R","M","M","M","M"],"character_chosen":"REMILIA","items_purchased":[],"campfire_rested":1,"item_purchase_floors":[],"current_hp_per_floor":[75,75,73,73,72,72,72,50,75,42,77,77,72,68,65,38,85,85,72,48,10,0,0],"gold":188,"neow_bonus":"RANDOM_COMMON_RELIC","is_daily":false,"chose_seed":false,"campfire_upgraded":1,"win_rate":0.0,"timestamp":1610875856,"path_taken":["R","M","M","?","M","M","T","?","?","?","R","M","M","$","M","BOSS","R","M","M","M","M"],"items_purchased_type":[],"build_version":"2020-12-22","purchased_purges":0,"victory":false,"max_hp_per_floor":[75,75,75,75,75,75,75,75,75,75,85,85,85,85,85,85,85,85,85,85,85,85,85],"card_choices":[{"not_picked":["StarOfDavid","VampireKiss"],"picked":"DiffusionOfMisfortune","floor":2},{"not_picked":["NightDance","LeisurelyOfLord"],"picked":"SuperhumanBloodyKnife","floor":3},{"not_picked":["BloodHunter","CharismaGuard"],"picked":"ScarletNetherworld","floor":5},{"not_picked":["StarOfDavid","RedRainbow"],"picked":"CurseOfVladTepes","floor":6},{"not_picked":["EndlessAdversity","LeisurelyOfLord"],"picked":"BloodAndWine","floor":8},{"not_picked":["BombardNight","HunterOfTheNight"],"picked":"RedNightlessCastle","floor":12},{"not_picked":["Stigmanizer","RedNightlessCastle","DiffusionOfMisfortune"],"picked":"SKIP","floor":13},{"not_picked":["VampirishNight","CharismaGuard"],"picked":"MiserableFate","floor":14},{"not_picked":["BloodHunter","FavorOfDestiny"],"picked":"ReincarnationDial","floor":15},{"not_picked":["DemonKingCradle","ScarletMeister"],"picked":"ChaoticDestiny","floor":16},{"not_picked":["StarOfDavid","ScarletImprint"],"picked":"CharismaGuard","floor":19},{"not_picked":["ScarletDevil","DiffusionOfMisfortune"],"picked":"MastersStateliness+1","floor":20},{"not_picked":["ScarletDevil","EndlessAdversity+1"],"picked":"BloodyMagicSquare","floor":21}],"player_experience":121061,"relics_obtained":[{"floor":8,"key":"Odd Mushroom"}],"event_choices":[{"damage_healed":0,"gold_gain":0,"player_choice":"Fought Mushrooms","damage_taken":0,"max_hp_gain":0,"max_hp_loss":0,"event_name":"Mushrooms","floor":8,"gold_loss":0},{"damage_healed":25,"gold_gain":0,"player_choice":"Banana","damage_taken":0,"max_hp_gain":0,"max_hp_loss":0,"event_name":"Big Fish","floor":9,"gold_loss":0},{"damage_healed":0,"gold_gain":0,"player_choice":"Success","damage_taken":33,"relics_obtained":["Nunchaku"],"max_hp_gain":0,"max_hp_loss":0,"event_name":"Scrap Ooze","floor":10,"gold_loss":0}],"is_beta":false,"boss_relics":[{"not_picked":["vexMod:MegatonBomb","vexMod:TanglingVine"],"picked":"vexMod:MysteryBossChallenge"}],"items_purged_floors":[],"is_endless":false,"potions_floor_spawned":[3,6,8,13,16,19,20],"killed_by":"Snake Plant","ascension_level":0}}