{"host":"gzsdmyo07u314vug","time":1610914452,"event":{"mods":["2.2 Compatiblity","Bard","BaseMod","Colored Powertips","GifTheSpireLib","Hermit","Jorbs\u0027s Wanderer Trilogy","Minty Spire (QoL Compilation)","Quick Restart","Rare Cards Sparkle","Relic Stats","Replay The Spire","Robot Space Explorer","Shop Mod","StSLib","The Bug Knight","The Construct","The Elementalist","The Hierophant","The IronCluck","The Marked","The Necromancer","The Runesmith","The Servant 0.9.4","Unceasing Turn Reminder","everything is the same but u backflip on backflip","slay the spire mod where everything is the same but ironclad has a cowboy hat","vexMod"],"gold_per_floor":[10,22,38,38,55,55,71,71,71,71,89,89,101,126,126,225,225,242,157,8,22,34,34,63,63,86,286,286,302,312,332,332,435,435,454,465,477,477,477,477,135,168,239,86,86,98,150,168,168,168],"floor_reached":51,"language":"ENG","playtime":2892,"items_purged":["Runesmith:Strike_RS"],"score":726,"play_id":"8c5e7d50-67a7-4263-903e-5e3f3a825e44","local_time":"20210117171412","is_ascension_mode":false,"campfire_choices":[{"data":"Runesmith:Reinforce","floor":6,"key":"SMITH"},{"data":"Runesmith:HeatExchange","floor":8,"key":"SMITH"},{"data":"Runesmith:Fortify","floor":15,"key":"SMITH"},{"data":"Runesmith:GrandSlam","floor":23,"key":"SMITH"},{"data":"Runesmith:Firestorm","floor":25,"key":"SMITH"},{"data":"Runesmith:Fortify","floor":28,"key":"SMITH"},{"floor":32,"key":"REST"},{"data":"Runesmith:Supernova","floor":40,"key":"SMITH"},{"data":"Runesmith:CraftIncendium","floor":45,"key":"SMITH"},{"data":"Runesmith:PoweredAnvil","floor":49,"key":"SMITH"}],"circlet_count":0,"master_deck":["Runesmith:Strike_RS","Runesmith:Strike_RS","Runesmith:Defend_RS","Runesmith:Defend_RS","Runesmith:Defend_RS","Runesmith:Defend_RS","Runesmith:CraftFirestone","Runesmith:Fortify+1","Runesmith:Reinforce+1","Runesmith:ChiselStab","Runesmith:HeatExchange+1","Runesmith:Firestorm+1","Runesmith:ChiselStab","Runesmith:CraftIncendium+1","Runesmith:GrandSlam+1","Runesmith:HammerThrow+1","Flash of Steel","Finesse","Runesmith:Fortify+1","Runesmith:HeatedChisel","Runesmith:Refine+1","Runesmith:BackupBattery+1","Runesmith:Supernova+1","Runesmith:CraftVitae+1","Dark Shackles","Runesmith:PoweredAnvil+1","Runesmith:EarthShield","Runesmith:PoweredAnvil","Runesmith:Terraform+1"],"relics":["Runesmith:BrokenRuby","vexMod:RedPlottingStone","Replay:WaspNest","vexMod:InvisibilityCloak","Busted Crown","Gremlin Horn","vexMod:GhostlyGear","Mummified Hand","Replay:Baseball","Runesmith:EmergencyProvisions","Coffee Dripper","construct:FoamFinger","ReplayTheSpireMod:Lightbulb","Onion Ring","Replay:Multitool"],"acts_visited":["Exordium","TheCity","TheBeyond"],"potions_floor_usage":[16,16,16,16,30,31,33,50],"damage_taken":[{"damage":7,"enemies":"2 Louse","floor":1,"turns":3},{"damage":1,"enemies":"Small Slimes","floor":2,"turns":4},{"damage":0,"enemies":"Cultist","floor":3,"turns":3},{"damage":16,"enemies":"2 Fungi Beasts","floor":5,"turns":4},{"damage":1,"enemies":"3 Louse","floor":7,"turns":2},{"damage":5,"enemies":"Exordium Wildlife","floor":11,"turns":3},{"damage":2,"enemies":"Gremlin Gang","floor":13,"turns":2},{"damage":0,"enemies":"3 Sentries","floor":14,"turns":3},{"damage":8,"enemies":"Hexaghost","floor":16,"turns":7},{"damage":0,"enemies":"Chosen","floor":18,"turns":3},{"damage":8,"enemies":"2 Thieves","floor":21,"turns":3},{"damage":16,"enemies":"Snecko","floor":22,"turns":5},{"damage":12,"enemies":"Gremlin Leader","floor":24,"turns":5},{"damage":10,"enemies":"Centurion and Healer","floor":29,"turns":4},{"damage":0,"enemies":"3 Cultists","floor":30,"turns":3},{"damage":12,"enemies":"Snake Plant","floor":31,"turns":3},{"damage":20,"enemies":"Collector","floor":33,"turns":7},{"damage":0,"enemies":"3 Darklings","floor":35,"turns":2},{"damage":6,"enemies":"Orb Walker","floor":36,"turns":3},{"damage":0,"enemies":"Sphere and 2 Shapes","floor":37,"turns":3},{"damage":0,"enemies":"Nemesis","floor":42,"turns":8},{"damage":0,"enemies":"4 Shapes","floor":46,"turns":3},{"damage":3,"enemies":"2 Orb Walkers","floor":47,"turns":4},{"damage":0,"enemies":"3 Darklings","floor":48,"turns":4},{"damage":23,"enemies":"Awakened One","floor":50,"turns":8}],"seed_played":"-792509874055180338","potions_obtained":[{"floor":2,"key":"Regen Potion"},{"floor":4,"key":"EntropicBrew"},{"floor":5,"key":"Cursed Concoction"},{"floor":22,"key":"Toxic Potion"},{"floor":30,"key":"Doom Potion"},{"floor":31,"key":"Energy Potion"},{"floor":42,"key":"Energy Potion"}],"is_trial":false,"path_per_floor":["M","M","M","?","M","R","M","R","T","?","M","?","M","E","R","B",null,"M","?","$","M","M","R","E","R","T","?","R","M","M","M","R","B",null,"M","M","M","?","?","R","$","E","T","$","R","M","?","M","R","B",null],"character_chosen":"RUNESMITH_CLASS","items_purchased":["vexMod:GhostlyGear","Runesmith:PoweredAnvil","Runesmith:EarthShield","construct:FoamFinger","Runesmith:PoweredAnvil"],"campfire_rested":1,"item_purchase_floors":[20,41,41,41,44],"current_hp_per_floor":[63,62,62,62,46,46,45,45,45,45,40,40,38,38,38,45,70,70,70,70,62,46,46,34,34,34,54,54,44,44,32,56,36,80,80,74,74,74,74,74,74,74,74,74,74,74,71,71,71,48],"gold":168,"neow_bonus":"ONE_RARE_RELIC","is_daily":false,"chose_seed":false,"campfire_upgraded":9,"win_rate":0.0,"timestamp":1610914452,"path_taken":["M","M","M","?","M","R","M","R","T","?","?","?","M","E","R","BOSS","M","?","$","M","M","R","E","R","T","?","R","M","M","?","R","BOSS","M","M","M","?","?","R","$","E","T","$","R","M","?","M","R","BOSS"],"items_purchased_type":["Relic","Card","Card","Relic","Card"],"build_version":"2020-12-22","purchased_purges":1,"victory":true,"max_hp_per_floor":[70,70,70,70,70,70,70,70,70,70,70,70,70,70,70,70,70,70,70,70,70,70,70,70,70,70,80,80,80,80,80,80,80,80,80,80,80,80,76,76,76,76,76,76,76,76,76,76,76,76],"relic_stats":{"Busted Crown":32,"Gremlin Horn":[24,25],"counters":[25,99],"Mummified Hand":[23],"obtain_stats":[{"Runesmith:BrokenRuby":0,"construct:FoamFinger":41,"Gremlin Horn":19,"Replay:WaspNest":9,"Replay:Multitool":47,"Runesmith:EmergencyProvisions":27,"vexMod:GhostlyGear":20,"vexMod:InvisibilityCloak":14,"Replay:Baseball":26,"Busted Crown":17,"Mummified Hand":24,"vexMod:RedPlottingStone":0,"Onion Ring":43,"Coffee Dripper":34,"ReplayTheSpireMod:Lightbulb":42},{"Runesmith:BrokenRuby":0,"construct:FoamFinger":20,"Gremlin Horn":10,"Replay:WaspNest":5,"Replay:Multitool":23,"Runesmith:EmergencyProvisions":13,"vexMod:GhostlyGear":10,"vexMod:InvisibilityCloak":8,"Replay:Baseball":13,"Busted Crown":9,"Mummified Hand":13,"vexMod:RedPlottingStone":0,"Onion Ring":21,"Coffee Dripper":17,"ReplayTheSpireMod:Lightbulb":21},{"Runesmith:BrokenRuby":0,"construct:FoamFinger":72,"Gremlin Horn":34,"Replay:WaspNest":16,"Replay:Multitool":87,"Runesmith:EmergencyProvisions":47,"vexMod:GhostlyGear":34,"vexMod:InvisibilityCloak":24,"Replay:Baseball":47,"Busted Crown":31,"Mummified Hand":47,"vexMod:RedPlottingStone":0,"Onion Ring":80,"Coffee Dripper":64,"ReplayTheSpireMod:Lightbulb":80}]},"card_choices":[{"not_picked":["Runesmith:EarthShield","Runesmith:HeatedChisel","Runesmith:StaticCage"],"picked":"SKIP","floor":1},{"not_picked":["Runesmith:GrandSlam","Runesmith:ChaoticBlast"],"picked":"Runesmith:Reinforce","floor":2},{"not_picked":["Runesmith:CraftProtectio","Runesmith:OneForEveryone"],"picked":"Runesmith:ChiselStab","floor":3},{"not_picked":["Runesmith:Repurpose","Runesmith:MakeshiftArmor","Runesmith:ChiselStab"],"picked":"SKIP","floor":5},{"not_picked":["Runesmith:ChaoticBlast","Runesmith:Firewall"],"picked":"Runesmith:HeatExchange","floor":7},{"not_picked":["Runesmith:BackupBattery","Runesmith:StaticCage"],"picked":"Runesmith:Firestorm","floor":11},{"not_picked":["Runesmith:ShiftingStrike","Runesmith:StaticCage"],"picked":"Runesmith:ChiselStab","floor":13},{"not_picked":["Runesmith:HammerTime","Runesmith:HeatExchange"],"picked":"Runesmith:CraftIncendium","floor":14},{"not_picked":["Runesmith:GenerateForcefield","Runesmith:Duplicate"],"picked":"Runesmith:GrandSlam","floor":16},{"not_picked":["Runesmith:Repurpose"],"picked":"SKIP","floor":18},{"not_picked":["Runesmith:NegativeSpace"],"picked":"SKIP","floor":21},{"not_picked":["Runesmith:Discharge"],"picked":"SKIP","floor":22},{"not_picked":[],"picked":"Runesmith:HammerThrow+1","floor":24},{"not_picked":[],"picked":"Runesmith:HeatedChisel","floor":29},{"not_picked":[],"picked":"Runesmith:Refine+1","floor":30},{"not_picked":[],"picked":"Runesmith:BackupBattery+1","floor":31},{"not_picked":[],"picked":"Runesmith:Supernova","floor":33},{"not_picked":[],"picked":"Runesmith:CraftVitae+1","floor":35},{"not_picked":["Runesmith:ChargedHammer"],"picked":"SKIP","floor":36},{"not_picked":["Runesmith:Permafrost+1"],"picked":"SKIP","floor":37},{"not_picked":[],"picked":"Dark Shackles","floor":38},{"not_picked":["Runesmith:HeatedChisel+1"],"picked":"SKIP","floor":42},{"not_picked":["Runesmith:RunicBlueprint"],"picked":"SKIP","floor":46},{"not_picked":[],"picked":"Runesmith:Terraform+1","floor":47},{"not_picked":["Runesmith:RuneHurl"],"picked":"SKIP","floor":48}],"player_experience":706765,"relics_obtained":[{"floor":9,"key":"Replay:WaspNest"},{"floor":14,"key":"vexMod:InvisibilityCloak"},{"floor":24,"key":"Mummified Hand"},{"floor":26,"key":"Replay:Baseball"},{"floor":42,"key":"ReplayTheSpireMod:Lightbulb"},{"floor":43,"key":"Onion Ring"},{"floor":47,"key":"Replay:Multitool"}],"event_choices":[{"damage_healed":0,"gold_gain":0,"player_choice":"Bought 0 Potions","damage_taken":0,"max_hp_gain":0,"max_hp_loss":0,"event_name":"The Woman in Blue","floor":10,"gold_loss":0},{"damage_healed":0,"gold_gain":0,"player_choice":"Obtained Relic","damage_taken":0,"relics_obtained":["Gremlin Horn"],"max_hp_gain":0,"max_hp_loss":0,"event_name":"Addict","floor":19,"gold_loss":85},{"damage_healed":0,"gold_gain":0,"player_choice":"1 cards matched","damage_taken":0,"max_hp_gain":0,"max_hp_loss":0,"event_name":"Match and Keep!","floor":27,"gold_loss":0,"cards_obtained":["Runesmith:Fortify"]},{"damage_healed":0,"gold_gain":0,"player_choice":"Memory 1","damage_taken":0,"max_hp_gain":0,"max_hp_loss":0,"event_name":"SensoryStone","floor":38,"gold_loss":0},{"damage_healed":0,"gold_gain":0,"player_choice":"Max HP","damage_taken":0,"max_hp_gain":0,"max_hp_loss":4,"event_name":"Winding Halls","floor":39,"gold_loss":0},{"damage_healed":0,"gold_gain":0,"player_choice":"Fight","damage_taken":0,"max_hp_gain":0,"max_hp_loss":0,"event_name":"Mysterious Sphere","floor":47,"gold_loss":0}],"is_beta":false,"boss_relics":[{"not_picked":["ReplayTheSpireMod:DimensionalGlitch","Snecko Eye"],"picked":"Busted Crown"},{"not_picked":["vexMod:TanglingVine","Runesmith:UraniumAnvil"],"picked":"Coffee Dripper"}],"items_purged_floors":[44],"is_endless":false,"potions_floor_spawned":[2,5,7,22,29,30,31,42,46,47],"ascension_level":0}}