{"host":"fa35vd3kig5td25x","time":1610879523,"event":{"mods":["BaseMod","Colored Powertips","Minty Spire (QoL Compilation)","Relic Stats","Slay the Relics Exporter"],"gold_per_floor":[113,113,113,133,151,151,183,183,183,183,202,237,264,297,297,297,297],"floor_reached":16,"language":"ENG","playtime":492,"items_purged":[],"score":124,"play_id":"9ea16891-cb3e-4b55-b286-0b4a6d08ec89","local_time":"20210117113203","is_ascension_mode":true,"campfire_choices":[{"data":"Sweeping Beam","floor":6,"key":"SMITH"},{"data":"Leap","floor":8,"key":"SMITH"},{"floor":10,"key":"REST"},{"data":"Go for the Eyes","floor":15,"key":"SMITH"}],"circlet_count":0,"master_deck":["Strike_B","Strike_B","Strike_B","Strike_B","Defend_B","Defend_B","Defend_B","Defend_B","Zap","Dualcast","Reprogram+1","Sweeping Beam+1","Leap+1","Cold Snap","Rip and Tear","Go for the Eyes+1","Echo Form"],"relics":["Cracked Core","Pen Nib","Du-Vu Doll","Symbiotic Virus","Strawberry","Art of War"],"acts_visited":["Exordium"],"potions_floor_usage":[14],"damage_taken":[{"damage":5,"enemies":"Small Slimes","floor":1,"turns":4},{"damage":0,"enemies":"Jaw Worm","floor":4,"turns":5},{"damage":0,"enemies":"Cultist","floor":5,"turns":3},{"damage":36,"enemies":"Gremlin Nob","floor":7,"turns":5},{"damage":0,"enemies":"Exordium Thugs","floor":11,"turns":4},{"damage":21,"enemies":"3 Sentries","floor":12,"turns":9},{"damage":15,"enemies":"Gremlin Nob","floor":14,"turns":4},{"damage":30,"enemies":"Hexaghost","floor":16,"turns":7}],"seed_played":"4885984246435534240","potions_obtained":[{"floor":1,"key":"BlessingOfTheForge"},{"floor":11,"key":"Explosive Potion"},{"floor":14,"key":"SpeedPotion"}],"is_trial":false,"path_per_floor":["M","?","?","M","M","R","E","R","T","R","M","E","T","E","R","B"],"character_chosen":"DEFECT","items_purchased":[],"campfire_rested":1,"item_purchase_floors":[],"current_hp_per_floor":[70,70,70,70,70,70,34,34,34,56,56,35,42,27,27,0,0],"gold":297,"neow_bonus":"RANDOM_COMMON_RELIC","is_daily":false,"chose_seed":false,"campfire_upgraded":3,"win_rate":0.0,"timestamp":1610879523,"path_taken":["M","?","?","M","M","R","E","R","T","R","?","E","?","E","R","BOSS"],"items_purchased_type":[],"build_version":"2020-12-22","purchased_purges":0,"victory":false,"max_hp_per_floor":[75,75,75,75,75,75,75,75,75,75,75,75,82,82,82,82,82],"relic_stats":{"counters":[8,41],"Pen Nib":[6],"Art of War":[1],"obtain_stats":[{"Du-Vu Doll":7,"Strawberry":13,"Pen Nib":0,"Art of War":14,"Cracked Core":0,"Symbiotic Virus":12},{"Du-Vu Doll":4,"Strawberry":6,"Pen Nib":0,"Art of War":7,"Cracked Core":0,"Symbiotic Virus":6},{"Du-Vu Doll":17,"Strawberry":30,"Pen Nib":0,"Art of War":34,"Cracked Core":0,"Symbiotic Virus":30}]},"card_choices":[{"not_picked":["Undo","Stack"],"picked":"Reprogram","floor":1},{"not_picked":["Chill","Double Energy"],"picked":"Sweeping Beam","floor":4},{"not_picked":["Coolheaded","Turbo"],"picked":"Leap","floor":5},{"not_picked":["Amplify","White Noise"],"picked":"Cold Snap","floor":7},{"not_picked":["Streamline","Heatsinks"],"picked":"Rip and Tear","floor":11},{"not_picked":["Rip and Tear","Blizzard"],"picked":"Go for the Eyes","floor":12},{"not_picked":["BootSequence","Conserve Battery"],"picked":"Echo Form","floor":14}],"player_experience":2947301,"relics_obtained":[{"floor":7,"key":"Du-Vu Doll"},{"floor":12,"key":"Symbiotic Virus"},{"floor":13,"key":"Strawberry"},{"floor":14,"key":"Art of War"}],"event_choices":[{"damage_healed":0,"gold_gain":0,"player_choice":"Grow","damage_taken":0,"max_hp_gain":0,"max_hp_loss":0,"event_name":"Living Wall","floor":2,"gold_loss":0,"cards_upgraded":["Reprogram"]},{"damage_healed":0,"gold_gain":0,"player_choice":"Ignored","damage_taken":0,"max_hp_gain":0,"max_hp_loss":0,"event_name":"NoteForYourself","floor":3,"gold_loss":0}],"is_beta":false,"boss_relics":[],"items_purged_floors":[],"is_endless":false,"potions_floor_spawned":[1,11,14],"killed_by":"Hexaghost","ascension_level":1}}