{"host":"mgwrmgf4x3air4cr","time":1610893586,"event":{"mods":["ATMod(阿瑾Mod)","Act Like it!","Arknights The Spire","BaseMod","Downfall","HololiveMod","Minty Spire (QoL Compilation)","RumiaBox-露米娅的神秘盒子","Shop Mod","StSLib","TestMod","Waifu the Spire","WarShipGirlsR/战舰少女R mod","noobMod","【功能Mod】混沌之环修复补丁","篝火指南"],"gold_per_floor":[99,111,125,142,156,156,156,169,169,201,201,30,61,61,78,177,177,177,191,191,591,591,553,553,75,89,114,134,134,134,149,168,265,265,265,276,288,305,207,207,234,260,272,295,336,134,151,251,273,273],"floor_reached":51,"language":"ZHS","playtime":6977,"items_purged":["downfall:Malfunctioning","hexamod:Defend"],"score":836,"play_id":"aec1e06a-3d9a-42c2-a216-859574f7803d","local_time":"20210117222626","is_ascension_mode":false,"campfire_choices":[{"data":"AT_EssenceShift","floor":1.0,"key":"SMITH"},{"data":"hexamod:Float","floor":9.0,"key":"SMITH"},{"data":"rmod:chargemoney","floor":18.0,"key":"SMITH"},{"data":"expansioncontent:QuickStudy","floor":29,"key":"SMITH"},{"data":"hexamod:TimeOfNeed","floor":35,"key":"SMITH"},{"data":"champ:EnchantCrown","floor":40,"key":"SMITH"}],"circlet_count":0,"master_deck":["hexamod:Strike","hexamod:Strike","hexamod:Strike+1","hexamod:Defend+1","hexamod:Defend+1","hexamod:Defend+1","hexamod:Sear+1","hexamod:Float+1","AT_EssenceShift+1","hexamod:InspiringFlames+1","hexamod:GhostLash+1","hexamod:NecessarySacrifice+1","hexamod:SuperheatedStrike+1","rmod:chargemoney+1","hexamod:Firestarter+1","ats:Wolf Pack+1","hexamod:HauntingEcho+1","hexamod:Firestarter","hexamod:GhostOfSpirePresent+1","hexamod:NightmareStrike+1","RitualDagger","hexamod:Hexaguard+1","hexamod:NightmareGuise+1","expansioncontent:QuickStudy+1","hexamod:HeatMetal","hexamod:ShieldOfDarkness+1","hexamod:PhantomFireball+1","hexamod:VolcanoVisage+1","hexamod:TimeOfNeed+1","champ:EnchantCrown+1","hexamod:HeatMetal+1","hexamod:SpectersWail+1","hexamod:Firestarter+1","hexamod:ShieldOfDarkness+1","hexamod:DynamicBlow+1","hexamod:ChargedBarrage+1","hexamod:SwordOfDarkness+1","hexamod:PhantomFireball+1","hexamod:RadiantFlame+1","Strike_P","hexamod:FlamesFromBeyond+1","hexamod:GhostShield+1","hexamod:Incineration+1","hexamod:Haunt","hexamod:ChargedBarrage+1","hexamod:GhostShield+1","Parasite","hexamod:EtherealExpedition+1"],"relics":["hexamod:SpiritBrand","AT_ATBox","ice","testmod-HeartOfDaVinci","rmod:equipmentrecovery","MerchantsRug","Philosopher\u0027s Stone","Bottled Flame","Frozen Eye","AT_GoldPhoenixTree","champ:PowerArmor","AT_ArcaneBoots","PlanX","Ornamental Fan","Toy Ornithopter","hexamod:TheBrokenSeal"],"acts_visited":["Exordium","TheCity","TheBeyond"],"potions_floor_usage":[31,32,37,38,38,39,39,48,48,48,50,50],"damage_taken":[{"damage":2.0,"enemies":"Jaw Worm","floor":2.0,"turns":4.0},{"damage":0.0,"enemies":"Cultist","floor":3.0,"turns":3.0},{"damage":2.0,"enemies":"Small Slimes","floor":4.0,"turns":3.0},{"damage":3.0,"enemies":"3 Louse","floor":5.0,"turns":4.0},{"damage":8.0,"enemies":"Large Slime","floor":8.0,"turns":3.0},{"damage":11.0,"enemies":"Gremlin Nob","floor":10.0,"turns":3.0},{"damage":1.0,"enemies":"downfall:FleeingMerchant","floor":12.0,"turns":4.0},{"damage":31.0,"enemies":"3 Sentries","floor":13.0,"turns":8.0},{"damage":10.0,"enemies":"2 Fungi Beasts","floor":15.0,"turns":4.0},{"damage":28.0,"enemies":"DF_ARCHETYPE_STREAMLINE","floor":16.0,"turns":9.0},{"damage":2.0,"enemies":"3 Byrds","floor":19.0,"turns":6.0},{"damage":10.0,"enemies":"downfall:FleeingMerchant","floor":23.0,"turns":5.0},{"damage":0.0,"enemies":"Spheric Guardian","floor":26.0,"turns":4.0},{"damage":0.0,"enemies":"Gremlin Leader","floor":27.0,"turns":3.0},{"damage":22.0,"enemies":"Shelled Parasite and Fungi","floor":28.0,"turns":5.0},{"damage":6,"enemies":"Snake Plant","floor":31,"turns":3},{"damage":0,"enemies":"Centurion and Healer","floor":32,"turns":5},{"damage":0,"enemies":"WA_ARCHETYPE_CALM","floor":33,"turns":6},{"damage":0,"enemies":"3 Darklings","floor":36,"turns":5},{"damage":0,"enemies":"Orb Walker","floor":37,"turns":3},{"damage":50,"enemies":"Sphere and 2 Shapes","floor":38,"turns":6},{"damage":25,"enemies":"downfall:FleeingMerchant","floor":39,"turns":5},{"damage":42,"enemies":"Writhing Mass","floor":42,"turns":6},{"damage":7,"enemies":"Transient","floor":44,"turns":5},{"damage":18,"enemies":"Nemesis","floor":45,"turns":8},{"damage":10,"enemies":"4 Shapes","floor":47,"turns":4},{"damage":21,"enemies":"downfall:LadyInBlue","floor":48,"turns":10},{"damage":51,"enemies":"Writhing Mass","floor":49,"turns":7},{"damage":81,"enemies":"IC_BLOCK_ARCHETYPE","floor":50,"turns":8}],"seed_played":"3542418203742948739","potions_obtained":[{"floor":5.0,"key":"FairyPotion"},{"floor":10.0,"key":"Fire Potion"},{"floor":12.0,"key":"PowerPotion"},{"floor":13.0,"key":"EssenceOfSteel"},{"floor":13.0,"key":"EssenceOfSteel"},{"floor":15.0,"key":"Fire Potion"},{"floor":15.0,"key":"Dexterity Potion"},{"floor":16.0,"key":"BlessingOfTheForge"},{"floor":23.0,"key":"Fruit Juice"},{"floor":26.0,"key":"ColorlessPotion"},{"floor":26.0,"key":"Guardian:BlockOnCardUsePotion"},{"floor":28.0,"key":"BlessingOfTheForge"},{"floor":32,"key":"FearPotion"},{"floor":32,"key":"LiquidMemories"},{"floor":33,"key":"testmod-EscapePotion"},{"floor":36,"key":"AttackPotion"},{"floor":37,"key":"Fruit Juice"},{"floor":38,"key":"DuplicationPotion"},{"floor":38,"key":"SkillPotion"},{"floor":42,"key":"bronze:BurnAndBuffPotion"},{"floor":44,"key":"FairyPotion"},{"floor":45,"key":"Strength Potion"},{"floor":47,"key":"Fire Potion"},{"floor":48,"key":"hexamod:EctoCoolerPotion"},{"floor":48,"key":"Fruit Juice"},{"floor":48,"key":"Block Potion"}],"is_trial":false,"path_per_floor":["R","M","M","M","M","?","T","M","R","E","?","$","E","?","M","B",null,"R","M","?","?","?","$","T","R","M","E","M","R","?","M","M","B",null,"R","M","M","M","$","R","T","M","?","M","E","R","M","?","M","B",null],"character_chosen":"THE_SPIRIT","items_purchased":["MerchantsRug","hexamod:NightmareGuise","Dream Catcher","Frozen Eye","expansioncontent:QuickStudy","AT_SpeedBoots","Ornamental Fan"],"campfire_rested":0,"item_purchase_floors":[12,23,25,25,25,39,46],"current_hp_per_floor":[77,75,75,73,70,70,70,62,62,51,51,50,19,19,9,76,79,79,77,77,77,71,73,73,73,80,80,58,58,40,34,41,48,109,109,109,109,71,46,46,46,11,11,114,103,103,93,89,160,161],"gold":273,"neow_bonus":"TEN_PERCENT_HP_BONUS","is_daily":false,"chose_seed":false,"campfire_upgraded":6,"win_rate":0.0,"timestamp":1610893586,"path_taken":["R","M","M","M","M","?","T","?","R","E","?","$","E","?","M","BOSS","R","M","?","?","?","$","T","R","M","E","M","R","?","?","M","BOSS","R","M","M","M","$","R","T","M","?","?","E","R","M","?","M","BOSS"],"items_purchased_type":["Relic","Card","Relic","Relic","Card","Relic","Relic"],"build_version":"2020-12-22","purchased_purges":2,"victory":true,"max_hp_per_floor":[77,77,77,77,77,77,77,77,77,77,77,77,77,77,77,79,79,79,94,94,94,94,104,104,104,105,105,109,109,109,109,109,109,109,109,109,109,114,114,114,114,114,114,114,124,124,132,141,160,162],"card_choices":[{"not_picked":["hexamod:AdvancingGuard","hexamod:FastForward"],"picked":"hexamod:InspiringFlames","floor":2.0},{"not_picked":["hexamod:RadiantFlame","hexamod:FastForward"],"picked":"hexamod:GhostLash","floor":3.0},{"not_picked":["hexamod:HeatShield","hexamod:SpectralAdrenaline"],"picked":"hexamod:NecessarySacrifice","floor":4.0},{"not_picked":["hexamod:SwordOfDarkness","hexamod:SpectralSpark"],"picked":"hexamod:SuperheatedStrike","floor":5.0},{"not_picked":["hexamod:Hexaguard","hexamod:NightmareStrike"],"picked":"hexamod:FourthSeal","floor":8.0},{"not_picked":["hexamod:AdvancingGuard","hexamod:EmpoweredFlame"],"picked":"hexamod:SixthSeal","floor":10.0},{"not_picked":["hexamod:PhantomCloak","hexamod:NecessarySacrifice"],"picked":"hexamod:Firestarter","floor":12.0},{"not_picked":["hexamod:SuperheatedStrike","hexamod:UnlimitedPower"],"picked":"hexamod:HauntingEcho","floor":13.0},{"not_picked":["hexamod:SpectralAdrenaline","hexamod:HeatShield"],"picked":"hexamod:Firestarter","floor":15.0},{"not_picked":["hexamod:GhostflameInferno","hexamod:UnleashSpirits"],"picked":"hexamod:GhostOfSpirePresent","floor":16.0},{"not_picked":["hexamod:DynamicBlow","hexamod:HauntingEcho"],"picked":"hexamod:NightmareStrike","floor":19.0},{"not_picked":["hexamod:TurnItUp","hexamod:ShieldOfDarkness+1"],"picked":"hexamod:Hexaguard","floor":23.0},{"not_picked":["hexamod:NightmareGuise","hexamod:BacktrackSmack"],"picked":"hexamod:HeatMetal","floor":26.0},{"not_picked":["hexamod:BacktrackSmack","hexamod:FourthSeal","hexamod:HeatCrush+1"],"picked":"SKIP","floor":27.0},{"not_picked":["hexamod:NightmareGuise","hexamod:InspiringFlames"],"picked":"hexamod:ThirdSeal","floor":28.0},{"not_picked":["hexamod:GhostOfSpirePast","hexamod:RainOfEmbers","hexamod:NecessarySacrifice"],"picked":"SKIP","floor":31},{"not_picked":["hexamod:FirstSeal","hexamod:NightmareStrike+1"],"picked":"hexamod:ShieldOfDarkness","floor":32},{"not_picked":["hexamod:BurningTouch","hexamod:CatchUp"],"picked":"hexamod:PhantomFireball+1","floor":32},{"not_picked":["hexamod:ApocalypseNow","hexamod:UnleashSpirits"],"picked":"hexamod:VolcanoVisage","floor":33},{"not_picked":["hexamod:UnlimitedPower","hexamod:SearingWound"],"picked":"hexamod:TimeOfNeed","floor":33},{"not_picked":["hexamod:SpectralSpark+1","hexamod:HauntingEcho"],"picked":"hexamod:HeatMetal+1","floor":36},{"not_picked":["hexamod:FirstSeal","hexamod:GhostLash"],"picked":"hexamod:SpectersWail+1","floor":36},{"not_picked":["hexamod:HeatMetal","hexamod:SoulSteal"],"picked":"hexamod:Firestarter+1","floor":37},{"not_picked":["hexamod:AdvancingGuard","hexamod:HauntingEcho+1"],"picked":"hexamod:ShieldOfDarkness+1","floor":38},{"not_picked":["hexamod:Toasty","hexamod:BurningTouch"],"picked":"hexamod:DynamicBlow+1","floor":38},{"not_picked":["hexamod:FourthSeal","hexamod:SoulSteal+1"],"picked":"hexamod:ChargedBarrage+1","floor":39},{"not_picked":["hexamod:ExtraCrispy","hexamod:ShieldOfDarkness+1"],"picked":"hexamod:SwordOfDarkness","floor":39},{"not_picked":["hexamod:Hexaguard","hexamod:SwordOfDarkness"],"picked":"hexamod:PhantomFireball+1","floor":42},{"not_picked":["hexamod:BurningTouch","hexamod:ParanormalForm"],"picked":"hexamod:RadiantFlame+1","floor":42},{"not_picked":["hexamod:FirstSeal","hexamod:InspiringFlames"],"picked":"hexamod:FlamesFromBeyond+1","floor":44},{"not_picked":["hexamod:ChargedBarrage","hexamod:Hexaguard"],"picked":"hexamod:GhostShield+1","floor":44},{"not_picked":["hexamod:NightmareGuise","hexamod:FastForward+1"],"picked":"hexamod:Incineration+1","floor":45},{"not_picked":["hexamod:RadiantFlame","hexamod:GhostOfSpireFuture+1"],"picked":"hexamod:Haunt","floor":45},{"not_picked":["hexamod:Haunt","hexamod:SwordOfDarkness+1"],"picked":"hexamod:FifthSeal","floor":47},{"not_picked":["hexamod:GhostflameBarrier+1","hexamod:Hexaguard"],"picked":"hexamod:ChargedBarrage+1","floor":47},{"not_picked":["hexamod:ThirdSeal","hexamod:SixthSeal"],"picked":"hexamod:SecondSeal","floor":48},{"not_picked":["hexamod:Incineration+1","hexamod:ChargedBarrage+1"],"picked":"hexamod:GhostShield+1","floor":48},{"not_picked":["hexamod:NightmareGuise","hexamod:GhostOfSpirePast+1"],"picked":"hexamod:EtherealExpedition+1","floor":49}],"player_experience":53301,"relics_obtained":[{"floor":7.0,"key":"Pantograph"},{"floor":10.0,"key":"rmod:equipmentrecovery"},{"floor":13.0,"key":"ats:Berate"},{"floor":24.0,"key":"Bottled Flame"},{"floor":27.0,"key":"AT_GoldPhoenixTree"},{"floor":41,"key":"MawBank"},{"floor":45,"key":"PlanX"},{"floor":48,"key":"Toy Ornithopter"}],"event_choices":[{"damage_healed":0.0,"max_hp_gain":0.0,"max_hp_loss":0.0,"gold_gain":0.0,"event_name":"Accursed Blacksmith","player_choice":"Forge","floor":6.0,"gold_loss":0.0,"damage_taken":0.0,"cards_upgraded":["hexamod:NecessarySacrifice"]},{"damage_healed":0.0,"max_hp_gain":0.0,"max_hp_loss":0.0,"gold_gain":0.0,"event_name":"The Library","player_choice":"Read","floor":20.0,"gold_loss":0.0,"damage_taken":0.0,"cards_obtained":["hexamod:FirstSeal"]},{"damage_healed":0.0,"max_hp_gain":0.0,"max_hp_loss":0.0,"gold_gain":400.0,"event_name":"恩洛斯的盘子","player_choice":"Sell","floor":21.0,"relics_lost":["testmod-TestBox"],"gold_loss":0.0,"damage_taken":0.0},{"cards_removed":["hexamod:Strike"],"damage_healed":0,"gold_gain":0,"player_choice":"Took Card","damage_taken":0,"max_hp_gain":0,"max_hp_loss":0,"event_name":"NoteForYourself","floor":43,"gold_loss":0,"cards_obtained":["Strike_P"]}],"is_beta":false,"boss_relics":[{"not_picked":["Hololive_TopUpMoneyS","AT_MortalBlade"],"picked":"Philosopher\u0027s Stone"},{"not_picked":["testmod-NegativeEmotionEnhancer","Mark of Pain"],"picked":"champ:PowerArmor"}],"items_purged_floors":[12,23],"is_endless":false,"potions_floor_spawned":[5,13,15,26,28,32,33,37,38,42,47],"ascension_level":0}}