{"host":"wha9hktbkslqvblg","time":1610888243,"event":{"mods":["BaseMod","Colored Map","Minty Spire (QoL Compilation)","Relic Stats","SuperFastMode","everything is the same but u backflip on backflip"],"gold_per_floor":[118,118,118,193,209,236,236,269,269,289,82,106,56,76,76,76,76],"floor_reached":16,"language":"KOR","playtime":231,"items_purged":["Strike_R","Defend_R"],"score":266,"play_id":"5064de63-3c62-46f7-a77c-2d1b82861222","local_time":"20210117215723","is_ascension_mode":true,"campfire_choices":[{"data":"Wild Strike","floor":7.0,"key":"SMITH"},{"data":"True Grit","floor":15,"key":"SMITH"}],"circlet_count":0,"master_deck":["AscendersBane","Strike_R","Strike_R","Strike_R","Defend_R","Defend_R","Bash","Flame Barrier","Wild Strike+1","True Grit+1"],"relics":["Burning Blood","NeowsBlessing","Sundial","Smiling Mask","Red Skull","Bag of Preparation","Pen Nib"],"acts_visited":["Exordium"],"potions_floor_usage":[8,16],"damage_taken":[{"damage":0.0,"enemies":"Jaw Worm","floor":1.0,"turns":1.0},{"damage":0.0,"enemies":"Small Slimes","floor":5.0,"turns":2.0},{"damage":0.0,"enemies":"3 Sentries","floor":6.0,"turns":2.0},{"damage":23,"enemies":"Lagavulin","floor":8,"turns":6},{"damage":9,"enemies":"2 Louse","floor":10,"turns":3},{"damage":0,"enemies":"Exordium Wildlife","floor":14,"turns":3},{"damage":18,"enemies":"Slime Boss","floor":16,"turns":7}],"seed_played":"-6231448737967459070","potions_obtained":[{"floor":1.0,"key":"Strength Potion"},{"floor":8,"key":"BloodPotion"},{"floor":10,"key":"ColorlessPotion"}],"is_trial":false,"path_per_floor":["M","?","?","?","M","E","R","E","T","M","$","T","$","M","R","B"],"character_chosen":"IRONCLAD","items_purchased":["Bag of Preparation"],"campfire_rested":0,"item_purchase_floors":[11],"current_hp_per_floor":[74,67,67,56,62,68,68,51,51,48,48,48,48,54,54,36,36],"gold":76,"neow_bonus":"THREE_ENEMY_KILL","is_daily":false,"chose_seed":false,"campfire_upgraded":2,"win_rate":0.0,"timestamp":1610888243,"path_taken":["M","?","?","?","M","E","R","E","T","M","?","?","$","M","R","BOSS"],"items_purchased_type":["Relic"],"build_version":"2020-12-22","purchased_purges":2,"victory":false,"max_hp_per_floor":[75,75,75,75,75,75,75,75,75,75,75,75,75,75,75,75,75],"relic_stats":{"counters":[7,24],"Sundial":[4],"Pen Nib":[1],"Bag of Preparation":[4],"Smiling Mask":75,"obtain_stats":[{"NeowsBlessing":0,"Sundial":6,"Pen Nib":12,"Bag of Preparation":11,"Smiling Mask":8,"Burning Blood":0,"Red Skull":9},{"NeowsBlessing":0,"Sundial":3,"Pen Nib":5,"Bag of Preparation":5,"Smiling Mask":4,"Burning Blood":0,"Red Skull":4},{"NeowsBlessing":0,"Sundial":5,"Pen Nib":14,"Bag of Preparation":14,"Smiling Mask":11,"Burning Blood":0,"Red Skull":11}],"Burning Blood":36},"card_choices":[{"not_picked":["Dropkick","Thunderclap","Havoc"],"picked":"SKIP","floor":1.0},{"not_picked":["Searing Blow","Burning Pact"],"picked":"Wild Strike","floor":5.0},{"not_picked":["Armaments","Clothesline"],"picked":"True Grit","floor":6.0},{"not_picked":["True Grit","Warcry","Ghostly Armor"],"picked":"SKIP","floor":8},{"not_picked":["Entrench","Spot Weakness","Infernal Blade"],"picked":"SKIP","floor":10},{"not_picked":["Warcry","Entrench","Seeing Red"],"picked":"SKIP","floor":14}],"player_experience":979230,"relics_obtained":[{"floor":6.0,"key":"Sundial"},{"floor":8,"key":"Smiling Mask"},{"floor":9,"key":"Red Skull"},{"floor":12,"key":"Pen Nib"}],"event_choices":[{"cards_removed":["Strike_R"],"damage_healed":0.0,"max_hp_gain":0.0,"max_hp_loss":0.0,"gold_gain":0.0,"event_name":"Golden Wing","player_choice":"Card Removal","floor":2.0,"gold_loss":0.0,"damage_taken":7.0},{"damage_healed":0.0,"max_hp_gain":0.0,"max_hp_loss":0.0,"gold_gain":0.0,"cards_transformed":["Defend_R"],"event_name":"Living Wall","player_choice":"Change","floor":3.0,"gold_loss":0.0,"damage_taken":0.0,"cards_obtained":["Flame Barrier"]},{"damage_healed":0.0,"max_hp_gain":0.0,"max_hp_loss":0.0,"gold_gain":75.0,"event_name":"World of Goop","player_choice":"Gather Gold","floor":4.0,"gold_loss":0.0,"damage_taken":11.0}],"is_beta":false,"boss_relics":[],"items_purged_floors":[11,13],"is_endless":false,"potions_floor_spawned":[1,8,10],"killed_by":"Slime Boss","ascension_level":20}}