{"host":"tjjuwi3liievx0vu","time":1610883555,"event":{"mods":["BaseMod","Colored Map","Downfall","Minty Spire (QoL Compilation)","StSLib"],"gold_per_floor":[349,368,380,393,413,413,413,413,92,123,59,59,73,73,92,190,190,90,90,110,45,45,45,98,123,10,23,35,35,54,79,97,97,97],"floor_reached":33,"language":"ENG","playtime":1945,"items_purged":["bronze:Strike","bronze:Strike"],"score":367,"play_id":"db31e37a-ca4c-443b-973a-f08c81e5f1b7","local_time":"20210117123915","is_ascension_mode":false,"campfire_choices":[{"floor":1,"key":"RECALL"},{"floor":12,"key":"REST"},{"data":"bronze:AlphaBuild","floor":18,"key":"SMITH"},{"floor":23,"key":"REST"},{"floor":29,"key":"REST"}],"circlet_count":0,"master_deck":["bronze:Strike","bronze:Strike","bronze:Defend+1","bronze:Defend","bronze:Defend","bronze:Defend","bronze:Replicate","bronze:Goto+1","bronze:ForceShield","bronze:DelayedSlice","bronze:ForLoop","bronze:Constructor","bronze:Return","bronze:GetLatest+1","bronze:DigitalCarnage","bronze:Repulsor","bronze:BronzeOrb","bronze:HardenedForm+1","bronze:Frontload+1","bronze:DelayedSlice","downfall:Haunted","bronze:Branch","bronze:AlphaBuild+1","bronze:Separator+1","bronze:Flail+1","bronze:CloningBeam+1","bronze:Optimize+1","bronze:FineTuning","bronze:ChildClass"],"relics":["bronze:BronzeCore","Toy Ornithopter","Membership Card","Lantern","Frozen Egg 2","sneckomod:SneckoTalon","downfall:HeartBlessingRed","War Paint","Du-Vu Doll","Lee\u0027s Waffle","Anchor"],"acts_visited":["Exordium","TheCity"],"potions_floor_usage":[9,20,25,33,33],"damage_taken":[{"damage":1,"enemies":"Cultist","floor":2,"turns":4},{"damage":10,"enemies":"Jaw Worm","floor":3,"turns":5},{"damage":2,"enemies":"Small Slimes","floor":4,"turns":4},{"damage":15,"enemies":"Exordium Wildlife","floor":5,"turns":4},{"damage":0,"enemies":"downfall:FleeingMerchant","floor":9,"turns":4},{"damage":31,"enemies":"Gremlin Nob","floor":10,"turns":6},{"damage":3,"enemies":"downfall:FleeingMerchant","floor":11,"turns":4},{"damage":11,"enemies":"3 Louse","floor":13,"turns":3},{"damage":8,"enemies":"Lots of Slimes","floor":15,"turns":3},{"damage":7,"enemies":"SI_SHIV_ARCHETYPE","floor":16,"turns":6},{"damage":0,"enemies":"Chosen","floor":19,"turns":1},{"damage":46,"enemies":"3 Cultists","floor":20,"turns":7},{"damage":0,"enemies":"downfall:FleeingMerchant","floor":21,"turns":4},{"damage":27,"enemies":"Slavers","floor":25,"turns":5},{"damage":13,"enemies":"downfall:FleeingMerchant","floor":26,"turns":4},{"damage":5,"enemies":"Sentry and Sphere","floor":27,"turns":3},{"damage":29,"enemies":"Shelled Parasite and Fungi","floor":28,"turns":4},{"damage":4,"enemies":"Cultist and Chosen","floor":30,"turns":3},{"damage":12,"enemies":"3 Cultists","floor":32,"turns":4},{"damage":59,"enemies":"DF_ARCHETYPE_CLAW","floor":33,"turns":9}],"seed_played":"-298153160963101238","potions_obtained":[{"floor":3,"key":"Block Potion"},{"floor":10,"key":"ColorlessPotion"},{"floor":13,"key":"bronze:FreeFunctionsPotion"},{"floor":15,"key":"bronze:CleanCodePotion"},{"floor":22,"key":"bronze:BuildAFunctionPotion"},{"floor":25,"key":"EssenceOfSteel"},{"floor":28,"key":"CultistPotion"},{"floor":30,"key":"bronze:BuildAFunctionPotion"}],"is_trial":false,"path_per_floor":["R","M","M","M","M","?","T","?","$","E","$","R","M","?","M","B",null,"R","M","M","$","?","R","T","E","$","M","M","R","M","T","M","B"],"character_chosen":"THE_AUTOMATON","items_purchased":["Membership Card","bronze:GetLatest","bronze:DigitalCarnage","Lantern","bronze:Repulsor","bronze:Frontload","Lee\u0027s Waffle","bronze:Optimize+1"],"campfire_rested":3,"item_purchase_floors":[9,9,9,9,9,11,26,26],"current_hp_per_floor":[63,62,52,50,35,35,35,56,61,30,27,45,34,34,26,19,63,63,63,22,22,22,40,40,18,70,65,36,57,53,53,41,0,0],"gold":97,"neow_bonus":"TWO_FIFTY_GOLD","is_daily":false,"chose_seed":false,"campfire_upgraded":1,"win_rate":0.0,"timestamp":1610883555,"path_taken":["R","M","?","M","M","?","T","?","?","E","$","R","M","?","M","BOSS","R","M","M","?","?","R","T","E","$","M","?","R","M","?","M","BOSS"],"items_purchased_type":["Relic","Card","Card","Relic","Card","Card","Relic","Card"],"build_version":"2020-12-22","purchased_purges":2,"victory":false,"max_hp_per_floor":[63,63,63,63,63,63,63,63,63,63,63,63,63,63,63,63,63,63,63,63,63,63,63,63,63,70,70,70,70,70,70,70,70,70],"card_choices":[{"not_picked":["bronze:WildBeam","bronze:Allocate"],"picked":"bronze:ForceShield","floor":2},{"not_picked":["bronze:Philosophize","bronze:DelayedGuard"],"picked":"bronze:DelayedSlice","floor":3},{"not_picked":["bronze:NullPointer","bronze:BronzeArmor"],"picked":"bronze:ForLoop","floor":4},{"not_picked":["bronze:Shell","bronze:ForceShield"],"picked":"bronze:Constructor","floor":5},{"not_picked":["bronze:WildBeam","bronze:Allocate"],"picked":"bronze:Return","floor":9},{"not_picked":["bronze:DelayedGuard","bronze:CloningBeam"],"picked":"bronze:BronzeOrb","floor":10},{"not_picked":["bronze:Fortify","bronze:Repair"],"picked":"bronze:HardenedForm+1","floor":11},{"not_picked":["bronze:Turbo","bronze:Separator"],"picked":"bronze:DelayedSlice","floor":13},{"not_picked":["bronze:FineTuning","bronze:Overheat"],"picked":"bronze:Branch","floor":15},{"not_picked":["bronze:BurnOut","bronze:ThunderWave"],"picked":"bronze:AlphaBuild","floor":16},{"not_picked":["bronze:BronzeArmor","bronze:Branch+1","bronze:BugBarrage+1"],"picked":"SKIP","floor":19},{"not_picked":["bronze:FineTuning","bronze:GetLatest","bronze:Allocate"],"picked":"SKIP","floor":20},{"not_picked":["bronze:Frontload+1","bronze:Safeguard+1"],"picked":"bronze:Separator+1","floor":21},{"not_picked":["bronze:WhirlingStrike","bronze:Optimize+1"],"picked":"bronze:Flail+1","floor":25},{"not_picked":["bronze:NullPointer","bronze:Deprecate"],"picked":"bronze:CloningBeam+1","floor":26},{"not_picked":["bronze:NullPointer","bronze:Boost"],"picked":"bronze:FineTuning","floor":27},{"not_picked":["bronze:Separator","bronze:Frontload","bronze:WildBeam"],"picked":"SKIP","floor":28},{"not_picked":["bronze:Allocate","bronze:DelayedSlice+1","bronze:Frontload"],"picked":"SKIP","floor":30},{"not_picked":["bronze:BronzeArmor","bronze:Constructor"],"picked":"bronze:ChildClass","floor":32}],"player_experience":820765,"relics_obtained":[{"floor":7,"key":"Toy Ornithopter"},{"floor":10,"key":"Frozen Egg 2"},{"floor":24,"key":"War Paint"},{"floor":25,"key":"Du-Vu Doll"},{"floor":31,"key":"Anchor"}],"event_choices":[{"damage_healed":21,"gold_gain":0,"player_choice":"Banana","damage_taken":0,"max_hp_gain":0,"max_hp_loss":0,"event_name":"Big Fish","floor":8,"gold_loss":0},{"damage_healed":0,"gold_gain":0,"player_choice":"Got Potions","damage_taken":0,"max_hp_gain":0,"max_hp_loss":0,"event_name":"Lab","floor":22,"gold_loss":0}],"is_beta":false,"boss_relics":[{"not_picked":["Philosopher\u0027s Stone","Sozu"],"picked":"sneckomod:SneckoTalon"}],"items_purged_floors":[11,21],"is_endless":false,"potions_floor_spawned":[3,10,13,15,25,28,30,32],"killed_by":"DF_ARCHETYPE_CLAW","ascension_level":0}}