{"host":"f5gffvlv6a66yqkd","time":1610871850,"event":{"mods":["2.2 Compatiblity","Alarm Clock","BaseMod","Colored Map","Custom Start","DeckTracker","Keyboard Shortcuts","Minty Spire (QoL Compilation)","Permanent Neow","Quick Restart","Relic Stats","Replay The Spire","StSLib","SuperFastMode"],"gold_per_floor":[116,127,52,71,89,124,124,124,124],"floor_reached":8,"language":"KOR","playtime":279,"items_purged":["Strike_B"],"score":116,"play_id":"a0c37ec9-6fcc-46ec-bfec-c15c8868a3d7","local_time":"20210117172410","is_ascension_mode":true,"campfire_choices":[{"floor":7,"key":"REST"}],"circlet_count":0,"master_deck":["AscendersBane","Strike_B","Strike_B","Strike_B","Defend_B","Defend_B","Defend_B","Defend_B","Zap","Dualcast","Sweeping Beam","Panic Button","Conserve Battery","ReplayTheSpireMod:GoodbyeWorld"],"relics":["Cracked Core","Replay:Bottled Steam"],"acts_visited":["Exordium"],"potions_floor_usage":[],"damage_taken":[{"damage":1.0,"enemies":"Cultist","floor":1.0,"turns":3.0},{"damage":10.0,"enemies":"2 Louse","floor":2.0,"turns":2.0},{"damage":7.0,"enemies":"Small Slimes","floor":4.0,"turns":3.0},{"damage":15.0,"enemies":"Blue Slaver","floor":5.0,"turns":4.0},{"damage":20.0,"enemies":"Lagavulin","floor":6.0,"turns":7.0},{"damage":55,"enemies":"Gremlin Nob","floor":8,"turns":3}],"seed_played":"-737916416793382110","potions_obtained":[{"floor":0.0,"key":"PowerPotion"},{"floor":0.0,"key":"AttackPotion"},{"floor":6,"key":"Explosive Potion"}],"is_trial":false,"path_per_floor":["M","M","$","M","M","E","R","E"],"character_chosen":"DEFECT","items_purchased":[],"campfire_rested":1,"item_purchase_floors":[],"current_hp_per_floor":[63,53,53,46,31,11,32,0,0],"gold":124,"neow_bonus":"THREE_SMALL_POTIONS","is_daily":false,"chose_seed":false,"campfire_upgraded":0,"win_rate":0.0,"timestamp":1610871850,"path_taken":["M","M","$","M","M","E","R","E"],"items_purchased_type":[],"build_version":"2020-12-22","purchased_purges":1,"victory":false,"max_hp_per_floor":[71,71,71,71,71,71,71,71,71],"relic_stats":{"counters":[6,22],"obtain_stats":[{"Cracked Core":0,"Replay:Bottled Steam":6},{"Cracked Core":0,"Replay:Bottled Steam":5},{"Cracked Core":0,"Replay:Bottled Steam":19}]},"card_choices":[{"not_picked":["Leap","ReplayTheSpireMod:Reroute Power"],"picked":"Sweeping Beam","floor":1.0},{"not_picked":["Scrape","Barrage"],"picked":"Panic Button","floor":2.0},{"not_picked":["Barrage","Go for the Eyes"],"picked":"Conserve Battery","floor":4.0},{"not_picked":["Steam","Multi-Cast","ReplayTheSpireMod:System Scan"],"picked":"SKIP","floor":5.0},{"not_picked":["Go for the Eyes","Turbo"],"picked":"ReplayTheSpireMod:GoodbyeWorld","floor":6}],"player_experience":1578722,"relics_obtained":[{"floor":6,"key":"Replay:Bottled Steam"}],"event_choices":[],"is_beta":false,"boss_relics":[],"items_purged_floors":[3],"is_endless":false,"potions_floor_spawned":[5,6],"killed_by":"Gremlin Nob","ascension_level":20}}