{"host":"h4qgcirtxz6qax9j","time":1610864745,"event":{"mods":["AchievementEnabler","Astrologer","BaseMod","Colored Powertips","Minty Spire (QoL Compilation)","StSLib","SuperFastMode","The Cursed"],"gold_per_floor":[115,129,51,61,78,78,78,78,102,67,85,85,85,95,95,198,198,211,142,124,136,156,156,156],"floor_reached":23,"language":"KOR","playtime":680,"items_purged":[],"score":185,"play_id":"beb445a8-007a-4613-a5e8-04205862d061","local_time":"20210117152545","is_ascension_mode":false,"campfire_choices":[{"data":"astrologer:CosmicExpanse","floor":6,"key":"SMITH"},{"data":"astrologer:StarOfChange","floor":8,"key":"SMITH"},{"data":"astrologer:MeteorShower","floor":12,"key":"SMITH"},{"data":"astrologer:ShootingStar","floor":15,"key":"SMITH"}],"circlet_count":0,"master_deck":["astrologer:Strike+1","astrologer:Strike+1","astrologer:Strike","astrologer:Strike+1","astrologer:Defend","astrologer:Defend","astrologer:Defend","astrologer:Defend","astrologer:NorthStar","astrologer:TheFool+1","astrologer:MeteorShower+1","astrologer:StarOfChange+1","astrologer:Moonlight","astrologer:CosmicExpanse+1","astrologer:Moonlight","astrologer:SpaceDust","astrologer:ShootingStar+1","astrologer:Nova","astrologer:SpaceDust","astrologer:Fireball","astrologer:MeteorShower+1","astrologer:FrozenStar","astrologer:Stardust+1"],"relics":["astrologer:SkyMirror","Whetstone","SacredBark"],"acts_visited":["Exordium","TheCity"],"potions_floor_usage":[22,23],"damage_taken":[{"damage":4,"enemies":"Jaw Worm","floor":1,"turns":3},{"damage":0,"enemies":"2 Louse","floor":2,"turns":2},{"damage":0,"enemies":"Small Slimes","floor":4,"turns":2},{"damage":3,"enemies":"Looter","floor":5,"turns":2},{"damage":9,"enemies":"Exordium Thugs","floor":11,"turns":4},{"damage":5,"enemies":"Gremlin Gang","floor":14,"turns":4},{"damage":28,"enemies":"The Guardian","floor":16,"turns":10},{"damage":34,"enemies":"Spheric Guardian","floor":18,"turns":8},{"damage":6,"enemies":"2 Thieves","floor":20,"turns":4},{"damage":20,"enemies":"Snecko","floor":21,"turns":6},{"damage":13,"enemies":"3 Cultists","floor":22,"turns":6},{"damage":4,"enemies":"Book of Stabbing","floor":23,"turns":3}],"seed_played":"-8023260861997437520","potions_obtained":[{"floor":1,"key":"SkillPotion"},{"floor":5,"key":"LiquidMemories"},{"floor":16,"key":"Swift Potion"},{"floor":22,"key":"BlessingOfTheForge"}],"is_trial":false,"path_per_floor":["M","M","$","M","M","R","?","R","T","?","M","R","?","M","R","B",null,"M","$","M","M","M","E"],"character_chosen":"ASTROLOGER","items_purchased":["astrologer:CosmicExpanse","astrologer:Fireball"],"campfire_rested":0,"item_purchase_floors":[3,19],"current_hp_per_floor":[66,66,66,66,63,63,68,68,68,75,66,66,51,46,46,18,75,41,41,35,15,2,0,0],"gold":156,"neow_bonus":"THREE_CARDS","is_daily":false,"chose_seed":false,"campfire_upgraded":4,"win_rate":0.0,"timestamp":1610864745,"path_taken":["M","M","$","M","M","R","?","R","T","?","M","R","?","M","R","BOSS","M","$","M","M","M","E"],"items_purchased_type":["Card","Card"],"build_version":"2020-12-22","purchased_purges":0,"victory":false,"max_hp_per_floor":[70,70,70,70,70,70,75,75,75,75,75,75,75,75,75,75,75,75,75,75,75,75,75,75],"card_choices":[{"not_picked":["astrologer:SolarFlare","astrologer:Confirmation"],"picked":"astrologer:MeteorShower","floor":0},{"not_picked":["astrologer:Glimpse","astrologer:CometStrike"],"picked":"astrologer:StarOfChange","floor":1},{"not_picked":["astrologer:Confirmation","astrologer:Stardust"],"picked":"astrologer:Moonlight","floor":2},{"not_picked":["astrologer:Conjunction","astrologer:Still","astrologer:Radiance"],"picked":"SKIP","floor":4},{"not_picked":["astrologer:CosmicExpanse","astrologer:Opposition"],"picked":"astrologer:Moonlight","floor":5},{"not_picked":["astrologer:Still","astrologer:Opposition"],"picked":"astrologer:SpaceDust","floor":11},{"not_picked":["astrologer:Temperance","astrologer:Stardust"],"picked":"astrologer:ShootingStar","floor":14},{"not_picked":["astrologer:DarkMatter","astrologer:TheMagician"],"picked":"astrologer:Nova","floor":16},{"not_picked":["astrologer:FrozenStar","astrologer:ReadTheStars"],"picked":"astrologer:SpaceDust","floor":18},{"not_picked":["astrologer:TheHierophant","astrologer:Radiance+1"],"picked":"astrologer:MeteorShower+1","floor":20},{"not_picked":["astrologer:Still","astrologer:CometStrike+1"],"picked":"astrologer:FrozenStar","floor":21},{"not_picked":["astrologer:Still","astrologer:SpaceDust"],"picked":"astrologer:Stardust+1","floor":22}],"player_experience":60908,"relics_obtained":[{"floor":9,"key":"Whetstone"}],"event_choices":[{"damage_healed":0,"gold_gain":0,"player_choice":"Donut","damage_taken":0,"max_hp_gain":5,"max_hp_loss":0,"event_name":"Big Fish","floor":7,"gold_loss":0},{"damage_healed":18,"gold_gain":0,"player_choice":"Healed","damage_taken":0,"max_hp_gain":0,"max_hp_loss":0,"event_name":"The Cleric","floor":10,"gold_loss":35},{"damage_healed":0,"gold_gain":0,"player_choice":"Entered Light","damage_taken":15,"max_hp_gain":0,"max_hp_loss":0,"event_name":"Shining Light","floor":13,"gold_loss":0,"cards_upgraded":["astrologer:Strike","astrologer:Strike"]}],"is_beta":false,"boss_relics":[{"not_picked":["Cursed Key","Runic Dome"],"picked":"SacredBark"}],"items_purged_floors":[],"is_endless":false,"potions_floor_spawned":[1,5,16,18,22],"killed_by":"Book of Stabbing","ascension_level":0}}