{"host":"lnt5dzsuhru0aonl","time":1610882791,"event":{"mods":["2.2 Compatiblity","BaseMod","Colored Map","Colored Powertips","DeckTracker","Keyboard Shortcuts","Minty Spire (QoL Compilation)","Permanent Neow","StSLib","SuperFastMode","everything is the same but u backflip on backflip"],"gold_per_floor":[116,116,128,140,65,65,84,102,102,102,8,42,42,342,342,415,415,431,431,444,458,470,470,208,237,237,255,255,255,255,255,255,326,326,340,340,340,106,106,106,141,141,167,47,0,0,0,25,25,25,25],"floor_reached":52,"language":"KOR","playtime":3322,"items_purged":["Strike_R","Strike_R","Strike_R","Strike_R"],"score":1759,"play_id":"a7596c3f-eaef-4a79-ae0f-782d76f0067d","local_time":"20210117202631","is_ascension_mode":true,"campfire_choices":[{"data":"Armaments","floor":6.0,"key":"SMITH"},{"data":"Fire Breathing","floor":10.0,"key":"SMITH"},{"data":"Body Slam","floor":13.0,"key":"SMITH"},{"data":"Dark Embrace","floor":15.0,"key":"SMITH"},{"data":"True Grit","floor":23.0,"key":"SMITH"},{"floor":32.0,"key":"REST"},{"data":"Purity","floor":40.0,"key":"SMITH"},{"data":"Evolve","floor":42.0,"key":"SMITH"},{"data":"Fiend Fire","floor":47.0,"key":"SMITH"},{"data":"Second Wind","floor":49.0,"key":"SMITH"}],"circlet_count":0,"master_deck":["AscendersBane","Strike_R+1","Defend_R","Defend_R","Defend_R","Defend_R","Bash+1","Secret Weapon","Second Wind+1","Armaments+1","Fire Breathing+1","Battle Trance+1","Wild Strike","Dark Embrace+1","Body Slam+1","Impervious","Pommel Strike+1","True Grit+1","Fiend Fire+1","True Grit+1","Purity+1","Evolve+1"],"relics":["Burning Blood","InkBottle","Juzu Bracelet","Old Coin","Philosopher\u0027s Stone","TheAbacus","The Courier","Kunai","Sundial","Enchiridion","Gambling Chip","Sozu","Blood Vial","Nunchaku","Lantern","Red Mask","Dead Branch"],"acts_visited":["Exordium","TheCity","TheBeyond"],"potions_floor_usage":[51],"damage_taken":[{"damage":7.0,"enemies":"Small Slimes","floor":1.0,"turns":4.0},{"damage":0.0,"enemies":"Cultist","floor":3.0,"turns":2.0},{"damage":7.0,"enemies":"Jaw Worm","floor":4.0,"turns":3.0},{"damage":26.0,"enemies":"Exordium Thugs","floor":7.0,"turns":7.0},{"damage":13.0,"enemies":"Large Slime","floor":8.0,"turns":4.0},{"damage":15.0,"enemies":"3 Sentries","floor":12.0,"turns":3.0},{"damage":13.0,"enemies":"Hexaghost","floor":16.0,"turns":10.0},{"damage":3.0,"enemies":"Spheric Guardian","floor":18.0,"turns":5.0},{"damage":0.0,"enemies":"3 Byrds","floor":20.0,"turns":4.0},{"damage":0.0,"enemies":"Centurion and Healer","floor":21.0,"turns":7.0},{"damage":26.0,"enemies":"Snecko","floor":22.0,"turns":7.0},{"damage":38.0,"enemies":"Slavers","floor":25.0,"turns":4.0},{"damage":4.0,"enemies":"3 Cultists","floor":27.0,"turns":4.0},{"damage":7.0,"enemies":"Automaton","floor":33.0,"turns":7.0},{"damage":0.0,"enemies":"3 Shapes","floor":35.0,"turns":3.0},{"damage":4.0,"enemies":"Giant Head","floor":41.0,"turns":5.0},{"damage":0.0,"enemies":"Mind Bloom Boss Battle","floor":48.0,"turns":5.0},{"damage":25,"enemies":"Time Eater","floor":50,"turns":5},{"damage":23,"enemies":"Donu and Deca","floor":51,"turns":6}],"seed_played":"8879422071981157014","potions_obtained":[{"floor":4.0,"key":"Fruit Juice"},{"floor":7.0,"key":"ColorlessPotion"},{"floor":12.0,"key":"Weak Potion"},{"floor":18.0,"key":"SkillPotion"},{"floor":20.0,"key":"BlessingOfTheForge"},{"floor":25.0,"key":"CultistPotion"}],"is_trial":false,"path_per_floor":["M","?","M","M","$","R","M","M","T","R","$","E","R","?","R","B",null,"M","?","M","M","M","R","$","E","T","M","?","T","?","T","R","B",null,"M","?","?","$","?","R","E","R","T","$","?","$","R","?","R","B","B",null],"character_chosen":"IRONCLAD","items_purchased":["Dark Embrace","Shrug It Off","TheAbacus","Blood Vial"],"campfire_rested":1,"item_purchase_floors":[11,11,24,38],"current_hp_per_floor":[67,47,53,52,52,52,32,25,25,25,25,21,21,21,21,14,58,61,61,67,73,53,53,53,21,21,23,23,23,2,2,23,22,60,66,56,56,56,56,56,60,60,60,60,60,60,60,68,68,50,35],"gold":25,"neow_bonus":"RANDOM_COLORLESS_2","is_daily":false,"chose_seed":false,"campfire_upgraded":9,"win_rate":0.0,"timestamp":1610882791,"path_taken":["M","?","M","M","$","R","M","M","T","R","$","E","R","?","R","BOSS","M","?","M","M","M","R","$","E","T","M","?","?","?","?","R","BOSS","M","?","?","$","?","R","E","R","T","$","?","?","R","?","R","BOSS","BOSS"],"items_purchased_type":["Card","Card","Relic","Relic"],"build_version":"2020-12-22","purchased_purges":4,"victory":true,"max_hp_per_floor":[68,68,68,68,68,68,68,68,68,68,68,73,73,73,73,73,73,73,73,73,73,73,73,73,73,73,73,73,73,73,73,73,73,73,73,73,73,73,69,69,69,69,69,69,69,69,69,69,69,69,69],"card_choices":[{"not_picked":["Mayhem","Violence"],"picked":"Secret Weapon","floor":0.0},{"not_picked":["Flex","Clash"],"picked":"Second Wind","floor":1.0},{"not_picked":["Wild Strike","Iron Wave"],"picked":"Armaments","floor":3.0},{"not_picked":["Exhume","Iron Wave"],"picked":"Fire Breathing","floor":4.0},{"not_picked":["Infernal Blade","Clash"],"picked":"Battle Trance","floor":7.0},{"not_picked":["Spot Weakness","Pummel"],"picked":"Wild Strike","floor":8.0},{"not_picked":["Combust","Shockwave"],"picked":"Body Slam","floor":12.0},{"not_picked":["Exhume","Brutality"],"picked":"Impervious","floor":16.0},{"not_picked":["Iron Wave","Bloodletting"],"picked":"Pommel Strike","floor":18.0},{"not_picked":["Spot Weakness","Iron Wave","Dual Wield"],"picked":"SKIP","floor":20.0},{"not_picked":["Rage","Havoc"],"picked":"True Grit","floor":21.0},{"not_picked":["True Grit","Iron Wave","Shrug It Off"],"picked":"SKIP","floor":22.0},{"not_picked":["Twin Strike","Disarm","Dual Wield"],"picked":"SKIP","floor":25.0},{"not_picked":["Cleave+1","Iron Wave","Anger"],"picked":"SKIP","floor":27.0},{"not_picked":["Barricade","Double Tap"],"picked":"Fiend Fire","floor":33.0},{"not_picked":["Heavy Blade","Thunderclap"],"picked":"True Grit+1","floor":35.0},{"not_picked":["Discovery","Secret Technique"],"picked":"Purity","floor":36.0},{"not_picked":["Sword Boomerang+1","Whirlwind"],"picked":"Evolve","floor":41.0}],"player_experience":685525,"relics_obtained":[{"floor":9.0,"key":"InkBottle"},{"floor":12.0,"key":"Juzu Bracelet"},{"floor":25.0,"key":"The Courier"},{"floor":26.0,"key":"Kunai"},{"floor":29.0,"key":"Sundial"},{"floor":30.0,"key":"Enchiridion"},{"floor":31.0,"key":"Gambling Chip"},{"floor":41.0,"key":"Nunchaku"},{"floor":43.0,"key":"Lantern"},{"floor":48.0,"key":"Dead Branch"}],"event_choices":[{"damage_healed":0.0,"max_hp_gain":0.0,"max_hp_loss":0.0,"gold_gain":0.0,"event_name":"Shining Light","player_choice":"Entered Light","floor":2.0,"gold_loss":0.0,"damage_taken":20.0,"cards_upgraded":["Bash","Strike_R"]},{"damage_healed":0.0,"max_hp_gain":0.0,"max_hp_loss":0.0,"gold_gain":0.0,"event_name":"Dead Adventurer","player_choice":"Searched \u00271\u0027 times","floor":14.0,"gold_loss":0.0,"damage_taken":0.0,"relics_obtained":["Old Coin"]},{"damage_healed":0.0,"max_hp_gain":0.0,"max_hp_loss":0.0,"gold_gain":0.0,"event_name":"Accursed Blacksmith","player_choice":"Forge","floor":19.0,"gold_loss":0.0,"damage_taken":0.0,"cards_upgraded":["Pommel Strike"]},{"damage_healed":0.0,"max_hp_gain":0.0,"max_hp_loss":0.0,"gold_gain":0.0,"event_name":"Upgrade Shrine","player_choice":"Upgraded","floor":28.0,"gold_loss":0.0,"damage_taken":0.0,"cards_upgraded":["Battle Trance"]},{"damage_healed":0.0,"max_hp_gain":0.0,"max_hp_loss":0.0,"gold_gain":0.0,"event_name":"Cursed Tome","player_choice":"Obtained Book","floor":30.0,"gold_loss":0.0,"damage_taken":21.0},{"damage_healed":0.0,"max_hp_gain":0.0,"max_hp_loss":0.0,"gold_gain":0.0,"event_name":"SensoryStone","player_choice":"Memory 3","floor":36.0,"gold_loss":0.0,"damage_taken":10.0},{"cards_removed":["Shrug It Off"],"damage_healed":0.0,"max_hp_gain":0.0,"max_hp_loss":0.0,"gold_gain":0.0,"event_name":"Falling","player_choice":"Removed Skill","floor":37.0,"gold_loss":0.0,"damage_taken":0.0},{"damage_healed":0.0,"max_hp_gain":0.0,"max_hp_loss":4.0,"gold_gain":0.0,"event_name":"Winding Halls","player_choice":"Max HP","floor":39.0,"gold_loss":0.0,"damage_taken":0.0},{"damage_healed":0.0,"max_hp_gain":0.0,"max_hp_loss":0.0,"gold_gain":0.0,"event_name":"Tomb of Lord Red Mask","player_choice":"Paid","floor":45.0,"gold_loss":47.0,"damage_taken":0.0,"relics_obtained":["Red Mask"]},{"damage_healed":0.0,"max_hp_gain":0.0,"max_hp_loss":0.0,"gold_gain":0.0,"event_name":"MindBloom","player_choice":"Fight","floor":48.0,"gold_loss":0.0,"damage_taken":0.0}],"is_beta":false,"boss_relics":[{"not_picked":["Snecko Eye","Empty Cage"],"picked":"Philosopher\u0027s Stone"},{"not_picked":["Coffee Dripper","Astrolabe"],"picked":"Sozu"}],"items_purged_floors":[5,24,38,44],"is_endless":false,"potions_floor_spawned":[4,7,12,18,20,25,35,41,48],"ascension_level":20}}