{"host":"i0xrm7p89v8es8ob","time":1610865304,"event":{"mods":["ATMod(°¢èªMod)","Act Like it!","Aspiration","BaseMod","Conspire","Dota2Spire","Minty Spire (QoL Compilation)","MostiFishMod","Pale of the Ancients","Permanent Neow","Quick Restart","Relic Stats","Replay The Spire","Spicy Shops","StSLib","The Cursed","The Gatherer","The Hierophant","The IronCluck","[IsaacMod]ÒÔÈö¼âËþ","vexMod","¡¾ÒÅÎï¿¨ÅÆ¡¿REMEMod"],"gold_per_floor":[126,154,154,134,176,176,220,268,291,331,281,25,25,73,73,193,193,263,337,337,394,394,394,443,443,443,584,608,608,608,608,608,617,617],"floor_reached":33,"language":"ZHS","playtime":1805,"items_purged":[],"score":274,"play_id":"3e277718-340d-4223-86af-5cb1d4204fb1","local_time":"20210117143504","is_ascension_mode":false,"campfire_choices":[{"data":"DoctorFetus","floor":6.0,"key":"SMITH"},{"floor":13.0,"key":"REST"},{"data":"hierophant:Charity","floor":15.0,"key":"SMITH"},{"data":"hierophant:Doomsaying","floor":23.0,"key":"SMITH"},{"data":"hierophant:DivineIntervention","floor":25.0,"key":"SMITH"},{"data":"hierophant:Repentance","floor":30,"key":"SMITH"},{"floor":32,"key":"REST"}],"circlet_count":0,"master_deck":["hierophant:Strike_Hierophant","hierophant:Strike_Hierophant","hierophant:Strike_Hierophant","hierophant:Strike_Hierophant","hierophant:Punish","hierophant:Defend_Hierophant","hierophant:Defend_Hierophant","hierophant:Defend_Hierophant","hierophant:Defend_Hierophant","hierophant:ChurchCoffers","DoctorFetus+1","hierophant:Doubloon","hierophant:Refuge","AT_Dispersion","hierophant:HolyVerse","hierophant:RustyCrate","hierophant:Doubloon","hierophant:Doubloon","hierophant:DivineIntervention+1","hierophant:Doubloon","hierophant:Charity+1","conspire:SpireCoStock","hierophant:DeathKnell","hierophant:MorningPrayer","Infernal Blade+1","J.A.X.","hierophant:Doomsaying+1","hierophant:Zeal","hierophant:HolyVerse","hierophant:Repentance+1"],"relics":["hierophant:PropheticMaskRelic","REME_ComplimentaryCards","AT_ATBox","HushsDoor","DaveBox","TheBible","ThornShield","aspiration:Nostalgia","Replay:M_SmolderingBlood","SynthV:TestCard","Dota2Spire:ArcaneBoots","UnicornStump","Matryoshka","RhineSuit","Dota2Spire:ArmletOfMordiggian","AT_TheCollector","CultistMask"],"acts_visited":["Exordium","TheCity"],"potions_floor_usage":[33],"damage_taken":[{"damage":4.0,"enemies":"Small Slimes","floor":1.0,"turns":3.0},{"damage":3.0,"enemies":"2 Louse","floor":2.0,"turns":3.0},{"damage":2.0,"enemies":"Cultist","floor":5.0,"turns":4.0},{"damage":13.0,"enemies":"Exordium Thugs","floor":7.0,"turns":6.0},{"damage":8.0,"enemies":"Blue Slaver","floor":8.0,"turns":4.0},{"damage":23.0,"enemies":"Lagavulin","floor":10.0,"turns":5.0},{"damage":8.0,"enemies":"Large Slime","floor":14.0,"turns":7.0},{"damage":13.0,"enemies":"Hexaghost","floor":16.0,"turns":10.0},{"damage":10.0,"enemies":"conspire:FuzzyDice","floor":18.0,"turns":5.0},{"damage":0.0,"enemies":"Chosen","floor":19.0,"turns":4.0},{"damage":11.0,"enemies":"Centurion and Healer","floor":21.0,"turns":5.0},{"damage":13.0,"enemies":"Cultist and Chosen","floor":24.0,"turns":5.0},{"damage":2.0,"enemies":"Sentry and Sphere","floor":27.0,"turns":4.0},{"damage":15,"enemies":"Shelled Parasite and Fungi","floor":28,"turns":4},{"damage":46,"enemies":"Collector","floor":33,"turns":9}],"seed_played":"2590594030366857136","potions_obtained":[{"floor":1.0,"key":"SpeedPotion"},{"floor":2.0,"key":"BlessingOfTheForge"},{"floor":4.0,"key":"Explosive Potion"},{"floor":10.0,"key":"BlessingOfTheForge"},{"floor":21.0,"key":"Fire Potion"}],"is_trial":false,"path_per_floor":["M","M","?","?","M","R","M","M","T","E","?","$","R","M","R","B",null,"M","M","?","M","?","R","M","R","T","M","M","?","R","?","R","B"],"character_chosen":"HIEROPHANT","items_purchased":["Matryoshka"],"campfire_rested":2,"item_purchase_floors":[12],"current_hp_per_floor":[71,68,75,75,73,73,60,52,52,29,29,29,51,43,43,30,75,65,65,65,54,54,54,41,41,41,39,24,24,24,24,46,0,0],"gold":617,"neow_bonus":"NOSTALGIA","is_daily":false,"chose_seed":false,"campfire_upgraded":5,"win_rate":0.0,"timestamp":1610865304,"path_taken":["M","M","?","?","?","R","M","M","T","E","?","$","R","?","R","BOSS","M","M","?","M","?","R","M","R","T","M","M","?","R","?","R","BOSS"],"items_purchased_type":["Relic"],"build_version":"2020-12-22","purchased_purges":0,"victory":false,"max_hp_per_floor":[75,75,75,75,75,75,75,75,75,75,75,75,75,75,75,75,75,75,75,75,75,75,75,75,75,75,75,75,75,75,75,75,75,75],"relic_stats":{"counters":[15,78],"obtain_stats":[{"KeepersGift":0,"UnicornStump":10,"AT_ATBox":0,"DaveBox":0,"aspiration:Nostalgia":0,"hierophant:PropheticMaskRelic":0,"Dota2Spire:ArmletOfMordiggian":26,"RhineSuit":17,"ThornShield":0,"SynthV:TestCard":1,"Matryoshka":12,"TheBible":0,"Replay:M_SmolderingBlood":0,"AT_TheCollector":26,"CultistMask":31,"Dota2Spire:ArcaneBoots":9,"HushsDoor":0,"REME_ComplimentaryCards":0},{"KeepersGift":0,"UnicornStump":6,"AT_ATBox":0,"DaveBox":0,"aspiration:Nostalgia":0,"hierophant:PropheticMaskRelic":0,"Dota2Spire:ArmletOfMordiggian":12,"RhineSuit":8,"ThornShield":0,"SynthV:TestCard":1,"Matryoshka":6,"TheBible":0,"Replay:M_SmolderingBlood":0,"AT_TheCollector":12,"CultistMask":14,"Dota2Spire:ArcaneBoots":5,"HushsDoor":0,"REME_ComplimentaryCards":0},{"KeepersGift":0,"UnicornStump":25,"AT_ATBox":0,"DaveBox":0,"aspiration:Nostalgia":0,"hierophant:PropheticMaskRelic":0,"Dota2Spire:ArmletOfMordiggian":61,"RhineSuit":42,"ThornShield":0,"SynthV:TestCard":3,"Matryoshka":25,"TheBible":0,"Replay:M_SmolderingBlood":0,"AT_TheCollector":61,"CultistMask":69,"Dota2Spire:ArcaneBoots":20,"HushsDoor":0,"REME_ComplimentaryCards":0}]},"card_choices":[{"not_picked":[],"picked":"DoctorFetus","floor":0.0},{"not_picked":["hierophant:PassingBell","hierophant:RepressedViolence"],"picked":"hierophant:HolyVerse","floor":1.0},{"not_picked":["hierophant:DisplayOfPower","hierophant:OrnateBuckler","hierophant:SolarFlare","hierophant:OrnateJavelin"],"picked":"hierophant:RustyCrate","floor":2.0},{"not_picked":["hierophant:SolarFlare","Halt","FlyingSleeves","hierophant:RepressedViolence","Bomb"],"picked":"SKIP","floor":5.0},{"not_picked":["hierophant:Blessing","hierophant:Remorse","hierophant:PassingBell","hierophant:OrnateBuckler","Tantrum"],"picked":"SKIP","floor":7.0},{"not_picked":["hierophant:Exaltation","hierophant:Remorse","hierophant:Encroach","ForeignInfluence"],"picked":"hierophant:DivineIntervention","floor":8.0},{"not_picked":["hierophant:Prophecy","Crescendo","hierophant:Endure","hierophant:Encroach"],"picked":"hierophant:Charity","floor":10.0},{"not_picked":["CrushJoints","hierophant:BulkyChest","ForeignInfluence","hierophant:Bribe","ReachHeaven"],"picked":"SKIP","floor":14.0},{"not_picked":["hierophant:Levitation","hierophant:BulkyChest","hierophant:AuricForm","hierophant:WrathOfGod"],"picked":"hierophant:DeathKnell","floor":16.0},{"not_picked":["hierophant:HammerAndAnvil+1","hierophant:ThreeLashes+1","hierophant:Remorse+1","hierophant:Shelter"],"picked":"hierophant:MorningPrayer","floor":18.0},{"not_picked":["hierophant:Prophecy+1","hierophant:PassingBell","hierophant:Bribe","Headbutt"],"picked":"Infernal Blade+1","floor":19.0},{"not_picked":["Headbutt+1","hierophant:RepressedViolence","hierophant:Encroach","hierophant:RustyCrate"],"picked":"hierophant:Doomsaying","floor":21.0},{"not_picked":["hierophant:DisplayOfPower","hierophant:Purify","CrushJoints","hierophant:Levitation"],"picked":"hierophant:Zeal","floor":24.0},{"not_picked":["hierophant:Empathy+1","hierophant:Purify","hierophant:Bribe","FollowUp"],"picked":"hierophant:HolyVerse","floor":27.0},{"not_picked":["hierophant:AuricBeam+1","FollowUp","hierophant:Doomsaying","hierophant:Mercenaries+1"],"picked":"hierophant:Repentance","floor":28}],"player_experience":65902,"relics_obtained":[{"floor":1.0,"key":"SynthV:TestCard"},{"floor":9.0,"key":"Dota2Spire:ArcaneBoots"},{"floor":10.0,"key":"UnicornStump"},{"floor":26.0,"key":"Dota2Spire:ArmletOfMordiggian"},{"floor":26.0,"key":"AT_TheCollector"}],"event_choices":[{"damage_healed":0.0,"max_hp_gain":0.0,"max_hp_loss":0.0,"gold_gain":0.0,"event_name":"The Woman in Blue","player_choice":"Bought 1 Potion","floor":4.0,"gold_loss":0.0,"damage_taken":0.0},{"damage_healed":0.0,"max_hp_gain":0.0,"max_hp_loss":0.0,"gold_gain":0.0,"event_name":"conspire:Investor","player_choice":"Invest 1","floor":11.0,"gold_loss":0.0,"damage_taken":0.0},{"damage_healed":0.0,"max_hp_gain":0.0,"max_hp_loss":0.0,"gold_gain":0.0,"event_name":"Drug Dealer","player_choice":"Obtain J.A.X.","floor":20.0,"gold_loss":0.0,"damage_taken":0.0,"cards_obtained":["J.A.X."]},{"damage_healed":0,"gold_gain":0,"player_choice":"Trade","damage_taken":0,"relics_obtained":["CultistMask"],"max_hp_gain":0,"max_hp_loss":0,"event_name":"FaceTrader","floor":31,"gold_loss":0}],"is_beta":false,"boss_relics":[{"not_picked":["vexMod:ImprovementManual","aspiration:SecretTechniqueScroll"],"picked":"RhineSuit"},{"not_picked":[]}],"items_purged_floors":[],"is_endless":false,"potions_floor_spawned":[1,2,7,10,21,24],"killed_by":"Collector","ascension_level":0}}