{"host":"r3islh0l1a1ykxfu","time":1610917949,"event":{"mods":["BaseMod","Bestiary","Colored Map","Colored Powertips","Highlight Path","Minty Spire (QoL Compilation)","Relic Stats","Slay-I"],"gold_per_floor":[144,189,189,234,53,53,98,143,143,143,188,233,408,498,498,798,798,843,888,438,363,63,153,153,243,243,243,288,333,333,378,378,678,678,723,273,273,23,68,158,158,203,203,203,203,53,98,143,143,143],"floor_reached":51,"language":"ENG","playtime":4806,"items_purged":[],"score":969,"play_id":"24be4345-df41-45e8-9f99-9e494240b3ed","local_time":"20210117151229","daily_mods":["SealedDeck","Hoarder","Midas"],"is_ascension_mode":false,"campfire_choices":[{"floor":6.0,"key":"REST"},{"floor":15.0,"key":"REST"},{"floor":27.0,"key":"REST"},{"floor":30.0,"key":"REST"},{"floor":32.0,"key":"REST"},{"data":"Doubt","floor":41.0,"key":"PURGE"},{"data":"Doubt","floor":44.0,"key":"PURGE"},{"data":"Conserve Battery","floor":49.0,"key":"PURGE"}],"circlet_count":0,"master_deck":["Beam Cell","Beam Cell","Beam Cell","Go for the Eyes","Go for the Eyes","Go for the Eyes","Compile Driver","Compile Driver","Compile Driver","Stack","Stack","Loop","Loop","Loop","Beam Cell","Beam Cell","Beam Cell","Streamline","Streamline","Streamline","Steam","Steam","Steam","Leap","Leap","Leap","Conserve Battery","Conserve Battery","Scrape","Scrape","Scrape","Cold Snap","Cold Snap","Core Surge","Core Surge","Core Surge","Panache","Panache","Panache","Defragment","Defragment","Defragment","FTL","FTL","FTL","Tempest","Tempest","Tempest","All For One","All For One","All For One","Ball Lightning","Ball Lightning","Ball Lightning","Biased Cognition","Biased Cognition","Biased Cognition","Doom and Gloom","Doom and Gloom","Doom and Gloom","Skim+1","Skim+1","Skim+1","Coolheaded+1","Coolheaded+1","Coolheaded+1","Consume+1","Consume+1","Consume+1","Electrodynamics","Electrodynamics","Electrodynamics","Conserve Battery+1","Conserve Battery+1","Conserve Battery+1","Double Energy+1","Double Energy+1","Double Energy+1","All For One","All For One","All For One","Conserve Battery+1","Conserve Battery+1","Conserve Battery+1","Madness+1","Madness+1","Madness+1","Madness+1","Madness+1","Madness+1","Stack+1","Stack+1","Stack+1"],"relics":["Cracked Core","Pear","Darkstone Periapt","Potion Belt","Fusion Hammer","Medical Kit","Mango","Peace Pipe","Bottled Flame","Toxic Egg 2","Matryoshka","Black Star","Ice Cream","Chemical X","Eternal Feather","Vajra","Bird Faced Urn","Shuriken","Bottled Tornado","Frozen Eye"],"acts_visited":["Exordium","TheCity","TheBeyond"],"potions_floor_usage":[],"damage_taken":[{"damage":0.0,"enemies":"2 Louse","floor":1.0,"turns":2.0},{"damage":0.0,"enemies":"Cultist","floor":2.0,"turns":4.0},{"damage":0.0,"enemies":"Small Slimes","floor":4.0,"turns":3.0},{"damage":7.0,"enemies":"Looter","floor":7.0,"turns":3.0},{"damage":0.0,"enemies":"2 Fungi Beasts","floor":8.0,"turns":3.0},{"damage":0.0,"enemies":"Large Slime","floor":11.0,"turns":4.0},{"damage":4.0,"enemies":"Lots of Slimes","floor":12.0,"turns":4.0},{"damage":5.0,"enemies":"3 Sentries","floor":14.0,"turns":3.0},{"damage":0.0,"enemies":"Slime Boss","floor":16.0,"turns":4.0},{"damage":7.0,"enemies":"Spheric Guardian","floor":18.0,"turns":3.0},{"damage":10.0,"enemies":"Chosen","floor":19.0,"turns":3.0},{"damage":39.0,"enemies":"Slavers","floor":23.0,"turns":6.0},{"damage":18.0,"enemies":"Gremlin Leader","floor":25.0,"turns":5.0},{"damage":12.0,"enemies":"3 Cultists","floor":28.0,"turns":4.0},{"damage":21.0,"enemies":"Snake Plant","floor":29.0,"turns":2.0},{"damage":14.0,"enemies":"Sentry and Sphere","floor":31.0,"turns":4.0},{"damage":31.0,"enemies":"Automaton","floor":33.0,"turns":7.0},{"damage":6.0,"enemies":"3 Darklings","floor":35.0,"turns":4.0},{"damage":4.0,"enemies":"3 Shapes","floor":39.0,"turns":2.0},{"damage":30.0,"enemies":"Reptomancer","floor":40.0,"turns":5.0},{"damage":0.0,"enemies":"Transient","floor":42.0,"turns":5.0},{"damage":13.0,"enemies":"Writhing Mass","floor":47.0,"turns":4.0},{"damage":18.0,"enemies":"Jaw Worm Horde","floor":48.0,"turns":3.0},{"damage":55,"enemies":"Awakened One","floor":50,"turns":7}],"seed_played":"7372172642885907109","potions_obtained":[{"floor":7.0,"key":"SneckoOil"},{"floor":12.0,"key":"SpeedPotion"},{"floor":16.0,"key":"BlessingOfTheForge"},{"floor":19.0,"key":"SteroidPotion"},{"floor":25.0,"key":"CultistPotion"},{"floor":29.0,"key":"LiquidBronze"}],"is_trial":false,"path_per_floor":["M","M","?","M","$","R","M","M","T","?","M","M","?","E","R","B",null,"M","M","$","?","$","E","?","E","T","R","M","M","R","M","R","B",null,"M","$","?","$","M","E","R","M","T","R","?","$","M","M","R","B",null],"character_chosen":"DEFECT","items_purchased":["Panache","Medical Kit","Mango","Peace Pipe","Ice Cream","Chemical X","Eternal Feather","Frozen Eye"],"campfire_rested":5,"item_purchase_floors":[5,20,20,22,36,36,38,46],"current_hp_per_floor":[75,75,68,68,68,75,68,68,78,78,78,74,92,87,103,103,103,96,86,100,100,100,61,61,43,43,78,66,45,80,66,101,70,117,111,111,111,111,107,77,117,117,117,117,102,102,99,83,117,76],"gold":143,"neow_bonus":"","is_daily":true,"chose_seed":false,"campfire_upgraded":0,"win_rate":0.0,"timestamp":1610917949,"path_taken":["M","M","?","M","$","R","M","M","T","?","?","M","?","E","R","BOSS","M","M","$","?","$","E","?","E","T","R","M","M","R","M","R","BOSS","M","$","?","$","M","E","R","M","T","R","?","$","M","M","R","BOSS"],"items_purchased_type":["Card","Relic","Relic","Relic","Relic","Relic","Relic","Relic"],"build_version":"2020-12-22","purchased_purges":0,"victory":true,"max_hp_per_floor":[75,75,75,75,75,75,75,75,85,85,85,85,103,103,103,103,103,103,103,117,117,117,117,117,117,117,117,117,117,117,117,117,117,117,117,117,117,117,117,117,117,117,117,117,117,117,117,117,117,117],"relic_stats":{"Darkstone Periapt":18,"Peace Pipe":3,"counters":[24,92],"Shuriken":[14],"Bird Faced Urn":[26],"Eternal Feather":74,"Black Star":1,"Chemical X":[5],"Medical Kit":[0],"obtain_stats":[{"Darkstone Periapt":10,"Potion Belt":14,"Ice Cream":36,"Pear":9,"Vajra":40,"Mango":20,"Eternal Feather":38,"Bottled Tornado":43,"Medical Kit":20,"Peace Pipe":22,"Frozen Eye":46,"Bottled Flame":23,"Matryoshka":26,"Shuriken":43,"Bird Faced Urn":40,"Fusion Hammer":17,"Black Star":34,"Chemical X":36,"Toxic Egg 2":25,"Cracked Core":0},{"Darkstone Periapt":5,"Potion Belt":8,"Ice Cream":18,"Pear":5,"Vajra":20,"Mango":11,"Eternal Feather":18,"Bottled Tornado":21,"Medical Kit":11,"Peace Pipe":11,"Frozen Eye":21,"Bottled Flame":12,"Matryoshka":13,"Shuriken":21,"Bird Faced Urn":20,"Fusion Hammer":9,"Black Star":17,"Chemical X":18,"Toxic Egg 2":13,"Cracked Core":0},{"Darkstone Periapt":15,"Potion Belt":25,"Ice Cream":66,"Pear":15,"Vajra":73,"Mango":35,"Eternal Feather":66,"Bottled Tornado":78,"Medical Kit":35,"Peace Pipe":35,"Frozen Eye":78,"Bottled Flame":40,"Matryoshka":45,"Shuriken":78,"Bird Faced Urn":73,"Fusion Hammer":29,"Black Star":62,"Chemical X":66,"Toxic Egg 2":45,"Cracked Core":0}]},"card_choices":[{"not_picked":["Leap","Streamline"],"picked":"Scrape","floor":1.0},{"not_picked":["Streamline","Double Energy"],"picked":"Cold Snap","floor":2.0},{"not_picked":["Steam","Turbo"],"picked":"Core Surge","floor":4.0},{"not_picked":["Coolheaded","Capacitor"],"picked":"Defragment","floor":7.0},{"not_picked":["Compile Driver","Stack","Turbo"],"picked":"SKIP","floor":8.0},{"not_picked":["Beam Cell","Redo"],"picked":"FTL","floor":11.0},{"not_picked":["Sunder","Go for the Eyes"],"picked":"Tempest","floor":12.0},{"not_picked":["Tempest","Chill","Redo"],"picked":"SKIP","floor":14.0},{"not_picked":["Machine Learning","Seek"],"picked":"All For One","floor":16.0},{"not_picked":["Streamline","Storm"],"picked":"Ball Lightning","floor":18.0},{"not_picked":["Static Discharge","Double Energy","Genetic Algorithm"],"picked":"SKIP","floor":19.0},{"not_picked":["FTL","Biased Cognition","BootSequence"],"picked":"SKIP","floor":23.0},{"not_picked":["FTL","BootSequence"],"picked":"Biased Cognition","floor":23.0},{"not_picked":["Self Repair+1","Undo+1"],"picked":"Skim+1","floor":25.0},{"not_picked":["Streamline+1","Gash+1"],"picked":"Coolheaded+1","floor":28.0},{"not_picked":["Cold Snap","Reinforced Body+1"],"picked":"Consume+1","floor":29.0},{"not_picked":["Gash","Static Discharge","Sweeping Beam"],"picked":"SKIP","floor":31.0},{"not_picked":["Meteor Strike","Biased Cognition"],"picked":"Electrodynamics","floor":33.0},{"not_picked":["Redo+1","Barrage"],"picked":"Conserve Battery+1","floor":35.0},{"not_picked":["Cold Snap+1","Compile Driver+1"],"picked":"Double Energy+1","floor":39.0},{"not_picked":["Doom and Gloom","Chaos+1"],"picked":"All For One","floor":40.0},{"not_picked":["Glacier+1","Consume+1"],"picked":"Conserve Battery+1","floor":42.0},{"not_picked":["Lockon+1","Auto Shields+1"],"picked":"Stack+1","floor":47.0},{"not_picked":["Compile Driver","Rip and Tear","Go for the Eyes+1"],"picked":"SKIP","floor":48.0}],"player_experience":1165567,"relics_obtained":[{"floor":9.0,"key":"Pear"},{"floor":14.0,"key":"Potion Belt"},{"floor":23.0,"key":"Bottled Flame"},{"floor":25.0,"key":"Toxic Egg 2"},{"floor":26.0,"key":"Matryoshka"},{"floor":40.0,"key":"Vajra"},{"floor":40.0,"key":"Bird Faced Urn"},{"floor":43.0,"key":"Shuriken"},{"floor":43.0,"key":"Bottled Tornado"}],"event_choices":[{"cards_removed":["Stack"],"damage_healed":0.0,"max_hp_gain":0.0,"max_hp_loss":0.0,"gold_gain":0.0,"event_name":"Golden Wing","player_choice":"Card Removal","floor":3.0,"gold_loss":0.0,"damage_taken":7.0},{"cards_removed":["Cold Snap"],"damage_healed":0.0,"max_hp_gain":0.0,"max_hp_loss":0.0,"gold_gain":0.0,"event_name":"WeMeetAgain","player_choice":"Gave Card","floor":10.0,"gold_loss":0.0,"damage_taken":0.0,"relics_obtained":["Darkstone Periapt"]},{"damage_healed":0.0,"max_hp_gain":0.0,"max_hp_loss":0.0,"gold_gain":175.0,"event_name":"Liars Game","player_choice":"AGREE","floor":13.0,"gold_loss":0.0,"damage_taken":0.0,"cards_obtained":["Doubt"]},{"cards_removed":["Doubt"],"damage_healed":0.0,"max_hp_gain":0.0,"max_hp_loss":0.0,"gold_gain":0.0,"event_name":"Beggar","player_choice":"Gave Gold","floor":21.0,"gold_loss":75.0,"damage_taken":0.0},{"damage_healed":0.0,"max_hp_gain":0.0,"max_hp_loss":0.0,"gold_gain":0.0,"event_name":"The Library","player_choice":"Read","floor":24.0,"gold_loss":0.0,"damage_taken":0.0,"cards_obtained":["Doom and Gloom"]},{"damage_healed":0.0,"max_hp_gain":0.0,"max_hp_loss":0.0,"gold_gain":0.0,"event_name":"Tomb of Lord Red Mask","player_choice":"Ignored","floor":37.0,"gold_loss":0.0,"damage_taken":0.0},{"damage_healed":0.0,"max_hp_gain":0.0,"max_hp_loss":0.0,"gold_gain":0.0,"event_name":"Winding Halls","player_choice":"Embrace Madness","floor":45.0,"gold_loss":0.0,"damage_taken":15.0,"cards_obtained":["Madness","Madness"]}],"is_beta":false,"boss_relics":[{"not_picked":["SlaversCollar","Philosopher\u0027s Stone"],"picked":"Fusion Hammer"},{"not_picked":["Nuclear Battery","Astrolabe"],"picked":"Black Star"}],"items_purged_floors":[],"is_endless":false,"potions_floor_spawned":[7,12,16,19,25,29,39,47],"ascension_level":0}}