{"host":"ndpbn7fqb3wjbd7p","time":1610848358,"event":{"mods":["AchievementEnabler","Act Like it!","AlwaysNeverKeys","BaseMod","Better Vampires","Block Reminder","Colored Powertips","DeckTracker","Defuse TimeMaze Blight","Friendly Minions","Hallownest","Hermit","Highlight Path","MarisaÅiñ∂âJÅ@ñÇóùçπÅj","Minty Spire (QoL Compilation)","Permanent Neow","Shade Mod","StSLib","SuperFastMode","Synergy Search","The Mystic","Unceasing Turn Reminder","Wandering Minibosses","egg"],"gold_per_floor":[112,128,53,53,71,71,91,91,91,106,124,124,143,169,169,243,243,258,275,292,192,202,202,228,228,228,228,286,286,286,302,302,381,381,397,26,43,59,76,76,76,76,76,76,76,93,126,145,145,145],"floor_reached":51,"language":"ENG","playtime":3460,"items_purged":["Defend_G","Strike_G","Strike_G"],"score":1210,"play_id":"1428e4fd-3f02-4201-a63f-c5184f4ffc40","local_time":"20210117025238","is_ascension_mode":true,"campfire_choices":[{"data":"Finisher","floor":6,"key":"SMITH"},{"data":"Blade Dance","floor":8,"key":"SMITH"},{"data":"Blade Dance","floor":12,"key":"SMITH"},{"data":"Well Laid Plans","floor":15,"key":"SMITH"},{"floor":23,"key":"REST"},{"data":"After Image","floor":25,"key":"SMITH"},{"data":"Acrobatics","floor":27,"key":"SMITH"},{"data":"Calculated Gamble","floor":30,"key":"SMITH"},{"data":"Neutralize","floor":32,"key":"SMITH"},{"floor":40,"key":"REST"},{"data":"Terror","floor":42,"key":"SMITH"},{"data":"Storm of Steel","floor":44,"key":"SMITH"},{"data":"Infinite Blades","floor":49,"key":"SMITH"}],"circlet_count":0,"master_deck":["AscendersBane","Strike_G","Strike_G","Strike_G","Defend_G","Defend_G","Survivor","Neutralize+1","Finisher+1","Well Laid Plans+1","Blade Dance+1","Blade Dance+1","Terror+1","Acrobatics+1","Infinite Blades+1","After Image+1","Reflex+1","Calculated Gamble+1","Accuracy+1","Storm of Steel+1","Cloak And Dagger+1","Defend_G","Defend_G"],"relics":["Ring of the Snake","Hallownest:DreamNailRelic","Eternal Feather","Prayer Wheel","WristBlade","wanderingMiniBosses:CarrionFlame","Bag of Preparation","Vajra","HoveringKite","Sundial","Molten Egg 2","Toy Ornithopter"],"acts_visited":["Exordium","Hallownest:Greenpath","Hallownest:CityofTears"],"potions_floor_usage":[7,11,11,16,19,19,20,22,22,24,28,33,33,38,50],"damage_taken":[{"damage":0,"enemies":"Hallownest:monsterHuskWarrior","floor":1,"turns":6},{"damage":0,"enemies":"Hallownest:2_MossCreeps","floor":2,"turns":6},{"damage":0,"enemies":"2_ Uuma","floor":5,"turns":5},{"damage":13,"enemies":"Hallownest:monsterMossCharger","floor":7,"turns":6},{"damage":19,"enemies":"Hallownest:1_Ooma_and_2_Uuma","floor":10,"turns":9},{"damage":10,"enemies":"Hallownest:1_Baldur_1_Crawlid_1_Warrior","floor":11,"turns":6},{"damage":0,"enemies":"Hallownest:monsterMossCharger","floor":13,"turns":3},{"damage":2,"enemies":"Hallownest:eliteMossKnight","floor":14,"turns":5},{"damage":11,"enemies":"Hallownest:BossFalseKnight","floor":16,"turns":4},{"damage":6,"enemies":"Hallownest:3_Youths","floor":18,"turns":5},{"damage":4,"enemies":"Hallownest:Guard_and_Sentry","floor":19,"turns":6},{"damage":13,"enemies":"Hallownest:3_Mistakes","floor":20,"turns":7},{"damage":22,"enemies":"Hallownest:2_Husk_Sentries","floor":22,"turns":4},{"damage":18,"enemies":"Hallownest:eliteWatcherKnight","floor":24,"turns":10},{"damage":9,"enemies":"Hallownest:Glutton_and_Coward","floor":28,"turns":2},{"damage":4,"enemies":"Hallownest:Master_and_Novice","floor":31,"turns":4},{"damage":34,"enemies":"Hallownest:BossGrimm","floor":33,"turns":3},{"damage":21,"enemies":"Hallownest:2_Littles","floor":35,"turns":4},{"damage":14,"enemies":"Hallownest:3_Siblings","floor":37,"turns":4},{"damage":1,"enemies":"Hallownest:Slobbering_and_Violent","floor":38,"turns":4},{"damage":14,"enemies":"Hallownest:2_Soldiers_and_1_Guardian","floor":39,"turns":2},{"damage":0,"enemies":"Hallownest:2_Great","floor":46,"turns":2},{"damage":0,"enemies":"Hallownest:StalkingDevout","floor":47,"turns":2},{"damage":4,"enemies":"Hallownest:monsterPrimalAspid","floor":48,"turns":3},{"damage":29,"enemies":"Hallownest:BossHollowKnight","floor":50,"turns":5}],"seed_played":"3490237604590452372","potions_obtained":[{"floor":2,"key":"SteroidPotion"},{"floor":7,"key":"BlessingOfTheForge"},{"floor":10,"key":"CunningPotion"},{"floor":13,"key":"SteroidPotion"},{"floor":14,"key":"Block Potion"},{"floor":18,"key":"Strength Potion"},{"floor":20,"key":"SkillPotion"},{"floor":24,"key":"Weak Potion"},{"floor":31,"key":"GamblersBrew"},{"floor":33,"key":"PowerPotion"},{"floor":37,"key":"Poison Potion"},{"floor":38,"key":"Fruit Juice"}],"is_trial":false,"path_per_floor":["M","M","$","?","M","R","M","R","T","M","M","R","M","E","R","B",null,"M","M","M","$","M","R","E","R","T","R","M","?","R","M","R","B",null,"M","$","M","M","M","R","?","R","T","R","?","M","E","M","R","B",null],"character_chosen":"THE_SILENT","items_purchased":["Sundial"],"campfire_rested":2,"item_purchase_floors":[36],"current_hp_per_floor":[59,59,59,59,59,59,46,46,46,27,17,26,26,24,33,22,55,49,45,32,32,10,41,23,35,35,47,38,66,66,62,66,32,58,37,37,23,27,13,46,46,58,58,64,64,64,64,60,64,35],"gold":145,"neow_bonus":"REMOVE_CARD","is_daily":false,"chose_seed":false,"campfire_upgraded":11,"win_rate":0.0,"timestamp":1610848358,"path_taken":["M","M","$","?","M","R","M","R","T","M","M","R","M","E","R","BOSS","M","M","M","$","M","R","E","R","T","R","M","?","R","?","R","BOSS","M","$","M","M","M","R","?","R","T","R","?","M","E","?","R","BOSS"],"items_purchased_type":["Relic"],"build_version":"2020-12-22","purchased_purges":3,"victory":true,"max_hp_per_floor":[66,66,66,66,66,66,66,66,66,66,66,66,66,66,66,66,66,66,66,66,66,66,66,66,66,66,66,66,66,66,66,66,66,66,66,66,66,71,71,71,64,64,64,64,64,64,64,64,64,64],"card_choices":[{"not_picked":["Bane","Outmaneuver"],"picked":"Finisher","floor":1},{"not_picked":["Bouncing Flask","Dagger Throw"],"picked":"Leg Sweep","floor":2},{"not_picked":["Acrobatics","All Out Attack"],"picked":"Well Laid Plans","floor":5},{"not_picked":["Cloak And Dagger","Choke"],"picked":"Blade Dance","floor":7},{"not_picked":["All Out Attack","Dash"],"picked":"Blade Dance","floor":10},{"not_picked":["Flying Knee","Blade Dance","A Thousand Cuts"],"picked":"SKIP","floor":11},{"not_picked":["Outmaneuver","Backflip"],"picked":"Terror","floor":13},{"not_picked":["Deflect","Well Laid Plans"],"picked":"Acrobatics","floor":14},{"not_picked":["Wraith Form v2","Malaise"],"picked":"Venomology","floor":16},{"not_picked":["Backflip","Blade Dance"],"picked":"Infinite Blades","floor":18},{"not_picked":["Dagger Throw","Underhanded Strike","Blade Dance"],"picked":"SKIP","floor":18},{"not_picked":["Footwork","Quick Slash"],"picked":"After Image","floor":19},{"not_picked":["Prepared","Dagger Spray","Blade Dance"],"picked":"SKIP","floor":19},{"not_picked":["Cloak And Dagger","PiercingWail"],"picked":"Reflex+1","floor":20},{"not_picked":["Underhanded Strike","Bouncing Flask","Sucker Punch"],"picked":"SKIP","floor":20},{"not_picked":["Bane","Poisoned Stab"],"picked":"Calculated Gamble","floor":22},{"not_picked":["Poisoned Stab","Caltrops","Doppelganger"],"picked":"SKIP","floor":22},{"not_picked":["Blade Dance","Bouncing Flask+1"],"picked":"Accuracy+1","floor":24},{"not_picked":["Predator","Deadly Poison","Prepared"],"picked":"SKIP","floor":28},{"not_picked":["Acrobatics","Deflect","Calculated Gamble"],"picked":"SKIP","floor":28},{"not_picked":["Underhanded Strike","Caltrops","Malaise"],"picked":"SKIP","floor":31},{"not_picked":["Terror","Underhanded Strike","Sucker Punch"],"picked":"SKIP","floor":31},{"not_picked":["Bullet Time","Wraith Form v2"],"picked":"Storm of Steel","floor":33},{"not_picked":["Masterful Stab+1","Deadly Poison+1","Flying Knee"],"picked":"SKIP","floor":35},{"not_picked":["PiercingWail+1","Slice+1","Backflip+1"],"picked":"SKIP","floor":35},{"not_picked":["Sucker Punch","Prepared","Slice"],"picked":"SKIP","floor":37},{"not_picked":["Bane","Underhanded Strike","Caltrops"],"picked":"SKIP","floor":37},{"not_picked":["Predator","Venomology","PiercingWail"],"picked":"SKIP","floor":38},{"not_picked":["Bane","Backflip","PiercingWail"],"picked":"SKIP","floor":38},{"not_picked":["Acrobatics","Quick Slash"],"picked":"Cloak And Dagger+1","floor":39},{"not_picked":["Cloak And Dagger","Dodge and Roll","Poisoned Stab"],"picked":"SKIP","floor":39},{"not_picked":["Venomology","Leg Sweep","Skewer+1"],"picked":"SKIP","floor":46},{"not_picked":["Outmaneuver","Choke+1","Bane+1"],"picked":"SKIP","floor":46},{"not_picked":["Catalyst","Setup","Flechettes+1"],"picked":"SKIP","floor":47},{"not_picked":["Skewer+1","Predator+1","Quick Slash+1"],"picked":"SKIP","floor":48},{"not_picked":["Predator+1","Dagger Spray+1","Blade Dance"],"picked":"SKIP","floor":48}],"player_experience":1141583,"relics_obtained":[{"floor":9,"key":"Eternal Feather"},{"floor":14,"key":"Prayer Wheel"},{"floor":19,"key":"wanderingMiniBosses:CarrionFlame"},{"floor":24,"key":"Bag of Preparation"},{"floor":26,"key":"Vajra"},{"floor":43,"key":"Molten Egg 2"},{"floor":47,"key":"Toy Ornithopter"}],"event_choices":[],"is_beta":false,"boss_relics":[{"not_picked":["Velvet Choker","Cursed Key"],"picked":"WristBlade"},{"not_picked":["Black Star","Astrolabe"],"picked":"HoveringKite"}],"items_purged_floors":[3,21,36],"is_endless":false,"potions_floor_spawned":[2,7,10,13,14,18,20,24,31,33,37,38],"ascension_level":15}}