{"host":"okwje0f023j11b2v","time":1610850780,"event":{"mods":["Act Like it!","BaseMod","Bestiary","Downfall","Infinite Spire","Minty Spire (QoL Compilation)","StSLib"],"gold_per_floor":[118,118,67,67,21,21,21,96,96,96,107,121,140,157,157,253,253,270,220,240,155,5,5,20,35,35,49,49,79,102,119,119,119,119],"floor_reached":33,"language":"ENG","playtime":1722,"items_purged":[],"score":270,"play_id":"3941aff2-3cca-4c9d-aace-27996ee9338b","local_time":"20210116183300","is_ascension_mode":true,"campfire_choices":[{"floor":7.0,"key":"RECALL"},{"floor":10.0,"key":"REST"},{"floor":15.0,"key":"REST"},{"floor":23.0,"key":"REST"},{"floor":28.0,"key":"REST"},{"floor":32,"key":"REST"}],"circlet_count":0,"master_deck":["Strike_R","Strike_R","Strike_R","Strike_R+1","Strike_R","Defend_R","Defend_R","Defend_R+1","Bash","Clash+1","Perfected Strike","Anger","Headbutt","Uppercut","Thunderclap","Inflame","Bludgeon","Inflame","Anger","Wild Strike","Clothesline+1","Twin Strike","Clash","Battle Trance","Flex"],"relics":["Burning Blood","Self Forming Clay","Mark of Pain","Pocketwatch","Whetstone","Matryoshka","Pen Nib","PreservedInsect"],"acts_visited":[],"potions_floor_usage":[31],"damage_taken":[{"damage":6.0,"enemies":"2 Louse","floor":1.0,"turns":2.0},{"damage":6.0,"enemies":"Cultist","floor":11.0,"turns":3.0},{"damage":11.0,"enemies":"Jaw Worm","floor":12.0,"turns":2.0},{"damage":7.0,"enemies":"Blue Slaver","floor":13.0,"turns":3.0},{"damage":0.0,"enemies":"Large Slime","floor":14.0,"turns":4.0},{"damage":68.0,"enemies":"Slime Boss","floor":16.0,"turns":8.0},{"damage":31.0,"enemies":"2 Thieves","floor":18.0,"turns":3.0},{"damage":13.0,"enemies":"Shell Parasite","floor":20.0,"turns":3.0},{"damage":10.0,"enemies":"Chosen and Byrds","floor":24.0,"turns":4.0},{"damage":22.0,"enemies":"Centurion and Healer","floor":25.0,"turns":5.0},{"damage":24.0,"enemies":"Snake Plant","floor":27.0,"turns":4.0},{"damage":31.0,"enemies":"Gremlin Leader","floor":29.0,"turns":6.0},{"damage":24,"enemies":"3 Cultists","floor":31,"turns":4},{"damage":101,"enemies":"Collector","floor":33,"turns":5}],"seed_played":"-8623228516554536337","potions_obtained":[{"floor":2.0,"key":"GamblersBrew"},{"floor":2.0,"key":"Explosive Potion"},{"floor":2.0,"key":"Fruit Juice"},{"floor":12.0,"key":"DuplicationPotion"},{"floor":25.0,"key":"Energy Potion"}],"is_trial":false,"path_per_floor":["M","?","$","T","$","?","R","?","T","R","M","M","M","M","R","B",null,"M","?","M","?","$","R","M","M","T","M","R","E","T","M","R","B"],"character_chosen":"IRONCLAD","items_purchased":["Perfected Strike","Anger","FairyPotion","Wild Strike"],"campfire_rested":5,"item_purchase_floors":[3,5,22,22],"current_hp_per_floor":[80,85,85,85,85,68,68,57,57,82,82,77,76,82,85,23,85,60,60,53,53,53,78,74,58,58,40,65,40,40,22,47,0,0],"gold":119,"neow_bonus":"REMOVE_CARD","is_daily":false,"chose_seed":false,"campfire_upgraded":0,"win_rate":0.0,"timestamp":1610850780,"path_taken":["M","?","$","?","?","?","R","?","T","R","M","?","M","?","R","BOSS","M","?","?","?","$","R","M","M","T","M","R","E","?","M","R","BOSS"],"items_purchased_type":["Card","Card","Potion","Card"],"build_version":"2020-12-22","purchased_purges":0,"victory":false,"max_hp_per_floor":[80,85,85,85,85,85,85,85,85,85,85,85,85,85,85,85,85,85,85,85,85,85,85,85,85,85,85,85,85,85,85,85,85,85],"card_choices":[{"not_picked":["Headbutt","Flex"],"picked":"Clash","floor":1.0},{"not_picked":["Heavy Blade","Havoc"],"picked":"Headbutt","floor":11.0},{"not_picked":["Pummel","Dark Embrace"],"picked":"Uppercut","floor":12.0},{"not_picked":["Whirlwind","Body Slam"],"picked":"Thunderclap","floor":13.0},{"not_picked":["Warcry","Havoc"],"picked":"Inflame","floor":14.0},{"not_picked":["Barricade","Demon Form"],"picked":"Bludgeon","floor":16.0},{"not_picked":["Intimidate","Thunderclap+1"],"picked":"Inflame","floor":18.0},{"not_picked":["Sword Boomerang","Infernal Blade"],"picked":"Anger","floor":20.0},{"not_picked":["Armaments","Whirlwind"],"picked":"Clothesline","floor":24.0},{"not_picked":["Feel No Pain","Blood for Blood"],"picked":"Twin Strike","floor":25.0},{"not_picked":["Double Tap","Clothesline"],"picked":"Clash","floor":27.0},{"not_picked":["Pommel Strike+1","Sword Boomerang+1"],"picked":"Battle Trance","floor":29.0},{"not_picked":["Cleave","Clothesline"],"picked":"Flex","floor":31}],"player_experience":267326,"relics_obtained":[{"floor":9.0,"key":"Self Forming Clay"},{"floor":26.0,"key":"Whetstone"},{"floor":29.0,"key":"Matryoshka"},{"floor":30.0,"key":"Pen Nib"},{"floor":30.0,"key":"PreservedInsect"}],"event_choices":[{"damage_healed":0.0,"max_hp_gain":0.0,"max_hp_loss":0.0,"gold_gain":0.0,"event_name":"Lab","player_choice":"Got Potions","floor":2.0,"gold_loss":0.0,"damage_taken":0.0},{"damage_healed":0.0,"max_hp_gain":0.0,"max_hp_loss":0.0,"gold_gain":0.0,"event_name":"Shining Light","player_choice":"Entered Light","floor":6.0,"gold_loss":0.0,"damage_taken":17.0,"cards_upgraded":["Defend_R","Strike_R"]},{"damage_healed":0.0,"max_hp_gain":0.0,"max_hp_loss":0.0,"gold_gain":75.0,"event_name":"World of Goop","player_choice":"Gather Gold","floor":8.0,"gold_loss":0.0,"damage_taken":11.0},{"damage_healed":0.0,"max_hp_gain":0.0,"max_hp_loss":0.0,"gold_gain":0.0,"event_name":"The Joust","player_choice":"Bet on Murderer","floor":19.0,"gold_loss":50.0,"damage_taken":0.0},{"damage_healed":0.0,"max_hp_gain":0.0,"max_hp_loss":0.0,"gold_gain":0.0,"event_name":"Addict","player_choice":"Obtained Relic","floor":21.0,"gold_loss":85.0,"damage_taken":0.0,"relics_obtained":["Pocketwatch"]}],"is_beta":false,"boss_relics":[{"not_picked":["Runic Cube","SacredBark"],"picked":"Mark of Pain"}],"items_purged_floors":[],"is_endless":false,"potions_floor_spawned":[12,25,27,29],"killed_by":"Collector","ascension_level":1}}