{"host":"q9718omregw4er46","time":1610879129,"event":{"mods":["BaseMod","Bestiary","Colored Powertips","Minty Spire (QoL Compilation)","Quick Restart","Relic Stats"],"gold_per_floor":[116,135,151,164,164,164,193,213,237,271,271,271,21,52,52,127,127,143,163,0,0,0,0,27,51,51,77,77,95,95,128,128,204,204,215,215,215,12,22,22,22],"floor_reached":40,"language":"ENG","playtime":1580,"items_purged":["Strike_P+1"],"score":1020,"play_id":"12f5d1b5-b5c0-4610-8f17-d2777368b541","local_time":"20210117152529","is_ascension_mode":true,"campfire_choices":[{"floor":6.0,"key":"REST"},{"floor":12.0,"key":"REST"},{"data":"Meditate","floor":15.0,"key":"SMITH"},{"floor":23.0,"key":"REST"},{"floor":30.0,"key":"RECALL"},{"floor":32.0,"key":"REST"}],"circlet_count":0,"master_deck":["AscendersBane","Strike_P+1","Defend_P+1","Defend_P+1","Defend_P+1","Defend_P+1","Eruption+1","Vigilance","WheelKick","BowlingBash","FlurryOfBlows","Tantrum","Meditate+1","FearNoEvil","FlurryOfBlows","LikeWater","Adaptation","Blasphemy","Conclude","MentalFortress","CutThroughFate+1","Establishment","DevaForm","Secret Technique","Dramatic Entrance+1","LessonLearned+1","MentalFortress+1"],"relics":["PureWater","Dead Branch","Letter Opener","Juzu Bracelet","Damaru","Orrery","Bag of Marbles","Fusion Hammer","TheAbacus","Eternal Feather","Smiling Mask","Molten Egg 2","TungstenRod","SlaversCollar"],"acts_visited":["Exordium","TheCity","TheBeyond"],"potions_floor_usage":[35,40],"damage_taken":[{"damage":3.0,"enemies":"Small Slimes","floor":1.0,"turns":4.0},{"damage":0.0,"enemies":"Cultist","floor":2.0,"turns":2.0},{"damage":0.0,"enemies":"2 Louse","floor":3.0,"turns":2.0},{"damage":7.0,"enemies":"Exordium Wildlife","floor":4.0,"turns":4.0},{"damage":0.0,"enemies":"Gremlin Nob","floor":7.0,"turns":2.0},{"damage":0.0,"enemies":"2 Fungi Beasts","floor":8.0,"turns":2.0},{"damage":40.0,"enemies":"3 Sentries","floor":10.0,"turns":5.0},{"damage":0.0,"enemies":"Gremlin Nob","floor":14.0,"turns":2.0},{"damage":8.0,"enemies":"Hexaghost","floor":16.0,"turns":7.0},{"damage":8.0,"enemies":"Shell Parasite","floor":18.0,"turns":3.0},{"damage":0.0,"enemies":"Spheric Guardian","floor":19.0,"turns":2.0},{"damage":1.0,"enemies":"Book of Stabbing","floor":24.0,"turns":3.0},{"damage":8.0,"enemies":"Gremlin Leader","floor":27.0,"turns":3.0},{"damage":2.0,"enemies":"Snecko","floor":29.0,"turns":3.0},{"damage":20.0,"enemies":"Slavers","floor":31.0,"turns":3.0},{"damage":26.0,"enemies":"Automaton","floor":33.0,"turns":7.0},{"damage":14,"enemies":"3 Shapes","floor":35,"turns":4},{"damage":0,"enemies":"3 Darklings","floor":39,"turns":4},{"damage":42,"enemies":"Nemesis","floor":40,"turns":3}],"seed_played":"-1145295520319456897","potions_obtained":[{"floor":2.0,"key":"LiquidBronze"},{"floor":3.0,"key":"Explosive Potion"},{"floor":10.0,"key":"SkillPotion"},{"floor":14.0,"key":"GamblersBrew"},{"floor":19.0,"key":"Weak Potion"},{"floor":27.0,"key":"Fire Potion"},{"floor":29.0,"key":"AttackPotion"},{"floor":33.0,"key":"Ancient Potion"},{"floor":35,"key":"Dexterity Potion"},{"floor":39,"key":"LiquidMemories"}],"is_trial":false,"path_per_floor":["M","M","M","M","?","R","E","M","T","E","?","R","$","E","R","B",null,"M","M","$","?","?","R","E","T","T","E","?","M","R","E","R","B",null,"M","?","?","$","M","E"],"character_chosen":"WATCHER","items_purchased":["Orrery","Adaptation","TheAbacus","LessonLearned+1"],"campfire_rested":4,"item_purchase_floors":[13,13,20,38],"current_hp_per_floor":[40,40,40,33,33,53,53,53,53,13,6,26,26,26,26,18,56,48,48,48,29,29,50,49,49,49,41,41,39,51,31,64,38,64,50,41,41,41,41,0,0],"gold":22,"neow_bonus":"ONE_RARE_RELIC","is_daily":false,"chose_seed":false,"campfire_upgraded":1,"win_rate":0.0,"timestamp":1610879129,"path_taken":["M","M","M","M","?","R","E","?","T","E","?","R","?","E","R","BOSS","M","M","$","?","?","R","E","?","T","E","?","M","R","E","R","BOSS","M","?","?","$","M","E"],"items_purchased_type":["Relic","Card","Relic","Card"],"build_version":"2020-12-22","purchased_purges":1,"victory":false,"max_hp_per_floor":[68,68,68,68,68,68,68,68,68,68,68,68,68,68,68,68,68,68,68,68,73,73,73,73,73,73,73,73,73,73,73,73,73,73,73,73,73,73,73,73,73],"relic_stats":{"TheAbacus":[18],"counters":[19,65],"Dead Branch":[54],"Eternal Feather":24,"Juzu Bracelet":0,"Letter Opener":[71],"Smiling Mask":25,"obtain_stats":[{"Dead Branch":0,"Damaru":10,"Eternal Feather":24,"Juzu Bracelet":9,"Letter Opener":7,"Smiling Mask":25,"SlaversCollar":34,"TheAbacus":20,"Orrery":13,"Molten Egg 2":26,"Fusion Hammer":17,"Bag of Marbles":14,"PureWater":0,"TungstenRod":31},{"Dead Branch":0,"Damaru":7,"Eternal Feather":12,"Juzu Bracelet":6,"Letter Opener":5,"Smiling Mask":12,"SlaversCollar":16,"TheAbacus":11,"Orrery":7,"Molten Egg 2":12,"Fusion Hammer":9,"Bag of Marbles":8,"PureWater":0,"TungstenRod":15},{"Dead Branch":0,"Damaru":21,"Eternal Feather":38,"Juzu Bracelet":16,"Letter Opener":14,"Smiling Mask":38,"SlaversCollar":54,"TheAbacus":35,"Orrery":21,"Molten Egg 2":38,"Fusion Hammer":30,"Bag of Marbles":23,"PureWater":0,"TungstenRod":47}],"TungstenRod":13},"card_choices":[{"not_picked":["PathToVictory","ClearTheMind"],"picked":"WheelKick","floor":1.0},{"not_picked":["FlyingSleeves","SashWhip"],"picked":"BowlingBash","floor":2.0},{"not_picked":["CrushJoints","Protect","JustLucky"],"picked":"SKIP","floor":3.0},{"not_picked":["Protect","Ragnarok"],"picked":"FlurryOfBlows","floor":4.0},{"not_picked":["FlyingSleeves","Wireheading"],"picked":"Tantrum","floor":7.0},{"not_picked":["SashWhip","Prostrate","WheelKick"],"picked":"SKIP","floor":8.0},{"not_picked":["WheelKick","ConjureBlade"],"picked":"Meditate","floor":10.0},{"not_picked":["EmptyFist","FlyingSleeves"],"picked":"FearNoEvil","floor":13.0},{"not_picked":["PathToVictory","Vengeance"],"picked":"FlurryOfBlows","floor":13.0},{"not_picked":["Weave","Consecrate"],"picked":"LikeWater","floor":13.0},{"not_picked":["Worship","Fasting2","ClearTheMind"],"picked":"SKIP","floor":14.0},{"not_picked":["Vault","Scrawl"],"picked":"Blasphemy","floor":16.0},{"not_picked":["WindmillStrike","FlurryOfBlows+1","PathToVictory"],"picked":"SKIP","floor":18.0},{"not_picked":["InnerPeace","WindmillStrike"],"picked":"Conclude","floor":19.0},{"not_picked":["JustLucky","Protect"],"picked":"MentalFortress","floor":24.0},{"not_picked":["SignatureMove+1","Weave+1"],"picked":"CutThroughFate+1","floor":27.0},{"not_picked":["SashWhip+1","EmptyBody+1","Evaluate"],"picked":"SKIP","floor":29.0},{"not_picked":["Evaluate","EmptyBody"],"picked":"Establishment","floor":31.0},{"not_picked":["DeusExMachina","Vault"],"picked":"DevaForm","floor":33.0},{"not_picked":["Evaluate","FlyingSleeves+1","Protect"],"picked":"SKIP","floor":35},{"not_picked":["Trip","Mayhem"],"picked":"Secret Technique","floor":36},{"not_picked":["Panache","PanicButton"],"picked":"Dramatic Entrance+1","floor":36},{"not_picked":["FlyingSleeves+1","FollowUp+1"],"picked":"MentalFortress+1","floor":39}],"player_experience":1216563,"relics_obtained":[{"floor":7.0,"key":"Letter Opener"},{"floor":9.0,"key":"Juzu Bracelet"},{"floor":10.0,"key":"Damaru"},{"floor":14.0,"key":"Bag of Marbles"},{"floor":24.0,"key":"Eternal Feather"},{"floor":25.0,"key":"Smiling Mask"},{"floor":26.0,"key":"Molten Egg 2"},{"floor":31.0,"key":"TungstenRod"}],"event_choices":[{"cards_removed":["Strike_P"],"damage_healed":0.0,"max_hp_gain":0.0,"max_hp_loss":0.0,"gold_gain":0.0,"event_name":"Bonfire Elementals","player_choice":"Offered Basic","floor":5.0,"gold_loss":0.0,"damage_taken":0.0},{"cards_removed":["Strike_P"],"damage_healed":0.0,"max_hp_gain":0.0,"max_hp_loss":0.0,"gold_gain":0.0,"event_name":"Golden Wing","player_choice":"Card Removal","floor":11.0,"gold_loss":0.0,"damage_taken":7.0},{"damage_healed":0.0,"max_hp_gain":5.0,"max_hp_loss":0.0,"gold_gain":0.0,"event_name":"Forgotten Altar","player_choice":"Shed Blood","floor":21.0,"gold_loss":0.0,"damage_taken":24.0},{"damage_healed":0.0,"max_hp_gain":0.0,"max_hp_loss":0.0,"gold_gain":0.0,"event_name":"Back to Basics","player_choice":"Simplicity","floor":22.0,"gold_loss":0.0,"damage_taken":0.0,"cards_upgraded":["Strike_P","Strike_P","Defend_P","Defend_P","Defend_P","Defend_P"]},{"damage_healed":0.0,"max_hp_gain":0.0,"max_hp_loss":0.0,"gold_gain":0.0,"event_name":"The Mausoleum","player_choice":"Ignored","floor":28.0,"gold_loss":0.0,"damage_taken":0.0},{"damage_healed":0,"gold_gain":0,"player_choice":"Memory 3","damage_taken":10,"max_hp_gain":0,"max_hp_loss":0,"event_name":"SensoryStone","floor":36,"gold_loss":0},{"damage_healed":0,"gold_gain":0,"player_choice":"Ignored","damage_taken":0,"max_hp_gain":0,"max_hp_loss":0,"event_name":"Tomb of Lord Red Mask","floor":37,"gold_loss":0}],"is_beta":false,"boss_relics":[{"not_picked":["Busted Crown","Coffee Dripper"],"picked":"Fusion Hammer"},{"not_picked":["Black Star","Runic Dome"],"picked":"SlaversCollar"}],"items_purged_floors":[38],"is_endless":false,"potions_floor_spawned":[2,3,10,14,19,27,29,33,35,39],"killed_by":"Nemesis","ascension_level":20}}