{"host":"h4390p13uu6iw1q5","time":1610841825,"event":{"mods":["BaseMod","Colored Map","Minty Spire (QoL Compilation)"],"gold_per_floor":[16,27,39,39,59,59,84,84,107,148,179,191,535,125,125,222,222,239,239,53,67,83,83,117,117,117,117,117],"floor_reached":27,"language":"ENG","playtime":1051,"items_purged":["Strike_R"],"score":377,"play_id":"d1b86d12-3950-403f-b25f-2a3982313d94","local_time":"20210116190345","is_ascension_mode":true,"campfire_choices":[{"data":"Hemokinesis","floor":6,"key":"SMITH"},{"floor":8,"key":"REST"},{"data":"Bash","floor":12,"key":"SMITH"},{"floor":15,"key":"REST"},{"floor":23,"key":"REST"}],"circlet_count":0,"master_deck":["AscendersBane","Strike_R","Strike_R","Strike_R","Defend_R","Defend_R","Defend_R","Defend_R","Bash+1","Corruption","Shrug It Off","Sword Boomerang","Spot Weakness","Inflame+1","Hemokinesis+1","Seeing Red","Flex","Twin Strike","Impervious","Limit Break","Disarm","Dark Embrace+1","Sword Boomerang","Madness"],"relics":["Burning Blood","Pen Nib","MawBank","Art of War","Old Coin","Brimstone","Red Skull","Busted Crown","Blood Vial","Anchor","Shuriken"],"acts_visited":["Exordium","TheCity"],"potions_floor_usage":[13,13,16,21,22],"damage_taken":[{"damage":19,"enemies":"Small Slimes","floor":1,"turns":4},{"damage":6,"enemies":"Cultist","floor":2,"turns":4},{"damage":2,"enemies":"2 Louse","floor":3,"turns":3},{"damage":32,"enemies":"Exordium Thugs","floor":5,"turns":6},{"damage":24,"enemies":"Gremlin Nob","floor":7,"turns":4},{"damage":24,"enemies":"Lagavulin","floor":10,"turns":6},{"damage":3,"enemies":"Looter","floor":11,"turns":2},{"damage":17,"enemies":"3 Sentries","floor":13,"turns":5},{"damage":5,"enemies":"The Guardian","floor":16,"turns":6},{"damage":2,"enemies":"Spheric Guardian","floor":18,"turns":3},{"damage":39,"enemies":"3 Byrds","floor":21,"turns":5},{"damage":22,"enemies":"Centurion and Healer","floor":22,"turns":2},{"damage":54,"enemies":"Book of Stabbing","floor":24,"turns":4},{"damage":12,"enemies":"Shelled Parasite and Fungi","floor":27,"turns":2}],"seed_played":"7693349035991923034","potions_obtained":[{"floor":10,"key":"Fire Potion"},{"floor":11,"key":"BlessingOfTheForge"},{"floor":13,"key":"ElixirPotion"},{"floor":18,"key":"Swift Potion"},{"floor":21,"key":"Regen Potion"}],"is_trial":false,"path_per_floor":["M","M","M","?","M","R","E","R","T","E","M","R","E","$","R","B",null,"M","?","$","M","M","R","E","?","T","M"],"character_chosen":"IRONCLAD","items_purchased":["Brimstone","Red Skull","Block Potion","Blood Vial","Disarm"],"campfire_rested":3,"item_purchase_floors":[14,14,14,20,20],"current_hp_per_floor":[59,59,63,63,37,37,19,43,43,25,28,28,17,17,41,42,71,75,75,75,44,35,59,13,1,1,0,0],"gold":117,"neow_bonus":"THREE_RARE_CARDS","is_daily":false,"chose_seed":false,"campfire_upgraded":2,"win_rate":0.0,"timestamp":1610841825,"path_taken":["M","M","M","?","M","R","E","R","T","E","M","R","E","$","R","BOSS","M","?","?","M","M","R","E","?","T","M"],"items_purchased_type":["Relic","Relic","Potion","Relic","Card"],"build_version":"2020-12-22","purchased_purges":1,"victory":false,"max_hp_per_floor":[80,80,80,80,80,80,80,80,80,80,80,80,80,80,80,80,80,80,80,80,80,80,80,80,80,80,80,80],"card_choices":[{"not_picked":["Impervious","Double Tap"],"picked":"Corruption","floor":0},{"not_picked":["Heavy Blade","Havoc"],"picked":"Shrug It Off","floor":1},{"not_picked":["Dual Wield","Shrug It Off"],"picked":"Sword Boomerang","floor":2},{"not_picked":["Body Slam","Twin Strike"],"picked":"Spot Weakness","floor":3},{"not_picked":["Body Slam","Perfected Strike"],"picked":"Hemokinesis","floor":5},{"not_picked":["Sword Boomerang","Intimidate"],"picked":"Seeing Red","floor":7},{"not_picked":["Body Slam","Armaments"],"picked":"Flex","floor":10},{"not_picked":["Anger","Bludgeon"],"picked":"Twin Strike","floor":11},{"not_picked":["Flex","Combust"],"picked":"Impervious","floor":13},{"not_picked":["Brutality","Fiend Fire"],"picked":"Limit Break","floor":16},{"not_picked":["Warcry"],"picked":"SKIP","floor":18},{"not_picked":["Body Slam"],"picked":"SKIP","floor":21},{"not_picked":[],"picked":"Dark Embrace+1","floor":22},{"not_picked":[],"picked":"Sword Boomerang","floor":24}],"player_experience":2467375,"relics_obtained":[{"floor":7,"key":"Pen Nib"},{"floor":9,"key":"MawBank"},{"floor":10,"key":"Art of War"},{"floor":13,"key":"Old Coin"},{"floor":24,"key":"Anchor"},{"floor":26,"key":"Shuriken"}],"event_choices":[{"damage_healed":0,"gold_gain":0,"cards_transformed":["Strike_R"],"player_choice":"Transformed","damage_taken":0,"max_hp_gain":0,"max_hp_loss":0,"event_name":"Transmorgrifier","floor":4,"gold_loss":0,"cards_obtained":["Inflame"]},{"damage_healed":0,"gold_gain":0,"player_choice":"Upgraded","damage_taken":0,"max_hp_gain":0,"max_hp_loss":0,"event_name":"Upgrade Shrine","floor":19,"gold_loss":0,"cards_upgraded":["Inflame"]},{"damage_healed":0,"gold_gain":0,"player_choice":"CARD ","damage_taken":12,"max_hp_gain":0,"max_hp_loss":0,"event_name":"Knowing Skull","floor":25,"potions_obtained":[],"gold_loss":0,"cards_obtained":["Madness"]}],"is_beta":false,"boss_relics":[{"not_picked":["Philosopher\u0027s Stone","Runic Cube"],"picked":"Busted Crown"}],"items_purged_floors":[14],"is_endless":false,"potions_floor_spawned":[10,11,13,18,21],"killed_by":"Shelled Parasite and Fungi","ascension_level":10}}