{"host":"cimxalwyqyblhb3d","time":1610914997,"event":{"mods":["AchievementEnabler","BaseMod","Colored Powertips","Evolution","Minty Spire (QoL Compilation)","Quick Restart","Relic Stats","StSLib"],"gold_per_floor":[119,194,1,1,16,16,28,28,28,28,28,48,58,58,58,179,179,204,228,248,21,121,155,155,168,213,136,151,151,151],"floor_reached":29,"language":"FRA","playtime":930,"items_purged":["Dark Embrace+1"],"score":319,"play_id":"1e958715-0ef7-4bf0-b07d-3ee1e7ceb77a","local_time":"20210117212317","is_ascension_mode":true,"campfire_choices":[{"data":"Dark Embrace","floor":6,"key":"SMITH"},{"data":"Sever Soul","floor":8,"key":"SMITH"},{"data":"Bash","floor":10,"key":"SMITH"},{"data":"Anger","floor":15,"key":"SMITH"},{"data":"Double Tap","floor":24,"key":"SMITH"}],"circlet_count":0,"master_deck":["Iron Wave+1","Iron Wave","Iron Wave","Iron Wave","Defend_R","Defend_R","Defend_R","Defend_R","Bash+1","Anger+1","Headbutt+1","Sever Soul+1","Double Tap+1","Evolve","Headbutt"],"relics":["Burning Blood","EVO:Axolotl","Medical Kit","Vajra","Golden Idol","Busted Crown","Lee\u0027s Waffle","Smiling Mask","Whetstone"],"acts_visited":["Exordium","TheCity"],"potions_floor_usage":[12,18,20],"damage_taken":[{"damage":6,"enemies":"Small Slimes","floor":1,"turns":3},{"damage":0,"enemies":"2 Louse","floor":5,"turns":2},{"damage":0,"enemies":"Cultist","floor":7,"turns":2},{"damage":1,"enemies":"3 Louse","floor":12,"turns":2},{"damage":0,"enemies":"Large Slime","floor":13,"turns":4},{"damage":25,"enemies":"Slime Boss","floor":16,"turns":9},{"damage":11,"enemies":"2 Thieves","floor":18,"turns":4},{"damage":0,"enemies":"Spheric Guardian","floor":19,"turns":3},{"damage":11,"enemies":"Chosen and Byrds","floor":20,"turns":6},{"damage":47,"enemies":"Book of Stabbing","floor":23,"turns":5},{"damage":35,"enemies":"Shelled Parasite and Fungi","floor":25,"turns":4},{"damage":18,"enemies":"Snecko","floor":28,"turns":3},{"damage":15,"enemies":"Gremlin Leader","floor":29,"turns":2}],"seed_played":"-4989573808214240246","potions_obtained":[{"floor":1,"key":"HeartOfIron"},{"floor":12,"key":"Fruit Juice"},{"floor":16,"key":"Dexterity Potion"},{"floor":19,"key":"Swift Potion"},{"floor":20,"key":"FearPotion"},{"floor":23,"key":"FearPotion"}],"is_trial":false,"path_per_floor":["M","?","$","?","M","R","M","R","T","R","?","M","M","?","R","B",null,"M","M","M","$","?","E","R","M","T","$","M","E"],"character_chosen":"IRONCLAD","items_purchased":["Medical Kit","Dark Embrace","Evolve","Lee\u0027s Waffle","Headbutt"],"campfire_rested":0,"item_purchase_floors":[3,3,21,21,27],"current_hp_per_floor":[80,69,69,69,75,75,80,80,80,80,80,85,85,64,64,45,75,70,76,71,92,92,51,51,22,22,22,10,0,0],"gold":151,"neow_bonus":"THREE_CARDS","is_daily":false,"chose_seed":false,"campfire_upgraded":5,"win_rate":0.0,"timestamp":1610914997,"path_taken":["M","?","$","?","?","R","M","R","T","R","?","M","M","?","R","BOSS","M","M","M","$","?","E","R","M","T","?","?","E"],"items_purchased_type":["Relic","Card","Card","Relic","Card"],"build_version":"2020-12-22","purchased_purges":1,"victory":false,"max_hp_per_floor":[80,80,80,80,80,80,80,80,80,80,80,85,85,85,85,85,85,85,85,85,92,92,92,92,92,92,92,92,92,92],"relic_stats":{"Lee\u0027s Waffle":21,"Busted Crown":12,"counters":[13,49],"Golden Idol":51,"Whetstone":["Headbutt","Iron Wave"],"Medical Kit":[4],"Smiling Mask":25,"obtain_stats":[{"Lee\u0027s Waffle":21,"Busted Crown":17,"Golden Idol":14,"Vajra":9,"EVO:Axolotl":0,"Whetstone":26,"Medical Kit":3,"Smiling Mask":23,"Burning Blood":0},{"Lee\u0027s Waffle":9,"Busted Crown":6,"Golden Idol":5,"Vajra":3,"EVO:Axolotl":0,"Whetstone":11,"Medical Kit":1,"Smiling Mask":10,"Burning Blood":0},{"Lee\u0027s Waffle":35,"Busted Crown":22,"Golden Idol":13,"Vajra":7,"EVO:Axolotl":0,"Whetstone":44,"Medical Kit":3,"Smiling Mask":40,"Burning Blood":0}],"Burning Blood":60},"card_choices":[{"not_picked":["Carnage","Ghostly Armor"],"picked":"Anger","floor":0},{"not_picked":["Armaments","Power Through"],"picked":"Headbutt","floor":1},{"not_picked":["Sword Boomerang","Warcry","Carnage"],"picked":"SKIP","floor":5},{"not_picked":["Whirlwind","Flex","Sword Boomerang"],"picked":"SKIP","floor":7},{"not_picked":["Pommel Strike","Burning Pact","Ghostly Armor"],"picked":"SKIP","floor":12},{"not_picked":["Thunderclap","Anger","Sever Soul"],"picked":"SKIP","floor":13},{"not_picked":["Barricade","Berserk"],"picked":"Double Tap","floor":16},{"not_picked":["Iron Wave"],"picked":"SKIP","floor":18},{"not_picked":["Body Slam"],"picked":"SKIP","floor":19},{"not_picked":["Havoc"],"picked":"SKIP","floor":20},{"not_picked":["Twin Strike+1"],"picked":"SKIP","floor":23},{"not_picked":["Pommel Strike"],"picked":"SKIP","floor":25},{"not_picked":["Clothesline"],"picked":"SKIP","floor":28}],"player_experience":514026,"relics_obtained":[{"floor":9,"key":"Vajra"},{"floor":23,"key":"Smiling Mask"},{"floor":26,"key":"Whetstone"}],"event_choices":[{"damage_healed":0,"gold_gain":75,"player_choice":"Gather Gold","damage_taken":11,"max_hp_gain":0,"max_hp_loss":0,"event_name":"World of Goop","floor":2,"gold_loss":0},{"damage_healed":0,"gold_gain":0,"cards_transformed":["Strike_R"],"player_choice":"Transformed","damage_taken":0,"max_hp_gain":0,"max_hp_loss":0,"event_name":"Transmorgrifier","floor":4,"gold_loss":0,"cards_obtained":["Sever Soul"]},{"damage_healed":0,"gold_gain":0,"player_choice":"Ignored","damage_taken":0,"max_hp_gain":0,"max_hp_loss":0,"event_name":"Liars Game","floor":11,"gold_loss":0},{"damage_healed":0,"gold_gain":0,"player_choice":"Take Damage","damage_taken":21,"relics_obtained":["Golden Idol"],"max_hp_gain":0,"max_hp_loss":0,"event_name":"Golden Idol","floor":14,"gold_loss":0},{"damage_healed":0,"gold_gain":100,"player_choice":"Pray","damage_taken":0,"max_hp_gain":0,"max_hp_loss":0,"event_name":"Golden Shrine","floor":22,"gold_loss":0}],"is_beta":false,"boss_relics":[{"not_picked":["Runic Dome","Ectoplasm"],"picked":"Busted Crown"}],"items_purged_floors":[27],"is_endless":false,"potions_floor_spawned":[1,12,16,19,20,23],"killed_by":"Gremlin Leader","ascension_level":5}}