{"host":"b1nkw8hni90dsvue","time":1610863237,"event":{"mods":["ATMod(阿瑾Mod)","Aspiration","BaseMod","Colored Powertips","Good Game Mod","Jedi Mod","Minty Spire (QoL Compilation)","Remove Card Discount Mod","Replay The Spire","RumiaBox-露米娅的神秘盒子","Shop Mod","StSLib","TestMod","noobMod"],"gold_per_floor":[115,129,140,140,154,154,171,196,196,229,80,80,71,101,101,199,199,209,19,30,45,60,60,88,88,163,199,262,314,374,419,419,624,624,716,854,889,925,399,399,459,499,524,524,524,524,636,689,778,778,778,903,903,903,270,355,380],"floor_reached":58,"language":"ZHS","playtime":5097,"items_purged":["Defend_B","Strike_B","Strike_B","Defend_B","AT_ThunderBolt","Time Bomb","Strike_B","Defend_B","Defend_B","Strike_B","Defend_B","jedi:overflow+1","Redo","Amplify+1","Madness","Dualcast+1","Redo+1","jedi:spotbugs"],"score":1854,"play_id":"c3a96751-b32b-47d7-95e6-212b5212e783","local_time":"20210117140037","is_ascension_mode":true,"campfire_choices":[{"floor":6,"key":"RECALL"},{"data":"AT_ShrugMaster","floor":15,"key":"SMITH"},{"data":"Zap","floor":23,"key":"SMITH"},{"data":"Crystallizer","floor":32,"key":"SMITH"},{"data":"Dualcast","floor":40,"key":"SMITH"},{"data":"jedi:markofdeath","floor":51,"key":"SMITH"},{"data":"Madness","floor":54,"key":"SMITH"}],"circlet_count":0,"master_deck":["Zap+1","AT_ShrugMaster+1","Glacier+1","jedi:markofdeath+1","Go for the Eyes","BootSequence","Streamline","Storm+1","AT_ThunderBolt+1","Barrage+1","Compile Driver+1","jedi:hex+1","Conserve Battery","Steam Power+1","Conserve Battery+1","Ball Lightning","Self Repair","Crystallizer+1","Conserve Battery","AT_WaterDrop","Gash+1","Turbo+1","Melter+1","jedi:blockon+1","Blizzard","jedi:BurstFrost+1","Beam Cell","Madness+1","FIFO Queue+1","Ball Lightning","Chaos+1"],"relics":["Cracked Core","testmod-TestBox","AT_ATBox","REME:ComplimentaryCards","ice","testmod-TimeTraveler","AT_ChloranthyRing","Blue Doll","MerchantsRug","aspiration:FrozenJewel","testmod-Prudence","Guide Book","AT_MibuBalloonWealth","Happy Flower","Replay:Ringing Soul","aspiration:Stabinomicon","aspiration:Stellarator","aspiration:Lifesprig","Iron Core","testmod-CrystalShield","Pet Ghost","Frozen Egg 2","aspiration:HiddenCompartment","jedi:gremlinknob","Magic Flower","AT_SpeedBoots"],"acts_visited":["Exordium","TheCity","TheBeyond","TheEnding"],"potions_floor_usage":[18,47,56,57],"damage_taken":[{"damage":3,"enemies":"Small Slimes","floor":1,"turns":3},{"damage":0,"enemies":"Cultist","floor":2,"turns":4},{"damage":11,"enemies":"Jaw Worm","floor":3,"turns":3},{"damage":30,"enemies":"Gremlin Gang","floor":5,"turns":5},{"damage":1,"enemies":"2 Fungi Beasts","floor":7,"turns":4},{"damage":0,"enemies":"Lagavulin","floor":8,"turns":8},{"damage":28,"enemies":"3 Sentries","floor":10,"turns":14},{"damage":2,"enemies":"Gremlin Nob","floor":14,"turns":4},{"damage":1,"enemies":"Slime Boss","floor":16,"turns":9},{"damage":8,"enemies":"2 Thieves","floor":18,"turns":4},{"damage":0,"enemies":"Shell Parasite","floor":20,"turns":3},{"damage":0,"enemies":"Sentry and Sphere","floor":21,"turns":6},{"damage":0,"enemies":"Shelled Parasite and Fungi","floor":22,"turns":5},{"damage":0,"enemies":"Gremlin Leader","floor":24,"turns":9},{"damage":0,"enemies":"Snecko","floor":27,"turns":4},{"damage":0,"enemies":"Cultist and Chosen","floor":28,"turns":5},{"damage":2,"enemies":"Book of Stabbing","floor":29,"turns":4},{"damage":2,"enemies":"Sentry and Sphere","floor":30,"turns":5},{"damage":4,"enemies":"Snake Plant","floor":31,"turns":3},{"damage":3,"enemies":"Pondfish","floor":33,"turns":10},{"damage":2,"enemies":"3 Shapes","floor":35,"turns":4},{"damage":14,"enemies":"3 Darklings","floor":36,"turns":4},{"damage":0,"enemies":"Writhing Mass","floor":37,"turns":4},{"damage":4,"enemies":"Spire Growth","floor":38,"turns":4},{"damage":0,"enemies":"R_Hoarder","floor":41,"turns":5},{"damage":0,"enemies":"Maw","floor":42,"turns":6},{"damage":9,"enemies":"4 Shapes","floor":47,"turns":3},{"damage":11,"enemies":"Nemesis","floor":48,"turns":5},{"damage":14,"enemies":"Jaw Worm Horde","floor":49,"turns":4},{"damage":2,"enemies":"Awakened One","floor":52,"turns":14},{"damage":19,"enemies":"Shield and Spear","floor":56,"turns":5},{"damage":43,"enemies":"The Heart","floor":57,"turns":6}],"seed_played":"4751385127620251860","potions_obtained":[{"floor":2,"key":"jedi:StrikingPotion"},{"floor":8,"key":"Strength Potion"},{"floor":10,"key":"Explosive Potion"},{"floor":16,"key":"AttackPotion"},{"floor":20,"key":"LiquidMemories"},{"floor":21,"key":"Toxic Potion"},{"floor":24,"key":"SkillPotion"},{"floor":28,"key":"Dexterity Potion"},{"floor":33,"key":"FocusPotion"},{"floor":35,"key":"SpeedPotion"},{"floor":41,"key":"PowerPotion"},{"floor":42,"key":"Adrenaline Potion"},{"floor":49,"key":"Languid Potion"},{"floor":56,"key":"jedi:coolantleak"}],"is_trial":false,"path_per_floor":["M","M","M","?","M","R","M","E","T","E","$","T","$","E","R","B",null,"M","$","M","M","M","R","E","?","T","M","M","E","M","M","R","B",null,"M","M","M","M","$","R","E","M","T","PTL","PTL","T","M","E","M","?","R","B",null,"R","$","E","B",null],"character_chosen":"DEFECT","items_purchased":["MerchantsRug","Storm+1","AT_ThunderBolt+1","Compile Driver+1","Guide Book","aspiration:Lifesprig","Pear","aspiration:Nostalgia","Redo+1","FIFO Queue+1","Ball Lightning","jedi:gremlinknob","Magic Flower"],"campfire_rested":0,"item_purchase_floors":[11,11,13,19,19,39,39,39,39,55,55,55,55],"current_hp_per_floor":[79,79,68,68,38,38,37,37,37,9,9,9,9,7,7,6,82,74,74,74,74,74,74,74,74,74,77,80,81,89,88,88,95,100,103,99,109,112,125,125,128,131,131,131,131,131,125,124,120,105,105,110,143,143,146,141,109],"gold":380,"neow_bonus":"TEN_PERCENT_HP_BONUS","is_daily":false,"chose_seed":false,"campfire_upgraded":6,"win_rate":0.0,"timestamp":1610863237,"path_taken":["M","M","M","?","?","R","M","E","T","E","$","?","?","E","R","BOSS","M","$","?","M","M","R","E","?","T","M","M","E","M","M","R","BOSS","M","?","M","M","$","R","E","M","T","PTL","PTL","?","M","E","M","?","R","BOSS","R","$","E","BOSS"],"items_purchased_type":["Relic","Card","Card","Card","Relic","Relic","Relic","Relic","Card","Card","Card","Relic","Relic"],"build_version":"2020-12-22","purchased_purges":18,"victory":true,"max_hp_per_floor":[82,82,82,82,82,82,82,82,82,82,82,82,82,82,82,82,82,82,82,82,82,82,82,82,82,82,85,88,91,94,97,97,100,100,103,106,109,112,125,125,128,131,131,131,131,131,134,137,140,143,143,143,143,143,146,149,149],"card_choices":[{"not_picked":["jedi:blockon","jedi:reiji"],"picked":"Glacier","floor":1},{"not_picked":["Reprogram","FIFO Queue"],"picked":"AT_ThunderBolt","floor":2},{"not_picked":["Coolheaded","Auto Shields"],"picked":"jedi:markofdeath","floor":3},{"not_picked":["AT_WarpDrive","Steam"],"picked":"Go for the Eyes","floor":5},{"not_picked":["Chaos","Steam Power"],"picked":"BootSequence","floor":7},{"not_picked":["ReplayTheSpireMod:Calculation Training","AT_HeatAcrobatics","jedi:readyaimfire"],"picked":"SKIP","floor":8},{"not_picked":["Reinforced Body","Leap"],"picked":"Streamline","floor":10},{"not_picked":["Hologram","Biased Cognition"],"picked":"Time Bomb","floor":14},{"not_picked":["Fission","Core Surge"],"picked":"Amplify","floor":16},{"not_picked":["Coolheaded","Cold Snap"],"picked":"Barrage+1","floor":18},{"not_picked":["Panic Button","Turbo"],"picked":"jedi:hex+1","floor":20},{"not_picked":["Sweeping Beam","Heatsinks"],"picked":"Conserve Battery","floor":21},{"not_picked":["Cold Snap","jedi:darknesscall"],"picked":"jedi:overflow+1","floor":22},{"not_picked":["Scrape","Darkness"],"picked":"Steam Power+1","floor":24},{"not_picked":["jedi:spotbugs","Scrape+1"],"picked":"Conserve Battery+1","floor":27},{"not_picked":["Beam Cell","Hologram"],"picked":"Ball Lightning","floor":28},{"not_picked":["Barrage","ReplayTheSpireMod:System Scan"],"picked":"Self Repair","floor":29},{"not_picked":["AT_ThunderBolt","Compile Driver"],"picked":"Crystallizer","floor":30},{"not_picked":["BootSequence","ReplayGash"],"picked":"Conserve Battery","floor":31},{"not_picked":["Thunder Strike","Seek"],"picked":"AT_WaterDrop","floor":33},{"not_picked":["Go for the Eyes+1","Conserve Battery"],"picked":"Gash+1","floor":35},{"not_picked":["Auto Shields","Panic Button"],"picked":"Redo","floor":36},{"not_picked":["Go for the Eyes","Steam+1"],"picked":"Turbo+1","floor":37},{"not_picked":["Hologram+1","Coolheaded+1"],"picked":"Melter+1","floor":38},{"not_picked":["jedi:readyaimfire","Compile Driver"],"picked":"jedi:blockon+1","floor":41},{"not_picked":["Whirlwind+1","Anger+1"],"picked":"Blizzard","floor":42},{"not_picked":["jedi:spotbugs+1","Recycle+1"],"picked":"jedi:BurstFrost+1","floor":47},{"not_picked":["Meteor Strike","Rebound"],"picked":"Beam Cell","floor":48},{"not_picked":["Stack+1","ReplayTheSpireMod:GoodbyeWorld+1"],"picked":"jedi:spotbugs","floor":49},{"not_picked":["Core Surge","Panic Button+1"],"picked":"Chaos+1","floor":56}],"player_experience":81396,"relics_obtained":[{"floor":8,"key":"AT_ChloranthyRing"},{"floor":10,"key":"Blue Doll"},{"floor":12,"key":"jedi:cryingmask"},{"floor":14,"key":"aspiration:FrozenJewel"},{"floor":24,"key":"AT_MibuBalloonWealth"},{"floor":26,"key":"Replay:Ringing Soul"},{"floor":29,"key":"aspiration:Stabinomicon"},{"floor":41,"key":"testmod-CrystalShield"},{"floor":43,"key":"Pet Ghost"},{"floor":46,"key":"Frozen Egg 2"},{"floor":48,"key":"aspiration:HiddenCompartment"},{"floor":56,"key":"AT_SpeedBoots"}],"event_choices":[{"damage_healed":0,"gold_gain":0,"player_choice":"Gave Potion","damage_taken":0,"relics_obtained":["Happy Flower"],"max_hp_gain":0,"max_hp_loss":0,"event_name":"WeMeetAgain","floor":25,"gold_loss":0},{"damage_healed":0,"gold_gain":0,"player_choice":"Embrace Madness","damage_taken":18,"max_hp_gain":0,"max_hp_loss":0,"event_name":"Winding Halls","floor":50,"gold_loss":0,"cards_obtained":["Madness","Madness"]}],"is_beta":false,"boss_relics":[{"not_picked":["Velvet Choker","testmod-DreamHouse"],"picked":"testmod-Prudence"},{"not_picked":["Busted Crown","aspiration:SecretTechniqueScroll"],"picked":"aspiration:Stellarator"}],"items_purged_floors":[11,11,11,11,13,19,19,19,19,39,39,39,39,39,55,55,55,55],"is_endless":false,"potions_floor_spawned":[2,8,10,16,20,21,24,28,33,35,41,42,49,56],"ascension_level":1}}