{"host":"dwppbb1tkuy5qbmv","time":1610886659,"event":{"mods":["AchievementEnabler","BaseMod","Better Third Choice","BetterRewards","Minty Spire (QoL Compilation)","Shop Mod","StSLib","UnlockEverythingMod"],"gold_per_floor":[144,189,265,265,310,400,400,445,445,490,535,580,580,206,206,506,506,551,551,466,391,154,244,244,334,334,334,379,424,244,244,244,544,544,589,250,295,340,340,430,430,520,570,615,615,394,439,484,484,484],"floor_reached":51,"language":"ZHS","playtime":3176,"items_purged":[],"score":1522,"play_id":"29a589e1-a5e2-4522-83c3-2df9a0f1c5da","local_time":"20210117203059","daily_mods":["SealedDeck","Hoarder","Midas"],"is_ascension_mode":false,"campfire_choices":[{"floor":7,"key":"REST"},{"floor":13,"key":"REST"},{"floor":15,"key":"REST"},{"floor":27,"key":"REST"},{"floor":32,"key":"REST"},{"floor":41,"key":"REST"},{"floor":49,"key":"DIG"}],"circlet_count":0,"master_deck":["Compile Driver+1","Compile Driver+1","Compile Driver+1","Steam Power+1","Steam Power+1","Steam Power+1","Turbo+1","Turbo+1","Turbo+1","Coolheaded+1","Coolheaded+1","Coolheaded+1","Beam Cell+1","Beam Cell+1","Streamline+1","Streamline+1","Streamline+1","Turbo+1","Turbo+1","Turbo+1","Go for the Eyes+1","Go for the Eyes+1","Go for the Eyes+1","Steam+1","Steam+1","Steam+1","Go for the Eyes+1","Go for the Eyes+1","Go for the Eyes+1","Scrape+1","Scrape+1","Scrape+1","Cold Snap+1","Cold Snap+1","Cold Snap+1","Steam+1","Steam+1","Steam+1","FTL+1","FTL+1","FTL+1","Hello World+1","Hello World+1","Hello World+1","Reboot+1","Reboot+1","Reboot+1","Machine Learning+1","Machine Learning+1","Machine Learning+1","Chill+1","Chill+1","Chill+1","Beam Cell+1","Beam Cell+1","Beam Cell+1","Steam+1","Steam+1","Blizzard+1","Blizzard+1","Blizzard+1","Coolheaded+1","Coolheaded+1","Coolheaded+1","All For One+1","All For One+1","All For One+1","Storm+1","Storm+1","Storm+1","Panache+1","Panache+1","Panache+1","Redo+1","Redo+1","Redo+1","Blind+1","Blind+1","Blind+1","Coolheaded+1","Coolheaded+1","Coolheaded+1","Gash+1","Gash+1","Gash+1","Doom and Gloom+1","Doom and Gloom+1","Doom and Gloom+1","BootSequence+1","BootSequence+1","BootSequence+1","Skim+1","Skim+1","Skim+1","Stack+1","Stack+1","Stack+1","Zap+1","Zap+1","Zap+1","All For One+1","All For One+1","All For One+1","Redo+1","Redo+1","Redo+1","Capacitor+1","Capacitor+1","Capacitor+1","Turbo+1","Turbo+1","Turbo+1","Bandage Up+1","Bandage Up+1","Bandage Up+1","Steam+1","Steam+1","Steam+1","Barrage+1","Barrage+1","Barrage+1","Defragment+1","Defragment+1","Defragment+1","Blizzard+1","Blizzard+1","Blizzard+1","Force Field+1","Force Field+1","Force Field+1","Stack+1","Stack+1","Stack+1","Hologram+1","Hologram+1","Hologram+1","Glacier+1","Glacier+1","Glacier+1","Aggregate+1","Aggregate+1","Aggregate+1","Skim+1","Skim+1","Skim+1","Aggregate+1","Aggregate+1","Aggregate+1","FTL","FTL","FTL","Swift Strike","Swift Strike","Swift Strike","Blizzard","Blizzard","Blizzard","Reboot+1","Reboot+1","Reboot+1"],"relics":["Cracked Core","Darkstone Periapt","Membership Card","Nunchaku","MerchantsRug","Fusion Hammer","Toxic Egg 2","Medical Kit","Vajra","Shuriken","Bird Faced Urn","Bottled Tornado","White Beast Statue","OrangePellets","FossilizedHelix","Black Star","Ice Cream","Orichalcum","Chemical X","PreservedInsect","War Paint","Ancient Tea Set","Shovel","Bag of Preparation","Whetstone","Mark of the Bloom","Orrery","DataDisk"],"acts_visited":["Exordium","TheCity","TheBeyond"],"potions_floor_usage":[25,40,42],"damage_taken":[{"damage":0,"enemies":"2 Louse","floor":1,"turns":1},{"damage":0,"enemies":"Cultist","floor":2,"turns":2},{"damage":0,"enemies":"Small Slimes","floor":5,"turns":2},{"damage":0,"enemies":"3 Sentries","floor":6,"turns":4},{"damage":0,"enemies":"Looter","floor":8,"turns":2},{"damage":0,"enemies":"2 Fungi Beasts","floor":10,"turns":3},{"damage":0,"enemies":"Large Slime","floor":11,"turns":2},{"damage":0,"enemies":"Lots of Slimes","floor":12,"turns":2},{"damage":0,"enemies":"Slime Boss","floor":16,"turns":6},{"damage":0,"enemies":"Spheric Guardian","floor":18,"turns":3},{"damage":7,"enemies":"Slavers","floor":23,"turns":2},{"damage":0,"enemies":"Gremlin Leader","floor":25,"turns":4},{"damage":4,"enemies":"Chosen","floor":28,"turns":3},{"damage":0,"enemies":"3 Cultists","floor":29,"turns":3},{"damage":0,"enemies":"Automaton","floor":33,"turns":5},{"damage":21,"enemies":"3 Darklings","floor":35,"turns":4},{"damage":15,"enemies":"3 Shapes","floor":37,"turns":3},{"damage":0,"enemies":"Transient","floor":38,"turns":5},{"damage":0,"enemies":"Reptomancer","floor":40,"turns":3},{"damage":0,"enemies":"Nemesis","floor":42,"turns":5},{"damage":7,"enemies":"Writhing Mass","floor":44,"turns":3},{"damage":0,"enemies":"Jaw Worm Horde","floor":47,"turns":3},{"damage":0,"enemies":"3 Darklings","floor":48,"turns":3},{"damage":0,"enemies":"Awakened One","floor":50,"turns":4}],"seed_played":"7372172642885907109","potions_obtained":[{"floor":6,"key":"Regen Potion"},{"floor":10,"key":"SneckoOil"},{"floor":11,"key":"SneckoOil"},{"floor":18,"key":"BlessingOfTheForge"},{"floor":28,"key":"DuplicationPotion"},{"floor":29,"key":"Strength Potion"},{"floor":33,"key":"ColorlessPotion"},{"floor":35,"key":"LiquidMemories"},{"floor":37,"key":"SkillPotion"},{"floor":38,"key":"ColorlessPotion"},{"floor":40,"key":"PotionOfCapacity"},{"floor":42,"key":"LiquidMemories"},{"floor":44,"key":"Explosive Potion"},{"floor":47,"key":"DuplicationPotion"}],"is_trial":false,"path_per_floor":["M","M","?","?","M","E","R","M","T","M","M","M","R","$","R","B",null,"M","?","?","?","$","E","T","E","T","R","M","M","$","?","R","B",null,"M","$","M","M","T","E","R","E","T","M","?","$","M","M","R","B",null],"character_chosen":"DEFECT","items_purchased":["Membership Card","Nunchaku","Beam Cell","Steam","Blizzard","Coolheaded","MerchantsRug","Medical Kit","Panache","Redo+1","Blind+1","Skim+1","OrangePellets","FossilizedHelix","Stack+1","Ice Cream","Capacitor","Turbo+1","Bandage Up+1","Orichalcum","Chemical X","Orrery","Aggregate+1","FTL","Swift Strike","FairyPotion","SteroidPotion","Block Potion"],"campfire_rested":6,"item_purchase_floors":[14,14,14,14,14,14,14,22,22,22,22,30,30,30,30,36,36,36,36,36,36,46,46,46,46,46,46,46],"current_hp_per_floor":[75,75,75,85,85,85,85,85,85,85,85,85,85,85,85,85,85,85,85,85,85,85,78,78,78,78,85,85,85,85,85,85,85,85,66,66,59,73,73,85,85,85,85,85,85,85,85,85,85,85],"gold":484,"neow_bonus":"","is_daily":true,"chose_seed":false,"campfire_upgraded":0,"win_rate":0.0,"timestamp":1610886659,"path_taken":["M","M","?","?","?","E","R","M","T","M","M","M","R","$","R","BOSS","M","?","?","?","$","E","?","E","T","R","M","M","?","?","R","BOSS","M","?","M","M","?","E","R","E","T","M","?","$","M","M","R","BOSS"],"items_purchased_type":["Relic","Relic","Card","Card","Card","Card","Relic","Relic","Card","Card","Card","Card","Relic","Relic","Card","Relic","Card","Card","Card","Relic","Relic","Relic","Card","Card","Card","Potion","Potion","Potion"],"build_version":"2020-12-22","purchased_purges":0,"victory":true,"max_hp_per_floor":[75,75,75,85,85,85,85,85,85,85,85,85,85,85,85,85,85,85,85,85,85,85,85,85,85,85,85,85,85,85,85,85,85,85,85,85,85,85,85,85,85,85,85,85,85,85,85,85,85,85],"card_choices":[{"not_picked":["Leap","Streamline"],"picked":"Scrape","floor":1},{"not_picked":["Streamline","Double Energy"],"picked":"Cold Snap","floor":2},{"not_picked":["Core Surge","Turbo"],"picked":"Steam","floor":5},{"not_picked":["Gash","Stack"],"picked":"FTL","floor":6},{"not_picked":["Beam Cell","Storm"],"picked":"Hello World","floor":8},{"not_picked":["Hologram","Steam"],"picked":"Reboot","floor":10},{"not_picked":["Go for the Eyes","Consume"],"picked":"Machine Learning","floor":11},{"not_picked":["FTL","Redo"],"picked":"Chill","floor":12},{"not_picked":["Core Surge","Machine Learning"],"picked":"All For One","floor":16},{"not_picked":["Streamline","Ball Lightning"],"picked":"Storm","floor":18},{"not_picked":["Streamline","Cold Snap"],"picked":"Coolheaded+1","floor":23},{"not_picked":["Doom and Gloom","Leap+1"],"picked":"Gash+1","floor":25},{"not_picked":["Fusion+1","Redo+1"],"picked":"Doom and Gloom","floor":28},{"not_picked":["Biased Cognition","Cold Snap"],"picked":"BootSequence+1","floor":29},{"not_picked":["Biased Cognition","Hyperbeam"],"picked":"All For One","floor":33},{"not_picked":["Conserve Battery+1","Barrage"],"picked":"Redo+1","floor":35},{"not_picked":["Machine Learning","Redo+1"],"picked":"Steam+1","floor":37},{"not_picked":["Genetic Algorithm+1","Cold Snap"],"picked":"Barrage+1","floor":38},{"not_picked":["Redo+1","Doom and Gloom"],"picked":"Defragment+1","floor":40},{"not_picked":["Barrage","Undo+1"],"picked":"Blizzard","floor":42},{"not_picked":["Steam+1","Streamline"],"picked":"Force Field+1","floor":44},{"not_picked":["Leap+1","Steam+1"],"picked":"Stack+1","floor":46},{"not_picked":["BootSequence+1","Storm"],"picked":"Hologram+1","floor":46},{"not_picked":["Cold Snap","Stack+1"],"picked":"Glacier+1","floor":46},{"not_picked":["Rip and Tear","Turbo+1"],"picked":"Aggregate+1","floor":46},{"not_picked":["Auto Shields+1","Defragment"],"picked":"Skim+1","floor":46},{"not_picked":["Redo+1","Ball Lightning"],"picked":"Blizzard","floor":47},{"not_picked":["Melter","Self Repair"],"picked":"Reboot+1","floor":48}],"player_experience":136371,"relics_obtained":[{"floor":6,"key":"Potion Belt"},{"floor":9,"key":"Darkstone Periapt"},{"floor":23,"key":"Matryoshka"},{"floor":24,"key":"Vajra"},{"floor":24,"key":"Shuriken"},{"floor":25,"key":"Bird Faced Urn"},{"floor":26,"key":"Bottled Tornado"},{"floor":26,"key":"White Beast Statue"},{"floor":39,"key":"PreservedInsect"},{"floor":40,"key":"War Paint"},{"floor":40,"key":"Ancient Tea Set"},{"floor":42,"key":"Shovel"},{"floor":42,"key":"Bag of Preparation"},{"floor":43,"key":"Whetstone"},{"floor":49,"key":"DataDisk"}],"event_choices":[{"damage_healed":0,"gold_gain":76,"player_choice":"Gained Gold","damage_taken":0,"max_hp_gain":0,"max_hp_loss":0,"event_name":"Golden Wing","floor":3,"gold_loss":0},{"cards_removed":["Beam Cell"],"damage_healed":0,"gold_gain":0,"player_choice":"Gave Card","damage_taken":0,"relics_obtained":["Pear"],"max_hp_gain":0,"max_hp_loss":0,"event_name":"WeMeetAgain","floor":4,"gold_loss":0},{"damage_healed":0,"gold_gain":0,"player_choice":"Ignored","damage_taken":0,"max_hp_gain":0,"max_hp_loss":0,"event_name":"Vampires","floor":19,"gold_loss":0},{"damage_healed":0,"gold_gain":0,"player_choice":"Obtained Relic","damage_taken":0,"relics_obtained":["Toxic Egg 2"],"max_hp_gain":0,"max_hp_loss":0,"event_name":"Addict","floor":20,"gold_loss":85},{"cards_removed":["Steam"],"damage_healed":0,"gold_gain":0,"player_choice":"Gave Gold","damage_taken":0,"max_hp_gain":0,"max_hp_loss":0,"event_name":"Beggar","floor":21,"gold_loss":75},{"damage_healed":0,"gold_gain":0,"player_choice":"1 cards matched","damage_taken":0,"max_hp_gain":0,"max_hp_loss":0,"event_name":"Match and Keep!","floor":31,"gold_loss":0,"cards_obtained":["Zap"]},{"damage_healed":0,"gold_gain":0,"player_choice":"Upgrade","damage_taken":0,"relics_obtained":["Mark of the Bloom"],"max_hp_gain":0,"max_hp_loss":0,"event_name":"MindBloom","floor":45,"gold_loss":0,"cards_upgraded":["Compile Driver","Compile Driver","Steam Power","Steam Power","Steam Power","Turbo","Turbo","Turbo","Coolheaded","Coolheaded","Beam Cell","Beam Cell","Streamline","Streamline","Streamline","Turbo","Turbo","Turbo","Go for the Eyes","Go for the Eyes","Go for the Eyes","Steam","Steam","Steam","Go for the Eyes","Go for the Eyes","Go for the Eyes","Scrape","Scrape","Scrape","Cold Snap","Cold Snap","Cold Snap","Steam","Steam","Steam","FTL","FTL","FTL","Hello World","Hello World","Hello World","Reboot","Reboot","Reboot","Machine Learning","Machine Learning","Machine Learning","Chill","Chill","Beam Cell","Beam Cell","Steam","Steam","Blizzard","Blizzard","Blizzard","Coolheaded","Coolheaded","Coolheaded","All For One","All For One","All For One","Storm","Storm","Storm","Panache","Panache","Panache","Doom and Gloom","Doom and Gloom","Doom and Gloom","All For One","All For One","All For One","Capacitor","Capacitor","Capacitor","Blizzard","Blizzard","Blizzard"]}],"is_beta":false,"boss_relics":[{"not_picked":["SlaversCollar","Philosopher\u0027s Stone"],"picked":"Fusion Hammer"},{"not_picked":["Nuclear Battery","Astrolabe"],"picked":"Black Star"}],"items_purged_floors":[],"is_endless":false,"potions_floor_spawned":[6,10,11,18,28,29,33,35,37,38,40,42,44,47,48],"ascension_level":0}}