{"host":"l4kdldlios54gl54","time":1610914559,"event":{"mods":["AchievementEnabler","BaseMod","Colored Map","Colored Powertips","Minty Spire (QoL Compilation)","Random Character Button"],"gold_per_floor":[109,34,34,48,62,92,92,110,134,134,134,59,94,55,55,132,132,145,163,88,106,6,6,18,18,18,18,18,35,35,67,67,67,67],"floor_reached":33,"language":"ENG","playtime":1116,"items_purged":["Strike_R","Strike_R"],"score":596,"play_id":"c78a10b4-6c44-4e7e-a0fb-6497d8c44a02","local_time":"20210117211559","is_ascension_mode":true,"campfire_choices":[{"data":"Feed","floor":7,"key":"SMITH"},{"data":"Rampage","floor":10,"key":"SMITH"},{"floor":15,"key":"REST"},{"data":"Bludgeon","floor":23,"key":"SMITH"},{"data":"Metallicize","floor":25,"key":"SMITH"},{"data":"Bash","floor":27,"key":"SMITH"},{"data":"Cleave","floor":30,"key":"SMITH"},{"floor":32,"key":"REST"}],"circlet_count":0,"master_deck":["AscendersBane","Strike_R","Defend_R","Defend_R","Defend_R","Defend_R","Bash+1","Rampage+1","Flame Barrier+1","Cleave+1","Feed+1","Metallicize+1","Bludgeon+1","Shockwave+1","Shrug It Off"],"relics":["Burning Blood","Vajra","Blood Vial","Omamori","Snecko Eye","Du-Vu Doll","Regal Pillow"],"acts_visited":["Exordium","TheCity"],"potions_floor_usage":[13,16,21,31,31],"damage_taken":[{"damage":18,"enemies":"Small Slimes","floor":1,"turns":4},{"damage":2,"enemies":"Jaw Worm","floor":4,"turns":3},{"damage":8,"enemies":"2 Louse","floor":5,"turns":3},{"damage":24,"enemies":"Gremlin Nob","floor":6,"turns":4},{"damage":14,"enemies":"Blue Slaver","floor":8,"turns":5},{"damage":40,"enemies":"3 Sentries","floor":13,"turns":8},{"damage":40,"enemies":"Hexaghost","floor":16,"turns":11},{"damage":4,"enemies":"3 Byrds","floor":18,"turns":2},{"damage":15,"enemies":"Chosen","floor":19,"turns":4},{"damage":1,"enemies":"Shelled Parasite and Fungi","floor":21,"turns":3},{"damage":16,"enemies":"Cultist and Chosen","floor":24,"turns":5},{"damage":4,"enemies":"Snecko","floor":29,"turns":4},{"damage":15,"enemies":"Slavers","floor":31,"turns":4},{"damage":131,"enemies":"Collector","floor":33,"turns":11}],"seed_played":"-696057222983291120","potions_obtained":[{"floor":6,"key":"SpeedPotion"},{"floor":8,"key":"Strength Potion"},{"floor":16,"key":"Ancient Potion"},{"floor":18,"key":"ElixirPotion"},{"floor":24,"key":"Swift Potion"},{"floor":29,"key":"Explosive Potion"}],"is_trial":false,"path_per_floor":["M","$","?","M","M","E","R","M","T","R","?","?","E","$","R","B",null,"M","M","?","M","$","R","M","R","T","R","?","M","R","E","R","B"],"character_chosen":"IRONCLAD","items_purchased":["Metallicize"],"campfire_rested":2,"item_purchase_floors":[14],"current_hp_per_floor":[63,63,68,72,70,52,52,48,48,48,48,48,16,16,43,11,71,75,72,72,83,83,83,79,79,79,79,79,87,87,84,111,0,0],"gold":67,"neow_bonus":"TEN_PERCENT_HP_BONUS","is_daily":false,"chose_seed":false,"campfire_upgraded":6,"win_rate":0.0,"timestamp":1610914559,"path_taken":["M","$","?","M","M","E","R","M","T","R","?","?","E","$","R","BOSS","M","M","?","M","$","R","M","R","T","R","?","M","R","E","R","BOSS"],"items_purchased_type":["Card"],"build_version":"2020-12-22","purchased_purges":2,"victory":false,"max_hp_per_floor":[82,82,87,87,87,87,87,91,91,91,91,91,91,91,91,91,91,91,95,95,99,99,99,103,103,103,103,103,107,107,111,111,111,111],"card_choices":[{"not_picked":["Warcry","Pummel"],"picked":"Rampage","floor":1},{"not_picked":["Havoc","Battle Trance"],"picked":"Flame Barrier","floor":4},{"not_picked":["Anger","Flex"],"picked":"Cleave","floor":5},{"not_picked":["Brutality","Headbutt"],"picked":"Feed","floor":6},{"not_picked":["Warcry","Perfected Strike","Iron Wave"],"picked":"SKIP","floor":8},{"not_picked":["Warcry","Perfected Strike","Iron Wave"],"picked":"SKIP","floor":8},{"not_picked":["Flex","Thunderclap","Perfected Strike"],"picked":"SKIP","floor":13},{"not_picked":["Fiend Fire","Exhume"],"picked":"Bludgeon","floor":16},{"not_picked":["Iron Wave","Warcry","Burning Pact+1"],"picked":"SKIP","floor":18},{"not_picked":["Shrug It Off","Warcry","Perfected Strike"],"picked":"SKIP","floor":19},{"not_picked":["Anger","Iron Wave","Wild Strike"],"picked":"SKIP","floor":21},{"not_picked":["Flex","Entrench+1","Dual Wield"],"picked":"SKIP","floor":24},{"not_picked":["Flex","Hemokinesis"],"picked":"Shockwave+1","floor":29},{"not_picked":["Shrug It Off","Wild Strike","Thunderclap"],"picked":"SKIP","floor":31},{"not_picked":["Wild Strike","Thunderclap"],"picked":"Shrug It Off","floor":31}],"player_experience":870599,"relics_obtained":[{"floor":6,"key":"Vajra"},{"floor":9,"key":"Blood Vial"},{"floor":13,"key":"Omamori"},{"floor":26,"key":"Du-Vu Doll"},{"floor":31,"key":"Regal Pillow"}],"event_choices":[{"damage_healed":0,"gold_gain":0,"player_choice":"Donut","damage_taken":0,"max_hp_gain":5,"max_hp_loss":0,"event_name":"Big Fish","floor":3,"gold_loss":0},{"damage_healed":0,"gold_gain":0,"player_choice":"Grow","damage_taken":0,"max_hp_gain":0,"max_hp_loss":0,"event_name":"Living Wall","floor":11,"gold_loss":0,"cards_upgraded":["Flame Barrier"]},{"cards_removed":["Strike_R"],"damage_healed":0,"gold_gain":0,"player_choice":"Card Removal","damage_taken":0,"max_hp_gain":0,"max_hp_loss":0,"event_name":"The Cleric","floor":12,"gold_loss":75},{"cards_removed":["Strike_R"],"damage_healed":0,"gold_gain":0,"player_choice":"Gave Gold","damage_taken":0,"max_hp_gain":0,"max_hp_loss":0,"event_name":"Beggar","floor":20,"gold_loss":75}],"is_beta":false,"boss_relics":[{"not_picked":["Tiny House","Calling Bell"],"picked":"Snecko Eye"}],"items_purged_floors":[2,22],"is_endless":false,"potions_floor_spawned":[6,8,16,18,24,29],"killed_by":"Collector","ascension_level":20}}