{"host":"oeotdbd679q6m6vu","time":1610888876,"event":{"mods":["Act Like it!","BaseMod","Colored Map","Decade(Õı–°√˜)","Downfall","Friendly Minions","Gensokyo","GifTheSpireLib","Highlight Path","Marisa£®ÏF”Í°°ƒß¿Ì…≥£©","Minty Spire (QoL Compilation)","Rare Cards Sparkle","Reimu£®≤©¿ˆ¡È√Œ£©","StSLib","The Animator","Youmu£®ªÍ∆«—˝√Œ£©"],"gold_per_floor":[99,274,292,292,311,342,365,385,385,414,437,471,152,163,182,182,182,182],"floor_reached":16,"language":"ZHS","playtime":1668,"items_purged":["Doubt"],"score":120,"play_id":"a2cedd5b-6c6b-4040-8dc9-ee800a17f72d","local_time":"20210117080756","is_ascension_mode":false,"campfire_choices":[{"floor":1,"key":"RECALL"}],"circlet_count":0,"master_deck":["Guardian:Strike_Guardian","Guardian:Strike_Guardian","Guardian:Strike_Guardian","Guardian:Defend_Guardian","Guardian:Defend_Guardian","Guardian:Defend_Guardian","Guardian:Defend_Guardian","Guardian:CurlUp","Guardian:TwinSlam","Guardian:BodySlam","Guardian:Gem_Cyan","Guardian:ArmoredProtocol","Guardian:EvasiveProtocol","Guardian:Gem_Blue","Guardian:Gem_Cyan","Guardian:SpikerProtocol","Guardian:Gem_Orange","Guardian:PrismaticBarrier"],"relics":["Coffee Dripper","Mastiff:ReiMu","Oddly Smooth Stone","Tiny Chest","Anchor","Guardian:PickAxe"],"acts_visited":["Exordium"],"potions_floor_usage":[6,10,10,16,16],"damage_taken":[{"damage":5,"enemies":"Small Slimes","floor":3,"turns":4},{"damage":1,"enemies":"Jaw Worm","floor":5,"turns":4},{"damage":34,"enemies":"Lagavulin","floor":6,"turns":11},{"damage":0,"enemies":"Cultist","floor":8,"turns":4},{"damage":6,"enemies":"Gremlin Nob","floor":10,"turns":6},{"damage":27,"enemies":"3 Sentries","floor":12,"turns":13},{"damage":0,"enemies":"downfall:FleeingMerchant","floor":13,"turns":4},{"damage":0,"enemies":"Blue Slaver","floor":14,"turns":3},{"damage":21,"enemies":"Gremlin Gang","floor":15,"turns":7},{"damage":21,"enemies":"IC_STATUS_ARCHETYPE","floor":16,"turns":4}],"seed_played":"-524228492249136871","potions_obtained":[{"floor":5,"key":"Fire Potion"},{"floor":6,"key":"SkillPotion"},{"floor":8,"key":"BlessingOfTheForge"},{"floor":12,"key":"champ:CounterPotion"},{"floor":15,"key":"BlessingOfTheForge"}],"is_trial":false,"path_per_floor":["R","?","M","?","M","E","T","M","?","E","T","E","$","M","M","B"],"character_chosen":"GUARDIAN","items_purchased":["Guardian:Gem_Orange","Guardian:PickAxe"],"campfire_rested":0,"item_purchase_floors":[13,13],"current_hp_per_floor":[80,80,75,75,74,40,40,40,66,60,60,33,33,33,12,0,0,0],"gold":182,"neow_bonus":"BOSS_RELIC","is_daily":false,"chose_seed":false,"campfire_upgraded":0,"win_rate":0.0,"timestamp":1610888876,"path_taken":["R","?","M","?","M","E","T","?","?","E","?","E","$","M","M","BOSS"],"items_purchased_type":["Card","Relic"],"build_version":"2020-12-22","purchased_purges":1,"victory":false,"max_hp_per_floor":[80,80,80,80,80,80,80,80,80,80,80,80,80,80,80,80,80,80],"card_choices":[{"not_picked":["Guardian:WalkerClaw","Guardian:BronzeOrb"],"picked":"Guardian:BodySlam","floor":3},{"not_picked":["Guardian:Preprogram","Guardian:ShieldCharger"],"picked":"Guardian:Gem_Cyan","floor":5},{"not_picked":["Guardian:RollAttack","Guardian:BaubleBeam"],"picked":"Guardian:ArmoredProtocol","floor":6},{"not_picked":["Guardian:DonusPower","Guardian:Gem_Green"],"picked":"Guardian:EvasiveProtocol","floor":8},{"not_picked":["Guardian:Gem_Lightblue","Guardian:Gem_Fragmented"],"picked":"Guardian:Gem_Blue","floor":10},{"not_picked":["Guardian:TimeCapacitor","Guardian:PiercingHide"],"picked":"Guardian:Gem_Cyan","floor":12},{"not_picked":["Guardian:FloatingOrbs","Guardian:PolyBeam"],"picked":"Guardian:SpikerProtocol","floor":13},{"not_picked":["Guardian:PrismaticBeam","Guardian:Recover","Guardian:MultiBeam"],"picked":"SKIP","floor":14},{"not_picked":["Guardian:Gem_Green","Guardian:FloatingOrbs"],"picked":"Guardian:PrismaticBarrier","floor":15}],"player_experience":351396,"relics_obtained":[{"floor":6,"key":"Mastiff:ReiMu"},{"floor":7,"key":"Oddly Smooth Stone"},{"floor":10,"key":"Tiny Chest"},{"floor":12,"key":"Anchor"}],"event_choices":[{"cards_removed":["Guardian:Strike_Guardian"],"damage_healed":0,"gold_gain":0,"player_choice":"Offered Basic","damage_taken":0,"max_hp_gain":0,"max_hp_loss":0,"event_name":"Bonfire Elementals","floor":4,"gold_loss":0},{"damage_healed":26,"gold_gain":0,"player_choice":"Banana","damage_taken":0,"max_hp_gain":0,"max_hp_loss":0,"event_name":"Big Fish","floor":9,"gold_loss":0}],"is_beta":false,"boss_relics":[],"items_purged_floors":[13],"is_endless":false,"potions_floor_spawned":[5,6,8,12,15],"killed_by":"IC_STATUS_ARCHETYPE","ascension_level":0}}