{"host":"6eo4thp7fob519hm","time":1610907663,"event":{"mods":["BaseMod","Block Reminder","Colored Map","Colored Powertips","DeckTracker","Googly Eyes","Highlight Path","Minty Spire (QoL Compilation)","Quick Restart"],"gold_per_floor":[112,112,287,287,301,335,348,363,388,388,408,438,438,448,448,552,552,552,552,552,304,304,304,40,40,40,40,40,40,40,40,40,40,40,40,40,14,14,14,14],"floor_reached":39,"language":"ENG","playtime":2333,"items_purged":[],"score":414,"play_id":"7bf18590-2be3-4296-a5d8-1b0f0d12f916","local_time":"20210117235103","is_ascension_mode":false,"campfire_choices":[{"floor":10,"key":"REST"},{"floor":15,"key":"REST"},{"floor":23,"key":"REST"},{"floor":32,"key":"REST"}],"circlet_count":0,"master_deck":["Strike_G","Strike_G","Strike_G","Strike_G","Defend_G","Defend_G","Defend_G","Survivor","Neutralize","Noxious Fumes+1","PiercingWail","Deadly Poison","Catalyst","Bane","Dodge and Roll","Footwork","Catalyst","Doppelganger","Prepared","Crippling Poison+1","Finesse","Sadistic Nature","Blur","Noxious Fumes","Deadly Poison+1","After Image","Deflect","Tactician","Burst","Calculated Gamble","Forethought","Prepared","Acrobatics","Bane+1"],"relics":["Empty Cage","Spirit Poop","Regal Pillow","Anchor","Smiling Mask","Ectoplasm","Snake Skull","HornCleat","Matryoshka","Meat on the Bone","Sozu"],"acts_visited":["Exordium","TheCity","TheBeyond"],"potions_floor_usage":[16,16,18,28,33,33],"damage_taken":[{"damage":0,"enemies":"2 Louse","floor":1,"turns":3},{"damage":6,"enemies":"Jaw Worm","floor":5,"turns":5},{"damage":19,"enemies":"3 Sentries","floor":6,"turns":7},{"damage":0,"enemies":"Small Slimes","floor":7,"turns":4},{"damage":10,"enemies":"Gremlin Gang","floor":8,"turns":5},{"damage":6,"enemies":"Blue Slaver","floor":11,"turns":5},{"damage":21,"enemies":"Gremlin Nob","floor":12,"turns":5},{"damage":0,"enemies":"Red Slaver","floor":14,"turns":5},{"damage":19,"enemies":"Hexaghost","floor":16,"turns":9},{"damage":0,"enemies":"Chosen","floor":18,"turns":6},{"damage":12,"enemies":"Spheric Guardian","floor":19,"turns":5},{"damage":9,"enemies":"Centurion and Healer","floor":20,"turns":6},{"damage":15,"enemies":"Snecko","floor":22,"turns":6},{"damage":16,"enemies":"Book of Stabbing","floor":25,"turns":6},{"damage":3,"enemies":"Sentry and Sphere","floor":28,"turns":5},{"damage":0,"enemies":"3 Cultists","floor":30,"turns":5},{"damage":0,"enemies":"Cultist and Chosen","floor":31,"turns":5},{"damage":20,"enemies":"Collector","floor":33,"turns":9},{"damage":41,"enemies":"3 Darklings","floor":35,"turns":4},{"damage":2,"enemies":"Orb Walker","floor":38,"turns":5},{"damage":70,"enemies":"4 Shapes","floor":39,"turns":3}],"seed_played":"8568519603437335770","potions_obtained":[{"floor":6,"key":"BlessingOfTheForge"},{"floor":7,"key":"GamblersBrew"},{"floor":12,"key":"GamblersBrew"},{"floor":16,"key":"Block Potion"},{"floor":18,"key":"FearPotion"},{"floor":25,"key":"Dexterity Potion"},{"floor":28,"key":"SpeedPotion"},{"floor":33,"key":"DuplicationPotion"}],"is_trial":false,"path_per_floor":["M","?","?","?","M","E","M","M","T","R","M","E","?","M","R","B",null,"M","M","M","$","M","R","$","E","T","?","M","T","M","M","R","B",null,"M","?","$","M","M"],"character_chosen":"THE_SILENT","items_purchased":["Finesse","Sadistic Nature","Snake Skull","Blur","Noxious Fumes","Acrobatics"],"campfire_rested":4,"item_purchase_floors":[21,21,24,24,24,37],"current_hp_per_floor":[70,70,70,70,64,45,45,35,35,70,64,43,43,43,70,51,70,70,58,49,49,34,70,70,54,54,41,38,38,38,38,75,55,75,46,46,46,44,0,0],"gold":14,"neow_bonus":"BOSS_RELIC","is_daily":false,"chose_seed":false,"campfire_upgraded":0,"win_rate":0.0,"timestamp":1610907663,"path_taken":["M","?","?","?","M","E","?","M","T","R","M","E","?","M","R","BOSS","M","M","M","$","?","R","?","E","T","?","M","?","M","M","R","BOSS","M","?","?","M","M"],"items_purchased_type":["Card","Card","Relic","Card","Card","Card"],"build_version":"2020-12-22","purchased_purges":0,"victory":false,"max_hp_per_floor":[70,70,70,70,70,70,70,70,70,70,70,70,70,70,70,70,70,70,70,70,70,70,70,70,70,70,75,75,75,75,75,75,75,75,75,75,75,75,75,75],"card_choices":[{"not_picked":["Deflect","Deadly Poison"],"picked":"Noxious Fumes","floor":1},{"not_picked":["Dagger Throw","Expertise"],"picked":"PiercingWail","floor":5},{"not_picked":["Flying Knee","Outmaneuver"],"picked":"Deadly Poison","floor":6},{"not_picked":["Dagger Spray","Choke"],"picked":"Catalyst","floor":7},{"not_picked":["Backflip","Dagger Throw"],"picked":"Bane","floor":8},{"not_picked":["Blade Dance","Finisher"],"picked":"Dodge and Roll","floor":11},{"not_picked":["All Out Attack","PiercingWail","Glass Knife"],"picked":"SKIP","floor":12},{"not_picked":["Flechettes","Quick Slash"],"picked":"Catalyst","floor":14},{"not_picked":["Grand Finale","Bullet Time"],"picked":"Doppelganger","floor":16},{"not_picked":["Heel Hook","Choke"],"picked":"Prepared","floor":18},{"not_picked":["Footwork","Bane+1"],"picked":"Crippling Poison+1","floor":19},{"not_picked":["Riddle With Holes","Poisoned Stab+1","Dagger Spray"],"picked":"SKIP","floor":20},{"not_picked":["Eviscerate","PiercingWail+1","Dodge and Roll"],"picked":"SKIP","floor":22},{"not_picked":["Escape Plan","Concentrate"],"picked":"Deadly Poison+1","floor":25},{"not_picked":["Deadly Poison+1","Escape Plan"],"picked":"After Image","floor":28},{"not_picked":["Caltrops","Concentrate"],"picked":"Deflect","floor":30},{"not_picked":["Distraction","Choke"],"picked":"Tactician","floor":31},{"not_picked":["Unload","Doppelganger"],"picked":"Burst","floor":33},{"not_picked":["PiercingWail+1","Escape Plan","Infinite Blades+1"],"picked":"SKIP","floor":35},{"not_picked":["PiercingWail+1","Prepared+1"],"picked":"Bane+1","floor":38}],"player_experience":573197,"relics_obtained":[{"floor":6,"key":"Regal Pillow"},{"floor":9,"key":"Anchor"},{"floor":12,"key":"Smiling Mask"},{"floor":25,"key":"HornCleat"},{"floor":26,"key":"Matryoshka"},{"floor":29,"key":"Meat on the Bone"}],"event_choices":[{"damage_healed":0,"gold_gain":0,"player_choice":"Grow","damage_taken":0,"max_hp_gain":0,"max_hp_loss":0,"event_name":"Living Wall","floor":2,"gold_loss":0,"cards_upgraded":["Noxious Fumes"]},{"damage_healed":0,"gold_gain":175,"player_choice":"AGREE","damage_taken":0,"max_hp_gain":0,"max_hp_loss":0,"event_name":"Liars Game","floor":3,"gold_loss":0,"cards_obtained":["Doubt"]},{"cards_removed":["Doubt"],"damage_healed":0,"gold_gain":0,"player_choice":"Offered Curse","damage_taken":0,"relics_obtained":["Spirit Poop"],"max_hp_gain":0,"max_hp_loss":0,"event_name":"Bonfire Elementals","floor":4,"gold_loss":0},{"damage_healed":0,"gold_gain":0,"cards_transformed":["Defend_G"],"player_choice":"Transformed","damage_taken":0,"max_hp_gain":0,"max_hp_loss":0,"event_name":"Transmorgrifier","floor":13,"gold_loss":0,"cards_obtained":["Footwork"]},{"damage_healed":0,"gold_gain":0,"player_choice":"Shed Blood","damage_taken":18,"max_hp_gain":5,"max_hp_loss":0,"event_name":"Forgotten Altar","floor":27,"gold_loss":0},{"damage_healed":0,"gold_gain":0,"player_choice":"3 cards matched","damage_taken":0,"max_hp_gain":0,"max_hp_loss":0,"event_name":"Match and Keep!","floor":36,"gold_loss":0,"cards_obtained":["Calculated Gamble","Forethought","Prepared"]}],"is_beta":false,"boss_relics":[{"not_picked":["Busted Crown","Fusion Hammer"],"picked":"Ectoplasm"},{"not_picked":["Black Star","Calling Bell"],"picked":"Sozu"}],"items_purged_floors":[],"is_endless":false,"potions_floor_spawned":[6,7,12,16,18,25,28,30,33,38],"killed_by":"4 Shapes","ascension_level":0}}