{"host":"ccw6t0i2dpm5wyxf","time":1610884361,"event":{"mods":["BaseMod","Colored Map","Minty Spire (QoL Compilation)","Permanent Neow"],"gold_per_floor":[112,127,52,72,72,72,85,85,85,101,126,126,126,126,126,249,249,273,198,44,44,63,96,96,109,109,109,148,247,288,31,31,160,160,174,193,193,526,539,539,554,554,554,554,554,554],"floor_reached":45,"language":"ENG","playtime":1691,"items_purged":["Strike_G","Strike_G"],"score":580,"play_id":"9412abcf-3e24-400c-b368-a28ab754f428","local_time":"20210117055241","is_ascension_mode":true,"campfire_choices":[{"data":"Cloak And Dagger","floor":6,"key":"SMITH"},{"floor":12,"key":"REST"},{"data":"Dash","floor":15,"key":"SMITH"},{"data":"Blade Dance","floor":24,"key":"SMITH"},{"floor":27,"key":"REST"},{"data":"Venomology","floor":32,"key":"SMITH"},{"floor":40,"key":"REST"},{"floor":42,"key":"REST"},{"floor":44,"key":"RECALL"}],"circlet_count":0,"master_deck":["Survivor","Neutralize","Deflect","Backflip+1","Cloak And Dagger+1","Leg Sweep","Dash+1","Deflect","Venomology+1","Backflip+1","Blade Dance+1","Slice","Deflect+1","Endless Agony","Endless Agony","A Thousand Cuts","Sucker Punch","Slice","Sucker Punch","Choke","Choke","Calculated Gamble+1","Slice+1","Blur+1","Madness+1","Madness+1","Parasite","Outmaneuver+1","Deflect+1"],"relics":["SacredBark","Oddly Smooth Stone","Pantograph","WristBlade","Bottled Flame","Mercury Hourglass","Du-Vu Doll","Toxic Egg 2","Pandora\u0027s Box","Pear"],"acts_visited":["Exordium","TheCity","TheBeyond"],"potions_floor_usage":[16,16,18,25,28,28,28,30,33,39,39,45,45,45],"damage_taken":[{"damage":2,"enemies":"Small Slimes","floor":1,"turns":5},{"damage":3,"enemies":"Jaw Worm","floor":2,"turns":6},{"damage":0,"enemies":"2 Louse","floor":4,"turns":3},{"damage":20,"enemies":"Gremlin Gang","floor":7,"turns":9},{"damage":0,"enemies":"3 Louse","floor":10,"turns":5},{"damage":0,"enemies":"2 Fungi Beasts","floor":11,"turns":5},{"damage":20,"enemies":"Slime Boss","floor":16,"turns":11},{"damage":1,"enemies":"3 Byrds","floor":18,"turns":7},{"damage":3,"enemies":"Shell Parasite","floor":22,"turns":9},{"damage":18,"enemies":"Book of Stabbing","floor":23,"turns":7},{"damage":0,"enemies":"Cultist and Chosen","floor":25,"turns":5},{"damage":29,"enemies":"Gremlin Leader","floor":28,"turns":10},{"damage":7,"enemies":"Book of Stabbing","floor":30,"turns":5},{"damage":32,"enemies":"Automaton","floor":33,"turns":13},{"damage":0,"enemies":"3 Shapes","floor":35,"turns":3},{"damage":0,"enemies":"Orb Walker","floor":36,"turns":2},{"damage":78,"enemies":"Writhing Mass","floor":39,"turns":6},{"damage":13,"enemies":"4 Shapes","floor":41,"turns":3},{"damage":76,"enemies":"Giant Head","floor":45,"turns":9}],"seed_played":"-6510763645161039941","potions_obtained":[{"floor":7,"key":"SteroidPotion"},{"floor":11,"key":"CultistPotion"},{"floor":22,"key":"SpeedPotion"},{"floor":28,"key":"FearPotion"},{"floor":39,"key":"Poison Potion"}],"is_trial":false,"path_per_floor":["M","M","$","M","?","R","M","?","T","M","M","R","?","?","R","B",null,"M","?","$","?","M","E","R","M","T","R","E","?","E","$","R","B",null,"M","M","?","?","M","R","M","R","T","R","E"],"character_chosen":"THE_SILENT","items_purchased":["Blade Dance","Toxic Egg 2"],"campfire_rested":4,"item_purchase_floors":[20,31],"current_hp_per_floor":[68,65,65,65,48,48,28,28,28,28,28,49,46,39,39,44,70,69,69,69,70,67,49,49,49,49,70,60,60,53,53,53,38,70,70,70,61,61,29,50,37,58,68,68,0,0],"gold":554,"neow_bonus":"BOSS_RELIC","is_daily":false,"chose_seed":false,"campfire_upgraded":4,"win_rate":0.0,"timestamp":1610884361,"path_taken":["M","M","$","M","?","R","M","?","T","M","M","R","?","?","R","BOSS","M","?","$","?","?","E","R","M","T","R","E","?","E","$","R","BOSS","M","M","?","?","M","R","M","R","T","R","E"],"items_purchased_type":["Card","Relic"],"build_version":"2020-12-22","purchased_purges":2,"victory":false,"max_hp_per_floor":[70,70,70,70,70,70,70,70,70,70,70,70,70,70,70,70,70,70,70,70,70,70,70,70,70,70,70,70,70,70,70,70,70,70,70,70,70,70,70,70,70,70,80,80,80,80],"card_choices":[{"not_picked":["Dagger Spray","Leg Sweep"],"picked":"Deflect","floor":1},{"not_picked":["Prepared","Acrobatics"],"picked":"Backflip","floor":2},{"not_picked":["Finisher","Flying Knee"],"picked":"Cloak And Dagger","floor":4},{"not_picked":["Dodge and Roll","Wraith Form v2"],"picked":"Leg Sweep","floor":7},{"not_picked":["Dagger Spray","Sucker Punch"],"picked":"Dash","floor":10},{"not_picked":["PiercingWail","Prepared"],"picked":"Deflect","floor":11},{"not_picked":["Envenom","Adrenaline"],"picked":"Venomology","floor":16},{"not_picked":["Calculated Gamble","Deadly Poison"],"picked":"Backflip+1","floor":18},{"not_picked":["Leg Sweep","PiercingWail"],"picked":"Slice","floor":22},{"not_picked":["Dagger Spray","PiercingWail","Riddle With Holes"],"picked":"SKIP","floor":23},{"not_picked":["Dagger Throw+1","Calculated Gamble"],"picked":"Deflect+1","floor":25},{"not_picked":["Dagger Throw+1","Deflect"],"picked":"Endless Agony","floor":28},{"not_picked":["Outmaneuver+1","Quick Slash"],"picked":"Endless Agony","floor":30},{"not_picked":["Burst+1","Wraith Form v2"],"picked":"A Thousand Cuts","floor":33},{"not_picked":["Deadly Poison+1","Quick Slash+1"],"picked":"Slice+1","floor":35},{"not_picked":["Terror+1","Acrobatics+1"],"picked":"Blur+1","floor":36},{"not_picked":["Heel Hook+1","Riddle With Holes+1"],"picked":"Outmaneuver+1","floor":39},{"not_picked":["Concentrate+1","Dodge and Roll+1"],"picked":"Deflect+1","floor":41}],"player_experience":269193,"relics_obtained":[{"floor":9,"key":"Oddly Smooth Stone"},{"floor":23,"key":"Bottled Flame"},{"floor":28,"key":"Mercury Hourglass"},{"floor":30,"key":"Du-Vu Doll"},{"floor":43,"key":"Pear"}],"event_choices":[{"damage_healed":0,"gold_gain":0,"player_choice":"Take Damage","damage_taken":17,"relics_obtained":["Golden Idol"],"max_hp_gain":0,"max_hp_loss":0,"event_name":"Golden Idol","floor":5,"gold_loss":0},{"damage_healed":0,"gold_gain":0,"player_choice":"Grow","damage_taken":0,"max_hp_gain":0,"max_hp_loss":0,"event_name":"Living Wall","floor":8,"gold_loss":0,"cards_upgraded":["Backflip"]},{"damage_healed":0,"gold_gain":0,"player_choice":"Success","damage_taken":3,"relics_obtained":["Pantograph"],"max_hp_gain":0,"max_hp_loss":0,"event_name":"Scrap Ooze","floor":13,"gold_loss":0},{"cards_removed":["Defend_G"],"damage_healed":0,"gold_gain":0,"player_choice":"Card Removal","damage_taken":7,"max_hp_gain":0,"max_hp_loss":0,"event_name":"Golden Wing","floor":14,"gold_loss":0},{"cards_removed":["Defend_G"],"damage_healed":0,"gold_gain":0,"player_choice":"Gave Gold","damage_taken":0,"max_hp_gain":0,"max_hp_loss":0,"event_name":"Beggar","floor":19,"gold_loss":75},{"damage_healed":1,"gold_gain":0,"player_choice":"Full Heal","damage_taken":0,"max_hp_gain":0,"max_hp_loss":0,"event_name":"Wheel of Change","floor":21,"gold_loss":0},{"damage_healed":0,"gold_gain":99,"player_choice":"Stole From Cult","damage_taken":0,"max_hp_gain":0,"max_hp_loss":0,"event_name":"Nest","floor":29,"gold_loss":0},{"damage_healed":0,"gold_gain":0,"player_choice":"Embrace Madness","damage_taken":9,"max_hp_gain":0,"max_hp_loss":0,"event_name":"Winding Halls","floor":37,"gold_loss":0,"cards_obtained":["Madness","Madness"]},{"damage_healed":0,"gold_gain":333,"player_choice":"Gave Idol","damage_taken":0,"max_hp_gain":0,"max_hp_loss":0,"event_name":"The Moai Head","floor":38,"relics_lost":["Golden Idol"],"gold_loss":0}],"is_beta":false,"boss_relics":[{"not_picked":["Sozu","SlaversCollar"],"picked":"WristBlade"},{"not_picked":["Coffee Dripper","Snecko Eye"],"picked":"Pandora\u0027s Box"}],"items_purged_floors":[3,20],"is_endless":false,"potions_floor_spawned":[7,11,22,28,39],"killed_by":"Giant Head","ascension_level":3}}