{"host":"fr3ip57hl52y255p","time":1610907793,"event":{"mods":["Act Like it!","BaseMod","Challenge The Spire","Colored Powertips","Downfall","Luminous","Mari Mod (Legacy)","Mari\u0027s V1 Patch","Minty Spire (QoL Compilation)","READ ME - Guardian Mod","Relic Stats","StSLib","The Hierophant","[GremlinLeader]The Maniac"],"gold_per_floor":[12,25,38,56,76,76,93,105,132,132,152,164,177,102,102,199,199,216,234,45,45,59,59,59,59,84,84,174,193,193,225,225,327,327,338,338,357,370,38,70,70,70,122,122,142,175,206,520,520,520,520,520,72,107,107],"floor_reached":56,"language":"ZHS","playtime":6221,"items_purged":["maniac:Defend","maniac:Strike","maniac:Defend","maniac:Defend"],"score":1578,"play_id":"716829e1-35ec-4235-82a8-09bd1d0fc221","local_time":"20210118022313","is_ascension_mode":false,"campfire_choices":[{"data":"maniac:FoilArmor","floor":6.0,"key":"SMITH"},{"data":"maniac:Simulacrum","floor":15.0,"key":"SMITH"},{"floor":23.0,"key":"DIG"},{"data":"maniac:Hasten","floor":25.0,"key":"SMITH"},{"floor":27.0,"key":"DIG"},{"data":"maniac:RallyToMe","floor":30.0,"key":"SMITH"},{"data":"maniac:Collecting","floor":32.0,"key":"SMITH"},{"data":"maniac:ManipulatedFaith","floor":41.0,"key":"SMITH"},{"data":"maniac:Intimidate","floor":42,"key":"SMITH"},{"floor":49,"key":"RECALL"},{"data":"Madness","floor":52,"key":"SMITH"}],"circlet_count":0,"master_deck":["maniac:Strike","maniac:Strike+1","maniac:Strike+1","maniac:Defend","maniac:BurnBlood","maniac:AbyssShackle","maniac:Collecting+1","maniac:ShelteringEdge","maniac:ManipulatedFaith+1","maniac:FoilArmor+1","maniac:Intimidate+1","maniac:Refine","maniac:LootBarrage","maniac:Hasten+1","maniac:Traceback","maniac:Simulacrum+1","maniac:RallyToMe+1","Flash of Steel+1","Enlightenment","maniac:GlassScratch+1","maniac:HammerDown+1","maniac:TimeForm","Madness","Madness+1","maniac:Retrospect","Trip","hierophant:Alms","Double Energy+1"],"relics":["maniac:DamagedAnvil","maniac:BrokenHorn","Prayer Wheel","Lizard Tail","Ginger","HornCleat","Molten Egg 2","Torii","Juzu Bracelet","InkBottle","Gambling Chip","Dream Catcher","Dead Branch","StoneCalendar","Coffee Dripper","Singing Bowl","Shovel","WingedGreaves","Bag of Preparation","Ancient Tea Set","Centennial Puzzle","Girya","Ice Cream","Pantograph","PreservedInsect","Mummified Hand","Turnip","bronze:MakeshiftBattery","The Courier","Ornamental Fan","FossilizedHelix","Whetstone","PrismaticShard","Shuriken","Kunai","Boot","White Beast Statue","Toy Ornithopter","TungstenRod","Old Coin","Meat on the Bone","Bottled Lightning","Sling","Sundial"],"acts_visited":["Exordium","TheCity","TheBeyond","TheEnding"],"potions_floor_usage":[47,47],"damage_taken":[{"damage":13.0,"enemies":"Cultist","floor":1.0,"turns":5.0},{"damage":0.0,"enemies":"Jaw Worm","floor":2.0,"turns":2.0},{"damage":0.0,"enemies":"2 Louse","floor":3.0,"turns":3.0},{"damage":14.0,"enemies":"Lots of Slimes","floor":4.0,"turns":8.0},{"damage":4.0,"enemies":"Exordium Wildlife","floor":5.0,"turns":4.0},{"damage":0.0,"enemies":"Blue Slaver","floor":7.0,"turns":4.0},{"damage":7.0,"enemies":"Gremlin Gang","floor":8.0,"turns":6.0},{"damage":6.0,"enemies":"3 Louse","floor":11.0,"turns":3.0},{"damage":0.0,"enemies":"2 Fungi Beasts","floor":12.0,"turns":4.0},{"damage":4.0,"enemies":"Exordium Wildlife","floor":13.0,"turns":6.0},{"damage":6.0,"enemies":"The Guardian","floor":16.0,"turns":16.0},{"damage":11.0,"enemies":"3 Byrds","floor":18.0,"turns":7.0},{"damage":0.0,"enemies":"Spheric Guardian","floor":19.0,"turns":6.0},{"damage":2.0,"enemies":"Cultist and Chosen","floor":22.0,"turns":4.0},{"damage":6.0,"enemies":"3 Cultists","floor":29.0,"turns":2.0},{"damage":3.0,"enemies":"Book of Stabbing","floor":31.0,"turns":1.0},{"damage":12.0,"enemies":"Automaton","floor":33.0,"turns":7.0},{"damage":2.0,"enemies":"3 Darklings","floor":35.0,"turns":4.0},{"damage":1.0,"enemies":"3 Shapes","floor":37.0,"turns":2.0},{"damage":3.0,"enemies":"Spire Growth","floor":38.0,"turns":1.0},{"damage":0.0,"enemies":"Giant Head","floor":40.0,"turns":2.0},{"damage":0,"enemies":"Writhing Mass","floor":45,"turns":1},{"damage":0,"enemies":"Nemesis","floor":46,"turns":2},{"damage":0,"enemies":"Giant Head","floor":47,"turns":1},{"damage":0,"enemies":"Jaw Worm Horde","floor":48,"turns":3},{"damage":29,"enemies":"Donu and Deca","floor":50,"turns":4},{"damage":2,"enemies":"Shield and Spear","floor":54,"turns":1},{"damage":2,"enemies":"The Heart","floor":55,"turns":5}],"seed_played":"7075417346967761912","potions_obtained":[{"floor":2.0,"key":"BlessingOfTheForge"},{"floor":3.0,"key":"Ancient Potion"},{"floor":4.0,"key":"Regen Potion"},{"floor":7.0,"key":"AttackPotion"},{"floor":13.0,"key":"GamblersBrew"},{"floor":18.0,"key":"EntropicBrew"},{"floor":47,"key":"Fruit Juice"},{"floor":48,"key":"GamblersBrew"}],"is_trial":false,"path_per_floor":["M","M","M","M","M","R","M","M","T","?","M","M","M","$","R","B",null,"M","M","$","?","M","R","?","R","T","R","?","M","R","E","R","B",null,"M","?","M","M","$","E","R","R","T","?","M","E","E","M","R","B",null,"R","$","E","B",null],"character_chosen":"THE_MANIAC","items_purchased":["Flash of Steel+1","Whetstone","PrismaticShard","Bottled Lightning","Sling"],"campfire_rested":0,"item_purchase_floors":[20,39,39,53,53],"current_hp_per_floor":[67,67,67,53,49,49,49,42,42,39,33,33,29,29,29,23,80,73,75,75,75,77,77,77,77,77,77,59,55,55,52,52,65,88,90,90,93,94,94,96,96,96,96,83,87,87,102,104,104,84,113,113,113,111,113],"gold":107,"neow_bonus":"THREE_RARE_CARDS","is_daily":false,"chose_seed":false,"campfire_upgraded":8,"win_rate":0.0,"timestamp":1610907793,"path_taken":["M","M","M","M","M","R","M","M","T","?","M","M","M","$","R","BOSS","M","M","$","?","M","R","?","R","T","R","?","M","R","E","R","BOSS","M","?","M","M","$","E","R","R","T","?","M","E","E","M","R","BOSS","R","$","E","BOSS"],"items_purchased_type":["Card","Relic","Relic","Relic","Relic"],"build_version":"2020-12-22","purchased_purges":4,"victory":true,"max_hp_per_floor":[80,80,80,80,80,80,80,80,80,80,80,80,80,80,80,80,80,84,86,86,86,90,90,86,86,86,86,86,88,88,88,88,88,88,92,92,96,100,100,102,102,102,102,102,106,106,111,113,113,113,113,113,113,113,113],"relic_stats":{"Torii":21,"Singing Bowl":32,"StoneCalendar":[7],"Juzu Bracelet":2,"Bag of Preparation":[28],"Ginger":[21],"Whetstone":["maniac:Strike","maniac:Strike"],"Boot":[2],"Lizard Tail":0,"Dream Catcher":0,"Centennial Puzzle":[19],"Shovel":2,"Mummified Hand":[58],"Sundial":[2],"Gambling Chip":[51],"Pantograph":36,"Prayer Wheel":21,"Kunai":[15],"InkBottle":[43],"counters":[28,114],"Dead Branch":[107],"PreservedInsect":365,"Ornamental Fan":[92],"Shuriken":[18],"Turnip":[2],"obtain_stats":[{"Ice Cream":29,"Torii":8,"Singing Bowl":18,"StoneCalendar":16,"Juzu Bracelet":9,"Bag of Preparation":23,"Ginger":4,"Whetstone":39,"Ancient Tea Set":26,"PrismaticShard":39,"Boot":46,"Sling":53,"Old Coin":48,"maniac:BrokenHorn":0,"Lizard Tail":3,"Dream Catcher":13,"Centennial Puzzle":27,"HornCleat":5,"Shovel":19,"Mummified Hand":33,"Sundial":54,"Gambling Chip":11,"Pantograph":31,"Prayer Wheel":1,"WingedGreaves":22,"Kunai":46,"InkBottle":10,"maniac:DamagedAnvil":0,"Girya":29,"Dead Branch":13,"PreservedInsect":31,"The Courier":35,"White Beast Statue":47,"Ornamental Fan":37,"Shuriken":40,"Molten Egg 2":7,"Turnip":33,"Coffee Dripper":17,"Bottled Lightning":53,"bronze:MakeshiftBattery":34,"FossilizedHelix":37,"Toy Ornithopter":47,"TungstenRod":48,"Meat on the Bone":48},{"Ice Cream":15,"Torii":7,"Singing Bowl":12,"StoneCalendar":11,"Juzu Bracelet":7,"Bag of Preparation":14,"Ginger":4,"Whetstone":20,"Ancient Tea Set":14,"PrismaticShard":20,"Boot":23,"Sling":26,"Old Coin":25,"maniac:BrokenHorn":0,"Lizard Tail":3,"Dream Catcher":10,"Centennial Puzzle":14,"HornCleat":5,"Shovel":13,"Mummified Hand":17,"Sundial":27,"Gambling Chip":8,"Pantograph":16,"Prayer Wheel":1,"WingedGreaves":14,"Kunai":23,"InkBottle":7,"maniac:DamagedAnvil":0,"Girya":15,"Dead Branch":10,"PreservedInsect":16,"The Courier":18,"White Beast Statue":24,"Ornamental Fan":19,"Shuriken":21,"Molten Egg 2":6,"Turnip":17,"Coffee Dripper":11,"Bottled Lightning":26,"bronze:MakeshiftBattery":17,"FossilizedHelix":19,"Toy Ornithopter":24,"TungstenRod":25,"Meat on the Bone":25},{"Ice Cream":80,"Torii":30,"Singing Bowl":65,"StoneCalendar":61,"Juzu Bracelet":32,"Bag of Preparation":78,"Ginger":16,"Whetstone":95,"Ancient Tea Set":78,"PrismaticShard":95,"Boot":100,"Sling":108,"Old Coin":104,"maniac:BrokenHorn":0,"Lizard Tail":8,"Dream Catcher":41,"Centennial Puzzle":78,"HornCleat":22,"Shovel":74,"Mummified Hand":85,"Sundial":109,"Gambling Chip":34,"Pantograph":81,"Prayer Wheel":5,"WingedGreaves":75,"Kunai":100,"InkBottle":32,"maniac:DamagedAnvil":0,"Girya":79,"Dead Branch":45,"PreservedInsect":81,"The Courier":92,"White Beast Statue":101,"Ornamental Fan":94,"Shuriken":97,"Molten Egg 2":26,"Turnip":88,"Coffee Dripper":61,"Bottled Lightning":108,"bronze:MakeshiftBattery":88,"FossilizedHelix":94,"Toy Ornithopter":101,"TungstenRod":102,"Meat on the Bone":104}],"Toy Ornithopter":10,"TungstenRod":23,"Meat on the Bone":0},"card_choices":[{"not_picked":["maniac:UniversalPerception","maniac:Deal"],"picked":"maniac:Collecting","floor":0.0},{"not_picked":["maniac:Blastwave","maniac:HammerStrike"],"picked":"maniac:ShelteringEdge","floor":1.0},{"not_picked":["maniac:MeleeStrike","maniac:TorturousScreams"],"picked":"maniac:ManipulatedFaith","floor":1.0},{"not_picked":["maniac:SpectralKnives","maniac:BladeShoot"],"picked":"maniac:FoilArmor","floor":2.0},{"not_picked":["maniac:BladeShoot","maniac:AllOutAttack","maniac:EndOfTheRoad"],"picked":"SKIP","floor":2.0},{"not_picked":["maniac:WitnessTrueSorcery","maniac:Deal"],"picked":"maniac:Intimidate","floor":3.0},{"not_picked":["maniac:MeleeStrike","maniac:Confront"],"picked":"maniac:Refine","floor":3.0},{"not_picked":["maniac:Feint","maniac:Intimidate"],"picked":"maniac:LootBarrage","floor":4.0},{"not_picked":["maniac:Refine","maniac:TorturousScreams"],"picked":"maniac:Hasten","floor":4.0},{"not_picked":["maniac:BladeShoot","maniac:ExpectedMoves"],"picked":"maniac:Traceback","floor":5.0},{"not_picked":["maniac:ShelteringEdge","maniac:PanickyParry","maniac:Confront"],"picked":"SKIP","floor":5.0},{"not_picked":["maniac:DashForward+1","maniac:Hasten"],"picked":"maniac:SecretBackups","floor":7.0},{"not_picked":["maniac:EndOfTheRoad","maniac:ListenToNone"],"picked":"maniac:Simulacrum","floor":7.0},{"not_picked":["maniac:MeleeStrike+1","maniac:BladeShoot+1","maniac:Infuriate"],"picked":"SKIP","floor":8.0},{"not_picked":["maniac:ObscuredAttack+1","maniac:AlleviatingSorcery","maniac:DashForward+1"],"picked":"SKIP","floor":8.0},{"not_picked":["maniac:FoilArmor","maniac:UndyingDesire","maniac:Refine"],"picked":"SKIP","floor":11.0},{"not_picked":["maniac:Confront+1","maniac:HammerStrike+1","maniac:ShelteringEdge"],"picked":"SKIP","floor":11.0},{"not_picked":["maniac:Confront+1","maniac:Feint+1","maniac:SpectralKnives+1"],"picked":"SKIP","floor":12.0},{"not_picked":["maniac:Intimidate","maniac:SecretBackups","maniac:FindAShortcut"],"picked":"SKIP","floor":12.0},{"not_picked":["maniac:BladeShoot+1","maniac:Intimidate","maniac:BladesInCloak"],"picked":"SKIP","floor":13.0},{"not_picked":["maniac:PanickyParry","maniac:SeeingDetails","maniac:DashForward+1"],"picked":"SKIP","floor":13.0},{"not_picked":["maniac:TimeForm","maniac:Simulacrum"],"picked":"maniac:RallyToMe","floor":16.0},{"not_picked":["maniac:MeleeStrike+1","maniac:UndyingDesire","maniac:Blastwave"],"picked":"Singing Bowl","floor":18.0},{"not_picked":["maniac:UndyingDesire","maniac:DashForward+1","maniac:SpectralKnives+1"],"picked":"Singing Bowl","floor":18.0},{"not_picked":["maniac:Intimidate","maniac:MeleeStrike+1","maniac:Confront+1"],"picked":"Singing Bowl","floor":19.0},{"not_picked":["maniac:ReconstructWounds","maniac:Confront+1","maniac:Assassinate"],"picked":"SKIP","floor":19.0},{"not_picked":["maniac:Intimidate","maniac:Feint+1","maniac:LootBarrage+1"],"picked":"Singing Bowl","floor":22.0},{"not_picked":["maniac:Hasten","maniac:FanTheHammer","maniac:Assassinate+1"],"picked":"Singing Bowl","floor":22.0},{"not_picked":["maniac:AlleviatingSorcery","maniac:SecretBackups"],"picked":"maniac:GlassScratch+1","floor":29.0},{"not_picked":["maniac:ListenToNone","maniac:Confront+1","maniac:WardAndDefend"],"picked":"Singing Bowl","floor":29.0},{"not_picked":["maniac:ObscuredAttack+1","maniac:WardAndDefend+1"],"picked":"maniac:HammerDown+1","floor":31.0},{"not_picked":["maniac:FanTheHammer","maniac:RallyToMe"],"picked":"maniac:TimeForm","floor":33.0},{"not_picked":["maniac:ListenToNone+1","maniac:ShelteringEdge+1","maniac:UndyingDesire+1"],"picked":"Singing Bowl","floor":35.0},{"not_picked":["maniac:ExpectedMoves+1","maniac:DashForward+1","maniac:SpectralKnives+1"],"picked":"Singing Bowl","floor":35.0},{"not_picked":["maniac:HammerStrike+1","maniac:BladesInCloak+1","maniac:ShelteringEdge+1"],"picked":"Singing Bowl","floor":37.0},{"not_picked":["maniac:ListenToNone","maniac:UntravelledPath+1","maniac:Simulacrum"],"picked":"Singing Bowl","floor":37.0},{"not_picked":["maniac:SeekerKnife+1","maniac:DashForward+1","maniac:MeleeStrike+1"],"picked":"Singing Bowl","floor":38.0},{"not_picked":["maniac:Refine","maniac:ArmToTheTeeth","maniac:ObscuredAttack+1"],"picked":"Singing Bowl","floor":38.0},{"not_picked":["Consecrate+1","Accuracy+1","Leg Sweep"],"picked":"Singing Bowl","floor":40.0},{"not_picked":["sneckomod:DefensiveFlair+1","SignatureMove+1","Chill"],"picked":"Singing Bowl","floor":45},{"not_picked":["Luminous:Light_Glare+1","sneckomod:UnknownClassPossessed+1","hierophant:Smite+1"],"picked":"Singing Bowl","floor":45},{"not_picked":["Guardian:PiercingHide+1","maniac:TwistedEddies"],"picked":"maniac:Retrospect","floor":46},{"not_picked":["champ:GutPunch+1","champ:BerserkersShout+1"],"picked":"Trip","floor":47},{"not_picked":["Armaments","Slimebound:SlimeSpikes","Guardian:ShieldSpikes+1"],"picked":"Singing Bowl","floor":48},{"not_picked":["Slimebound:ForwardTackle+1","sneckomod:UnknownClassHEXA_GHOST_PURPLE"],"picked":"hierophant:Alms","floor":48},{"not_picked":["champ:BringItOn+1","hexamod:Again"],"picked":"Double Energy+1","floor":54}],"player_experience":123270,"relics_obtained":[{"floor":9.0,"key":"Juzu Bracelet"},{"floor":23.0,"key":"Bag of Preparation"},{"floor":26.0,"key":"Ancient Tea Set"},{"floor":27.0,"key":"Centennial Puzzle"},{"floor":31.0,"key":"PreservedInsect"},{"floor":40.0,"key":"Shuriken"},{"floor":46,"key":"Boot"},{"floor":47,"key":"Toy Ornithopter"},{"floor":54,"key":"Sundial"}],"event_choices":[{"damage_healed":0.0,"max_hp_gain":0.0,"max_hp_loss":0.0,"gold_gain":0.0,"event_name":"Scrap Ooze","player_choice":"Success","floor":10.0,"gold_loss":0.0,"damage_taken":3.0,"relics_obtained":["InkBottle"]},{"damage_healed":0.0,"max_hp_gain":0.0,"max_hp_loss":0.0,"gold_gain":0.0,"event_name":"N\u0027loth","player_choice":"Ignored","floor":21.0,"gold_loss":0.0,"damage_taken":0.0},{"damage_healed":0.0,"max_hp_gain":0.0,"max_hp_loss":0.0,"gold_gain":90.0,"event_name":"Knowing Skull","player_choice":"CARD GOLD ","floor":28.0,"potions_obtained":[],"gold_loss":0.0,"damage_taken":18.0,"cards_obtained":["Enlightenment"]},{"cards_removed":["maniac:SecretBackups"],"damage_healed":0.0,"max_hp_gain":0.0,"max_hp_loss":0.0,"gold_gain":0.0,"event_name":"Falling","player_choice":"Removed Skill","floor":36.0,"gold_loss":0.0,"damage_taken":0.0},{"damage_healed":0,"gold_gain":0,"player_choice":"Embrace Madness","damage_taken":13,"max_hp_gain":0,"max_hp_loss":0,"event_name":"Winding Halls","floor":44,"gold_loss":0,"cards_obtained":["Madness","Madness"]}],"is_beta":false,"boss_relics":[{"not_picked":["MariMod:MariFestivalBadge","Runic Dome"],"picked":"Coffee Dripper"},{"not_picked":["Astrolabe","Pandora\u0027s Box"],"picked":"bronze:MakeshiftBattery"}],"items_purged_floors":[14,20,39,53],"is_endless":false,"potions_floor_spawned":[2,3,4,7,13,18,31,33,37,38,40,47,48,54],"ascension_level":0}}