{"host":"gg","time":1610872123,"event":{"mods":["BaseMod","Colored Map","Googly Eyes","Minty Spire (QoL Compilation)","Permanent Neow","Relic Stats","The IronCluck"],"gold_per_floor":[111,111,127,142,142,172,172,197,279,297,297,626,626,642,642,721,721,733,746,764,764,764,764,792,50,50,50,50],"floor_reached":27,"language":"ENG","playtime":1307,"items_purged":[],"score":502,"play_id":"3ae7f346-5c4e-449c-92c1-273cb2b8fdb3","local_time":"20210117002843","is_ascension_mode":true,"campfire_choices":[{"data":"Whirlwind","floor":7.0,"key":"SMITH"},{"floor":11.0,"key":"REST"},{"data":"True Grit","floor":13.0,"key":"SMITH"},{"data":"Hemokinesis","floor":15.0,"key":"SMITH"},{"data":"J.A.X.","floor":23.0,"key":"SMITH"}],"circlet_count":0,"master_deck":["AscendersBane","Strike_R","Strike_R","Strike_R","Strike_R","Strike_R","Defend_R","Defend_R","Defend_R","Defend_R","Bash+1","Whirlwind+1","Power Through","Disarm","Hemokinesis+1","True Grit+1","Sever Soul","Feel No Pain","Anger","Immolate","Inflame","Pommel Strike","Twin Strike+1","J.A.X.+1","Ghostly","Ghostly","Ghostly","Offering","Apotheosis","Sword Boomerang"],"relics":["Burning Blood","NeowsBlessing","Mango","Vajra","Bag of Marbles","Blue Candle","Old Coin","Black Star","Letter Opener","Pantograph","TungstenRod","Strange Spoon","Dream Catcher"],"acts_visited":["Exordium","TheCity"],"potions_floor_usage":[],"damage_taken":[{"damage":0.0,"enemies":"Jaw Worm","floor":1.0,"turns":1.0},{"damage":0.0,"enemies":"Cultist","floor":3.0,"turns":1.0},{"damage":0.0,"enemies":"2 Louse","floor":4.0,"turns":1.0},{"damage":51.0,"enemies":"Lagavulin","floor":6.0,"turns":9.0},{"damage":23.0,"enemies":"Gremlin Nob","floor":8.0,"turns":4.0},{"damage":3.0,"enemies":"Blue Slaver","floor":10.0,"turns":3.0},{"damage":15.0,"enemies":"3 Sentries","floor":12.0,"turns":4.0},{"damage":15.0,"enemies":"Large Slime","floor":14.0,"turns":4.0},{"damage":27.0,"enemies":"The Guardian","floor":16.0,"turns":15.0},{"damage":9.0,"enemies":"Chosen","floor":18.0,"turns":3.0},{"damage":40.0,"enemies":"2 Thieves","floor":19.0,"turns":4.0},{"damage":31.0,"enemies":"Snake Plant","floor":20.0,"turns":7.0},{"damage":14.0,"enemies":"Book of Stabbing","floor":24.0,"turns":6.0},{"damage":17,"enemies":"Gremlin Leader","floor":27,"turns":3}],"seed_played":"-2667586090049951463","potions_obtained":[{"floor":4.0,"key":"Energy Potion"},{"floor":6.0,"key":"Regen Potion"},{"floor":10.0,"key":"ElixirPotion"},{"floor":12.0,"key":"Weak Potion"},{"floor":19.0,"key":"BloodPotion"},{"floor":20.0,"key":"ColorlessPotion"}],"is_trial":false,"path_per_floor":["M","?","M","M","?","E","R","E","T","M","R","E","R","M","R","B",null,"M","M","M","?","?","R","E","$","T","E"],"character_chosen":"IRONCLAD","items_purchased":["Apotheosis","TungstenRod","Strange Spoon","Sword Boomerang"],"campfire_rested":1,"item_purchase_floors":[25,25,25,25],"current_hp_per_floor":[74,74,75,75,78,33,33,21,21,24,50,41,41,32,32,11,70,67,33,25,25,25,25,17,17,17,0,0],"gold":50,"neow_bonus":"THREE_ENEMY_KILL","is_daily":false,"chose_seed":false,"campfire_upgraded":4,"win_rate":0.0,"timestamp":1610872123,"path_taken":["M","?","M","?","?","E","R","E","T","M","R","E","R","M","R","BOSS","M","M","M","?","?","R","E","?","T","E"],"items_purchased_type":["Card","Relic","Relic","Card"],"build_version":"2020-12-18","purchased_purges":0,"victory":false,"max_hp_per_floor":[75,75,75,75,89,89,89,89,89,89,89,89,89,89,89,89,89,89,89,89,89,44,44,44,44,44,44,44],"relic_stats":{"Strange Spoon":[1],"Dream Catcher":0,"counters":[14,65],"Blue Candle":[0],"Pantograph":0,"Black Star":1,"Letter Opener":[15],"obtain_stats":[{"NeowsBlessing":0,"Blue Candle":9,"Vajra":6,"Mango":5,"Letter Opener":24,"Burning Blood":0,"Old Coin":12,"Strange Spoon":25,"Dream Catcher":26,"Pantograph":24,"Bag of Marbles":8,"Black Star":17,"TungstenRod":25},{"NeowsBlessing":0,"Blue Candle":5,"Vajra":4,"Mango":3,"Letter Opener":13,"Burning Blood":0,"Old Coin":7,"Strange Spoon":13,"Dream Catcher":13,"Pantograph":13,"Bag of Marbles":5,"Black Star":9,"TungstenRod":13},{"NeowsBlessing":0,"Blue Candle":16,"Vajra":12,"Mango":3,"Letter Opener":62,"Burning Blood":0,"Old Coin":23,"Strange Spoon":62,"Dream Catcher":62,"Pantograph":62,"Bag of Marbles":16,"Black Star":42,"TungstenRod":62}],"Burning Blood":67,"TungstenRod":4},"card_choices":[{"not_picked":["Perfected Strike","Second Wind"],"picked":"Whirlwind","floor":1.0},{"not_picked":["Havoc","Pummel"],"picked":"Power Through","floor":3.0},{"not_picked":["Anger","Warcry"],"picked":"Disarm","floor":4.0},{"not_picked":["Burning Pact","Double Tap"],"picked":"Hemokinesis","floor":6.0},{"not_picked":["Body Slam","Sentinel"],"picked":"True Grit","floor":8.0},{"not_picked":["Headbutt","Dropkick"],"picked":"Sever Soul","floor":10.0},{"not_picked":["Heavy Blade","Exhume"],"picked":"Feel No Pain","floor":12.0},{"not_picked":["Thunderclap","Dropkick"],"picked":"Anger","floor":14.0},{"not_picked":["Berserk","Offering"],"picked":"Immolate","floor":16.0},{"not_picked":["Sword Boomerang","Wild Strike"],"picked":"Inflame","floor":18.0},{"not_picked":["Headbutt","Cleave"],"picked":"Pommel Strike","floor":19.0},{"not_picked":["Armaments","Clothesline"],"picked":"Twin Strike+1","floor":20.0},{"not_picked":["Evolve","Anger+1"],"picked":"Offering","floor":24.0}],"player_experience":1227439,"relics_obtained":[{"floor":6.0,"key":"Vajra"},{"floor":8.0,"key":"Bag of Marbles"},{"floor":9.0,"key":"Blue Candle"},{"floor":12.0,"key":"Old Coin"},{"floor":24.0,"key":"Letter Opener"},{"floor":24.0,"key":"Pantograph"},{"floor":26.0,"key":"Dream Catcher"}],"event_choices":[{"damage_healed":0.0,"max_hp_gain":0.0,"max_hp_loss":0.0,"gold_gain":0.0,"event_name":"Upgrade Shrine","player_choice":"Upgraded","floor":2.0,"gold_loss":0.0,"damage_taken":0.0,"cards_upgraded":["Bash"]},{"damage_healed":0.0,"max_hp_gain":0.0,"max_hp_loss":0.0,"gold_gain":0.0,"event_name":"Scrap Ooze","player_choice":"Success","floor":5.0,"gold_loss":0.0,"damage_taken":11.0,"relics_obtained":["Mango"]},{"damage_healed":0.0,"max_hp_gain":0.0,"max_hp_loss":0.0,"gold_gain":0.0,"event_name":"Drug Dealer","player_choice":"Obtain J.A.X.","floor":21.0,"gold_loss":0.0,"damage_taken":0.0,"cards_obtained":["J.A.X."]},{"damage_healed":0.0,"max_hp_gain":0.0,"max_hp_loss":45.0,"gold_gain":0.0,"event_name":"Ghosts","player_choice":"Became a Ghost","floor":22.0,"gold_loss":0.0,"damage_taken":0.0,"cards_obtained":["Ghostly","Ghostly","Ghostly"]}],"is_beta":true,"boss_relics":[{"not_picked":["Tiny House","Coffee Dripper"],"picked":"Black Star"}],"items_purged_floors":[],"is_endless":false,"potions_floor_spawned":[4,6,10,12,19,20],"killed_by":"Gremlin Leader","ascension_level":20}}