{"host":"z7p9vpu3tdvnhwui","time":1610915984,"event":{"mods":["2.2 Compatiblity","Act Like it!","BaseMod","Better Third Choice","Colored Powertips","DeckTracker","Defuse TimeMaze Blight","Friendly Minions","Hermit","Hubris","Infinite Spire","Marisa????????","Minty Spire (QoL Compilation)","Quick Restart","Rare Cards Sparkle","Replay The Spire","Shop Mod","Somnambulant","Spicy Shops","StSLib","The Cursed","The Forsaken","The Necromancer","The Servant 0.9.4","TheSwordswoman"],"gold_per_floor":[115,115,127,141,141,168,168,185,185,43,81,102,116,134,134,236,236,248,173,192,467,481,481,481,527,527,562,562,562,583,611,611,715,715,735,735,755,30,30,71,96,116,116,116,140,146,146],"floor_reached":46,"language":"ENG","playtime":4865,"items_purged":[],"score":529,"play_id":"32386d59-a62d-41fa-a5cf-eebc2c8a51db","local_time":"20210117203944","is_ascension_mode":false,"campfire_choices":[{"floor":7.0,"key":"REST"},{"floor":15.0,"key":"REST"},{"floor":23.0,"key":"REST"},{"floor":29.0,"key":"REST"},{"floor":32.0,"key":"REST"}],"circlet_count":0,"master_deck":["somnambulantmod: SomnambulantStrike","somnambulantmod: SomnambulantStrike","somnambulantmod: SomnambulantStrike","somnambulantmod: SomnambulantStrike","somnambulantmod: Defend_Somnambulant+1","somnambulantmod: Defend_Somnambulant","somnambulantmod: Defend_Somnambulant","somnambulantmod: Defend_Somnambulant+1","somnambulantmod: QuickNap","somnambulantmod: PrimingPunch","somnambulantmod: HeavyLids","somnambulantmod: HorrificThought","somnambulantmod: HeadSmack","hubris:Fate","somnambulantmod: TrepanningBlow","somnambulantmod: Pinch","somnambulantmod: Stumble","somnambulantmod: Refracture+1","somnambulantmod: Reject+1","somnambulantmod: Remember+1","somnambulantmod: SnuggleUp","somnambulantmod: Mindlessness+1","somnambulantmod: DreamBig+1","somnambulantmod: Bloom+1","somnambulantmod: LightSleeper","somnambulantmod: Harden","somnambulantmod: Damping+1","ReplayTheSpireMod:Doomed","somnambulantmod: LayeredDefense+1","somnambulantmod: Cower+1","somnambulantmod: Reinterpret+1","CurseOfTheBell","somnambulantmod: Blink","somnambulantmod: Nosebleed+1","Mind Blast+1","somnambulantmod: TrepanningBlow+1","somnambulantmod: Refracture","somnambulantmod: MindWave+1"],"relics":["somnambulantmod: DreamJournal","Bronze Scales","Pen Nib","infinitespire:Midas Blood","Molten Egg 2","hubris:VirtuousBlindfold","Tiny Chest","ReplayTheSpireMod:Ninjato","hubris:TenFootPole","White Beast Statue","Calling Bell","War Paint","infinitespire:Eraser","infinitespire:CursedDice","somnambulantmod: DementingVeil","Replay:Wax Seal","Replay:Bottled Steam","Guide Book","Potion Belt","hubris:FunFungus","Ginger"],"acts_visited":["Exordium","TheCity","TheBeyond"],"potions_floor_usage":[46,46,46],"damage_taken":[{"damage":15.0,"enemies":"Cultist","floor":1.0,"turns":6.0},{"damage":2.0,"enemies":"2 Louse","floor":3.0,"turns":3.0},{"damage":0.0,"enemies":"Small Slimes","floor":4.0,"turns":4.0},{"damage":31.0,"enemies":"Gremlin Nob","floor":6.0,"turns":4.0},{"damage":9.0,"enemies":"Blue Slaver","floor":8.0,"turns":5.0},{"damage":23.0,"enemies":"3 Sentries","floor":11.0,"turns":9.0},{"damage":8.0,"enemies":"Red Slaver","floor":12.0,"turns":3.0},{"damage":5.0,"enemies":"3 Louse","floor":13.0,"turns":3.0},{"damage":0.0,"enemies":"Large Slime","floor":14.0,"turns":4.0},{"damage":14.0,"enemies":"The Guardian","floor":16.0,"turns":6.0},{"damage":12.0,"enemies":"2 Thieves","floor":18.0,"turns":1.0},{"damage":13.0,"enemies":"Spheric Guardian","floor":20.0,"turns":4.0},{"damage":8.0,"enemies":"Chosen and Byrds","floor":22.0,"turns":4.0},{"damage":26.0,"enemies":"Replay:Snechameleon","floor":25.0,"turns":6.0},{"damage":2.0,"enemies":"Book of Stabbing","floor":27.0,"turns":2.0},{"damage":33.0,"enemies":"Centurion and Healer","floor":30.0,"turns":5.0},{"damage":13.0,"enemies":"Snake Plant","floor":31.0,"turns":6.0},{"damage":39.0,"enemies":"Champ","floor":33.0,"turns":8.0},{"damage":0.0,"enemies":"3 Shapes","floor":35.0,"turns":4.0},{"damage":22.0,"enemies":"Orb Walker","floor":37.0,"turns":5.0},{"damage":37.0,"enemies":"Nightmare","floor":40.0,"turns":7.0},{"damage":24.0,"enemies":"4 Shapes","floor":41.0,"turns":5.0},{"damage":0.0,"enemies":"Transient","floor":42.0,"turns":5.0},{"damage":10.0,"enemies":"3 Darklings","floor":45.0,"turns":4.0},{"damage":33,"enemies":"Spire Growth","floor":46,"turns":4}],"seed_played":"-786436880993202462","potions_obtained":[{"floor":1.0,"key":"Weak Potion"},{"floor":6.0,"key":"PowerPotion"},{"floor":16.0,"key":"Death Potion"},{"floor":22.0,"key":"Strength Potion"},{"floor":25.0,"key":"Languid Potion"},{"floor":30.0,"key":"Dexterity Potion"},{"floor":31.0,"key":"LiquidBronze"},{"floor":33.0,"key":"Ancient Potion"},{"floor":35.0,"key":"Adrenaline Potion"},{"floor":37.0,"key":"Elixir"},{"floor":40.0,"key":"Reflective Coating"},{"floor":41.0,"key":"Strength Potion"},{"floor":42.0,"key":"FearPotion"},{"floor":45.0,"key":"DistilledChaos"}],"is_trial":false,"path_per_floor":["M","?","M","M","?","E","R","M","T","$","E","M","M","M","R","B",null,"M","?","M","?","M","R","?","E","T","E","?","R","M","M","R","B",null,"M","?","M","$","?","NM","M","M","T","T","M","M"],"character_chosen":"THE_SOMNAMBULANT","items_purchased":["somnambulantmod: Stumble","SkillPotion","Mind Blast+1","somnambulantmod: DementingVeil","Replay:Wax Seal","Replay:Bottled Steam","Guide Book","somnambulantmod: TrepanningBlow+1"],"campfire_rested":5,"item_purchase_floors":[10,10,38,38,38,38,38,38],"current_hp_per_floor":[55,55,53,53,36,5,28,34,34,34,26,18,13,13,36,22,74,62,62,49,49,41,65,65,39,39,37,37,61,28,15,40,1,80,80,80,58,58,58,21,29,29,29,29,19,0,0],"gold":146,"neow_bonus":"RANDOM_COMMON_RELIC","is_daily":false,"chose_seed":false,"campfire_upgraded":0,"win_rate":0.0,"timestamp":1610915984,"path_taken":["M","?","?","M","?","E","R","M","T","$","E","M","M","M","R","BOSS","M","?","M","?","?","R","?","E","T","E","?","R","M","M","R","BOSS","M","?","M","$","?","NM","M","M","T","?","M","M"],"items_purchased_type":["Card","Potion","Card","Relic","Relic","Relic","Relic","Card"],"build_version":"2020-12-22","purchased_purges":0,"victory":false,"max_hp_per_floor":[70,70,70,70,70,70,72,72,72,72,72,72,72,72,74,74,74,74,74,74,74,74,76,76,76,76,76,76,78,78,78,80,80,80,80,80,80,80,80,80,80,80,80,80,80,80,80],"card_choices":[{"not_picked":["somnambulantmod: LeechFears","somnambulantmod: Unmake"],"picked":"somnambulantmod: HeavyLids","floor":1.0},{"not_picked":["somnambulantmod: LeechFears","somnambulantmod: InLimbo"],"picked":"somnambulantmod: HorrificThought","floor":3.0},{"not_picked":["somnambulantmod: OpeningUp","somnambulantmod: SnuggleUp"],"picked":"somnambulantmod: HeadSmack","floor":4.0},{"not_picked":["infinitespire:TheBestDefense","infinitespire:Fortify"],"picked":"hubris:Fate","floor":5.0},{"not_picked":["somnambulantmod: SnuggleUp","somnambulantmod: RecurringDream"],"picked":"somnambulantmod: TrepanningBlow","floor":6.0},{"not_picked":["somnambulantmod: ShowerThought","somnambulantmod: ViralIdea"],"picked":"somnambulantmod: Pinch","floor":8.0},{"not_picked":["somnambulantmod: DreamBig","somnambulantmod: ImpenetrableMind"],"picked":"somnambulantmod: Refracture","floor":11.0},{"not_picked":["somnambulantmod: Unknow","somnambulantmod: MindWave+1"],"picked":"somnambulantmod: Reject","floor":12.0},{"not_picked":["somnambulantmod: SickeningSwathe","somnambulantmod: ShimmeringVeil"],"picked":"somnambulantmod: Remember+1","floor":13.0},{"not_picked":["somnambulantmod: Trauma+1","somnambulantmod: Unmake+1"],"picked":"somnambulantmod: SnuggleUp","floor":14.0},{"not_picked":["somnambulantmod: Unburden","somnambulantmod: NightHaunts+1"],"picked":"somnambulantmod: Mindlessness","floor":16.0},{"not_picked":["somnambulantmod: TrepanningBlow+1","somnambulantmod: BadIdea+1"],"picked":"somnambulantmod: DreamBig","floor":18.0},{"not_picked":["somnambulantmod: HorrificThought+1","somnambulantmod: Trauma+1"],"picked":"somnambulantmod: Bloom","floor":20.0},{"not_picked":["somnambulantmod: InLimbo","somnambulantmod: HeadSmack+1"],"picked":"somnambulantmod: LightSleeper","floor":22.0},{"not_picked":["somnambulantmod: Stumble+1","somnambulantmod: Unmake+1"],"picked":"somnambulantmod: Harden","floor":25.0},{"not_picked":["somnambulantmod: Cower","somnambulantmod: SickeningSwathe"],"picked":"somnambulantmod: Damping","floor":27.0},{"not_picked":["somnambulantmod: InLimbo+1","somnambulantmod: MuscleMemory"],"picked":"somnambulantmod: LayeredDefense+1","floor":30.0},{"not_picked":["somnambulantmod: Sleepyhead","somnambulantmod: SnuggleUp"],"picked":"somnambulantmod: Cower","floor":31.0},{"not_picked":["somnambulantmod: Withdraw","somnambulantmod: Mindlessness"],"picked":"somnambulantmod: Reinterpret","floor":33.0},{"not_picked":["somnambulantmod: Sleepyhead","somnambulantmod: Pinch+1"],"picked":"somnambulantmod: Blink","floor":35.0},{"not_picked":["somnambulantmod: Repression+1","somnambulantmod: HorrificThought"],"picked":"somnambulantmod: Nosebleed+1","floor":37.0},{"not_picked":["somnambulantmod: Cower+1","somnambulantmod: Pinch+1"],"picked":"somnambulantmod: Refracture","floor":40.0},{"not_picked":["somnambulantmod: Nosebleed+1","somnambulantmod: DarkeningMind+1","somnambulantmod: Bruise+1"],"picked":"SKIP","floor":41.0},{"not_picked":["somnambulantmod: SnuggleUp+1","somnambulantmod: Extract+1","somnambulantmod: DreamBig"],"picked":"SKIP","floor":42.0},{"not_picked":["somnambulantmod: SnuggleUp+1","somnambulantmod: UnthoughtKnown+1"],"picked":"somnambulantmod: MindWave+1","floor":45.0}],"player_experience":627438,"relics_obtained":[{"floor":6.0,"key":"Pen Nib"},{"floor":9.0,"key":"infinitespire:Midas Blood"},{"floor":11.0,"key":"Molten Egg 2"},{"floor":25.0,"key":"Tiny Chest"},{"floor":26.0,"key":"ReplayTheSpireMod:Ninjato"},{"floor":27.0,"key":"hubris:TenFootPole"},{"floor":34.0,"key":"War Paint"},{"floor":34.0,"key":"infinitespire:Eraser"},{"floor":34.0,"key":"infinitespire:CursedDice"},{"floor":40.0,"key":"Potion Belt"},{"floor":43.0,"key":"hubris:FunFungus"},{"floor":44.0,"key":"Ginger"}],"event_choices":[{"cards_removed":["somnambulantmod: SomnambulantStrike"],"damage_healed":0.0,"max_hp_gain":0.0,"max_hp_loss":0.0,"gold_gain":0.0,"event_name":"Bonfire Elementals","player_choice":"Offered Basic","floor":2.0,"gold_loss":0.0,"damage_taken":0.0},{"cards_removed":["somnambulantmod: Defend_Somnambulant"],"damage_healed":0.0,"max_hp_gain":0.0,"max_hp_loss":0.0,"gold_gain":0.0,"event_name":"Beggar","player_choice":"Gave Gold","floor":19.0,"gold_loss":75.0,"damage_taken":0.0},{"damage_healed":0.0,"max_hp_gain":0.0,"max_hp_loss":0.0,"gold_gain":275.0,"event_name":"Golden Shrine","player_choice":"Desecrate","floor":21.0,"gold_loss":0.0,"damage_taken":0.0,"cards_obtained":["Regret"]},{"cards_removed":["Regret"],"damage_healed":0.0,"max_hp_gain":0.0,"max_hp_loss":0.0,"gold_gain":0.0,"event_name":"betterThird:BetterWriting","player_choice":"Elegance","floor":24.0,"gold_loss":0.0,"damage_taken":0.0},{"damage_healed":0.0,"max_hp_gain":0.0,"max_hp_loss":0.0,"gold_gain":0.0,"event_name":"Tomb of Lord Red Mask","player_choice":"Ignored","floor":36.0,"gold_loss":0.0,"damage_taken":0.0}],"is_beta":false,"boss_relics":[{"not_picked":["Replay:Bronze Core","Runic Pyramid"],"picked":"hubris:VirtuousBlindfold"},{"not_picked":["hubris:GrandSneckoEye","Replay:Wanted Poster"],"picked":"Calling Bell"}],"items_purged_floors":[],"is_endless":true,"potions_floor_spawned":[1,6,16,22,25,30,31,33,35,37,40,41,42,45],"killed_by":"Spire Growth","ascension_level":0}}