{"host":"r10yh36zs2k9z1sa","time":1610872830,"event":{"mods":["Astrologer","BaseMod","Colored Map","Hermit","Marisa¡]Ãú«B¡@Å]²z¨F¡^","Minty Spire (QoL Compilation)","Permanent Neow","Remilia¡]Á¢¦Ì²ú?¡^","StSLib","The Animator","The Bug Knight","The Cursed","The Gatherer","The Hierophant","The Necromancer","The Runesmith","The Servant 0.9.4"],"gold_per_floor":[369,387,404,46,66,92,92,112,112,112,187,187,204,239,239,342,342,357,390,410,410,429,429,429,429,429,459,476,503,523,523,523,620,620,638,693,235,285,285,285,314,314,314,314,325,345,345,375,375,375],"floor_reached":51,"language":"ZHS","playtime":25781,"items_purged":["animator:Curse_GriefSeed"],"score":1053,"play_id":"a65a8e07-e28a-4cfb-89d7-3e2df4486f6e","local_time":"20210117164030","is_ascension_mode":false,"campfire_choices":[{"data":"Initiator","floor":12,"key":"SMITH"},{"data":"Luminosity","floor":15,"key":"SMITH"},{"data":"KidneyShot","floor":23,"key":"SMITH"},{"data":"Defy","floor":25,"key":"SMITH"},{"data":"Exchange","floor":32,"key":"SMITH"},{"data":"TheWorld","floor":40,"key":"SMITH"},{"floor":44,"key":"REST"},{"data":"RealityMarble","floor":47,"key":"SMITH"},{"data":"Read","floor":49,"key":"SMITH"}],"circlet_count":0,"master_deck":["Strike_S","Strike_S","Strike_S","Strike_S","Defend_S","Defend_S+1","Defend_S","KidneyShot+1","Exchange+1","Read+1","InstantArmor","Barrier+1","Defy+1","Luminosity+1","Initiator+1","Strike_R","InstantArmor","Rearm","Duplication+1","Potential+1","InstantArmor+1","Comet+1","TheWorld+1","Finesse","Snipe+1","Collapse+1","Collapse+1","RealityMarble+1","Alleviate+1"],"relics":["Uniform","TungstenRod","Bottled Tornado","Runesmith:Nanobots","Molten Egg 2","Black Star","Red Mask","StrikeDummy","Matryoshka","InkBottle","Du-Vu Doll","Dream Catcher","Lizard Tail","MutagenicStrength","Busted Crown","Turnip","Nunchaku","TheAbacus","Unceasing Top","Happy Flower","HollowMod:LifeEnderRelic","HollowMod:PaleOreRelic","Sundial","Akabeko","Bronze Scales"],"acts_visited":["Exordium","TheCity","TheBeyond"],"potions_floor_usage":[18,19,33,33,36,36,50],"damage_taken":[{"damage":0,"enemies":"Cultist","floor":1,"turns":5},{"damage":1,"enemies":"Jaw Worm","floor":2,"turns":8},{"damage":0,"enemies":"Small Slimes","floor":3,"turns":4},{"damage":0,"enemies":"2 Fungi Beasts","floor":5,"turns":4},{"damage":0,"enemies":"HollowMod:MossKnight","floor":6,"turns":19},{"damage":0,"enemies":"Looter","floor":8,"turns":2},{"damage":0,"enemies":"Blue Slaver","floor":13,"turns":3},{"damage":0,"enemies":"3 Sentries","floor":14,"turns":6},{"damage":0,"enemies":"The Guardian","floor":16,"turns":16},{"damage":0,"enemies":"Chosen","floor":18,"turns":7},{"damage":15,"enemies":"Masked Bandits","floor":19,"turns":6},{"damage":0,"enemies":"3 Byrds","floor":20,"turns":7},{"damage":5,"enemies":"Cultist and Chosen","floor":22,"turns":10},{"damage":0,"enemies":"Book of Stabbing","floor":27,"turns":6},{"damage":0,"enemies":"Shelled Parasite and Fungi","floor":28,"turns":7},{"damage":0,"enemies":"HollowMod:Nosk","floor":29,"turns":9},{"damage":0,"enemies":"Centurion and Healer","floor":30,"turns":3},{"damage":4,"enemies":"Collector","floor":33,"turns":16},{"damage":0,"enemies":"Orb Walker","floor":35,"turns":2},{"damage":26,"enemies":"2 Orb Walkers","floor":36,"turns":7},{"damage":0,"enemies":"Mind Bloom Boss Battle","floor":38,"turns":4},{"damage":0,"enemies":"Giant Head","floor":41,"turns":10},{"damage":0,"enemies":"3 Shapes","floor":45,"turns":2},{"damage":0,"enemies":"Writhing Mass","floor":46,"turns":4},{"damage":0,"enemies":"Reptomancer","floor":48,"turns":3},{"damage":0,"enemies":"Time Eater","floor":50,"turns":8}],"seed_played":"7289321920384230383","potions_obtained":[{"floor":1,"key":"Energy Potion"},{"floor":5,"key":"Ancient Potion"},{"floor":8,"key":"PowerPotion"},{"floor":13,"key":"SpeedPotion"},{"floor":14,"key":"EssenceOfSteel"},{"floor":19,"key":"LiquidBronze"},{"floor":22,"key":"Fire Potion"},{"floor":28,"key":"Dexterity Potion"},{"floor":33,"key":"Fire Potion"},{"floor":41,"key":"SteroidPotion"},{"floor":46,"key":"PowerPotion"},{"floor":48,"key":"Block Potion"}],"is_trial":false,"path_per_floor":["M","M","M","$","M","E","?","M","T","?","?","R","M","E","R","B",null,"M","?","M","?","M","R","T","R","T","E","M","E","M","?","R","B",null,"M","?","$","?","?","R","E","?","T","R","M","M","R","E","R","B",null],"character_chosen":"THE_SERVANT","items_purchased":["TungstenRod","Defy","Finesse","Nunchaku","TheAbacus"],"campfire_rested":1,"item_purchase_floors":[4,4,37,37,37],"current_hp_per_floor":[65,64,64,64,64,64,64,64,64,52,42,42,42,42,42,42,65,65,50,50,50,45,45,45,45,45,45,45,45,45,45,45,41,65,65,39,39,39,39,39,39,39,39,58,58,58,58,58,58,58],"gold":375,"neow_bonus":"TWO_FIFTY_GOLD","is_daily":false,"chose_seed":false,"campfire_upgraded":8,"win_rate":0.0,"timestamp":1610872830,"path_taken":["M","?","M","$","M","E","?","?","T","?","?","R","M","E","R","BOSS","M","?","M","?","M","R","?","R","T","E","M","E","M","?","R","BOSS","M","?","$","?","?","R","E","?","T","R","?","M","R","E","R","BOSS"],"items_purchased_type":["Relic","Card","Card","Relic","Relic"],"build_version":"2020-12-22","purchased_purges":1,"victory":true,"max_hp_per_floor":[65,65,65,65,65,65,65,65,65,65,65,65,65,65,65,65,65,65,65,65,65,65,65,65,65,65,65,65,65,65,65,65,65,65,65,65,65,65,65,65,65,65,65,65,65,65,65,65,65,65],"card_choices":[{"not_picked":["DualDimension","DoubleEdge"],"picked":"Read","floor":1},{"not_picked":["FastForward","BottledTime"],"picked":"InstantArmor","floor":2},{"not_picked":["Starlight","BottledTime"],"picked":"Barrier","floor":3},{"not_picked":["DoubleEdge","FastForward"],"picked":"Luminosity","floor":5},{"not_picked":["DoubleEdge","SpecialFormula"],"picked":"Initiator","floor":6},{"not_picked":["Replace","GearUp"],"picked":"InstantArmor","floor":8},{"not_picked":["Alleviate","Revamp"],"picked":"Rearm","floor":13},{"not_picked":["Replace","FastForward","Defy"],"picked":"SKIP","floor":14},{"not_picked":["MurderousAura","FloweringNight"],"picked":"Duplication","floor":16},{"not_picked":["Spin+1","FastForward","Advance+1"],"picked":"SKIP","floor":18},{"not_picked":["SilverBlades","Revamp"],"picked":"Potential+1","floor":19},{"not_picked":["Misdirection","InstantArmor","Replace"],"picked":"SKIP","floor":20},{"not_picked":["Revamp","Dilation"],"picked":"InstantArmor+1","floor":22},{"not_picked":["Replace","Defy","Ricochet+1"],"picked":"SKIP","floor":27},{"not_picked":["Barrier","StarChef","Spin+1"],"picked":"SKIP","floor":28},{"not_picked":["Rearm","Duplication"],"picked":"Comet+1","floor":29},{"not_picked":["Read","Replace","ShatteredReality+1"],"picked":"SKIP","floor":30},{"not_picked":["LightFlow+1","Initiator+1"],"picked":"TheWorld","floor":33},{"not_picked":["Read"],"picked":"SKIP","floor":35},{"not_picked":[],"picked":"Snipe+1","floor":38},{"not_picked":[],"picked":"Collapse+1","floor":41},{"not_picked":[],"picked":"Collapse+1","floor":45},{"not_picked":[],"picked":"RealityMarble","floor":46},{"not_picked":[],"picked":"Alleviate+1","floor":48}],"player_experience":194518,"relics_obtained":[{"floor":6,"key":"Bottled Tornado"},{"floor":9,"key":"Runesmith:Nanobots"},{"floor":14,"key":"Molten Egg 2"},{"floor":19,"key":"Red Mask"},{"floor":24,"key":"StrikeDummy"},{"floor":26,"key":"Matryoshka"},{"floor":27,"key":"InkBottle"},{"floor":27,"key":"Du-Vu Doll"},{"floor":29,"key":"Dream Catcher"},{"floor":29,"key":"Lizard Tail"},{"floor":36,"key":"Turnip"},{"floor":38,"key":"Unceasing Top"},{"floor":41,"key":"Happy Flower"},{"floor":41,"key":"HollowMod:LifeEnderRelic"},{"floor":43,"key":"HollowMod:PaleOreRelic"},{"floor":43,"key":"Sundial"},{"floor":48,"key":"Akabeko"},{"floor":48,"key":"Bronze Scales"}],"event_choices":[{"cards_removed":["Defend_S"],"damage_healed":0,"gold_gain":0,"player_choice":"Took Card","damage_taken":0,"max_hp_gain":0,"max_hp_loss":0,"event_name":"NoteForYourself","floor":7,"gold_loss":0,"cards_obtained":["Strike_R"]},{"damage_healed":0,"gold_gain":0,"player_choice":"Entered Light","damage_taken":13,"max_hp_gain":0,"max_hp_loss":0,"event_name":"Shining Light","floor":10,"gold_loss":0,"cards_upgraded":["Defend_S","Barrier"]},{"damage_healed":0,"gold_gain":75,"player_choice":"Gather Gold","damage_taken":11,"max_hp_gain":0,"max_hp_loss":0,"event_name":"World of Goop","floor":11,"gold_loss":0},{"damage_healed":0,"gold_gain":0,"player_choice":"Fought Bandits","damage_taken":0,"max_hp_gain":0,"max_hp_loss":0,"event_name":"Masked Bandits","floor":19,"gold_loss":0},{"damage_healed":0,"gold_gain":0,"player_choice":"Ignored","damage_taken":0,"max_hp_gain":0,"max_hp_loss":0,"event_name":"Cursed Tome","floor":21,"gold_loss":0},{"damage_healed":0,"gold_gain":0,"player_choice":"Inject Mutagens","damage_taken":0,"relics_obtained":["MutagenicStrength"],"max_hp_gain":0,"max_hp_loss":0,"event_name":"Drug Dealer","floor":31,"gold_loss":0},{"damage_healed":0,"gold_gain":0,"player_choice":"Fight","damage_taken":0,"max_hp_gain":0,"max_hp_loss":0,"event_name":"Mysterious Sphere","floor":36,"gold_loss":0},{"damage_healed":0,"gold_gain":0,"player_choice":"Fight","damage_taken":0,"max_hp_gain":0,"max_hp_loss":0,"event_name":"MindBloom","floor":38,"gold_loss":0},{"damage_healed":0,"gold_gain":0,"player_choice":"Memory 1","damage_taken":0,"max_hp_gain":0,"max_hp_loss":0,"event_name":"SensoryStone","floor":39,"gold_loss":0},{"damage_healed":0,"gold_gain":0,"player_choice":"Upgraded","damage_taken":0,"max_hp_gain":0,"max_hp_loss":0,"event_name":"Upgrade Shrine","floor":42,"gold_loss":0,"cards_upgraded":["Duplication"]}],"is_beta":false,"boss_relics":[{"not_picked":["Sozu","Pandora\u0027s Box"],"picked":"Black Star"},{"not_picked":["Empty Cage","StoneMask"],"picked":"Busted Crown"}],"items_purged_floors":[37],"is_endless":false,"potions_floor_spawned":[1,5,8,13,14,19,22,28,29,33,41,46,48],"ascension_level":0}}