{"host":"elm3edcks2gm0y45","time":1610843232,"event":{"mods":["AchievementEnabler","BaseMod","BetterRewards","Card Forge","Colored Map","Custom Start","GungeonMod","Hero for Fun","Infinite Spire","Marisa£¨Ùöéë¡¡Øª×âÞÞ£©","Minty Spire (QoL Compilation)","Quick Restart","StSLib","Td1madao Mod","The Cursed","The Exalted","The Hierophant","The Marked","The Runesmith"],"gold_per_floor":[109,284,296,78,78,113,113,138,163,177,188,204,236,248,248,351,351,371,321,321,340,359,388,388,388,413,111,122,122,122,133,133,231,231,247,261,261,261,261,261,288,299,374,401,401,447,447,466,466,466],"floor_reached":51,"language":"KOR","playtime":1730,"items_purged":["Doubt"],"score":1093,"play_id":"36967ffc-a34c-4944-ae34-34771f629528","local_time":"20210117092712","is_ascension_mode":true,"campfire_choices":[{"data":"CrushJoints","floor":7,"key":"SMITH"},{"data":"BattleHymn","floor":15,"key":"SMITH"},{"data":"infinitespire:Starlight","floor":30,"key":"SMITH"},{"data":"Defend_P","floor":32,"key":"SMITH"},{"data":"Deep Breath","floor":40,"key":"SMITH"},{"data":"Scrawl","floor":47,"key":"SMITH"},{"data":"Panacea","floor":49,"key":"SMITH"}],"circlet_count":0,"master_deck":["Defend_P+1","Defend_P+1","CutThroughFate+1","TalkToTheHand+1","CrushJoints+1","Consecrate+1","BattleHymn+1","Wireheading","ReachHeaven+1","Vigilance+1","Eruption+1","EmptyFist+1","BowlingBash+1","Brilliance+1","PathToVictory","infinitespire:Gouge+1","infinitespire:Starlight+1","Vault+1","Nirvana+1","FollowUp+1","Necronomicurse","Wallop+1","Scrawl+1","ThirdEye+1","Deep Breath+1","Panacea+1","Chrysalis","FearNoEvil+1","Pray+1","ForeignInfluence+1"],"relics":["PureWater","Hammer of Thor","Seething Fire","Anvil of the Gods","NeowsBlessing","Damaru","Anchor","Molten Egg 2","Bromod:ArcaneConsequence","Bromod:ArcaneAvenger","Coffee Dripper","GoldenEye","Runesmith:AutoHammer","Nunchaku","TeardropLocket","Necronomicon","Philosopher\u0027s Stone","Potion Belt","Blue Candle","infinitespire:ShieldingShard","Dream Catcher","Dead Branch"],"acts_visited":["Exordium","TheCity","TheBeyond"],"potions_floor_usage":[16,16,50],"damage_taken":[{"damage":0,"enemies":"Jaw Worm","floor":1,"turns":1},{"damage":0,"enemies":"Cultist","floor":3,"turns":1},{"damage":0,"enemies":"Lagavulin","floor":6,"turns":1},{"damage":16,"enemies":"Gremlin Nob","floor":8,"turns":4},{"damage":0,"enemies":"2 Louse","floor":10,"turns":2},{"damage":0,"enemies":"Large Slime","floor":11,"turns":3},{"damage":0,"enemies":"Lots of Slimes","floor":12,"turns":3},{"damage":0,"enemies":"Lagavulin","floor":13,"turns":3},{"damage":0,"enemies":"2 Fungi Beasts","floor":14,"turns":3},{"damage":0,"enemies":"Slime Boss","floor":16,"turns":4},{"damage":0,"enemies":"Chosen","floor":18,"turns":2},{"damage":0,"enemies":"Spheric Guardian","floor":21,"turns":2},{"damage":11,"enemies":"3 Cultists","floor":22,"turns":3},{"damage":9,"enemies":"Nightmare","floor":23,"turns":5},{"damage":0,"enemies":"Snecko","floor":28,"turns":3},{"damage":5,"enemies":"Snake Plant","floor":31,"turns":2},{"damage":5,"enemies":"Automaton","floor":33,"turns":5},{"damage":18,"enemies":"3 Shapes","floor":35,"turns":3},{"damage":0,"enemies":"Orb Walker","floor":36,"turns":3},{"damage":18,"enemies":"Nemesis","floor":41,"turns":4},{"damage":0,"enemies":"Writhing Mass","floor":42,"turns":4},{"damage":0,"enemies":"Giant Head","floor":44,"turns":4},{"damage":16,"enemies":"2 Orb Walkers","floor":46,"turns":3},{"damage":3,"enemies":"Sphere and 2 Shapes","floor":48,"turns":3},{"damage":18,"enemies":"Donu and Deca","floor":50,"turns":6}],"seed_played":"8601843303667159454","potions_obtained":[{"floor":6,"key":"Explosive Potion"},{"floor":10,"key":"StancePotion"},{"floor":11,"key":"Energy Potion"},{"floor":21,"key":"PowerPotion"},{"floor":31,"key":"BlessingOfTheForge"}],"is_trial":false,"path_per_floor":["M","?","M","$","?","E","R","E","T","M","M","M","E","M","R","B",null,"M","?","AVR","M","M","NM","?","?","T","$","M","?","R","M","R","B",null,"M","M","$","?","?","R","E","M","T","E","?","?","R","M","R","B",null],"character_chosen":"WATCHER","items_purchased":["Damaru","TeardropLocket","FollowUp+1"],"campfire_rested":0,"item_purchase_floors":[4,27,27],"current_hp_per_floor":[72,72,72,72,72,72,72,56,56,56,56,56,56,56,56,56,72,72,72,72,72,61,62,49,49,49,49,59,43,43,53,53,63,77,59,74,74,64,64,64,59,74,74,77,77,61,61,73,73,55],"gold":466,"neow_bonus":"THREE_ENEMY_KILL","is_daily":false,"chose_seed":false,"campfire_upgraded":7,"win_rate":0.0,"timestamp":1610843232,"path_taken":["M","?","M","$","?","E","R","E","T","M","M","?","E","M","R","BOSS","M","?","AVR","M","?","NM","?","?","T","$","?","?","R","M","R","BOSS","M","M","$","?","?","R","E","?","T","E","?","?","R","M","R","BOSS"],"items_purchased_type":["Relic","Relic","Card"],"build_version":"2020-12-22","purchased_purges":1,"victory":true,"max_hp_per_floor":[72,72,72,72,72,72,72,72,72,72,72,72,72,72,72,72,72,72,72,72,72,72,72,77,77,77,77,77,77,77,77,77,77,77,77,77,77,77,77,77,77,77,77,77,77,77,77,77,77,77],"card_choices":[{"not_picked":["EmptyMind","Halt"],"picked":"CutThroughFate","floor":1},{"not_picked":["Wireheading","Evaluate"],"picked":"TalkToTheHand","floor":3},{"not_picked":["Adaptation","EmptyFist"],"picked":"CrushJoints","floor":6},{"not_picked":["Swivel","TalkToTheHand+1"],"picked":"Consecrate+1","floor":8},{"not_picked":["Crescendo","WheelKick+1"],"picked":"BattleHymn","floor":10},{"not_picked":["WheelKick+1","CrushJoints+1"],"picked":"Wireheading","floor":11},{"not_picked":["Adaptation","ThirdEye"],"picked":"ReachHeaven+1","floor":12},{"not_picked":["CrushJoints+1","JustLucky+1"],"picked":"EmptyFist+1","floor":13},{"not_picked":["SashWhip+1","ReachHeaven+1"],"picked":"BowlingBash+1","floor":14},{"not_picked":["Vault","Blasphemy"],"picked":"Brilliance+1","floor":16},{"not_picked":["ThirdEye","FlyingSleeves+1"],"picked":"PathToVictory","floor":18},{"not_picked":["FlurryOfBlows+1","Wireheading"],"picked":"Vault","floor":21},{"not_picked":["WindmillStrike+1","Prostrate"],"picked":"Nirvana+1","floor":22},{"not_picked":["Halt","Crescendo"],"picked":"PathToVictory","floor":23},{"not_picked":["DevaForm","FollowUp+1","WheelKick+1"],"picked":"SKIP","floor":28},{"not_picked":["Protect+1","PathToVictory+1"],"picked":"Wallop+1","floor":31},{"not_picked":["SpiritShield","Blasphemy"],"picked":"Scrawl","floor":33},{"not_picked":["CrushJoints+1","Halt","Consecrate+1"],"picked":"SKIP","floor":35},{"not_picked":["FearNoEvil+1","Crescendo+1"],"picked":"ThirdEye+1","floor":36},{"not_picked":["DemoMod:Spice","Jack Of All Trades"],"picked":"Deep Breath","floor":38},{"not_picked":["Flash of Steel+1","Purity"],"picked":"Panacea","floor":38},{"not_picked":["Purity","DemoMod:Spice"],"picked":"Chrysalis","floor":38},{"not_picked":["BattleHymn","EmptyBody+1"],"picked":"FearNoEvil+1","floor":41},{"not_picked":["Protect","WindmillStrike+1","Evaluate"],"picked":"SKIP","floor":42},{"not_picked":["FollowUp+1","Study"],"picked":"Pray+1","floor":44},{"not_picked":["CrushJoints+1","BattleHymn"],"picked":"ForeignInfluence+1","floor":46},{"not_picked":["WheelKick+1","SashWhip+1","Crescendo"],"picked":"SKIP","floor":48}],"player_experience":398806,"relics_obtained":[{"floor":6,"key":"Anchor"},{"floor":8,"key":"Molten Egg 2"},{"floor":9,"key":"Bromod:ArcaneConsequence"},{"floor":13,"key":"Bromod:ArcaneAvenger"},{"floor":23,"key":"Runesmith:AutoHammer"},{"floor":26,"key":"Nunchaku"},{"floor":29,"key":"Necronomicon"},{"floor":41,"key":"Blue Candle"},{"floor":43,"key":"infinitespire:ShieldingShard"},{"floor":44,"key":"Dream Catcher"},{"floor":46,"key":"Dead Branch"}],"event_choices":[{"damage_healed":0,"gold_gain":175,"player_choice":"AGREE","damage_taken":0,"max_hp_gain":0,"max_hp_loss":0,"event_name":"Liars Game","floor":2,"gold_loss":0,"cards_obtained":["Doubt"]},{"damage_healed":0,"gold_gain":0,"player_choice":"Forge","damage_taken":0,"max_hp_gain":0,"max_hp_loss":0,"event_name":"Accursed Blacksmith","floor":5,"gold_loss":0,"cards_upgraded":["TalkToTheHand"]},{"damage_healed":0,"gold_gain":0,"player_choice":"Bet on Murderer","damage_taken":0,"max_hp_gain":0,"max_hp_loss":0,"event_name":"The Joust","floor":19,"gold_loss":50},{"damage_healed":0,"gold_gain":0,"player_choice":"Shed Blood","damage_taken":18,"max_hp_gain":5,"max_hp_loss":0,"event_name":"Forgotten Altar","floor":24,"gold_loss":0},{"damage_healed":0,"gold_gain":0,"player_choice":"Upgraded","damage_taken":0,"max_hp_gain":0,"max_hp_loss":0,"event_name":"Upgrade Shrine","floor":25,"gold_loss":0,"cards_upgraded":["Vault"]},{"damage_healed":0,"gold_gain":0,"player_choice":"Obtained Book","damage_taken":16,"max_hp_gain":0,"max_hp_loss":0,"event_name":"Cursed Tome","floor":29,"gold_loss":0},{"damage_healed":0,"gold_gain":0,"player_choice":"Memory 3","damage_taken":10,"max_hp_gain":0,"max_hp_loss":0,"event_name":"SensoryStone","floor":38,"gold_loss":0},{"damage_healed":0,"gold_gain":0,"player_choice":"Gave Potion","damage_taken":0,"relics_obtained":["Potion Belt"],"max_hp_gain":0,"max_hp_loss":0,"event_name":"WeMeetAgain","floor":39,"gold_loss":0},{"damage_healed":0,"gold_gain":0,"player_choice":"Ignored","damage_taken":0,"max_hp_gain":0,"max_hp_loss":0,"event_name":"Tomb of Lord Red Mask","floor":45,"gold_loss":0},{"damage_healed":0,"gold_gain":0,"player_choice":"Fight","damage_taken":0,"max_hp_gain":0,"max_hp_loss":0,"event_name":"Mysterious Sphere","floor":46,"gold_loss":0}],"is_beta":false,"boss_relics":[{"not_picked":["Bromod:ArcaneGrace","Calling Bell"],"picked":"Coffee Dripper"},{"not_picked":["Bromod:ArcaneBarrier","infinitespire:Cupcake"],"picked":"Philosopher\u0027s Stone"}],"items_purged_floors":[4],"is_endless":false,"potions_floor_spawned":[6,10,11,12,13,14,21,31,33,35,36],"ascension_level":3}}