{"host":"9h1qbmp5h1ch7u4r","time":1610908578,"event":{"mods":["BaseMod","Lobotomy","Minty Spire (QoL Compilation)","StSLib"],"gold_per_floor":[116,191,202,218,64,64,91,152,152,152,163,180,192,221,221,221,221],"floor_reached":16,"language":"ENG","playtime":1068,"items_purged":[],"score":112,"play_id":"4341a5d8-1ded-488a-9279-e84b971408cf","local_time":"20210117133618","is_ascension_mode":false,"campfire_choices":[{"data":"Disarm","floor":6,"key":"SMITH"},{"data":"Disarm","floor":10,"key":"SMITH"},{"floor":15,"key":"REST"}],"circlet_count":0,"master_deck":["Strike_R","Strike_R","Strike_R","Strike_R","Strike_R","Defend_R","Defend_R","Defend_R","Defend_R","Bash","UniverseFragment","Disarm+1","WallGazer","Blood for Blood","CrumblingArmor","Power Through","Bloodbath","Disarm+1","OSAHOGD","Feel No Pain","OldLady","Pommel Strike","GalaxyChild","CherryBlossoms","True Grit","NakedNest"],"relics":["Burning Blood","CogitoBucket","Tiny Chest","Thread and Needle","PreservedInsect","Bird Faced Urn","SkinProphecy","StrikeDummy"],"acts_visited":["Exordium"],"potions_floor_usage":[7,14,16],"damage_taken":[{"damage":1,"enemies":"Cultist","floor":1,"turns":3},{"damage":8,"enemies":"Jaw Worm","floor":3,"turns":6},{"damage":5,"enemies":"Small Slimes","floor":4,"turns":4},{"damage":15,"enemies":"3 Sentries","floor":7,"turns":12},{"damage":14,"enemies":"Gremlin Nob","floor":8,"turns":5},{"damage":36,"enemies":"Exordium Thugs","floor":11,"turns":10},{"damage":2,"enemies":"Looter","floor":12,"turns":4},{"damage":2,"enemies":"2 Fungi Beasts","floor":13,"turns":4},{"damage":26,"enemies":"Lagavulin","floor":14,"turns":11},{"damage":41,"enemies":"Slime Boss","floor":16,"turns":6}],"seed_played":"8597314349651814807","potions_obtained":[{"floor":1,"key":"Explosive Potion"},{"floor":12,"key":"SkillPotion"},{"floor":13,"key":"Swift Potion"}],"is_trial":false,"path_per_floor":["M","?","M","M","$","R","E","?","T","R","M","M","M","E","R","B"],"character_chosen":"IRONCLAD","items_purchased":["Tiny Chest"],"campfire_rested":1,"item_purchase_floors":[5],"current_hp_per_floor":[80,72,70,71,71,71,62,54,54,54,26,27,28,9,34,0,0],"gold":221,"neow_bonus":"","is_daily":false,"chose_seed":false,"campfire_upgraded":2,"win_rate":0.0,"timestamp":1610908578,"path_taken":["M","?","?","M","$","R","E","?","T","R","M","M","M","E","R","BOSS"],"items_purchased_type":["Relic"],"build_version":"2020-12-22","purchased_purges":0,"victory":false,"max_hp_per_floor":[80,80,80,80,80,80,80,80,80,80,80,82,84,86,86,88,88],"card_choices":[{"not_picked":["Murderer","SpiderBud"],"picked":"UniverseFragment","floor":1},{"not_picked":["Wild Strike","Shockwave"],"picked":"Disarm","floor":1},{"not_picked":["VoidDream","Murderer"],"picked":"WallGazer","floor":3},{"not_picked":["Pommel Strike","Clash"],"picked":"Blood for Blood","floor":3},{"not_picked":["Funeral","FairyFestival"],"picked":"CrumblingArmor","floor":4},{"not_picked":["Dark Embrace","Thunderclap"],"picked":"Power Through","floor":4},{"not_picked":["LaLuna","LongBird"],"picked":"Bloodbath","floor":7},{"not_picked":["Burning Pact","Fire Breathing"],"picked":"Disarm","floor":7},{"not_picked":["Scorched","DespairKnight"],"picked":"OSAHOGD","floor":8},{"not_picked":["Carnage","Clothesline"],"picked":"Feel No Pain","floor":8},{"not_picked":["SpiderBud","MeatLantern"],"picked":"OldLady","floor":11},{"not_picked":["Seeing Red","Headbutt"],"picked":"Pommel Strike","floor":11},{"not_picked":["FairyFestival","MeatLantern","Laetitia"],"picked":"Singing Bowl","floor":12},{"not_picked":["SnowQueen","BeautyBeast"],"picked":"GalaxyChild","floor":12},{"not_picked":["Searing Blow","Iron Wave","Rampage"],"picked":"SKIP","floor":12},{"not_picked":["ShyLook","Murderer","FairyFestival"],"picked":"Singing Bowl","floor":13},{"not_picked":["Murderer","HappyTeddy"],"picked":"CherryBlossoms","floor":13},{"not_picked":["Anger","Wild Strike"],"picked":"True Grit","floor":13},{"not_picked":["PunishingBird","ShyLook"],"picked":"NakedNest","floor":14},{"not_picked":["Carnage","Seeing Red","Wild Strike"],"picked":"SKIP","floor":14}],"player_experience":885966,"relics_obtained":[{"floor":7,"key":"Thread and Needle"},{"floor":8,"key":"PreservedInsect"},{"floor":9,"key":"Bird Faced Urn"},{"floor":14,"key":"StrikeDummy"}],"event_choices":[{"damage_healed":0,"gold_gain":75,"player_choice":"Touch","damage_taken":8,"max_hp_gain":0,"max_hp_loss":0,"event_name":"FaceTrader","floor":2,"gold_loss":0},{"damage_healed":0,"gold_gain":0,"player_choice":"Searched \u00271\u0027 times","damage_taken":0,"max_hp_gain":0,"max_hp_loss":0,"event_name":"Dead Adventurer","floor":8,"gold_loss":0}],"is_beta":false,"boss_relics":[],"items_purged_floors":[],"is_endless":false,"potions_floor_spawned":[1,12,13],"killed_by":"Slime Boss","ascension_level":0}}