{"host":"8d3fefv2347kqkpz","time":1610860802,"event":{"mods":["100% Spire Juice","BaseMod","Better Vampires","Colored Map","Minty Spire (QoL Compilation)","Quick Restart","Replay The Spire","StSLib","The Gatherer","Waifu the Spire"],"gold_per_floor":[114,125,125,125,144,173,173,183,209,234,309,92,108,118,118,220,220,235,235,245,263,274,274,274],"floor_reached":23,"language":"ZHS","playtime":829,"items_purged":["Strike_B"],"score":205,"play_id":"984294ef-f8d1-4da4-8ad3-1c17e07ee8f2","local_time":"20210117132002","is_ascension_mode":false,"campfire_choices":[{"floor":7,"key":"REST"},{"floor":15,"key":"REST"}],"circlet_count":0,"master_deck":["Strike_B","Strike_B","Defend_B","Defend_B","Defend_B","Defend_B","Zap","Dualcast","Ball Lightning","Conserve Battery","Hello World","FIFO Queue","Static Discharge","Pot Of Greed","Pot Of Greed","Cold Snap","Flash of Steel","Melter+1","Static Discharge","Thunder Strike","Leap","BasicCrystalCard+1"],"relics":["Cracked Core","Boot","Replay:Antivirus Software","Grinning Jar","Ice Cream","Black Star"],"acts_visited":["Exordium","TheCity"],"potions_floor_usage":[10,10,10,23,23,23],"damage_taken":[{"damage":1,"enemies":"Jaw Worm","floor":1,"turns":3},{"damage":1,"enemies":"2 Louse","floor":2,"turns":3},{"damage":7,"enemies":"Small Slimes","floor":5,"turns":3},{"damage":24,"enemies":"Lagavulin","floor":6,"turns":6},{"damage":3,"enemies":"Looter","floor":8,"turns":3},{"damage":10,"enemies":"Gremlin Nob","floor":10,"turns":5},{"damage":2,"enemies":"Blue Slaver","floor":13,"turns":3},{"damage":6,"enemies":"Large Slime","floor":14,"turns":3},{"damage":22,"enemies":"Hexaghost","floor":16,"turns":8},{"damage":0,"enemies":"Spheric Guardian","floor":18,"turns":1},{"damage":9,"enemies":"3 Byrds","floor":20,"turns":3},{"damage":12,"enemies":"Sentry and Sphere","floor":21,"turns":3},{"damage":56,"enemies":"Centurion and Healer","floor":22,"turns":9},{"damage":11,"enemies":"Gremlin Leader","floor":23,"turns":2}],"seed_played":"-7475056424565453887","potions_obtained":[{"floor":5,"key":"EntropicBrew"},{"floor":6,"key":"SpeedPotion"},{"floor":8,"key":"Block Potion"},{"floor":14,"key":"BlessingOfTheForge"}],"is_trial":false,"path_per_floor":["M","M","?","?","M","E","R","M","T","E","?","$","M","M","R","B",null,"M","?","M","M","M","E"],"character_chosen":"DEFECT","items_purchased":["Flash of Steel","Melter+1"],"campfire_rested":2,"item_purchase_floors":[12,12],"current_hp_per_floor":[81,80,80,62,55,31,55,52,52,42,34,34,32,26,50,28,82,82,82,73,61,5,0,0],"gold":274,"neow_bonus":"TEN_PERCENT_HP_BONUS","is_daily":false,"chose_seed":false,"campfire_upgraded":0,"win_rate":0.0,"timestamp":1610860802,"path_taken":["M","M","?","?","M","E","R","M","T","E","?","$","M","?","R","BOSS","M","?","M","M","M","E"],"items_purchased_type":["Card","Card"],"build_version":"2020-12-22","purchased_purges":1,"victory":false,"max_hp_per_floor":[82,82,82,82,82,82,82,82,82,82,82,82,82,82,82,82,82,82,82,82,82,82,82,82],"card_choices":[{"not_picked":["BasicCrystalCard","Consume"],"picked":"Ball Lightning","floor":1},{"not_picked":["Tempest","Leap"],"picked":"Conserve Battery","floor":2},{"not_picked":["Time Bomb","Stack"],"picked":"Hello World","floor":5},{"not_picked":["Barrage","FTL"],"picked":"FIFO Queue","floor":6},{"not_picked":["Force Field","Compile Driver"],"picked":"Static Discharge","floor":8},{"not_picked":["Stack","Compile Driver"],"picked":"Cold Snap","floor":10},{"not_picked":["Loop","Redo"],"picked":"Static Discharge","floor":13},{"not_picked":["Sweeping Beam","Hologram","BasicCrystalCard"],"picked":"SKIP","floor":14},{"not_picked":["Creative AI","ReplayTheSpireMod:Fabricate Wheel"],"picked":"Thunder Strike","floor":16},{"not_picked":["ReplayTheSpireMod:Repulse","Steam","Streamline+1"],"picked":"SKIP","floor":18},{"not_picked":["Crystallizer","Beam Cell"],"picked":"Leap","floor":20},{"not_picked":["Streamline+1","Cold Snap"],"picked":"BasicCrystalCard+1","floor":21},{"not_picked":["Stack","Compile Driver+1","Hologram"],"picked":"SKIP","floor":22}],"player_experience":73124,"relics_obtained":[{"floor":6,"key":"Replay:Antivirus Software"},{"floor":9,"key":"Grinning Jar"},{"floor":10,"key":"Ice Cream"}],"event_choices":[{"damage_healed":0,"gold_gain":0,"player_choice":"Success","damage_taken":18,"relics_obtained":["Boot"],"max_hp_gain":0,"max_hp_loss":0,"event_name":"Scrap Ooze","floor":4,"gold_loss":0},{"damage_healed":0,"gold_gain":75,"player_choice":"Touch","damage_taken":8,"max_hp_gain":0,"max_hp_loss":0,"event_name":"FaceTrader","floor":11,"gold_loss":0},{"damage_healed":0,"gold_gain":0,"player_choice":"Ignored","damage_taken":0,"max_hp_gain":0,"max_hp_loss":0,"event_name":"Vampires","floor":19,"gold_loss":0}],"is_beta":false,"boss_relics":[{"not_picked":["Calling Bell","Fusion Hammer"],"picked":"Black Star"}],"items_purged_floors":[12],"is_endless":false,"potions_floor_spawned":[5,6,8,14,18,22],"killed_by":"Gremlin Leader","ascension_level":0}}