{"host":"7qgwl9qoiomx399t","time":1610850926,"event":{"mods":["AchievementEnabler","BaseMod","Better Third Choice","Colored Powertips","Ironclad Rager","Minty Spire (QoL Compilation)","Quick Restart","Replay The Spire","StSLib"],"gold_per_floor":[110,123,143,178,178,204,220,220,220,237,272,272,304,321,321,417,417,434,448,460,274,294,321,321,347,347,347,358,368,378,203,203,298,298,317,367,0,12,12,12,12,12],"floor_reached":41,"language":"ENG","playtime":3653,"items_purged":["Life Link","Perfected Strike"],"score":528,"play_id":"34d6739c-ee61-496d-a764-2056dd979fd8","local_time":"20210116183526","is_ascension_mode":true,"campfire_choices":[{"data":"Inflame","floor":8,"key":"SMITH"},{"data":"Reaper","floor":12,"key":"SMITH"},{"floor":15,"key":"DIG"},{"data":"Barricade","floor":24,"key":"SMITH"},{"floor":27,"key":"REST"},{"data":"Metallicize","floor":32,"key":"SMITH"},{"data":"Metallicize","floor":40,"key":"SMITH"}],"circlet_count":0,"master_deck":["Bash","ICR:RageStrike+1","ICR:RageStrike+1","ICR:RageStrike+1","ICR:RageStrike+1","ICR:ShieldBash","ICR:ShieldBash","ICR:ShieldBash","Run Through","Inflame+1","Run Through","Iron Wave","Bloodletting","Disarm","Reaper+1","Thunderclap","Infernal Blade","Barricade+1","Fire Breathing+1","Double Tap","Ghostly Armor","Heavy Blade","Heavy Blade","Anger","Reckless Charge","Metallicize+1","Pommel Strike+1","Power Through","Juggernaut","Metallicize+1","Juggernaut","True Grit","Infernal Blade+1","True Grit","Madness","Madness"],"relics":["Burning Blood","War Paint","Replay:Bottled Snecko","ReplayTheSpireMod:Shallot","Bottled Lightning","Bag of Marbles","Replay:Bottled Eggs","Empty Cage","Replay:Rubber Ducky","Ancient Tea Set","Snack Pack","Mark of Pain","Pocketwatch","Red Mask"],"acts_visited":["Exordium","TheCity","TheBeyond"],"potions_floor_usage":[4,10,22],"damage_taken":[{"damage":6,"enemies":"Small Slimes","floor":1,"turns":4},{"damage":6,"enemies":"Cultist","floor":2,"turns":3},{"damage":8,"enemies":"2 Louse","floor":3,"turns":3},{"damage":45,"enemies":"Lagavulin","floor":6,"turns":6},{"damage":10,"enemies":"Looter","floor":7,"turns":2},{"damage":5,"enemies":"Blue Slaver","floor":10,"turns":4},{"damage":20,"enemies":"Gremlin Nob","floor":11,"turns":4},{"damage":26,"enemies":"3 Sentries","floor":13,"turns":8},{"damage":4,"enemies":"Large Slime","floor":14,"turns":3},{"damage":48,"enemies":"The Guardian","floor":16,"turns":7},{"damage":6,"enemies":"Chosen","floor":18,"turns":3},{"damage":24,"enemies":"Spheric Guardian","floor":19,"turns":4},{"damage":26,"enemies":"Snake Plant","floor":20,"turns":4},{"damage":12,"enemies":"3 Cultists","floor":22,"turns":4},{"damage":24,"enemies":"Book of Stabbing","floor":23,"turns":5},{"damage":68,"enemies":"Gremlin Leader","floor":25,"turns":8},{"damage":14,"enemies":"Sentry and Sphere","floor":28,"turns":4},{"damage":6,"enemies":"Snake Plant","floor":29,"turns":6},{"damage":19,"enemies":"Centurion and Healer","floor":30,"turns":8},{"damage":36,"enemies":"Automaton","floor":33,"turns":12},{"damage":0,"enemies":"Orb Walker","floor":35,"turns":5},{"damage":9,"enemies":"Mind Bloom Boss Battle","floor":36,"turns":8},{"damage":14,"enemies":"3 Darklings","floor":38,"turns":5},{"damage":104,"enemies":"Giant Head","floor":41,"turns":10}],"seed_played":"4611423444888081145","potions_obtained":[{"floor":4,"key":"Fruit Juice"},{"floor":7,"key":"ElixirPotion"},{"floor":10,"key":"Fruit Juice"},{"floor":13,"key":"DistilledChaos"},{"floor":14,"key":"BlessingOfTheForge"},{"floor":23,"key":"SteroidPotion"},{"floor":25,"key":"BlessingOfTheForge"},{"floor":29,"key":"Regen Potion"},{"floor":30,"key":"Dexterity Potion"},{"floor":35,"key":"BloodPotion"}],"is_trial":false,"path_per_floor":["M","M","M","?","?","E","M","R","T","M","E","R","E","M","R","B",null,"M","M","M","$","M","E","R","E","T","R","M","M","M","$","R","B",null,"M","?","?","M","?","R","E"],"character_chosen":"IRONCLAD","items_purchased":["Ghostly Armor","Heavy Blade","Metallicize"],"campfire_rested":1,"item_purchase_floors":[21,21,31],"current_hp_per_floor":[80,80,78,51,95,56,52,52,52,58,44,44,40,56,56,16,100,100,82,66,66,80,62,62,19,19,49,43,47,55,55,55,35,100,100,100,100,96,83,83,0,0],"gold":12,"neow_bonus":"IRONCLAD_RAGER","is_daily":false,"chose_seed":false,"campfire_upgraded":5,"win_rate":0.0,"timestamp":1610850926,"path_taken":["M","M","M","?","?","E","M","R","T","M","E","R","E","?","R","BOSS","M","M","M","$","M","E","R","E","T","R","M","M","M","$","R","BOSS","M","?","?","M","?","R","E"],"items_purchased_type":["Card","Card","Card"],"build_version":"2020-12-22","purchased_purges":2,"victory":false,"max_hp_per_floor":[80,80,80,85,95,95,95,95,95,100,100,100,100,100,100,100,100,100,100,100,100,100,100,100,100,100,100,100,100,100,100,100,100,100,100,100,100,100,100,100,100,100],"card_choices":[{"not_picked":["True Grit","Warcry"],"picked":"Run Through","floor":1},{"not_picked":["Clash","Sword Boomerang"],"picked":"Inflame","floor":2},{"not_picked":["ReplayTheSpireMod:Strike From Hell","Warcry"],"picked":"Run Through","floor":3},{"not_picked":["Clash","Defy Death"],"picked":"Iron Wave","floor":4},{"not_picked":["Pommel Strike","Sword Boomerang"],"picked":"Replay:Many Hands","floor":4},{"not_picked":["Pommel Strike","Iron Wave"],"picked":"Life Link","floor":6},{"not_picked":["Blood for Blood","Pommel Strike"],"picked":"Bloodletting","floor":7},{"not_picked":["Body Slam","ReplayTheSpireMod:Strike From Hell"],"picked":"Disarm","floor":10},{"not_picked":["Twin Strike","Sword Boomerang"],"picked":"Reaper","floor":11},{"not_picked":["Warcry","Body Slam"],"picked":"Thunderclap","floor":13},{"not_picked":["ReplayTheSpireMod:Corrosion Curse","Shrug It Off"],"picked":"Infernal Blade","floor":14},{"not_picked":["Feed","Hemogenesis"],"picked":"Barricade","floor":16},{"not_picked":["Battle Trance","Life Link+1"],"picked":"Perfected Strike","floor":18},{"not_picked":["Shrug It Off","Iron Wave"],"picked":"Fire Breathing+1","floor":19},{"not_picked":["Sword Boomerang","Second Wind+1"],"picked":"Double Tap","floor":20},{"not_picked":["Uppercut","Dropkick"],"picked":"Anger","floor":22},{"not_picked":["Corruption","Flex+1"],"picked":"Reckless Charge","floor":23},{"not_picked":["Wild Strike","ReplayTheSpireMod:Muscle Training"],"picked":"Metallicize","floor":25},{"not_picked":["Intimidate","Perfected Strike"],"picked":"Pommel Strike+1","floor":28},{"not_picked":["ReplayTheSpireMod:Strike From Hell+1","Run Through"],"picked":"Power Through","floor":29},{"not_picked":["Heavy Blade","Headbutt"],"picked":"Juggernaut","floor":30},{"not_picked":["Barricade","Demonic Infusion"],"picked":"Juggernaut","floor":33},{"not_picked":["Pummel+1","Replay:Undeath\u0027s Touch+1"],"picked":"True Grit","floor":35},{"not_picked":["Flex","Clash+1"],"picked":"Infernal Blade+1","floor":36},{"not_picked":["Hemokinesis","ReplayTheSpireMod:Limb From Limb+1"],"picked":"True Grit","floor":38}],"player_experience":65373,"relics_obtained":[{"floor":4,"key":"War Paint"},{"floor":6,"key":"Replay:Bottled Snecko"},{"floor":9,"key":"ReplayTheSpireMod:Shallot"},{"floor":11,"key":"Bottled Lightning"},{"floor":13,"key":"Bag of Marbles"},{"floor":15,"key":"Replay:Bottled Eggs"},{"floor":23,"key":"Replay:Rubber Ducky"},{"floor":25,"key":"Ancient Tea Set"},{"floor":26,"key":"Snack Pack"},{"floor":36,"key":"Pocketwatch"}],"event_choices":[{"cards_removed":["Replay:Many Hands"],"damage_healed":34,"gold_gain":0,"player_choice":"Offered Rare","damage_taken":0,"max_hp_gain":10,"max_hp_loss":0,"event_name":"Bonfire Elementals","floor":5,"gold_loss":0},{"damage_healed":0,"gold_gain":0,"player_choice":"Fight","damage_taken":0,"max_hp_gain":0,"max_hp_loss":0,"event_name":"MindBloom","floor":36,"gold_loss":0},{"damage_healed":0,"gold_gain":0,"player_choice":"Paid","damage_taken":0,"relics_obtained":["Red Mask"],"max_hp_gain":0,"max_hp_loss":0,"event_name":"Tomb of Lord Red Mask","floor":37,"gold_loss":367},{"damage_healed":0,"gold_gain":0,"player_choice":"Embrace Madness","damage_taken":13,"max_hp_gain":0,"max_hp_loss":0,"event_name":"Winding Halls","floor":39,"gold_loss":0,"cards_obtained":["Madness","Madness"]}],"is_beta":false,"boss_relics":[{"not_picked":["Painkiller Herb","Ectoplasm"],"picked":"Empty Cage"},{"not_picked":["SlaversCollar","Replay:Drink Me"],"picked":"Mark of Pain"}],"items_purged_floors":[21,31],"is_endless":false,"potions_floor_spawned":[7,10,13,14,23,25,29,30,35],"killed_by":"Giant Head","ascension_level":1}}