{"host":"aqym1xxr3lb31d9m","time":1610919879,"event":{"mods":["BaseMod","Block Reminder","Colored Map","Colored Powertips","DeckTracker","Highlight Path","Minty Spire (QoL Compilation)","Quick Restart","Random Character Button","StSLib","SuperFastMode","UnlockEverythingMod"],"gold_per_floor":[110,35,35,51,9,9,42,42,68,68,68,68,84,102,102,179,179,192,192,117,32,45,45,74,88,111,111,131,131,131,147,147,147,147],"floor_reached":33,"language":"JPN","playtime":920,"items_purged":[],"score":526,"play_id":"8bbb6ed3-1a97-4d49-9ac4-74140deff62b","local_time":"20210118064439","is_ascension_mode":true,"campfire_choices":[{"data":"Bash","floor":6,"key":"SMITH"},{"data":"Hemokinesis","floor":8,"key":"SMITH"},{"data":"Disarm","floor":10,"key":"SMITH"},{"floor":12,"key":"REST"},{"data":"Flame Barrier","floor":15,"key":"SMITH"},{"floor":23,"key":"REST"},{"data":"Armaments","floor":27,"key":"SMITH"},{"floor":30,"key":"REST"},{"floor":32,"key":"REST"}],"circlet_count":0,"master_deck":["AscendersBane","Strike_R","Strike_R+1","Strike_R","Strike_R","Defend_R","Defend_R","Defend_R","Defend_R","Bash+1","Pummel+1","Headbutt","Disarm+1","Hemokinesis+1","Wild Strike","Flame Barrier+1","Offering","Armaments+1","Combust","Ghostly Armor","Cleave+1","Dropkick+1","Bloodletting","Berserk","True Grit"],"relics":["Burning Blood","Lizard Tail","Darkstone Periapt","Regal Pillow","SlaversCollar","Molten Egg 2","Boot","Bag of Preparation"],"acts_visited":["Exordium","TheCity"],"potions_floor_usage":[18,24,33,33],"damage_taken":[{"damage":7,"enemies":"2 Louse","floor":1,"turns":5},{"damage":10,"enemies":"Small Slimes","floor":4,"turns":4},{"damage":32,"enemies":"Gremlin Nob","floor":7,"turns":4},{"damage":0,"enemies":"Jaw Worm","floor":13,"turns":4},{"damage":8,"enemies":"Looter","floor":14,"turns":3},{"damage":34,"enemies":"Hexaghost","floor":16,"turns":10},{"damage":24,"enemies":"2 Thieves","floor":18,"turns":5},{"damage":20,"enemies":"Spheric Guardian","floor":22,"turns":4},{"damage":25,"enemies":"Book of Stabbing","floor":24,"turns":5},{"damage":48,"enemies":"Shelled Parasite and Fungi","floor":25,"turns":7},{"damage":24,"enemies":"Snecko","floor":28,"turns":4},{"damage":8,"enemies":"Centurion and Healer","floor":31,"turns":6},{"damage":91,"enemies":"Automaton","floor":33,"turns":6}],"seed_played":"2800646252644192226","potions_obtained":[{"floor":4,"key":"SmokeBomb"},{"floor":14,"key":"Swift Potion"},{"floor":16,"key":"AttackPotion"},{"floor":24,"key":"DuplicationPotion"},{"floor":25,"key":"Weak Potion"}],"is_trial":false,"path_per_floor":["M","?","?","M","$","R","E","R","T","R","$","R","M","M","R","B",null,"M","?","$","?","M","R","E","M","T","R","M","?","R","M","R","B"],"character_chosen":"IRONCLAD","items_purchased":["Disarm","Combust"],"campfire_rested":4,"item_purchase_floors":[5,20],"current_hp_per_floor":[67,67,44,40,40,40,14,14,14,14,14,51,57,55,55,27,63,45,24,24,24,10,49,30,29,29,29,11,11,50,48,80,0,0],"gold":147,"neow_bonus":"ONE_RARE_RELIC","is_daily":false,"chose_seed":false,"campfire_upgraded":5,"win_rate":0.0,"timestamp":1610919879,"path_taken":["M","?","?","M","$","R","E","R","T","R","$","R","M","M","R","BOSS","M","?","$","?","M","R","E","M","T","R","?","?","R","M","R","BOSS"],"items_purchased_type":["Card","Card"],"build_version":"2020-12-22","purchased_purges":0,"victory":false,"max_hp_per_floor":[75,75,75,75,75,75,75,75,75,75,75,75,75,75,75,75,75,75,80,80,80,80,80,80,80,80,80,80,80,80,80,80,80,80],"card_choices":[{"not_picked":["Bloodletting","True Grit"],"picked":"Pummel","floor":1},{"not_picked":["Rage","Pommel Strike"],"picked":"Headbutt","floor":4},{"not_picked":["Warcry","Thunderclap"],"picked":"Hemokinesis","floor":7},{"not_picked":["Havoc","True Grit"],"picked":"Wild Strike","floor":13},{"not_picked":["Juggernaut","Armaments"],"picked":"Flame Barrier","floor":14},{"not_picked":["Juggernaut","Barricade"],"picked":"Offering","floor":16},{"not_picked":["Flex","Sever Soul"],"picked":"Armaments","floor":18},{"not_picked":["Cleave+1","Sword Boomerang+1"],"picked":"Ghostly Armor","floor":22},{"not_picked":["Pummel+1","Heavy Blade+1"],"picked":"Cleave+1","floor":24},{"not_picked":["Flex","Combust"],"picked":"Dropkick+1","floor":25},{"not_picked":["Perfected Strike+1","Blood for Blood+1"],"picked":"Bloodletting","floor":28},{"not_picked":["Armaments","Wild Strike+1"],"picked":"True Grit","floor":31}],"player_experience":3908155,"relics_obtained":[{"floor":7,"key":"Darkstone Periapt"},{"floor":9,"key":"Regal Pillow"},{"floor":24,"key":"Boot"},{"floor":26,"key":"Bag of Preparation"}],"event_choices":[{"cards_removed":["Normality"],"damage_healed":0,"gold_gain":0,"player_choice":"Card Removal","damage_taken":0,"max_hp_gain":0,"max_hp_loss":0,"event_name":"The Cleric","floor":2,"gold_loss":75},{"damage_healed":0,"gold_gain":0,"player_choice":"Entered Light","damage_taken":23,"max_hp_gain":0,"max_hp_loss":0,"event_name":"Shining Light","floor":3,"gold_loss":0,"cards_upgraded":["Strike_R","Pummel"]},{"damage_healed":0,"gold_gain":0,"player_choice":"Shed Blood","damage_taken":26,"max_hp_gain":5,"max_hp_loss":0,"event_name":"Forgotten Altar","floor":19,"gold_loss":0},{"damage_healed":0,"gold_gain":0,"player_choice":"Obtained Relic","damage_taken":0,"relics_obtained":["Molten Egg 2"],"max_hp_gain":0,"max_hp_loss":0,"event_name":"Addict","floor":21,"gold_loss":85},{"damage_healed":0,"gold_gain":0,"cards_transformed":["Strike_R"],"player_choice":"Transformed","damage_taken":0,"max_hp_gain":0,"max_hp_loss":0,"event_name":"Transmorgrifier","floor":29,"gold_loss":0,"cards_obtained":["Berserk"]}],"is_beta":false,"boss_relics":[{"not_picked":["Coffee Dripper","Mark of Pain"],"picked":"SlaversCollar"}],"items_purged_floors":[],"is_endless":false,"potions_floor_spawned":[4,14,16,24,25],"killed_by":"Automaton","ascension_level":20}}