{"host":"szp1d6dso4pv7ddl","time":1610864546,"event":{"mods":["AchievementEnabler","Alarm Clock","BaseMod","Bestiary","Block Reminder","Colored Map","Colored Powertips","Curses Come First","Dark Map","Displayed Cursed Tome","Highlight Path","Minty Spire (QoL Compilation)","Permanent Neow","Quick Restart","Relic Sorter","Relic Stats","StSLib","Synergy Search"],"gold_per_floor":[111,17,35,35,35,68,68,68,122,41,41,62,85,120,120,245,245,265,92,106,205,205,205,244,262,262,14,29,29,29,50,50,176,176,190,210,229,562,576,605,615,174,254,58,75,75,103,115,115,115,115,115,8,36,36,36],"floor_reached":55,"language":"ENG","playtime":4313,"items_purged":["Injury","Writhe","Doubt"],"score":1340,"play_id":"de18b41c-0284-4d57-a534-377bdb8ce439","local_time":"20210116222226","is_ascension_mode":true,"campfire_choices":[{"data":"1","floor":7.0,"key":"LIFT"},{"data":"2","floor":11.0,"key":"LIFT"},{"floor":15.0,"key":"REST"},{"data":"3","floor":23.0,"key":"LIFT"},{"data":"Scrape","floor":30.0,"key":"SMITH"},{"data":"Scrape","floor":32.0,"key":"SMITH"},{"floor":49,"key":"RECALL"},{"data":"Good Instincts","floor":52,"key":"SMITH"}],"circlet_count":0,"master_deck":["Strike_B+1","Strike_B","Strike_B+1","Defend_B","Defend_B","Defend_B","Defend_B","Zap","Dualcast","Scrape+1","Sweeping Beam","Glacier","FTL","Flash of Steel","Gash","All For One","Go for the Eyes","Good Instincts+1","Steam","Beam Cell","Reboot","Sweeping Beam","Seek","Scrape+1","Machine Learning+1","Hologram+1","Go for the Eyes+1","Gash+1","Swift Strike","Self Repair+1","Steam","Finesse","Go for the Eyes"],"relics":["Cracked Core","Shuriken","Kunai","Girya","Boot","MealTicket","Frozen Egg 2","Cursed Key","Oddly Smooth Stone","Lantern","Busted Crown","Turnip","Anchor","FossilizedHelix","Bottled Lightning"],"acts_visited":["Exordium","TheCity","TheBeyond","TheEnding"],"potions_floor_usage":[45,55,55,55],"damage_taken":[{"damage":0.0,"enemies":"Small Slimes","floor":1.0,"turns":3.0},{"damage":2.0,"enemies":"Jaw Worm","floor":3.0,"turns":3.0},{"damage":7.0,"enemies":"3 Sentries","floor":6.0,"turns":7.0},{"damage":5.0,"enemies":"2 Louse","floor":12.0,"turns":2.0},{"damage":4.0,"enemies":"Red Slaver","floor":13.0,"turns":2.0},{"damage":0.0,"enemies":"Gremlin Nob","floor":14.0,"turns":2.0},{"damage":9.0,"enemies":"Hexaghost","floor":16.0,"turns":9.0},{"damage":0.0,"enemies":"Spheric Guardian","floor":18.0,"turns":3.0},{"damage":20.0,"enemies":"2 Thieves","floor":20.0,"turns":2.0},{"damage":0.0,"enemies":"Book of Stabbing","floor":24.0,"turns":3.0},{"damage":2.0,"enemies":"Centurion and Healer","floor":25.0,"turns":6.0},{"damage":0.0,"enemies":"3 Cultists","floor":28.0,"turns":4.0},{"damage":10.0,"enemies":"Snecko","floor":31.0,"turns":3.0},{"damage":0.0,"enemies":"Champ","floor":33.0,"turns":11.0},{"damage":0.0,"enemies":"3 Shapes","floor":35.0,"turns":4.0},{"damage":8.0,"enemies":"Orb Walker","floor":36.0,"turns":2.0},{"damage":0.0,"enemies":"Transient","floor":37.0,"turns":5.0},{"damage":0.0,"enemies":"Maw","floor":39.0,"turns":5.0},{"damage":22.0,"enemies":"Nemesis","floor":40.0,"turns":7.0},{"damage":6.0,"enemies":"Sphere and 2 Shapes","floor":41.0,"turns":3.0},{"damage":8,"enemies":"Writhing Mass","floor":45,"turns":4},{"damage":0,"enemies":"Reptomancer","floor":47,"turns":3},{"damage":0,"enemies":"3 Darklings","floor":48,"turns":3},{"damage":0,"enemies":"Donu and Deca","floor":50,"turns":8},{"damage":0,"enemies":"Shield and Spear","floor":54,"turns":4},{"damage":76,"enemies":"The Heart","floor":55,"turns":6}],"seed_played":"3934597768978516040","potions_obtained":[{"floor":1.0,"key":"Strength Potion"},{"floor":13.0,"key":"AttackPotion"},{"floor":14.0,"key":"FocusPotion"},{"floor":16.0,"key":"SkillPotion"},{"floor":18.0,"key":"LiquidMemories"},{"floor":25.0,"key":"SneckoOil"},{"floor":28.0,"key":"FocusPotion"},{"floor":29.0,"key":"Fire Potion"},{"floor":31.0,"key":"AttackPotion"},{"floor":35.0,"key":"SteroidPotion"},{"floor":41.0,"key":"Regen Potion"},{"floor":45,"key":"SmokeBomb"},{"floor":54,"key":"Ancient Potion"}],"is_trial":false,"path_per_floor":["M","$","M","?","?","E","R","?","T","$","R","M","M","E","R","B",null,"M","$","M","?","?","R","E","M","T","$","M","?","R","M","R","B",null,"M","M","M","?","M","E","M","$","T","$","M","?","E","M","R","B",null,"R","$","E","B"],"character_chosen":"DEFECT","items_purchased":["Sweeping Beam","Glacier","Flash of Steel","Good Instincts","Kunai","Shuriken","Swift Strike","Self Repair+1","Steam","Finesse"],"campfire_rested":1,"item_purchase_floors":[2,2,10,19,27,42,42,44,53,53],"current_hp_per_floor":[50,50,48,33,26,19,19,19,19,34,34,29,25,25,47,38,66,66,75,55,55,55,55,55,53,53,68,68,68,68,58,58,58,71,71,63,63,63,63,41,35,50,50,65,67,67,75,75,75,75,75,75,75,75,0,0],"gold":36,"neow_bonus":"ONE_RARE_RELIC","is_daily":false,"chose_seed":false,"campfire_upgraded":3,"win_rate":0.0,"timestamp":1610864546,"path_taken":["M","$","M","?","?","E","R","?","T","$","R","M","?","E","R","BOSS","M","$","M","?","?","R","E","M","T","$","M","?","R","M","R","BOSS","M","M","M","?","M","E","M","$","T","$","M","?","E","M","R","BOSS","R","$","E","BOSS"],"items_purchased_type":["Card","Card","Card","Card","Relic","Relic","Card","Card","Card","Card"],"build_version":"2020-12-22","purchased_purges":3,"victory":false,"max_hp_per_floor":[75,75,75,75,75,75,75,75,75,75,75,75,75,75,75,75,75,75,75,75,75,75,75,75,75,75,75,75,75,75,75,75,75,75,75,75,75,75,75,75,75,75,75,75,75,75,75,75,75,75,75,75,75,75,75,75],"relic_stats":{"Busted Crown":20,"counters":[26,114],"Shuriken":[37],"MealTicket":69,"Turnip":[7],"Kunai":[92],"Boot":[34],"Cursed Key":2,"obtain_stats":[{"Girya":0,"Lantern":26,"Golden Idol":8,"Oddly Smooth Stone":24,"Frozen Egg 2":14,"Boot":6,"Cursed Key":17,"Anchor":46,"Busted Crown":34,"Shuriken":42,"MealTicket":9,"Turnip":40,"Kunai":27,"Bottled Lightning":54,"Cracked Core":0,"FossilizedHelix":47},{"Girya":0,"Lantern":11,"Golden Idol":3,"Oddly Smooth Stone":10,"Frozen Egg 2":6,"Boot":3,"Cursed Key":7,"Anchor":21,"Busted Crown":14,"Shuriken":20,"MealTicket":3,"Turnip":19,"Kunai":11,"Bottled Lightning":25,"Cracked Core":0,"FossilizedHelix":22},{"Girya":0,"Lantern":42,"Golden Idol":13,"Oddly Smooth Stone":36,"Frozen Egg 2":19,"Boot":13,"Cursed Key":28,"Anchor":90,"Busted Crown":60,"Shuriken":86,"MealTicket":13,"Turnip":83,"Kunai":42,"Bottled Lightning":108,"Cracked Core":0,"FossilizedHelix":93}]},"card_choices":[{"not_picked":["Aggregate","Darkness"],"picked":"Scrape","floor":1.0},{"not_picked":["Redo","Rebound","Hello World"],"picked":"SKIP","floor":3.0},{"not_picked":["Conserve Battery","Rebound"],"picked":"FTL","floor":6.0},{"not_picked":["Compile Driver","Creative AI"],"picked":"Gash","floor":12.0},{"not_picked":["Recycle","Ball Lightning","Streamline"],"picked":"SKIP","floor":13.0},{"not_picked":["Fusion","Auto Shields","Heatsinks+1"],"picked":"SKIP","floor":14.0},{"not_picked":["Rainbow","Reboot"],"picked":"All For One","floor":16.0},{"not_picked":["Beam Cell","Recycle"],"picked":"Go for the Eyes","floor":18.0},{"not_picked":["Streamline","Fusion"],"picked":"Steam","floor":20.0},{"not_picked":["Coolheaded+1","Loop+1"],"picked":"Reboot","floor":24.0},{"not_picked":["Turbo+1","Doom and Gloom"],"picked":"Sweeping Beam","floor":25.0},{"not_picked":["Tempest","Barrage"],"picked":"Seek","floor":28.0},{"not_picked":["Doom and Gloom","Leap+1"],"picked":"Scrape","floor":31.0},{"not_picked":["Thunder Strike","Hyperbeam"],"picked":"Machine Learning+1","floor":33.0},{"not_picked":[],"picked":"Hologram+1","floor":35.0},{"not_picked":["Defragment+1"],"picked":"SKIP","floor":36.0},{"not_picked":["Conserve Battery+1"],"picked":"SKIP","floor":37.0},{"not_picked":[],"picked":"Go for the Eyes+1","floor":39.0},{"not_picked":["Sweeping Beam+1"],"picked":"SKIP","floor":40.0},{"not_picked":[],"picked":"Gash+1","floor":41.0},{"not_picked":["Ball Lightning+1"],"picked":"SKIP","floor":45},{"not_picked":["Cold Snap+1"],"picked":"SKIP","floor":47},{"not_picked":["Streamline"],"picked":"SKIP","floor":48},{"not_picked":[],"picked":"Go for the Eyes","floor":54}],"player_experience":1197483,"relics_obtained":[{"floor":6.0,"key":"Boot"},{"floor":9.0,"key":"MealTicket"},{"floor":14.0,"key":"Frozen Egg 2"},{"floor":24.0,"key":"Oddly Smooth Stone"},{"floor":26.0,"key":"Lantern"},{"floor":40.0,"key":"Turnip"},{"floor":46,"key":"Anchor"},{"floor":47,"key":"FossilizedHelix"},{"floor":54,"key":"Bottled Lightning"}],"event_choices":[{"damage_healed":0.0,"max_hp_gain":0.0,"max_hp_loss":0.0,"gold_gain":0.0,"event_name":"Shining Light","player_choice":"Entered Light","floor":4.0,"gold_loss":0.0,"damage_taken":15.0,"cards_upgraded":["Strike_B","Strike_B"]},{"cards_removed":["Strike_B"],"damage_healed":0.0,"max_hp_gain":0.0,"max_hp_loss":0.0,"gold_gain":0.0,"event_name":"Golden Wing","player_choice":"Card Removal","floor":5.0,"gold_loss":0.0,"damage_taken":7.0},{"damage_healed":0.0,"max_hp_gain":0.0,"max_hp_loss":0.0,"gold_gain":0.0,"event_name":"Golden Idol","player_choice":"Take Wound","floor":8.0,"gold_loss":0.0,"damage_taken":0.0,"relics_obtained":["Golden Idol"],"cards_obtained":["Injury"]},{"damage_healed":0.0,"max_hp_gain":0.0,"max_hp_loss":0.0,"gold_gain":99.0,"event_name":"Nest","player_choice":"Stole From Cult","floor":21.0,"gold_loss":0.0,"damage_taken":0.0},{"damage_healed":0.0,"max_hp_gain":0.0,"max_hp_loss":0.0,"gold_gain":0.0,"event_name":"The Library","player_choice":"Read","floor":22.0,"gold_loss":0.0,"damage_taken":0.0,"cards_obtained":["Beam Cell"]},{"damage_healed":0.0,"max_hp_gain":0.0,"max_hp_loss":0.0,"gold_gain":0.0,"event_name":"Lab","player_choice":"Got Potions","floor":29.0,"gold_loss":0.0,"damage_taken":0.0},{"damage_healed":0.0,"max_hp_gain":0.0,"max_hp_loss":0.0,"gold_gain":333.0,"event_name":"The Moai Head","player_choice":"Gave Idol","floor":38.0,"relics_lost":["Golden Idol"],"gold_loss":0.0,"damage_taken":0.0},{"damage_healed":0,"gold_gain":0,"player_choice":"Relic","damage_taken":0,"max_hp_gain":0,"max_hp_loss":0,"event_name":"Wheel of Change","floor":46,"gold_loss":0}],"is_beta":false,"boss_relics":[{"not_picked":["Tiny House","SlaversCollar"],"picked":"Cursed Key"},{"not_picked":["Snecko Eye","Coffee Dripper"],"picked":"Busted Crown"}],"items_purged_floors":[19,42,44],"is_endless":false,"potions_floor_spawned":[1,13,14,16,18,25,28,31,35,39,41,45,48,54],"killed_by":"The Heart","ascension_level":9}}