{"host":"KYO","time":1610872616,"event":{"mods":["ATMod(°¢èªMod)","BaseMod","Minty Spire (QoL Compilation)","Shop Mod","StSLib","SuperFastMode","[IsaacMod]ÒÔÈö¼âËþ","¡¾ÒÅÎï¿¨ÅÆ¡¿REMEMod"],"gold_per_floor":[118,128,53,105,105,139,139,155,155,155,176,219,242,256,256,256,256],"floor_reached":16,"language":"ZHS","playtime":457,"items_purged":["Defend_P"],"score":274,"play_id":"14b64936-02b9-40e0-be09-fc354bdd76ff","local_time":"20210117163656","is_ascension_mode":true,"campfire_choices":[{"data":"Eruption","floor":7,"key":"SMITH"},{"data":"LikeWater","floor":10,"key":"SMITH"},{"floor":15,"key":"REST"}],"circlet_count":0,"master_deck":["AscendersBane","Strike_P","Strike_P","Strike_P","Strike_P","Defend_P","Defend_P","Defend_P","Eruption+1","Vigilance","BettingIsNotGood","FlurryOfBlows","Bomb","FlurryOfBlows","LikeWater+1","FearNoEvil","Prostrate"],"relics":["PureWater","HushsDoor","AT_ATBox","REME_ComplimentaryCards","TheBean","NeowsBlessing","Golden Idol","Ginger","The Courier","YumHeart"],"acts_visited":["Exordium"],"potions_floor_usage":[16],"damage_taken":[{"damage":0,"enemies":"2 Louse","floor":1,"turns":1},{"damage":0,"enemies":"Cultist","floor":2,"turns":1},{"damage":0,"enemies":"Gremlin Nob","floor":6,"turns":1},{"damage":2,"enemies":"Jaw Worm","floor":8,"turns":3},{"damage":27,"enemies":"Exordium Thugs","floor":11,"turns":3},{"damage":13,"enemies":"3 Sentries","floor":12,"turns":11},{"damage":3,"enemies":"Large Slime","floor":13,"turns":4},{"damage":20,"enemies":"Lots of Slimes","floor":14,"turns":5},{"damage":36,"enemies":"Slime Boss","floor":16,"turns":6}],"seed_played":"3840936169867874028","potions_obtained":[{"floor":1,"key":"Swift Potion"},{"floor":6,"key":"Energy Potion"},{"floor":14,"key":"Block Potion"}],"is_trial":false,"path_per_floor":["M","M","$","?","?","E","R","M","T","R","M","E","M","M","R","B"],"character_chosen":"WATCHER","items_purchased":[],"campfire_rested":1,"item_purchase_floors":[],"current_hp_per_floor":[61,61,61,46,46,46,46,49,49,49,22,34,31,11,29,0,0],"gold":256,"neow_bonus":"THREE_ENEMY_KILL","is_daily":false,"chose_seed":false,"campfire_upgraded":2,"win_rate":0.0,"timestamp":1610872616,"path_taken":["M","M","$","?","?","E","R","M","T","R","M","E","M","M","R","BOSS"],"items_purchased_type":[],"build_version":"2020-12-18","purchased_purges":1,"victory":false,"max_hp_per_floor":[68,68,68,68,62,62,62,62,62,62,62,62,62,62,62,62,62],"card_choices":[{"not_picked":[],"picked":"BettingIsNotGood","floor":0},{"not_picked":["Evaluate","Pray"],"picked":"FlurryOfBlows","floor":1},{"not_picked":["WreathOfFlame","Wireheading"],"picked":"Bomb","floor":2},{"not_picked":["ThirdEye","EmptyFist"],"picked":"FlurryOfBlows","floor":6},{"not_picked":["AT_RealColorLess","Consecrate"],"picked":"LikeWater","floor":8},{"not_picked":["BattleHymn","SashWhip","WaveOfTheHand"],"picked":"SKIP","floor":11},{"not_picked":["DeceiveReality","ThirdEye","Collect"],"picked":"SKIP","floor":12},{"not_picked":["ReachHeaven","Pray"],"picked":"FearNoEvil","floor":13},{"not_picked":["EmptyFist","Evaluate"],"picked":"Prostrate","floor":14}],"player_experience":616414,"relics_obtained":[{"floor":6,"key":"Ginger"},{"floor":9,"key":"The Courier"},{"floor":12,"key":"YumHeart"}],"event_choices":[{"damage_healed":0,"gold_gain":0,"player_choice":"Lose Max HP","damage_taken":0,"relics_obtained":["Golden Idol"],"max_hp_gain":0,"max_hp_loss":6,"event_name":"Golden Idol","floor":5,"gold_loss":0}],"is_beta":true,"boss_relics":[],"items_purged_floors":[3],"is_endless":false,"potions_floor_spawned":[1,6,11,12,14],"killed_by":"Slime Boss","ascension_level":20}}