{"host":"l4kdldlios54gl54","time":1610925112,"event":{"mods":["AchievementEnabler","BaseMod","Colored Map","Colored Powertips","Minty Spire (QoL Compilation)","Random Character Button"],"gold_per_floor":[113,129,149,166,179,205,205,205,205,0,0,11,11,11],"floor_reached":13,"language":"ENG","playtime":453,"items_purged":["Strike_R"],"score":174,"play_id":"699032a3-9ca3-4471-b5ec-4f26ea96fb6b","local_time":"20210118001152","is_ascension_mode":true,"campfire_choices":[{"data":"Cleave","floor":7,"key":"SMITH"}],"circlet_count":0,"master_deck":["AscendersBane","Strike_R","Strike_R","Strike_R","Defend_R","Defend_R","Defend_R","Defend_R","Bash","Ghostly Armor","Cleave+1","Twin Strike+1","Disarm","Demon Form","Shrug It Off"],"relics":["Burning Blood","Toy Ornithopter","Mummified Hand"],"acts_visited":["Exordium"],"potions_floor_usage":[6,6],"damage_taken":[{"damage":1,"enemies":"Cultist","floor":1,"turns":3},{"damage":0,"enemies":"Small Slimes","floor":2,"turns":4},{"damage":0,"enemies":"2 Louse","floor":3,"turns":3},{"damage":10,"enemies":"Large Slime","floor":4,"turns":5},{"damage":6,"enemies":"Lots of Slimes","floor":5,"turns":3},{"damage":30,"enemies":"Lagavulin","floor":6,"turns":6},{"damage":12,"enemies":"Exordium Wildlife","floor":12,"turns":5},{"damage":50,"enemies":"3 Sentries","floor":13,"turns":6}],"seed_played":"8364274523500198465","potions_obtained":[{"floor":1,"key":"Fire Potion"},{"floor":2,"key":"Energy Potion"}],"is_trial":false,"path_per_floor":["M","M","M","M","M","E","R","?","T","$","?","M","E"],"character_chosen":"IRONCLAD","items_purchased":["Demon Form","Shrug It Off"],"campfire_rested":0,"item_purchase_floors":[10,10],"current_hp_per_floor":[80,82,82,78,78,54,54,54,54,54,47,41,0,0],"gold":11,"neow_bonus":"TEN_PERCENT_HP_BONUS","is_daily":false,"chose_seed":false,"campfire_upgraded":1,"win_rate":0.0,"timestamp":1610925112,"path_taken":["M","M","M","M","?","E","R","?","T","$","?","M","E"],"items_purchased_type":["Card","Card"],"build_version":"2020-12-22","purchased_purges":1,"victory":false,"max_hp_per_floor":[82,82,82,82,82,82,82,82,82,82,82,82,82,82],"card_choices":[{"not_picked":["Havoc","Battle Trance"],"picked":"Ghostly Armor","floor":1},{"not_picked":["Dropkick","Thunderclap"],"picked":"Cleave","floor":2},{"not_picked":["Iron Wave","Armaments","Warcry"],"picked":"SKIP","floor":3},{"not_picked":["Seeing Red","Anger","Armaments"],"picked":"SKIP","floor":4},{"not_picked":["Thunderclap","Sword Boomerang"],"picked":"Twin Strike","floor":5},{"not_picked":["Bloodletting","Intimidate"],"picked":"Disarm","floor":6},{"not_picked":["Seeing Red","Blood for Blood","Headbutt"],"picked":"SKIP","floor":12}],"player_experience":872419,"relics_obtained":[{"floor":6,"key":"Toy Ornithopter"},{"floor":9,"key":"Mummified Hand"}],"event_choices":[{"damage_healed":0,"gold_gain":0,"player_choice":"Grow","damage_taken":0,"max_hp_gain":0,"max_hp_loss":0,"event_name":"Living Wall","floor":8,"gold_loss":0,"cards_upgraded":["Twin Strike"]},{"cards_removed":["Strike_R"],"damage_healed":0,"gold_gain":0,"player_choice":"Card Removal","damage_taken":7,"max_hp_gain":0,"max_hp_loss":0,"event_name":"Golden Wing","floor":11,"gold_loss":0}],"is_beta":false,"boss_relics":[],"items_purged_floors":[10],"is_endless":false,"potions_floor_spawned":[1,2,4],"killed_by":"3 Sentries","ascension_level":20}}