{"host":"af1kf8gfe86ugcx8","time":1610869638,"event":{"mods":["2.2 Compatiblity","BaseMod","Better Altar","Better Match","Better Sensory Stone","Better Skull","Better Vampires","BetterRewards","Card Filter","Colored Map","Conspire","Defuse TimeMaze Blight","Downfall","Energized Spire","Friendly Minions","Glutton Mod","Infinite Spire","Mad Scientist","Minty Spire (QoL Compilation)","Permanent Neow","Quick Restart","Random Character Button","SOS???????","Shop Mod","Spikes Relics","StSLib","The Construct","The Death Knight","The Disciple","The Necromancer","Transform Curses","UnlockEverythingMod"],"gold_per_floor":[99,109,124,124,137,172,249,264,264,264,264,279,289,289,303,398,398,398,398,483,483,497,497,497,497,497,497],"floor_reached":26,"language":"ENG","playtime":1101,"items_purged":[],"score":206,"play_id":"4a39fb30-0e5d-4a51-ac8d-fa456f818f54","local_time":"20210116234718","is_ascension_mode":false,"campfire_choices":[{"data":"DeathKnight:UnholyExperiment","floor":9,"key":"SMITH"},{"data":"sneckomod:DiceBoulder","floor":11,"key":"SMITH"},{"data":"sneckomod:UnknownBoss","floor":18,"key":"SMITH"},{"data":"sneckomod:DiceBoulder+1","floor":23,"key":"SMITH"},{"data":"sneckomod:DiceBoulder+2","floor":25,"key":"SMITH"}],"circlet_count":0,"master_deck":["sneckomod:Defend","sneckomod:Defend","sneckomod:Defend","sneckomod:TailWhip","sneckomod:SnekBite","sneckomod:Unknown","sneckomod:Unknown","DeathKnight:UnholyExperiment+1","sneckomod:UnknownUncommonPower+1","sneckomod:Unknown0Cost","sneckomod:DiceBoulder+3","sneckomod:Unknown0Cost","sneckomod:DiceCrush","sneckomod:Nope","sneckomod:DiceCrush","sneckomod:UnknownCommonAttack","sneckomod:UnknownBoss+1","sneckomod:CheapStock+1","sneckomod:DangerNoodle+1","sneckomod:UnknownDraw+1","sneckomod:UnknownCommonAttack"],"relics":["Chronometer","MiniBlackHole","Shuriken","infinitespire:Cubic Diamond","Astrolabe","MutagenicStrength","Letter Opener"],"acts_visited":["Exordium","TheCity"],"potions_floor_usage":[2,6,6,8,12,15,16,16,16,26],"damage_taken":[{"damage":0,"enemies":"Small Slimes","floor":2,"turns":2},{"damage":6,"enemies":"Cultist","floor":3,"turns":3},{"damage":1,"enemies":"2 Louse","floor":5,"turns":2},{"damage":14,"enemies":"Gremlin Nob","floor":6,"turns":3},{"damage":0,"enemies":"Large Slime","floor":8,"turns":3},{"damage":14,"enemies":"Blue Slaver","floor":12,"turns":3},{"damage":0,"enemies":"2 Fungi Beasts","floor":13,"turns":2},{"damage":10,"enemies":"Exordium Thugs","floor":15,"turns":3},{"damage":44,"enemies":"SI_SHIV_ARCHETYPE","floor":16,"turns":7},{"damage":47,"enemies":"3 Byrds","floor":22,"turns":6},{"damage":31,"enemies":"Book of Stabbing","floor":26,"turns":3}],"seed_played":"7460570330681073369","potions_obtained":[{"floor":2,"key":"Energy Potion"},{"floor":8,"key":"DuplicationPotion"},{"floor":15,"key":"DistilledChaos"},{"floor":19,"key":"CultistPotion"}],"is_trial":false,"path_per_floor":["R","M","M","?","M","E","T","M","R","?","R","M","M","?","M","B",null,"R","?","?","?","M","R","T","R","E"],"character_chosen":"THE_SNECKO","items_purchased":[],"campfire_rested":0,"item_purchase_floors":[],"current_hp_per_floor":[90,90,84,84,83,69,69,69,69,69,69,55,55,55,45,1,90,90,90,76,76,29,29,29,29,0,0],"gold":497,"neow_bonus":"ONE_RANDOM_RARE_CARD","is_daily":false,"chose_seed":false,"campfire_upgraded":5,"win_rate":0.0,"timestamp":1610869638,"path_taken":["R","M","M","?","M","E","T","M","R","?","R","M","?","?","M","BOSS","R","?","?","?","M","R","T","R","E"],"items_purchased_type":[],"build_version":"2020-12-22","purchased_purges":0,"victory":false,"max_hp_per_floor":[90,90,90,90,90,90,90,90,90,90,90,90,90,90,90,90,90,90,90,90,90,90,90,90,90,90,90],"card_choices":[{"not_picked":["sneckomod:DiceCrush","sneckomod:RainOfDice"],"picked":"sneckomod:UnknownUncommonPower","floor":2},{"not_picked":["sneckomod:UnknownUncommonSkill","sneckomod:DefensiveFlair"],"picked":"sneckomod:Unknown0Cost","floor":3},{"not_picked":["sneckomod:SoulRoll","sneckomod:IronFang"],"picked":"sneckomod:DiceBoulder","floor":5},{"not_picked":["sneckomod:DefensiveFlair","sneckomod:DiceBlock"],"picked":"sneckomod:Unknown0Cost","floor":6},{"not_picked":["sneckomod:QuickMove","sneckomod:CheapStock"],"picked":"sneckomod:DiceCrush","floor":8},{"not_picked":["sneckomod:QuickBite","sneckomod:DiceCrush"],"picked":"sneckomod:Nope","floor":12},{"not_picked":["sneckomod:SoulDraw","sneckomod:DiceBlock"],"picked":"sneckomod:DiceCrush","floor":13},{"not_picked":["sneckomod:CheapStock","sneckomod:SnekBeam"],"picked":"sneckomod:UnknownCommonAttack","floor":15},{"not_picked":["sneckomod:UnknownRareSkill","sneckomod:DangerNoodle"],"picked":"sneckomod:UnknownBoss","floor":16},{"not_picked":["sneckomod:QuickMove+1","sneckomod:IronFang"],"picked":"sneckomod:UnknownCommonAttack","floor":22}],"player_experience":327903,"relics_obtained":[{"floor":6,"key":"MiniBlackHole"},{"floor":7,"key":"Shuriken"},{"floor":24,"key":"Letter Opener"}],"event_choices":[{"damage_healed":0,"gold_gain":0,"player_choice":"Inject Mutagens","damage_taken":0,"relics_obtained":["MutagenicStrength"],"max_hp_gain":0,"max_hp_loss":0,"event_name":"Drug Dealer","floor":21,"gold_loss":0}],"is_beta":false,"boss_relics":[{"not_picked":["conspire:SpecialSausage","energizedSpire:SpiderWeb"],"picked":"Astrolabe"}],"items_purged_floors":[],"is_endless":false,"potions_floor_spawned":[2,8,15],"killed_by":"Book of Stabbing","ascension_level":0}}