{"host":"r53pw7z744tg3fxg","time":1610923278,"event":{"mods":["AchievementEnabler","BaseMod","Colored Map","Colored Powertips","Highlight Path","Minty Spire (QoL Compilation)","Quick Restart","Transform Curses"],"gold_per_floor":[118,132,147,163,163,163,5,21,48,62,62,62,62,92,92,164,164,175,175,192,192,202,202,36,36,114,114,132,147,147,147,147,147,147],"floor_reached":33,"language":"ENG","playtime":1947,"items_purged":[],"score":445,"play_id":"55fba78d-5dc1-4f64-a84e-7435868f86c7","local_time":"20210117154118","is_ascension_mode":true,"campfire_choices":[{"data":"1","floor":6.0,"key":"LIFT"},{"data":"2","floor":11.0,"key":"LIFT"},{"floor":13.0,"key":"REST"},{"data":"3","floor":15.0,"key":"LIFT"},{"floor":23.0,"key":"REST"},{"data":"ForeignInfluence","floor":25.0,"key":"SMITH"},{"data":"Judgement","floor":27.0,"key":"SMITH"},{"floor":30.0,"key":"REST"},{"floor":32.0,"key":"REST"}],"circlet_count":0,"master_deck":["AscendersBane","Strike_P","Strike_P","Strike_P+1","Strike_P","Defend_P","Defend_P","Defend_P","Defend_P+1","Eruption","Vigilance","CarveReality","Protect","ThirdEye","MasterReality","ForeignInfluence+1","BattleHymn","FearNoEvil","PathToVictory","LessonLearned","Conclude+1","Judgement+1","BowlingBash","Pray","FlyingSleeves","ReachHeaven"],"relics":["PureWater","Girya","Omamori","Anchor","Snecko Eye","MutagenicStrength","Orrery","Blue Candle"],"acts_visited":["Exordium","TheCity"],"potions_floor_usage":[33,33],"damage_taken":[{"damage":1.0,"enemies":"Jaw Worm","floor":1.0,"turns":5.0},{"damage":0.0,"enemies":"Cultist","floor":2.0,"turns":2.0},{"damage":4.0,"enemies":"Small Slimes","floor":3.0,"turns":4.0},{"damage":1.0,"enemies":"Blue Slaver","floor":4.0,"turns":4.0},{"damage":5.0,"enemies":"Red Slaver","floor":8.0,"turns":4.0},{"damage":4.0,"enemies":"Exordium Thugs","floor":10.0,"turns":4.0},{"damage":16.0,"enemies":"Lagavulin","floor":14.0,"turns":4.0},{"damage":31.0,"enemies":"Hexaghost","floor":16.0,"turns":6.0},{"damage":0.0,"enemies":"Chosen","floor":18.0,"turns":4.0},{"damage":11.0,"enemies":"2 Thieves","floor":20.0,"turns":3.0},{"damage":13.0,"enemies":"Centurion and Healer","floor":22.0,"turns":5.0},{"damage":11.0,"enemies":"Snake Plant","floor":28.0,"turns":3.0},{"damage":19.0,"enemies":"Snecko","floor":29.0,"turns":3.0},{"damage":70,"enemies":"Collector","floor":33,"turns":2}],"seed_played":"6190909192937646229","potions_obtained":[{"floor":1.0,"key":"Ancient Potion"},{"floor":3.0,"key":"EssenceOfSteel"},{"floor":14.0,"key":"Ambrosia"},{"floor":22.0,"key":"EssenceOfSteel"},{"floor":29.0,"key":"BlessingOfTheForge"}],"is_trial":false,"path_per_floor":["M","M","M","M","?","R","$","M","T","M","R","$","R","E","R","B",null,"M","?","M","?","M","R","$","R","T","R","M","M","R","?","R","B"],"character_chosen":"WATCHER","items_purchased":["ForeignInfluence","BattleHymn","Orrery"],"campfire_rested":4,"item_purchase_floors":[7,7,24],"current_hp_per_floor":[60,60,56,55,55,55,55,50,50,46,46,46,66,50,50,19,56,56,56,45,50,37,57,57,57,57,57,46,27,47,47,67,0,0],"gold":147,"neow_bonus":"ONE_RARE_RELIC","is_daily":false,"chose_seed":false,"campfire_upgraded":2,"win_rate":0.0,"timestamp":1610923278,"path_taken":["M","M","M","M","?","R","$","M","T","?","R","$","R","E","R","BOSS","M","?","M","?","?","R","?","R","T","R","?","M","R","?","R","BOSS"],"items_purchased_type":["Card","Card","Relic"],"build_version":"2020-12-22","purchased_purges":0,"victory":false,"max_hp_per_floor":[68,68,68,68,68,68,68,68,68,68,68,68,68,68,68,68,68,68,68,68,68,68,68,68,68,68,68,68,68,68,68,68,68,68],"card_choices":[{"not_picked":["PathToVictory","LikeWater"],"picked":"CarveReality","floor":1.0},{"not_picked":["ClearTheMind","SignatureMove"],"picked":"CutThroughFate","floor":2.0},{"not_picked":["FlyingSleeves","ClearTheMind"],"picked":"Protect","floor":3.0},{"not_picked":["Halt","FlyingSleeves"],"picked":"ThirdEye","floor":4.0},{"not_picked":["EmptyBody","TalkToTheHand"],"picked":"FearNoEvil","floor":8.0},{"not_picked":["EmptyFist","LikeWater"],"picked":"PathToVictory","floor":10.0},{"not_picked":["Protect","WreathOfFlame","Omniscience"],"picked":"SKIP","floor":14.0},{"not_picked":["Alpha","Brilliance"],"picked":"LessonLearned","floor":16.0},{"not_picked":["Evaluate","FlyingSleeves","EmptyFist"],"picked":"SKIP","floor":18.0},{"not_picked":["PathToVictory","Vengeance","EmptyMind"],"picked":"SKIP","floor":20.0},{"not_picked":["Halt+1","EmptyFist"],"picked":"Conclude+1","floor":22.0},{"not_picked":["Pray","Consecrate"],"picked":"Judgement","floor":24.0},{"not_picked":["Nirvana","TalkToTheHand"],"picked":"BowlingBash","floor":24.0},{"not_picked":["Prostrate","Consecrate"],"picked":"Pray","floor":24.0},{"not_picked":["EmptyMind","JustLucky"],"picked":"FlyingSleeves","floor":24.0},{"not_picked":["TalkToTheHand","CutThroughFate","Vengeance"],"picked":"SKIP","floor":28.0},{"not_picked":["FlurryOfBlows","CrushJoints"],"picked":"ReachHeaven","floor":29.0}],"player_experience":1293062,"relics_obtained":[{"floor":9.0,"key":"Omamori"},{"floor":14.0,"key":"Anchor"},{"floor":26.0,"key":"Blue Candle"}],"event_choices":[{"damage_healed":0.0,"max_hp_gain":0.0,"max_hp_loss":0.0,"gold_gain":0.0,"cards_transformed":["Writhe"],"event_name":"Transmorgrifier","player_choice":"Transformed","floor":5.0,"gold_loss":0.0,"damage_taken":0.0,"cards_obtained":["MasterReality"]},{"damage_healed":0.0,"max_hp_gain":0.0,"max_hp_loss":0.0,"gold_gain":0.0,"event_name":"Drug Dealer","player_choice":"Inject Mutagens","floor":19.0,"gold_loss":0.0,"damage_taken":0.0,"relics_obtained":["MutagenicStrength"]},{"cards_removed":["CutThroughFate"],"damage_healed":5.0,"max_hp_gain":0.0,"max_hp_loss":0.0,"gold_gain":0.0,"event_name":"Bonfire Elementals","player_choice":"Offered Common","floor":21.0,"gold_loss":0.0,"damage_taken":0.0},{"cards_removed":["CutThroughFate"],"damage_healed":5.0,"max_hp_gain":0.0,"max_hp_loss":0.0,"gold_gain":0.0,"event_name":"Bonfire Elementals","player_choice":"Offered Special","floor":21.0,"gold_loss":0.0,"damage_taken":0.0},{"damage_healed":0.0,"max_hp_gain":0.0,"max_hp_loss":0.0,"gold_gain":0.0,"event_name":"Ghosts","player_choice":"Ignored","floor":31.0,"gold_loss":0.0,"damage_taken":0.0}],"is_beta":false,"boss_relics":[{"not_picked":["Runic Dome","Fusion Hammer"],"picked":"Snecko Eye"}],"items_purged_floors":[],"is_endless":false,"potions_floor_spawned":[1,3,8,14,16,20,22,29],"killed_by":"Collector","ascension_level":16}}