{"host":"u9h06qdlnp3wgzsw","time":1610916632,"event":{"mods":["BaseMod","Downfall","Hermit","Minty Spire (QoL Compilation)","Rare Cards Sparkle","Shop Mod","StSLib","The Hierophant"],"gold_per_floor":[149,168,618,468,486,486,486,472,472],"floor_reached":8,"language":"ENG","playtime":418,"items_purged":[],"score":79,"play_id":"4134fad8-43da-4804-8124-6f71e8af6f5a","local_time":"20210117155032","is_ascension_mode":false,"campfire_choices":[{"floor":1,"key":"RECALL"}],"circlet_count":0,"master_deck":["hierophant:Strike_Hierophant","hierophant:Strike_Hierophant","hierophant:Strike_Hierophant","hierophant:Strike_Hierophant","hierophant:Punish","hierophant:Defend_Hierophant","hierophant:Defend_Hierophant","hierophant:Defend_Hierophant+1","hierophant:Defend_Hierophant","hierophant:ChurchCoffers","hierophant:Doubloon","hierophant:Refuge","downfall:Icky","downfall:Icky","downfall:Icky","hierophant:Upheaval"],"relics":["Tiny House","Bottled Lightning"],"acts_visited":["Exordium"],"potions_floor_usage":[6],"damage_taken":[{"damage":0,"enemies":"2 Louse","floor":2,"turns":2},{"damage":12,"enemies":"Small Slimes","floor":5,"turns":4},{"damage":0,"enemies":"Lagavulin","floor":6,"turns":4},{"damage":79,"enemies":"3 Sentries","floor":8,"turns":10}],"seed_played":"6830499358335292688","potions_obtained":[{"floor":0,"key":"SpeedPotion"},{"floor":2,"key":"SmokeBomb"}],"is_trial":false,"path_per_floor":["R","M","?","?","M","E","T","E"],"character_chosen":"HIEROPHANT","items_purchased":[],"campfire_rested":0,"item_purchase_floors":[],"current_hp_per_floor":[80,80,80,90,78,78,78,0,0],"gold":472,"neow_bonus":"BOSS_RELIC","is_daily":false,"chose_seed":false,"campfire_upgraded":0,"win_rate":0.0,"timestamp":1610916632,"path_taken":["R","M","?","?","?","E","T","E"],"items_purchased_type":[],"build_version":"2020-12-22","purchased_purges":0,"victory":false,"max_hp_per_floor":[80,80,80,90,90,90,90,90,90],"card_choices":[{"not_picked":["hierophant:Doubloon","hierophant:HammerAndAnvil"],"picked":"hierophant:Refuge","floor":0},{"not_picked":["hierophant:Embezzle","hierophant:Doubloon","hierophant:Purify"],"picked":"SKIP","floor":2},{"not_picked":["hierophant:MorningPrayer","hierophant:AuricBeam"],"picked":"hierophant:Upheaval","floor":5}],"player_experience":797746,"relics_obtained":[{"floor":7,"key":"Bottled Lightning"}],"event_choices":[],"is_beta":false,"boss_relics":[],"items_purged_floors":[],"is_endless":false,"potions_floor_spawned":[2],"killed_by":"3 Sentries","ascension_level":0}}