{"host":"q9718omregw4er46","time":1610865432,"event":{"mods":["BaseMod","Bestiary","Colored Powertips","Minty Spire (QoL Compilation)","Quick Restart","Relic Stats"],"gold_per_floor":[113,263,188,263,55,55,88,88,115,115,144,144,177,200,200,200,200],"floor_reached":16,"language":"ENG","playtime":261,"items_purged":["Strike_B"],"score":328,"play_id":"90b110cb-f550-4cab-a8ed-693b3baa1d6e","local_time":"20210117113712","is_ascension_mode":true,"campfire_choices":[{"data":"Loop","floor":6,"key":"SMITH"},{"data":"Ball Lightning","floor":10,"key":"SMITH"},{"data":"Melter","floor":15,"key":"SMITH"}],"circlet_count":0,"master_deck":["AscendersBane","Strike_B","Strike_B+1","Strike_B+1","Defend_B","Defend_B","Defend_B","Defend_B","Zap","Dualcast","Ball Lightning+1","Melter+1","Loop+1","Rebound","Chill","FTL"],"relics":["Cracked Core","NeowsBlessing","WingedGreaves","Juzu Bracelet","Whetstone","Toy Ornithopter","Golden Idol","Peace Pipe"],"acts_visited":["Exordium"],"potions_floor_usage":[16],"damage_taken":[{"damage":0,"enemies":"2 Louse","floor":1,"turns":1},{"damage":0,"enemies":"Lagavulin","floor":7,"turns":1},{"damage":0,"enemies":"Gremlin Nob","floor":11,"turns":1},{"damage":30,"enemies":"Lagavulin","floor":13,"turns":5},{"damage":1,"enemies":"Small Slimes","floor":14,"turns":3},{"damage":33,"enemies":"Hexaghost","floor":16,"turns":7}],"seed_played":"-4354705683819212628","potions_obtained":[{"floor":7,"key":"SneckoOil"}],"is_trial":false,"path_per_floor":["M","?","?","?","$","R","E","?","T","R","E","?","E","M","R","B"],"character_chosen":"DEFECT","items_purchased":["Melter","Loop"],"campfire_rested":0,"item_purchase_floors":[5,5],"current_hp_per_floor":[64,64,64,53,53,53,53,53,53,53,53,53,23,22,22,0,0],"gold":200,"neow_bonus":"THREE_ENEMY_KILL","is_daily":false,"chose_seed":false,"campfire_upgraded":3,"win_rate":0.0,"timestamp":1610865432,"path_taken":["M","?","?","?","$","R","E","?","T","R","E","?","E","M","R","BOSS"],"items_purchased_type":["Card","Card"],"build_version":"2020-12-22","purchased_purges":1,"victory":false,"max_hp_per_floor":[71,71,71,71,71,71,71,71,71,71,71,64,64,64,64,64,64],"relic_stats":{"Peace Pipe":0,"counters":[6,18],"Golden Idol":12,"Juzu Bracelet":0,"Whetstone":["Strike_B","Strike_B"],"obtain_stats":[{"Peace Pipe":13,"NeowsBlessing":0,"Golden Idol":12,"WingedGreaves":7,"Juzu Bracelet":8,"Whetstone":9,"Cracked Core":0,"Toy Ornithopter":11},{"Peace Pipe":4,"NeowsBlessing":0,"Golden Idol":3,"WingedGreaves":2,"Juzu Bracelet":2,"Whetstone":2,"Cracked Core":0,"Toy Ornithopter":3},{"Peace Pipe":8,"NeowsBlessing":0,"Golden Idol":3,"WingedGreaves":2,"Juzu Bracelet":2,"Whetstone":2,"Cracked Core":0,"Toy Ornithopter":3}],"Toy Ornithopter":5},"card_choices":[{"not_picked":["Leap","Gash"],"picked":"Ball Lightning","floor":1},{"not_picked":["Undo","Fusion","Leap"],"picked":"SKIP","floor":7},{"not_picked":["Recycle","Hyperbeam"],"picked":"Rebound","floor":11},{"not_picked":["Steam","Heatsinks"],"picked":"Chill","floor":13},{"not_picked":["Fusion","Cold Snap"],"picked":"FTL","floor":14}],"player_experience":1215590,"relics_obtained":[{"floor":7,"key":"WingedGreaves"},{"floor":9,"key":"Whetstone"},{"floor":11,"key":"Toy Ornithopter"},{"floor":13,"key":"Peace Pipe"}],"event_choices":[{"damage_healed":0,"gold_gain":150,"player_choice":"AGREE","damage_taken":0,"max_hp_gain":0,"max_hp_loss":0,"event_name":"Liars Game","floor":2,"gold_loss":0,"cards_obtained":["Doubt"]},{"cards_removed":["Doubt"],"damage_healed":0,"gold_gain":0,"player_choice":"Card Removal","damage_taken":0,"max_hp_gain":0,"max_hp_loss":0,"event_name":"The Cleric","floor":3,"gold_loss":75},{"damage_healed":0,"gold_gain":75,"player_choice":"Gather Gold","damage_taken":11,"max_hp_gain":0,"max_hp_loss":0,"event_name":"World of Goop","floor":4,"gold_loss":0},{"damage_healed":0,"gold_gain":0,"player_choice":"Searched \u00272\u0027 times","damage_taken":0,"relics_obtained":["Juzu Bracelet"],"max_hp_gain":0,"max_hp_loss":0,"event_name":"Dead Adventurer","floor":8,"gold_loss":0},{"damage_healed":0,"gold_gain":0,"player_choice":"Lose Max HP","damage_taken":0,"relics_obtained":["Golden Idol"],"max_hp_gain":0,"max_hp_loss":7,"event_name":"Golden Idol","floor":12,"gold_loss":0}],"is_beta":false,"boss_relics":[],"items_purged_floors":[5],"is_endless":false,"potions_floor_spawned":[7],"killed_by":"Hexaghost","ascension_level":20}}