{"host":"ixenv8b8actib82w","time":1610888393,"event":{"mods":["Act Like it!","BaseMod","Conspire","Energized Spire","Hallownest","Hermit","Lobotomy","Minty Spire (QoL Compilation)","Replay The Spire","Spicy Shops","StSLib","The Blackbeard","The Cursed","The Gatherer","The Hierophant","The Marked","vexMod"],"gold_per_floor":[117,136,147,29,49,49,49,70,70,70,88,52,75,89,89,89,89],"floor_reached":16,"language":"ZHS","playtime":838,"items_purged":["WallGazer","FairyFestival"],"score":146,"play_id":"4c510dfc-62dc-4fc0-abe0-47f4855fe6dc","local_time":"20210117205953","is_ascension_mode":false,"campfire_choices":[{"data":"TheCursedMod:CursedStaff","floor":6,"key":"SMITH"},{"data":"TheCursedMod:Torture","floor":10,"key":"SMITH"},{"data":"TheCursedMod:BlessingInDisguise","floor":15,"key":"SMITH"}],"circlet_count":0,"master_deck":["TheCursedMod:Strike_TheCursed","TheCursedMod:Strike_TheCursed","TheCursedMod:Strike_TheCursed","TheCursedMod:Strike_TheCursed","TheCursedMod:Defend_TheCursed","TheCursedMod:Defend_TheCursed","TheCursedMod:Defend_TheCursed","TheCursedMod:Defend_TheCursed","TheCursedMod:CursedWand","TheCursedMod:CleanUpWorkshop","TheCursedMod:Dregs","TheCursedMod:Stigma","TheCursedMod:Torture+1","CrumblingArmor","TheCursedMod:DemonSword","ReplayTheSpireMod:IOU","TheCursedMod:CursedStaff+1","TheCursedMod:SpitefulStrike","TheCursedMod:SpitefulStrike","ReplayTheSpireMod:IOU","TheCursedMod:FleshFromBone","TheCursedMod:CircleOfFlame","TheCursedMod:BlessingInDisguise+1"],"relics":["TheCursedMod:BlackMagic101","CogitoBucket","Replay:Wax Seal","Golden Idol","Pantograph","HellTrain"],"acts_visited":["Exordium"],"potions_floor_usage":[13,16],"damage_taken":[{"damage":5,"enemies":"Cultist","floor":1,"turns":4},{"damage":6,"enemies":"2 Louse","floor":2,"turns":3},{"damage":7,"enemies":"Jaw Worm","floor":3,"turns":4},{"damage":7,"enemies":"3 Louse","floor":5,"turns":4},{"damage":2,"enemies":"Blue Slaver","floor":8,"turns":2},{"damage":9,"enemies":"Looter","floor":11,"turns":5},{"damage":0,"enemies":"Large Slime","floor":13,"turns":3},{"damage":5,"enemies":"Exordium Wildlife","floor":14,"turns":4}],"seed_played":"3885194703444471466","potions_obtained":[{"floor":2,"key":"Adrenaline Potion"},{"floor":3,"key":"Ancient Potion"},{"floor":13,"key":"BlessingOfTheForge"}],"is_trial":false,"path_per_floor":["M","M","M","$","M","R","?","M","T","R","M","$","M","M","R","B"],"character_chosen":"THE_CURSED","items_purchased":["TheCursedMod:DemonSword","Replay:Wax Seal","TheCursedMod:FleshFromBone"],"campfire_rested":0,"item_purchase_floors":[4,4,12],"current_hp_per_floor":[70,64,57,57,50,50,50,48,48,48,39,39,39,34,34,0,0],"gold":89,"neow_bonus":"","is_daily":false,"chose_seed":false,"campfire_upgraded":3,"win_rate":0.0,"timestamp":1610888393,"path_taken":["M","?","M","?","M","R","?","M","T","R","M","$","M","M","R","BOSS"],"items_purchased_type":["Card","Relic","Card"],"build_version":"2020-12-22","purchased_purges":2,"victory":false,"max_hp_per_floor":[75,75,75,75,75,75,69,69,69,69,69,69,69,69,69,69,69],"card_choices":[{"not_picked":["CherryBlossoms","FairyFestival","UniverseFragment"],"picked":"Singing Bowl","floor":1},{"not_picked":["TheCursedMod:WearCloak","TheCursedMod:CollectTribute"],"picked":"TheCursedMod:Stigma","floor":1},{"not_picked":["OSAHOGD","BigBird"],"picked":"WallGazer","floor":2},{"not_picked":["TheCursedMod:EmpowerCircles","TheCursedMod:RavingStaff"],"picked":"TheCursedMod:Torture","floor":2},{"not_picked":["BeautyBeast","UniverseFragment","ShyLook"],"picked":"Singing Bowl","floor":3},{"not_picked":["PlagueDoctor","Freischutz"],"picked":"CrumblingArmor","floor":3},{"not_picked":["TheCursedMod:CursedMace","TheCursedMod:RapidMovement","TheCursedMod:LuckyCharm"],"picked":"SKIP","floor":3},{"not_picked":["TheCursedMod:CursedMace","TheCursedMod:RapidMovement","TheCursedMod:LuckyCharm"],"picked":"SKIP","floor":3},{"not_picked":["TheCursedMod:CursedAmulet","TheCursedMod:Wield"],"picked":"TheCursedMod:CursedStaff","floor":5},{"not_picked":["Wellcheers","MeatLantern","CherryBlossoms"],"picked":"Singing Bowl","floor":8},{"not_picked":["TheCursedMod:ManaCirculation","TheCursedMod:BloodBarrier"],"picked":"TheCursedMod:SpitefulStrike","floor":8},{"not_picked":["UniverseFragment","DreamingCurrent"],"picked":"FairyFestival","floor":11},{"not_picked":["TheCursedMod:RapidMovement","TheCursedMod:SmokeScreen"],"picked":"TheCursedMod:SpitefulStrike","floor":11},{"not_picked":["UniverseFragment","BlackArmy","Scarecrow"],"picked":"Singing Bowl","floor":13},{"not_picked":["TheCursedMod:VitalStrike","TheCursedMod:CursedBlade"],"picked":"TheCursedMod:CircleOfFlame","floor":13},{"not_picked":["SpiderBud","OSAHOGD","OldLady"],"picked":"Singing Bowl","floor":14},{"not_picked":["TheCursedMod:CursedStaff","TheCursedMod:FleshFromBone"],"picked":"TheCursedMod:BlessingInDisguise","floor":14}],"player_experience":162258,"relics_obtained":[{"floor":9,"key":"Pantograph"}],"event_choices":[{"damage_healed":0,"gold_gain":0,"player_choice":"Lose Max HP","damage_taken":0,"relics_obtained":["Golden Idol"],"max_hp_gain":0,"max_hp_loss":6,"event_name":"Golden Idol","floor":7,"gold_loss":0}],"is_beta":false,"boss_relics":[],"items_purged_floors":[4,12],"is_endless":false,"potions_floor_spawned":[2,3,13],"killed_by":"Slime Boss","ascension_level":0}}