{"host":"mmxi1hjn5usmb1ga","time":1610876381,"event":{"mods":["BaseMod","BetterRewards","Downfall","Minty Spire (QoL Compilation)","Quick Restart","READ ME - Guardian Mod","READ ME - Snecko Mod","RumiaBox-露米娅的神秘盒子","Shop Mod","StSLib","Td1madao Mod","The Bug Knight","Yuri Mod","[IsaacMod]以撒尖塔"],"gold_per_floor":[99,99,99,99,99,99,154,222,322,333,333,17,43,143,155,255,255,55,71,156,166,266,24,24,43,43,55,40,40,40,55,70,170,170,170,183,233,354,364,364,364,381,281,301,401,436,436,450,467,467,486,486,500,513,527,527,527,231,251,251,50,50,65,83,83],"floor_reached":51,"language":"ZHS","playtime":3243,"items_purged":["downfall:Icky"],"score":912,"play_id":"65fc9a71-a899-442e-8da8-4734589a6337","local_time":"20210117173941","is_ascension_mode":false,"campfire_choices":[{"data":"EpicFetus","floor":1.0,"key":"SMITH"},{"floor":11.0,"key":"RECALL"},{"data":"Guardian:WalkerClaw","floor":18.0,"key":"SMITH"},{"data":"Guardian:Planning","floor":26,"key":"SMITH"},{"floor":30,"key":"REST"},{"data":"Guardian:MultiBeam","floor":35,"key":"SMITH"},{"data":"Apotheosis","floor":40,"key":"SMITH"},{"data":"Guardian:BronzeOrb","floor":43,"key":"SMITH"},{"data":"Guardian:ArmoredProtocol","floor":47,"key":"SMITH"},{"data":"Guardian:SphericShield","floor":35,"key":"SMITH"},{"data":"expansioncontent:PrepareCrush","floor":47,"key":"SMITH"}],"circlet_count":0,"master_deck":["EpicFetus+1","Guardian:RollAttack","Guardian:RollAttack","Guardian:MultiBeam+1","Regret","Guardian:ConstructionForm","Injury","Decay","Guardian:SpikerProtocol","Guardian:ArmoredProtocol","Guardian:FierceBash","Guardian:WalkerClaw+1","Guardian:ShieldCharger","Guardian:StasisField","CurseOfTheBell","Guardian:Recover+1","Guardian:Planning+1","Guardian:Emergency+1","Guardian:SphericShield+1","Guardian:SphericShield","Guardian:RevengeProtocol","Guardian:StasisStrike","Guardian:EvasiveProtocol","Guardian:BronzeOrb+1","Guardian:ArmoredProtocol+1","Guardian:RevengeProtocol","Guardian:TemporalStrike+1","Guardian:DonusPower+1","Apotheosis+1","Guardian:Orbwalk+1","Guardian:TimeCapacitor+1","Guardian:BodySlam+1","Guardian:Gem_Cyan","expansioncontent:PrepareCrush+1","expansioncontent:LastStand","expansioncontent:PrepareCrush","Guardian:Gem_Fragmented","Guardian:TemporalStrike+1","Guardian:Gem_Green","Guardian:Gem_Red","Guardian:Gem_Blue","Guardian:Gem_Fragmented","EpicFetus+1","Guardian:EvasiveProtocol","Guardian:BodySlam+1","Guardian:BodySlam+1","Guardian:PrimingBeam+1"],"relics":["Guardian:ModeShifter","HushsDoor","GuppysHead","downfall:HeartsMalice","Anchor","Sundial","Blue Candle","Guardian:BottledStasis","Smiling Mask","Calling Bell","Strawberry","yuri:PortableGlitches","Dead Branch","GuppysPaw","downfall:HeartBlessingRed","downfall:HeartBlessingGreen","Lizard Tail","InkBottle","Membership Card","Omamori","SumBook","Darkstone Periapt","bronze:MakeshiftBattery","GuppysTail","BlankCard","Kunai","downfall:HeartBlessingBlue","Guardian:SackOfGems","PlanX","DollysMirror","BookOfRevelations","Shuriken","Ccalipers"],"acts_visited":["Exordium","TheCity","TheBeyond"],"potions_floor_usage":[22,22,23,33],"damage_taken":[{"damage":0.0,"enemies":"Cultist","floor":2.0,"turns":1.0},{"damage":0.0,"enemies":"2 Louse","floor":3.0,"turns":1.0},{"damage":0.0,"enemies":"Small Slimes","floor":6.0,"turns":1.0},{"damage":2.0,"enemies":"Large Slime","floor":10.0,"turns":3.0},{"damage":7.0,"enemies":"downfall:FleeingMerchant","floor":12.0,"turns":4.0},{"damage":9.0,"enemies":"3 Sentries","floor":13.0,"turns":5.0},{"damage":11.0,"enemies":"Gremlin Gang","floor":15.0,"turns":3.0},{"damage":24.0,"enemies":"DF_ARCHETYPE_STREAMLINE","floor":16.0,"turns":8.0},{"damage":1.0,"enemies":"Spheric Guardian","floor":19.0,"turns":5.0},{"damage":10,"enemies":"Shell Parasite","floor":21,"turns":5},{"damage":21,"enemies":"Colosseum Nobs","floor":22,"turns":5},{"damage":0,"enemies":"downfall:FleeingMerchant","floor":23,"turns":4},{"damage":10,"enemies":"3 Cultists","floor":25,"turns":4},{"damage":6,"enemies":"Cultist and Chosen","floor":27,"turns":4},{"damage":2,"enemies":"downfall:FleeingMerchant","floor":28,"turns":4},{"damage":4,"enemies":"Sentry and Sphere","floor":31,"turns":4},{"damage":9,"enemies":"Centurion and Healer","floor":32,"turns":3},{"damage":0,"enemies":"SI_MIRROR_ARCHETYPE","floor":33,"turns":7},{"damage":1,"enemies":"3 Darklings","floor":36,"turns":2},{"damage":4,"enemies":"3 Darklings","floor":37,"turns":4},{"damage":1,"enemies":"downfall:FleeingMerchant","floor":38,"turns":3},{"damage":0,"enemies":"Orb Walker","floor":39,"turns":2},{"damage":1,"enemies":"Jaw Worm Horde","floor":42,"turns":2},{"damage":3,"enemies":"Spire Growth","floor":44,"turns":3},{"damage":2,"enemies":"Giant Head","floor":46,"turns":5},{"damage":1,"enemies":"3 Darklings","floor":48,"turns":3},{"damage":0,"enemies":"Jaw Worm Horde","floor":49,"turns":1},{"damage":0,"enemies":"Orb Walker","floor":36,"turns":3},{"damage":0,"enemies":"Transient","floor":38,"turns":5},{"damage":2,"enemies":"Spire Growth","floor":39,"turns":3},{"damage":0,"enemies":"Writhing Mass","floor":40,"turns":3},{"damage":3,"enemies":"Jaw Worm Horde","floor":44,"turns":3},{"damage":0,"enemies":"3 Darklings","floor":48,"turns":1},{"damage":0,"enemies":"Maw","floor":49,"turns":4},{"damage":3,"enemies":"Awakened One","floor":50,"turns":6}],"seed_played":"-4952722463045518605","potions_obtained":[{"floor":13.0,"key":"SteroidPotion"},{"floor":16.0,"key":"GamblersBrew"},{"floor":21,"key":"SkillPotion"},{"floor":22,"key":"Energy Potion"},{"floor":31,"key":"SkillPotion"},{"floor":33,"key":"bronze:BurnAndBuffPotion"},{"floor":36,"key":"SneckoOil"},{"floor":49,"key":"Strength Potion"},{"floor":49,"key":"Dexterity Potion"}],"is_trial":false,"path_per_floor":["R","M","M","?","?","M","T","T","?","M","R","$","E","?","M","B",null,"R","M","?","M","?","$","T","M","R","M","$","?","R","M","M","B",null,"R","M","?","$","M","R","T","M","R","M","?","E","R","M","M","R","M","?","M","M","M","T","?","$","M","?","$","R","M","M","B",null],"character_chosen":"GUARDIAN","items_purchased":["Guardian:BottledStasis","Guardian:FierceBash","GuppysPaw","Membership Card","Omamori","GuppysTail","Apotheosis","Kunai","PlanX","DollysMirror","BookOfRevelations","Shuriken","Ccalipers"],"campfire_rested":1,"item_purchase_floors":[12,12,17,23,23,34,38,38,43,43,43,46,46],"current_hp_per_floor":[80,80,80,80,80,80,80,80,85,83,83,76,67,67,56,32,82,82,81,65,55,34,34,34,24,24,18,16,16,40,36,27,27,72,72,71,67,66,66,66,66,65,75,72,72,70,70,69,82,82,82,72,72,70,70,70,70,70,67,67,67,67,67,67,64],"gold":83,"neow_bonus":"THREE_ENEMY_KILL","is_daily":false,"chose_seed":false,"campfire_upgraded":9,"win_rate":0.0,"timestamp":1610876381,"path_taken":["R","M","?","?","?","?","T","?","?","M","R","$","E","?","M","BOSS","R","M","?","M","?","?","T","?","R","?","$","?","R","M","M","BOSS","R","M","?","$","M","R","T","M","R","M","?","E","R","M","M","R","M","?","M","M","M","T","?","?","M","?","?","R","M","M","BOSS"],"items_purchased_type":["Relic","Card","Relic","Relic","Relic","Relic","Card","Relic","Relic","Relic","Relic","Relic","Relic"],"build_version":"2020-12-22","purchased_purges":1,"victory":true,"max_hp_per_floor":[80,80,80,80,80,80,80,80,85,85,85,85,85,85,85,85,82,82,82,82,82,82,82,82,82,82,82,82,82,82,82,82,82,72,72,72,72,72,72,72,72,72,82,82,82,82,82,82,82,82,82,82,82,82,82,82,82,82,82,82,82,82,82,82,82],"card_choices":[{"not_picked":[],"picked":"EpicFetus","floor":0.0},{"not_picked":["Guardian:Suspension","Guardian:Clone"],"picked":"Guardian:RollAttack","floor":2.0},{"not_picked":["Guardian:VentSteam","Guardian:PrismaticBeam"],"picked":"Guardian:RollAttack","floor":3.0},{"not_picked":["Guardian:Gem_Cyan","Guardian:Emergency"],"picked":"Guardian:MultiBeam","floor":6.0},{"not_picked":["Guardian:PiercingHide","Guardian:Planning"],"picked":"Guardian:SpikerProtocol","floor":10.0},{"not_picked":["Guardian:Gem_Fragmented","Guardian:PiercingHide"],"picked":"Guardian:ArmoredProtocol","floor":12.0},{"not_picked":["Guardian:ShieldSpikes","Guardian:FierceBash"],"picked":"Guardian:WalkerClaw","floor":13.0},{"not_picked":["Guardian:Harden","Guardian:PiercingHide"],"picked":"Guardian:ShieldCharger","floor":14.0},{"not_picked":["Guardian:PiercingHide","Guardian:Reroute"],"picked":"Guardian:Gem_Green","floor":15.0},{"not_picked":["Guardian:AncientConstruct","Guardian:ConstructionForm"],"picked":"Guardian:StasisField","floor":16.0},{"not_picked":["Guardian:Gem_Green","Guardian:RollAttack"],"picked":"Guardian:Recover+1","floor":19.0},{"not_picked":["Guardian:TemporalShield","Guardian:Gem_Red"],"picked":"Guardian:Planning","floor":21},{"not_picked":["Guardian:WalkerClaw","Guardian:PrismaticBeam+1"],"picked":"Guardian:Emergency+1","floor":22},{"not_picked":["Guardian:Reroute+1","Guardian:ChargeCore","Guardian:StasisField"],"picked":"SKIP","floor":23},{"not_picked":["Guardian:Planning","Guardian:VentSteam"],"picked":"Guardian:EvasiveProtocol","floor":25},{"not_picked":["Guardian:Suspension","Guardian:PiercingHide"],"picked":"Guardian:BronzeOrb","floor":27},{"not_picked":["Guardian:Gem_White","Guardian:FastForward","Guardian:VentSteam"],"picked":"SKIP","floor":28},{"not_picked":["Guardian:RollAttack","Guardian:VentSteam","Guardian:PrismaticBarrier"],"picked":"SKIP","floor":31},{"not_picked":["Guardian:Gem_Green","Guardian:ShieldSpikes"],"picked":"Guardian:ArmoredProtocol","floor":32},{"not_picked":["Guardian:StasisField","Guardian:Gem_Synthetic"],"picked":"Guardian:RevengeProtocol","floor":33},{"not_picked":["Guardian:RefractedBeam","Guardian:Gem_Blue"],"picked":"Guardian:TemporalStrike+1","floor":36},{"not_picked":["Guardian:WalkerClaw","Guardian:Planning+1"],"picked":"Guardian:DonusPower+1","floor":37},{"not_picked":["Guardian:Incinerate+1","Guardian:Preprogram+1","Guardian:StasisStrike"],"picked":"SKIP","floor":38},{"not_picked":["Guardian:VentSteam","Guardian:PrismaticBarrier"],"picked":"Guardian:Orbwalk+1","floor":39},{"not_picked":["Guardian:Gem_Red","Guardian:DonusPower+1"],"picked":"Guardian:TimeCapacitor+1","floor":42},{"not_picked":["Guardian:WalkerClaw","Guardian:BronzeOrb","Guardian:ChargeCore+1"],"picked":"SKIP","floor":44},{"not_picked":["Guardian:PrimingBeam+1","Guardian:Incinerate","Guardian:BaubleBeam"],"picked":"SKIP","floor":46},{"not_picked":["Guardian:Emergency","Guardian:Suspension+1"],"picked":"Guardian:BodySlam+1","floor":48},{"not_picked":["Guardian:ChargeCore","Guardian:Harden"],"picked":"Guardian:Gem_White","floor":49},{"not_picked":["Guardian:WalkerClaw+1","Guardian:CrystalBeam+1"],"picked":"Guardian:Gem_Cyan","floor":36},{"not_picked":["expansioncontent:YouAreMine","expansioncontent:Chronoboost"],"picked":"expansioncontent:PrepareCrush","floor":37},{"not_picked":["expansioncontent:HyperBeam","expansioncontent:Hexaburn"],"picked":"expansioncontent:LastStand","floor":37},{"not_picked":["expansioncontent:YouAreMine","expansioncontent:HyperBeam"],"picked":"expansioncontent:PrepareCrush","floor":37},{"not_picked":["Guardian:PrismaticBeam+1","Guardian:RollAttack+1","Guardian:ShieldSpikes+1"],"picked":"SKIP","floor":38},{"not_picked":["Guardian:WalkerClaw+1","Guardian:Orbwalk"],"picked":"Guardian:Gem_Fragmented","floor":39},{"not_picked":["Guardian:Gem_Green","Guardian:Orbwalk"],"picked":"Guardian:TemporalStrike+1","floor":40},{"not_picked":["Guardian:Incinerate+1","Guardian:Clone+1"],"picked":"Guardian:EvasiveProtocol","floor":44},{"not_picked":["Guardian:Incinerate+1","Guardian:Gem_Cyan"],"picked":"Guardian:BodySlam+1","floor":48},{"not_picked":["Guardian:GuardianWhirl","Guardian:Gem_Lightblue"],"picked":"Guardian:PrimingBeam+1","floor":49}],"player_experience":682443,"relics_obtained":[{"floor":7.0,"key":"Anchor"},{"floor":8.0,"key":"Sundial"},{"floor":13.0,"key":"Smiling Mask"},{"floor":17.0,"key":"Strawberry"},{"floor":17.0,"key":"yuri:PortableGlitches"},{"floor":17.0,"key":"Dead Branch"},{"floor":22,"key":"Lizard Tail"},{"floor":22,"key":"InkBottle"},{"floor":24,"key":"SumBook"},{"floor":37,"key":"BlankCard"},{"floor":46,"key":"ForgetMeNow"},{"floor":41,"key":"Guardian:SackOfGems"}],"event_choices":[],"is_beta":false,"boss_relics":[{"not_picked":["Empty Cage","Astrolabe"],"picked":"Calling Bell"},{"not_picked":[]},{"not_picked":["SacredBark","Velvet Choker"],"picked":"bronze:MakeshiftBattery"},{"not_picked":[]}],"items_purged_floors":[12],"is_endless":false,"potions_floor_spawned":[13,16,21,22,31,33,36,39,46,49,39,48,49],"ascension_level":0}}