{"host":"bxdue9bkfm2khp2x","time":1610898032,"event":{"mods":["ATMod(阿瑾Mod)","Arknights The Spire","Aspiration","BaseMod","Better Vampires","Challenge The Spire","Colored Map","Colored Powertips","Conspire","Decade(王小明)","Dota2Spire","Highlight Path","Minty Spire (QoL Compilation)","MostiFishMod","Remilia（蕾米莉亚）","Replay The Spire","RumiaBox-露米娅的神秘盒子","Ryuuou龙王","Spicy Shops","StSLib","Td1madao Mod","The Alterego","The Bug Knight","The Cursed","The Servant 0.9.4","WarShipGirlsR/战舰少女R mod","noobMod","vexMod","【功能Mod】混沌之环修复补丁","【遗物卡牌】REMEMod","篝火指南"],"gold_per_floor":[110,128,128,108,123,123,155,155,155,184,184,196,196,210,210,307,307,322,339,339,339,394,426,426,458,458,458,13,13,13,25,25,326,326,339,339,339,56,76,76,87,87,113,113,123,123,49,62,62,162],"floor_reached":51,"language":"ZHS","playtime":2959,"items_purged":["rmod:defend","rmod:strick"],"score":1509,"play_id":"18eb6823-c404-4481-8869-84564f8964ff","local_time":"20210117234032","is_ascension_mode":true,"campfire_choices":[{"data":"AT_LightSaberMaster","floor":6.0,"key":"SMITH"},{"data":"FitfulNightmare","floor":11.0,"key":"SMITH"},{"data":"rmod:lonelyqueen","floor":13.0,"key":"SMITH"},{"data":"rmod:mineteam","floor":15.0,"key":"SMITH"},{"data":"rmod:acesubmarine","floor":24.0,"key":"SMITH"},{"data":"rmod:diaomin","floor":27.0,"key":"SMITH"},{"data":"rmod:concentratefire","floor":30.0,"key":"SMITH"},{"data":"rmod:unsinkable","floor":32.0,"key":"SMITH"},{"data":"REME_Flogging","floor":40.0,"key":"SMITH"},{"data":"rmod:basicallowance","floor":46.0,"key":"SMITH"},{"data":"rmod:maingunfire","floor":49.0,"key":"SMITH"}],"circlet_count":0,"master_deck":["AscendersBane","rmod:defend","rmod:defend","rmod:basicallowance+1","rmod:maingunfire+1","FitfulNightmare+1","AT_LightSaberMaster+1","rmod:lonelyqueen+1","rmod:overbreakdown","rmod:firesupport","rmod:maintain","rmod:concentratefire+1","rmod:mineteam+1","rmod:acesubmarine+1","rmod:concentratefire+1","rmod:seals","rmod:diaomin+1","rmod:unsinkable+1","rmod:secretscript","rmod:lonelyqueen+1","REME_Flogging+1","rmod:ammunitionsupply+1"],"relics":["rmod:firstchargereward","DaveBox","REME_ComplimentaryCards","ice","AT_ATBox","BionicSphere","SynthV:TestCard","Replay:PocketPolymizer","Mirror","REME_HandOfSuture","AT_EbonyIvory","AT_TheCollector","ThornShield","REME_CardOfGreed","EasyGame_NEW","Dota2Spire:MaskOfMadness","Ancient Tea Set"],"acts_visited":["Exordium","TheCity","TheBeyond"],"potions_floor_usage":[50],"damage_taken":[{"damage":0.0,"enemies":"Small Slimes","floor":1.0,"turns":4.0},{"damage":0.0,"enemies":"Jaw Worm","floor":2.0,"turns":5.0},{"damage":0.0,"enemies":"Cultist","floor":5.0,"turns":5.0},{"damage":0.0,"enemies":"Replay:BlueRogue","floor":7.0,"turns":8.0},{"damage":0.0,"enemies":"3 Sentries","floor":10.0,"turns":12.0},{"damage":0.0,"enemies":"Looter","floor":12.0,"turns":4.0},{"damage":0.0,"enemies":"Exordium Thugs","floor":14.0,"turns":4.0},{"damage":0.0,"enemies":"Hexaghost","floor":16.0,"turns":8.0},{"damage":9.0,"enemies":"2 Thieves","floor":18.0,"turns":4.0},{"damage":0.0,"enemies":"Chosen","floor":19.0,"turns":3.0},{"damage":1.0,"enemies":"conspire:SneckoGhost","floor":23.0,"turns":7.0},{"damage":6.0,"enemies":"Gremlin Leader","floor":25.0,"turns":7.0},{"damage":1.0,"enemies":"Snake Plant","floor":31.0,"turns":4.0},{"damage":25.0,"enemies":"Pondfish","floor":33.0,"turns":6.0},{"damage":0.0,"enemies":"3 Shapes","floor":35.0,"turns":4.0},{"damage":0.0,"enemies":"3 Darklings","floor":39.0,"turns":4.0},{"damage":0.0,"enemies":"Transient","floor":41.0,"turns":5.0},{"damage":0.0,"enemies":"4 Shapes","floor":45.0,"turns":4.0},{"damage":0.0,"enemies":"Spire Growth","floor":48.0,"turns":5.0},{"damage":13,"enemies":"Time Eater","floor":50,"turns":8}],"seed_played":"-5564709991655590844","potions_obtained":[{"floor":2.0,"key":"Dexterity Potion"},{"floor":5.0,"key":"Languid Potion"},{"floor":10.0,"key":"Venom Potion"},{"floor":25.0,"key":"BlessingOfTheForge"},{"floor":31.0,"key":"Venom Potion"}],"is_trial":false,"path_per_floor":["M","M","?","?","M","R","E","?","T","E","R","M","R","M","R","B",null,"M","M","?","?","T","E","R","E","T","R","$","?","R","M","R","B",null,"M","?","?","$","M","R","M","?","T","$","M","R","$","M","R","B",null],"character_chosen":"PRAEFECT","items_purchased":["ThornShield","REME_CardOfGreed","REME_Flogging","Ancient Tea Set"],"campfire_rested":0,"item_purchase_floors":[28,28,38,47],"current_hp_per_floor":[75,75,75,75,75,75,75,75,75,75,75,75,75,76,76,80,82,73,73,57,57,57,56,56,50,50,50,50,59,59,58,58,38,75,75,75,83,83,83,83,83,83,83,83,83,83,83,83,83,72],"gold":162,"neow_bonus":"TEN_PERCENT_HP_BONUS","is_daily":false,"chose_seed":false,"campfire_upgraded":11,"win_rate":0.0,"timestamp":1610898032,"path_taken":["M","M","?","?","M","R","E","?","T","E","R","M","R","M","R","BOSS","M","?","?","?","?","E","R","E","T","R","$","?","R","M","R","BOSS","M","?","?","$","M","R","M","?","T","?","M","R","$","?","R","BOSS"],"items_purchased_type":["Relic","Relic","Card","Relic"],"build_version":"2020-12-22","purchased_purges":2,"victory":true,"max_hp_per_floor":[82,82,82,82,82,82,82,82,82,82,82,82,82,82,82,82,82,82,82,87,87,87,87,87,87,87,87,87,87,87,87,87,87,87,87,83,83,83,83,83,83,83,83,83,83,83,83,83,83,83],"card_choices":[{"not_picked":["rmod:victimresponsibility","rmod:ammunitionsupply"],"picked":"rmod:lonelyqueen","floor":1.0},{"not_picked":["rmod:firesupport","rmod:spoils","rmod:garrisonisland","rmod:luckystar"],"picked":"rmod:overbreakdown","floor":2.0},{"not_picked":["rmod:steelsupply","rmod:wolves","rmod:aluminumsupply","rmod:fuelsupply","rmod:guardianhero"],"picked":"SKIP","floor":5.0},{"not_picked":["rmod:fletcherpendant","rmod:luckystar","rmod:aviationdawn","rmod:supportescort","rmod:diamondstrike"],"picked":"SKIP","floor":7.0},{"not_picked":["rmod:overbreakdown","rmod:capitalist","rmod:guardianhero","rmod:supportaircraftcarrier"],"picked":"rmod:firesupport","floor":10.0},{"not_picked":["rmod:wasp","rmod:aggressivemary","rmod:firesupport","rmod:fletcherpendant"],"picked":"rmod:concentratefire","floor":12.0},{"not_picked":["rmod:luckystar","rmod:royalracing","rmod:unsinkable","rmod:supportescort","rmod:goodfighter"],"picked":"SKIP","floor":14.0},{"not_picked":["rmod:saltedfish","rmod:timeschanged","rmod:lastglory","rmod:supriseattacks"],"picked":"rmod:acesubmarine","floor":16.0},{"not_picked":["rmod:firesupport","rmod:fletcherpendant","rmod:slowdown","rmod:highspeedshooting+1","rmod:victimresponsibility"],"picked":"SKIP","floor":18.0},{"not_picked":["rmod:punchline","rmod:supportescort","rmod:rockthrower","rmod:aluminumsupply","rmod:ammunitionsupply"],"picked":"SKIP","floor":19.0},{"not_picked":["rmod:salvage","rmod:bulid","rmod:smokecover","rmod:spoils"],"picked":"rmod:concentratefire+1","floor":23.0},{"not_picked":["rmod:aluminumsupply+1","rmod:sl","rmod:spoils","rmod:robin","rmod:windflower"],"picked":"SKIP","floor":25.0},{"not_picked":["rmod:fletcherpendant","rmod:fuelsupply","rmod:highspeedshooting","rmod:luckystar"],"picked":"rmod:unsinkable","floor":31.0},{"not_picked":["rmod:desperatesituation","rmod:lastglory","rmod:stealaluminum","rmod:u235"],"picked":"rmod:secretscript","floor":33.0},{"not_picked":["rmod:tearstotiara","rmod:advancebysurprise+1","rmod:overbreakdown","rmod:steelsupply"],"picked":"rmod:lonelyqueen+1","floor":35.0},{"not_picked":["rmod:smokecover","rmod:goodsister","rmod:slowdown","rmod:aluminumsupply","rmod:circuitoustactics+1"],"picked":"SKIP","floor":39.0},{"not_picked":["rmod:spoils+1","rmod:selfconfidence","rmod:gendarmerie","rmod:victimresponsibility","rmod:diamondstrike"],"picked":"SKIP","floor":41.0},{"not_picked":["rmod:fuelsupply","rmod:fletcherpendant+1","rmod:selfconfidence+1","rmod:supportaircraftcarrier+1"],"picked":"rmod:ammunitionsupply+1","floor":45.0},{"not_picked":["rmod:aviationdawn+1","rmod:generalist","rmod:wasp","rmod:fletcherpendant+1","rmod:capitalist"],"picked":"SKIP","floor":48.0}],"player_experience":1274742,"relics_obtained":[{"floor":1.0,"key":"SynthV:TestCard"},{"floor":7.0,"key":"Replay:PocketPolymizer"},{"floor":10.0,"key":"Mirror"},{"floor":22.0,"key":"REME_HandOfSuture"},{"floor":23.0,"key":"AT_EbonyIvory"},{"floor":26.0,"key":"AT_TheCollector"},{"floor":43.0,"key":"Dota2Spire:MaskOfMadness"}],"event_choices":[{"damage_healed":0.0,"max_hp_gain":0.0,"max_hp_loss":0.0,"gold_gain":0.0,"event_name":"conspire:Investor","player_choice":"Leave","floor":3.0,"gold_loss":0.0,"damage_taken":0.0},{"damage_healed":0.0,"max_hp_gain":0.0,"max_hp_loss":0.0,"gold_gain":0.0,"event_name":"The Woman in Blue","player_choice":"Bought 0 Potions","floor":8.0,"gold_loss":0.0,"damage_taken":0.0},{"damage_healed":0.0,"max_hp_gain":5.0,"max_hp_loss":0.0,"gold_gain":0.0,"event_name":"Forgotten Altar","player_choice":"Shed Blood","floor":20.0,"gold_loss":0.0,"damage_taken":21.0},{"damage_healed":0.0,"max_hp_gain":0.0,"max_hp_loss":4.0,"gold_gain":0.0,"event_name":"Winding Halls","player_choice":"Max HP","floor":36.0,"gold_loss":0.0,"damage_taken":0.0},{"damage_healed":0.0,"max_hp_gain":0.0,"max_hp_loss":0.0,"gold_gain":0.0,"event_name":"SensoryStone","player_choice":"Memory 1","floor":42.0,"gold_loss":0.0,"damage_taken":0.0}],"is_beta":false,"boss_relics":[{"not_picked":["GreenFoldingFan","Runic Dome","FixedStarFall"]},{"not_picked":["Abe\u0027s Treasure","ReplayTheSpireMod:DimensionalGlitch"],"picked":"EasyGame_NEW"}],"items_purged_floors":[28,38],"is_endless":false,"potions_floor_spawned":[2,5,10,25,31,35],"ascension_level":11}}