{"host":"ml2ro5l6hu6y0pll","time":1610913123,"event":{"mods":["AchievementEnabler","BaseMod","Colored Map","Colored Powertips","Custom Start","Googly Eyes","Minty Spire (QoL Compilation)","Quick Restart","Rare Cards Sparkle","Relic Stats","StSLib","everything is the same but u backflip on backflip"],"gold_per_floor":[118,134,151,76,150,182,182,216,216,241,258,273,273,273,273,344,344,354,371,396,406,138,138,158,183,183,183,183,196,46,46,46,46,46],"floor_reached":33,"language":"ENG","playtime":1132,"items_purged":[],"score":543,"play_id":"5c53d41a-5fab-4e1e-9dd4-451f96659246","local_time":"20210117195203","is_ascension_mode":true,"campfire_choices":[{"floor":13,"key":"REST"},{"data":"Shockwave","floor":15,"key":"SMITH"},{"data":"Bludgeon","floor":23,"key":"SMITH"},{"floor":28,"key":"REST"},{"floor":32,"key":"REST"}],"circlet_count":0,"master_deck":["AscendersBane","Bash","Rupture","Carnage","Pommel Strike","Headbutt","Power Through","Clothesline","Flame Barrier+1","Shockwave+1","Bludgeon+1","Feed","Rupture","Flex","Dual Wield","Thunderclap","Iron Wave","Headbutt","Battle Trance","Entrench","Hemokinesis","Rage","Feed","Armaments+1","True Grit"],"relics":["Philosopher\u0027s Stone","PreservedInsect","Sundial","Lantern","The Courier","Pandora\u0027s Box","Bag of Preparation","Bag of Marbles","Pen Nib","Mercury Hourglass","Toy Ornithopter"],"acts_visited":["Exordium","TheCity"],"potions_floor_usage":[10,27,33],"damage_taken":[{"damage":1.0,"enemies":"Cultist","floor":1.0,"turns":4.0},{"damage":3.0,"enemies":"Jaw Worm","floor":2.0,"turns":3.0},{"damage":5.0,"enemies":"Small Slimes","floor":3.0,"turns":3.0},{"damage":27.0,"enemies":"Lagavulin","floor":6.0,"turns":5.0},{"damage":0.0,"enemies":"Gremlin Nob","floor":8.0,"turns":2.0},{"damage":5,"enemies":"Lagavulin","floor":10,"turns":3},{"damage":0,"enemies":"2 Fungi Beasts","floor":11,"turns":3},{"damage":10,"enemies":"Red Slaver","floor":12,"turns":2},{"damage":6,"enemies":"The Guardian","floor":16,"turns":10},{"damage":13,"enemies":"Shell Parasite","floor":18,"turns":4},{"damage":2,"enemies":"2 Thieves","floor":19,"turns":3},{"damage":0,"enemies":"3 Cultists","floor":21,"turns":4},{"damage":20,"enemies":"Shelled Parasite and Fungi","floor":24,"turns":2},{"damage":33,"enemies":"Book of Stabbing","floor":25,"turns":4},{"damage":2,"enemies":"Colosseum Slavers","floor":27,"turns":5},{"damage":10,"enemies":"Sentry and Sphere","floor":29,"turns":4},{"damage":85,"enemies":"Automaton","floor":33,"turns":6}],"seed_played":"8922075312039712570","potions_obtained":[{"floor":1.0,"key":"Fire Potion"},{"floor":3.0,"key":"FearPotion"},{"floor":10,"key":"Dexterity Potion"},{"floor":11,"key":"GamblersBrew"},{"floor":29,"key":"ColorlessPotion"}],"is_trial":false,"path_per_floor":["M","M","M","?","?","E","?","E","T","E","M","M","R","?","R","B",null,"M","M","T","M","$","R","M","E","T","?","R","M","$","?","R","B"],"character_chosen":"IRONCLAD","items_purchased":["Bag of Preparation","Bag of Marbles","Hemokinesis","Toy Ornithopter","True Grit"],"campfire_rested":3,"item_purchase_floors":[22,22,22,30,30],"current_hp_per_floor":[67,64,59,59,59,32,32,32,32,27,27,17,39,39,39,33,65,55,53,53,56,56,56,36,3,3,1,25,18,18,18,43,0,0],"gold":46,"neow_bonus":"BOSS_RELIC","is_daily":false,"chose_seed":false,"campfire_upgraded":2,"win_rate":0.0,"timestamp":1610913123,"path_taken":["M","?","M","?","?","E","?","E","T","E","M","M","R","?","R","BOSS","M","M","?","M","$","R","M","E","T","?","R","M","?","?","R","BOSS"],"items_purchased_type":["Relic","Relic","Card","Relic","Card"],"build_version":"2020-12-22","purchased_purges":0,"victory":false,"max_hp_per_floor":[75,75,75,75,75,75,75,75,75,75,75,75,75,75,75,75,75,78,78,78,81,81,81,81,81,81,81,81,84,84,84,84,84,84],"relic_stats":{"counters":[17,67],"Sundial":[4],"Pandora\u0027s Box":["Feed","Rupture","Flex","Dual Wield","Thunderclap","Iron Wave","Headbutt"],"PreservedInsect":93,"Pen Nib":[1],"Bag of Preparation":[10],"obtain_stats":[{"Lantern":9,"Sundial":8,"Philosopher\u0027s Stone":0,"Pandora\u0027s Box":17,"PreservedInsect":6,"The Courier":10,"Pen Nib":25,"Bag of Preparation":22,"Bag of Marbles":22,"Burning Blood":0,"Toy Ornithopter":30,"Mercury Hourglass":26},{"Lantern":5,"Sundial":5,"Philosopher\u0027s Stone":0,"Pandora\u0027s Box":9,"PreservedInsect":4,"The Courier":6,"Pen Nib":14,"Bag of Preparation":12,"Bag of Marbles":12,"Burning Blood":0,"Toy Ornithopter":16,"Mercury Hourglass":14},{"Lantern":17,"Sundial":17,"Philosopher\u0027s Stone":0,"Pandora\u0027s Box":35,"PreservedInsect":15,"The Courier":20,"Pen Nib":52,"Bag of Preparation":46,"Bag of Marbles":46,"Burning Blood":0,"Toy Ornithopter":61,"Mercury Hourglass":52}],"Toy Ornithopter":5,"Mercury Hourglass":[71]},"card_choices":[{"not_picked":["Blood for Blood","Cleave"],"picked":"Rupture","floor":1.0},{"not_picked":["Anger","Fire Breathing"],"picked":"Carnage","floor":2.0},{"not_picked":["Cleave","Thunderclap"],"picked":"Pommel Strike","floor":3.0},{"not_picked":["Body Slam","Dark Embrace"],"picked":"Headbutt","floor":6.0},{"not_picked":["Anger","Perfected Strike"],"picked":"Clothesline","floor":8.0},{"not_picked":["Ghostly Armor","Dropkick"],"picked":"Flame Barrier","floor":10},{"not_picked":["Pummel","Sever Soul","Havoc"],"picked":"SKIP","floor":11},{"not_picked":["Disarm","Sword Boomerang"],"picked":"Shockwave","floor":12},{"not_picked":["Fiend Fire","Limit Break"],"picked":"Bludgeon","floor":16},{"not_picked":["Clothesline","Flex"],"picked":"Battle Trance","floor":18},{"not_picked":["Headbutt","Hemokinesis"],"picked":"Entrench","floor":19},{"not_picked":["Burning Pact","Heavy Blade","Clash"],"picked":"SKIP","floor":21},{"not_picked":["Iron Wave","Pummel"],"picked":"Rage","floor":24},{"not_picked":["Warcry","Iron Wave"],"picked":"Feed","floor":25},{"not_picked":["Cleave","Thunderclap"],"picked":"Armaments+1","floor":29}],"player_experience":806768,"relics_obtained":[{"floor":6.0,"key":"PreservedInsect"},{"floor":8.0,"key":"Sundial"},{"floor":9.0,"key":"Lantern"},{"floor":10,"key":"The Courier"},{"floor":25,"key":"Pen Nib"},{"floor":26,"key":"Mercury Hourglass"}],"event_choices":[{"cards_removed":["Strike_R"],"damage_healed":0.0,"max_hp_gain":0.0,"max_hp_loss":0.0,"gold_gain":0.0,"event_name":"The Cleric","player_choice":"Card Removal","floor":4.0,"gold_loss":75.0,"damage_taken":0.0},{"damage_healed":0.0,"max_hp_gain":0.0,"max_hp_loss":0.0,"gold_gain":74.0,"event_name":"Golden Wing","player_choice":"Gained Gold","floor":5.0,"gold_loss":0.0,"damage_taken":0.0},{"damage_healed":0.0,"max_hp_gain":0.0,"max_hp_loss":0.0,"gold_gain":0.0,"cards_transformed":["Strike_R"],"event_name":"Living Wall","player_choice":"Change","floor":7.0,"gold_loss":0.0,"damage_taken":0.0,"cards_obtained":["Power Through"]},{"damage_healed":0,"gold_gain":0,"player_choice":"Upgraded","damage_taken":0,"max_hp_gain":0,"max_hp_loss":0,"event_name":"Upgrade Shrine","floor":14,"gold_loss":0,"cards_upgraded":["Flame Barrier"]},{"damage_healed":0,"gold_gain":0,"player_choice":"Fight","damage_taken":0,"max_hp_gain":0,"max_hp_loss":0,"event_name":"Colosseum","floor":27,"gold_loss":0},{"damage_healed":0,"gold_gain":0,"player_choice":"Fled From Nobs","damage_taken":0,"max_hp_gain":0,"max_hp_loss":0,"event_name":"Colosseum","floor":27,"gold_loss":0}],"is_beta":false,"boss_relics":[{"not_picked":["Sozu","Runic Pyramid"],"picked":"Pandora\u0027s Box"}],"items_purged_floors":[],"is_endless":false,"potions_floor_spawned":[1,3,10,11,16,24,27,29],"killed_by":"Automaton","ascension_level":15}}