{"host":"ccw6t0i2dpm5wyxf","time":1610891578,"event":{"mods":["BaseMod","Colored Map","Minty Spire (QoL Compilation)","Permanent Neow"],"gold_per_floor":[110,285,285,19,35,64,64,95,146,146,28,59,71,21,21,126,126,144,44,44,59,59,59,91,103,174,174,193,293,322,340,340,435,435,448,448,464,464,64,92,145,174,226,226,226,226,226,226,76,104,104,104],"floor_reached":51,"language":"ENG","playtime":1799,"items_purged":["Regret","Defend_G"],"score":1023,"play_id":"a00f8419-5187-4aef-aee6-7c5286bc5828","local_time":"20210117075258","is_ascension_mode":true,"campfire_choices":[{"floor":7,"key":"REST"},{"floor":15,"key":"REST"},{"floor":23,"key":"REST"},{"floor":27,"key":"REST"},{"data":"Infinite Blades","floor":32,"key":"SMITH"},{"floor":44,"key":"RECALL"},{"data":"Cloak And Dagger","floor":48,"key":"SMITH"}],"circlet_count":0,"master_deck":["Strike_G","Strike_G+1","Strike_G+1","Strike_G","Defend_G","Defend_G","Defend_G","Defend_G","Survivor","Neutralize","Accuracy","Blade Dance","Blade Dance","Blade Dance","Prepared","Cloak And Dagger+1","Cloak And Dagger","Accuracy","Adrenaline","Cloak And Dagger","Blade Dance","Storm of Steel","Well Laid Plans","Masterful Stab+1","Choke+1","Deflect","Finisher+1","Footwork","Flying Knee+1","Infinite Blades+1","Tools of the Trade","Prepared+1","Finisher+1","Backflip","Accuracy+1","Choke+1"],"relics":["Black Star","Dream Catcher","DollysMirror","Lantern","Darkstone Periapt","Art of War","Matryoshka","Nunchaku","MealTicket","Molten Egg 2","Regal Pillow","HoveringKite","Bird Faced Urn","Whetstone","Bronze Scales","Mercury Hourglass","Meat on the Bone","Oddly Smooth Stone","Sozu","Kunai","Lee\u0027s Waffle","Mango","Lizard Tail","TungstenRod","Blood Vial","Paper Crane","Anchor","Letter Opener","Ice Cream"],"acts_visited":["Exordium","TheCity","TheBeyond","TheEnding"],"potions_floor_usage":[6,16,24,24,33,38],"damage_taken":[{"damage":0,"enemies":"2 Louse","floor":1,"turns":5},{"damage":7,"enemies":"Jaw Worm","floor":5,"turns":2},{"damage":12,"enemies":"Gremlin Nob","floor":6,"turns":3},{"damage":46,"enemies":"Lagavulin","floor":8,"turns":6},{"damage":15,"enemies":"3 Sentries","floor":12,"turns":6},{"damage":0,"enemies":"Cultist","floor":13,"turns":2},{"damage":26,"enemies":"Hexaghost","floor":16,"turns":6},{"damage":12,"enemies":"Chosen","floor":18,"turns":4},{"damage":16,"enemies":"Shell Parasite","floor":21,"turns":4},{"damage":1,"enemies":"Slavers","floor":24,"turns":4},{"damage":25,"enemies":"Chosen and Byrds","floor":25,"turns":5},{"damage":0,"enemies":"Snake Plant","floor":28,"turns":2},{"damage":12,"enemies":"Gremlin Leader","floor":30,"turns":3},{"damage":0,"enemies":"Snecko","floor":31,"turns":3},{"damage":9,"enemies":"Collector","floor":33,"turns":6},{"damage":45,"enemies":"3 Darklings","floor":35,"turns":5},{"damage":11,"enemies":"Orb Walker","floor":37,"turns":3},{"damage":27,"enemies":"Writhing Mass","floor":38,"turns":2},{"damage":13,"enemies":"Reptomancer","floor":40,"turns":6},{"damage":20,"enemies":"2 Orb Walkers","floor":41,"turns":3},{"damage":39,"enemies":"Giant Head","floor":42,"turns":7},{"damage":72,"enemies":"Donu and Deca","floor":46,"turns":7},{"damage":37,"enemies":"Shield and Spear","floor":50,"turns":5},{"damage":141,"enemies":"The Heart","floor":51,"turns":5}],"seed_played":"-6642775276787017062","potions_obtained":[{"floor":1,"key":"LiquidMemories"},{"floor":5,"key":"SmokeBomb"},{"floor":13,"key":"Fire Potion"},{"floor":18,"key":"CunningPotion"},{"floor":21,"key":"Block Potion"},{"floor":30,"key":"Fire Potion"}],"is_trial":false,"path_per_floor":["M","?","?","$","M","E","R","E","T","?","$","E","M","?","R","B",null,"M","$","?","M","?","R","E","M","T","R","M","?","E","M","R","B",null,"M","?","M","M","$","E","?","E","T","R","?","B",null,"R","$","E","B"],"character_chosen":"THE_SILENT","items_purchased":["Blade Dance","DollysMirror","Cloak And Dagger","Accuracy","Kunai","Lee\u0027s Waffle","Anchor"],"campfire_rested":4,"item_purchase_floors":[4,4,11,11,39,39,49],"current_hp_per_floor":[70,70,70,70,63,51,70,24,24,17,32,17,17,17,53,27,70,58,70,70,54,54,70,69,46,46,70,70,70,62,68,68,63,70,41,41,36,23,77,84,72,57,57,57,57,13,91,91,91,58,0,0],"gold":104,"neow_bonus":"BOSS_RELIC","is_daily":false,"chose_seed":false,"campfire_upgraded":2,"win_rate":0.0,"timestamp":1610891578,"path_taken":["M","?","?","?","?","E","R","E","T","?","$","E","M","?","R","BOSS","M","$","?","?","?","R","E","M","T","R","M","?","E","?","R","BOSS","M","?","M","?","$","E","?","E","T","R","?","BOSS","R","$","E","BOSS"],"items_purchased_type":["Card","Relic","Card","Card","Relic","Relic","Relic"],"build_version":"2020-12-22","purchased_purges":2,"victory":false,"max_hp_per_floor":[70,70,70,70,70,70,70,70,70,70,70,70,70,70,70,70,70,70,70,70,70,70,70,70,70,70,70,70,70,70,70,70,70,70,70,70,70,70,77,91,91,91,91,91,91,91,91,91,91,91,91,91],"card_choices":[{"not_picked":["Deflect","Backflip"],"picked":"Accuracy","floor":1},{"not_picked":["Slice","All Out Attack"],"picked":"Blade Dance","floor":5},{"not_picked":["Crippling Poison","Caltrops"],"picked":"Prepared","floor":6},{"not_picked":["Dagger Spray","Flying Knee"],"picked":"Cloak And Dagger","floor":7},{"not_picked":["Flechettes","Acrobatics"],"picked":"Bouncing Flask","floor":8},{"not_picked":["Dodge and Roll","Terror"],"picked":"Adrenaline","floor":12},{"not_picked":["All Out Attack+1","Bane+1"],"picked":"Cloak And Dagger","floor":13},{"not_picked":["Dodge and Roll","Finisher+1"],"picked":"Blade Dance","floor":15},{"not_picked":["Unload+1","Doppelganger"],"picked":"Storm of Steel","floor":16},{"not_picked":["Dodge and Roll","Sucker Punch+1"],"picked":"Well Laid Plans","floor":18},{"not_picked":["All Out Attack+1","Backflip"],"picked":"Masterful Stab+1","floor":21},{"not_picked":["Blade Dance+1","Dagger Spray+1"],"picked":"Choke+1","floor":23},{"not_picked":["Doppelganger","Setup"],"picked":"Deflect","floor":24},{"not_picked":["Slice+1","Dodge and Roll"],"picked":"Finisher+1","floor":25},{"not_picked":["Flying Knee+1","Poisoned Stab+1"],"picked":"Footwork","floor":27},{"not_picked":["Dagger Throw+1","Sucker Punch+1","Bouncing Flask"],"picked":"SKIP","floor":28},{"not_picked":["Setup","Die Die Die+1"],"picked":"Flying Knee+1","floor":30},{"not_picked":["Reflex","Cloak And Dagger"],"picked":"Infinite Blades","floor":31},{"not_picked":["Bullet Time","Die Die Die+1"],"picked":"Tools of the Trade","floor":33},{"not_picked":["Quick Slash+1","Crippling Poison"],"picked":"Prepared+1","floor":35},{"not_picked":["Concentrate+1","Outmaneuver"],"picked":"Finisher+1","floor":37},{"not_picked":["Dagger Spray+1","Acrobatics+1"],"picked":"Backflip","floor":40},{"not_picked":["Finisher+1","Crippling Poison"],"picked":"Accuracy+1","floor":42},{"not_picked":["Flying Knee+1","Quick Slash+1"],"picked":"Choke+1","floor":50}],"player_experience":276244,"relics_obtained":[{"floor":6,"key":"Lantern"},{"floor":6,"key":"Darkstone Periapt"},{"floor":8,"key":"Art of War"},{"floor":8,"key":"Matryoshka"},{"floor":9,"key":"Nunchaku"},{"floor":9,"key":"MealTicket"},{"floor":12,"key":"Molten Egg 2"},{"floor":12,"key":"Regal Pillow"},{"floor":24,"key":"Bird Faced Urn"},{"floor":24,"key":"Whetstone"},{"floor":26,"key":"Bronze Scales"},{"floor":26,"key":"Mercury Hourglass"},{"floor":30,"key":"Meat on the Bone"},{"floor":30,"key":"Oddly Smooth Stone"},{"floor":40,"key":"Mango"},{"floor":40,"key":"Lizard Tail"},{"floor":41,"key":"TungstenRod"},{"floor":42,"key":"Blood Vial"},{"floor":42,"key":"Paper Crane"},{"floor":50,"key":"Letter Opener"},{"floor":50,"key":"Ice Cream"}],"event_choices":[{"damage_healed":0,"gold_gain":175,"player_choice":"AGREE","damage_taken":0,"max_hp_gain":0,"max_hp_loss":0,"event_name":"Liars Game","floor":2,"gold_loss":0,"cards_obtained":["Doubt"]},{"damage_healed":0,"gold_gain":0,"player_choice":"Box","damage_taken":0,"relics_obtained":["Dream Catcher"],"max_hp_gain":0,"max_hp_loss":0,"event_name":"Big Fish","floor":3,"gold_loss":0,"cards_obtained":["Regret"]},{"cards_removed":["Doubt"],"damage_healed":0,"gold_gain":0,"player_choice":"Card Removal","damage_taken":7,"max_hp_gain":0,"max_hp_loss":0,"event_name":"Golden Wing","floor":10,"gold_loss":0},{"cards_removed":["Strike_G"],"damage_healed":0,"gold_gain":0,"player_choice":"Card Removal","damage_taken":0,"max_hp_gain":0,"max_hp_loss":0,"event_name":"The Cleric","floor":14,"gold_loss":50},{"cards_removed":["Bouncing Flask"],"damage_healed":0,"gold_gain":0,"player_choice":"Offered Uncommon","damage_taken":0,"max_hp_gain":0,"max_hp_loss":0,"event_name":"Bonfire Elementals","floor":20,"gold_loss":0},{"damage_healed":0,"gold_gain":0,"player_choice":"Ignored","damage_taken":0,"max_hp_gain":0,"max_hp_loss":0,"event_name":"Ghosts","floor":22,"gold_loss":0},{"damage_healed":0,"gold_gain":100,"player_choice":"Pray","damage_taken":0,"max_hp_gain":0,"max_hp_loss":0,"event_name":"Golden Shrine","floor":29,"gold_loss":0},{"damage_healed":0,"gold_gain":0,"player_choice":"Bought 0 Potions","damage_taken":0,"max_hp_gain":0,"max_hp_loss":0,"event_name":"The Woman in Blue","floor":36,"gold_loss":0},{"damage_healed":0,"gold_gain":0,"player_choice":"Fight","damage_taken":0,"max_hp_gain":0,"max_hp_loss":0,"event_name":"Mysterious Sphere","floor":41,"gold_loss":0},{"damage_healed":0,"gold_gain":0,"player_choice":"Took Portal","damage_taken":0,"max_hp_gain":0,"max_hp_loss":0,"event_name":"SecretPortal","floor":45,"gold_loss":0}],"is_beta":false,"boss_relics":[{"not_picked":["Calling Bell","Cursed Key"],"picked":"HoveringKite"},{"not_picked":["SacredBark","Runic Dome"],"picked":"Sozu"}],"items_purged_floors":[4,19],"is_endless":false,"potions_floor_spawned":[1,5,13,18,21,30,38,40,42,50],"killed_by":"The Heart","ascension_level":4}}