{"host":"iywctd57wjay9zw1","time":1610856966,"event":{"mods":["AlwaysNeverKeys","BaseMod","Colored Map","Colored Powertips","Fox Events","Googly Eyes","Minty Spire (QoL Compilation)","StSLib"],"gold_per_floor":[117,127,302,2,15,48,61,79,79,79,79,123,123,144,144,250,250,278,134,134,177,177,177,191,220,244,271,281,281,303,303,303,415,415,432,17,17,17,70,94,94,119,119,140,140,190,209,223,223,223,223],"floor_reached":50,"language":"ENG","playtime":3776,"items_purged":["Doubt","Defend_R"],"score":522,"play_id":"974a23c5-f7f3-4c41-932f-32a7ad946e1e","local_time":"20210116211606","is_ascension_mode":false,"campfire_choices":[{"floor":11,"key":"REST"},{"data":"Discovery","floor":13,"key":"SMITH"},{"data":"Anger","floor":15,"key":"SMITH"},{"floor":23,"key":"REST"},{"floor":29,"key":"REST"},{"data":"Demon Form","floor":32,"key":"SMITH"},{"floor":41,"key":"REST"},{"data":"Infernal Blade","floor":45,"key":"SMITH"},{"floor":49,"key":"REST"}],"circlet_count":0,"master_deck":["Strike_R","Strike_R","Strike_R","Strike_R","Defend_R","Defend_R","Defend_R","Bash","Discovery+1","Shockwave","Spot Weakness","Shrug It Off","Iron Wave","Shrug It Off","Pommel Strike","Wild Strike","Anger+1","Demon Form+1","Armaments","Inflame","Armaments+1","Perfected Strike+1","Iron Wave+1","Brutality","Thinking Ahead+1","Cleave","Infernal Blade+1"],"relics":["Burning Blood","Gremlin Horn","Akabeko","CeramicFish","Bag of Marbles","Question Card","Mark of Pain","Red Mask","NlothsMask","HornCleat","Strawberry","Runic Pyramid","Juzu Bracelet","Incense Burner","Happy Flower","Gambling Chip","FossilizedHelix"],"acts_visited":["Exordium","TheCity","TheBeyond"],"potions_floor_usage":[8,12,16,18,28,33,33,39,50],"damage_taken":[{"damage":5,"enemies":"Jaw Worm","floor":1,"turns":4},{"damage":1,"enemies":"2 Louse","floor":2,"turns":3},{"damage":0,"enemies":"Small Slimes","floor":5,"turns":5},{"damage":45,"enemies":"Lagavulin","floor":6,"turns":9},{"damage":5,"enemies":"2 Fungi Beasts","floor":7,"turns":5},{"damage":0,"enemies":"Lots of Slimes","floor":8,"turns":3},{"damage":22,"enemies":"Gremlin Nob","floor":12,"turns":5},{"damage":1,"enemies":"Exordium Wildlife","floor":14,"turns":3},{"damage":37,"enemies":"The Guardian","floor":16,"turns":12},{"damage":3,"enemies":"Shell Parasite","floor":18,"turns":3},{"damage":23,"enemies":"Masked Bandits","floor":21,"turns":4},{"damage":19,"enemies":"Spheric Guardian","floor":24,"turns":5},{"damage":0,"enemies":"Slavers","floor":25,"turns":1},{"damage":5,"enemies":"Snake Plant","floor":27,"turns":3},{"damage":24,"enemies":"Cultist and Chosen","floor":28,"turns":7},{"damage":18,"enemies":"Centurion and Healer","floor":30,"turns":4},{"damage":41,"enemies":"Automaton","floor":33,"turns":8},{"damage":15,"enemies":"Orb Walker","floor":35,"turns":4},{"damage":79,"enemies":"2 Orb Walkers","floor":39,"turns":7},{"damage":9,"enemies":"3 Shapes","floor":40,"turns":5},{"damage":0,"enemies":"Jaw Worm Horde","floor":44,"turns":3},{"damage":6,"enemies":"Mind Bloom Boss Battle","floor":46,"turns":6},{"damage":10,"enemies":"Spire Growth","floor":47,"turns":5},{"damage":8,"enemies":"Maw","floor":48,"turns":8},{"damage":78,"enemies":"Awakened One","floor":50,"turns":8}],"seed_played":"-9051122907812259873","potions_obtained":[{"floor":6,"key":"Swift Potion"},{"floor":7,"key":"FearPotion"},{"floor":8,"key":"Weak Potion"},{"floor":16,"key":"BlessingOfTheForge"},{"floor":18,"key":"Dexterity Potion"},{"floor":27,"key":"SpeedPotion"},{"floor":28,"key":"Explosive Potion"},{"floor":35,"key":"EssenceOfSteel"},{"floor":44,"key":"BlessingOfTheForge"}],"is_trial":false,"path_per_floor":["M","M","?","$","M","E","M","M","T","?","R","E","R","M","R","B",null,"M","$","?","?","?","R","M","E","T","M","M","R","M","T","R","B",null,"M","$","?","?","?","M","R","T","T","M","R","?","M","M","R","B"],"character_chosen":"IRONCLAD","items_purchased":["Gremlin Horn","Shrug It Off","Inflame","Juzu Bracelet","Thinking Ahead"],"campfire_rested":5,"item_purchase_floors":[4,4,19,36,36],"current_hp_per_floor":[80,80,80,80,80,41,42,48,48,45,69,53,53,58,58,27,80,80,80,65,48,48,73,60,66,66,67,49,74,62,69,69,34,92,83,83,83,83,10,7,34,34,34,40,40,40,36,34,61,0,0],"gold":223,"neow_bonus":"RANDOM_COLORLESS","is_daily":false,"chose_seed":false,"campfire_upgraded":4,"win_rate":0.0,"timestamp":1610856966,"path_taken":["M","M","?","$","M","E","M","M","T","?","R","E","R","M","R","BOSS","M","$","?","?","?","R","M","E","T","M","?","R","M","?","R","BOSS","M","$","?","?","?","M","R","?","T","M","R","?","M","M","R","BOSS"],"items_purchased_type":["Relic","Card","Card","Relic","Card"],"build_version":"2020-12-22","purchased_purges":2,"victory":false,"max_hp_per_floor":[80,80,80,80,80,80,80,80,80,80,80,80,80,80,80,80,80,80,80,85,85,85,85,85,85,85,85,85,85,85,92,92,92,92,92,92,92,92,92,92,92,92,92,92,92,92,92,92,92,92,92],"card_choices":[{"not_picked":["Impatience","Panacea"],"picked":"Discovery","floor":0},{"not_picked":["Rupture","Clothesline"],"picked":"Shockwave","floor":1},{"not_picked":["Rage","Power Through"],"picked":"Spot Weakness","floor":2},{"not_picked":["Shrug It Off","Rupture"],"picked":"Iron Wave","floor":5},{"not_picked":["Brutality","Clash"],"picked":"Shrug It Off","floor":6},{"not_picked":["Reckless Charge","Sword Boomerang"],"picked":"Pommel Strike","floor":7},{"not_picked":["Thunderclap","Reckless Charge","Havoc"],"picked":"SKIP","floor":8},{"not_picked":["Pommel Strike","Power Through"],"picked":"Wild Strike","floor":12},{"not_picked":["Iron Wave","Headbutt","Pommel Strike"],"picked":"Anger","floor":14},{"not_picked":["Immolate","Bludgeon","Berserk"],"picked":"Demon Form","floor":16},{"not_picked":["Clothesline","Iron Wave+1","Headbutt+1"],"picked":"Armaments","floor":18},{"not_picked":["Metallicize+1","Clash","Headbutt"],"picked":"Armaments+1","floor":21},{"not_picked":["Clash","Thunderclap+1","Intimidate","Shrug It Off+1"],"picked":"SKIP","floor":24},{"not_picked":["Spot Weakness","Barricade","Twin Strike+1","Shrug It Off"],"picked":"SKIP","floor":25},{"not_picked":["Thunderclap","Armaments+1","Iron Wave"],"picked":"Perfected Strike+1","floor":27},{"not_picked":["Fire Breathing","Sword Boomerang","Armaments","Twin Strike"],"picked":"SKIP","floor":28},{"not_picked":["Armaments","Clash","Power Through"],"picked":"Iron Wave+1","floor":30},{"not_picked":["Fiend Fire","Bludgeon","Barricade"],"picked":"Brutality","floor":33},{"not_picked":["Uppercut","Thunderclap+1","Anger+1","Sever Soul"],"picked":"SKIP","floor":35},{"not_picked":["Pommel Strike+1","Headbutt","Searing Blow+1"],"picked":"Cleave","floor":40},{"not_picked":["Pummel","Barricade","Inflame"],"picked":"Infernal Blade","floor":44},{"not_picked":["Perfected Strike","Flex","Iron Wave+1","Anger"],"picked":"SKIP","floor":47},{"not_picked":["Clash+1","Cleave+1","Sever Soul+1","Warcry"],"picked":"SKIP","floor":48}],"player_experience":407014,"relics_obtained":[{"floor":6,"key":"Akabeko"},{"floor":9,"key":"CeramicFish"},{"floor":12,"key":"Question Card"},{"floor":21,"key":"Red Mask"},{"floor":25,"key":"HornCleat"},{"floor":31,"key":"Strawberry"},{"floor":39,"key":"Incense Burner"},{"floor":42,"key":"Happy Flower"},{"floor":43,"key":"Gambling Chip"},{"floor":46,"key":"FossilizedHelix"}],"event_choices":[{"damage_healed":0,"gold_gain":175,"player_choice":"AGREE","damage_taken":0,"max_hp_gain":0,"max_hp_loss":0,"event_name":"Liars Game","floor":3,"gold_loss":0,"cards_obtained":["Doubt"]},{"damage_healed":0,"gold_gain":0,"player_choice":"Success","damage_taken":3,"relics_obtained":["Bag of Marbles"],"max_hp_gain":0,"max_hp_loss":0,"event_name":"Scrap Ooze","floor":10,"gold_loss":0},{"damage_healed":0,"gold_gain":0,"player_choice":"Shed Blood","damage_taken":20,"max_hp_gain":5,"max_hp_loss":0,"event_name":"Forgotten Altar","floor":20,"gold_loss":0},{"damage_healed":0,"gold_gain":0,"player_choice":"Fought Bandits","damage_taken":0,"max_hp_gain":0,"max_hp_loss":0,"event_name":"Masked Bandits","floor":21,"gold_loss":0},{"damage_healed":0,"gold_gain":0,"player_choice":"Trade","damage_taken":0,"relics_obtained":["NlothsMask"],"max_hp_gain":0,"max_hp_loss":0,"event_name":"FaceTrader","floor":22,"gold_loss":0},{"damage_healed":0,"gold_gain":0,"player_choice":"Forge","damage_taken":0,"max_hp_gain":0,"max_hp_loss":0,"event_name":"Accursed Blacksmith","floor":37,"gold_loss":0,"cards_upgraded":["Thinking Ahead"]},{"cards_removed":["Strike_R"],"damage_healed":0,"gold_gain":0,"player_choice":"Removed Attack","damage_taken":0,"max_hp_gain":0,"max_hp_loss":0,"event_name":"Falling","floor":38,"gold_loss":0},{"damage_healed":0,"gold_gain":0,"player_choice":"Fight","damage_taken":0,"max_hp_gain":0,"max_hp_loss":0,"event_name":"Mysterious Sphere","floor":39,"gold_loss":0},{"damage_healed":0,"gold_gain":0,"player_choice":"Fight","damage_taken":0,"max_hp_gain":0,"max_hp_loss":0,"event_name":"MindBloom","floor":46,"gold_loss":0}],"is_beta":false,"boss_relics":[{"not_picked":["Astrolabe","Black Star"],"picked":"Mark of Pain"},{"not_picked":["Fusion Hammer","SacredBark"],"picked":"Runic Pyramid"}],"items_purged_floors":[19,36],"is_endless":false,"potions_floor_spawned":[6,7,8,16,18,27,28,35,44],"killed_by":"Awakened One","ascension_level":0}}