{"host":"5dow3bd5jfgo9g35","time":1610912370,"event":{"mods":["AchievementEnabler","BaseMod","Colored Powertips","Minty Spire (QoL Compilation)","Quick Restart"],"gold_per_floor":[117,117,129,129,140,140,173,173,173,208,208,233,233,65,65,168,168,183,183,458,473,486,515,515,550,550,550,550,550],"floor_reached":28,"language":"ENG","playtime":2571,"items_purged":["Strike_B"],"score":386,"play_id":"77a7d9a5-bdd4-40e7-bb05-151544169e4b","local_time":"20210117143930","is_ascension_mode":true,"campfire_choices":[{"data":"Steam","floor":6,"key":"SMITH"},{"data":"Dualcast","floor":8,"key":"SMITH"},{"data":"Loop","floor":11,"key":"SMITH"},{"data":"Rainbow","floor":15,"key":"SMITH"},{"data":"Finesse","floor":24,"key":"SMITH"},{"data":"Stack","floor":27,"key":"SMITH"}],"circlet_count":0,"master_deck":["Strike_B","Defend_B","Defend_B","Defend_B","Zap+1","Dualcast+1","Loop+1","Cold Snap","Steam+1","Beam Cell","Ball Lightning","Rainbow+1","Finesse+1","Machine Learning","Self Repair+1","Lockon+1","Double Energy+1","Conserve Battery","Regret","Stack+1","Beam Cell+1","Self Repair","Steam Power+1"],"relics":["Cracked Core","InkBottle","Happy Flower","White Beast Statue","Lantern","Juzu Bracelet","Astrolabe","Nilry\u0027s Codex","Pantograph","TungstenRod","Question Card"],"acts_visited":["Exordium","TheCity"],"potions_floor_usage":[1,10,10,12,13,21,21,23,25,25,28],"damage_taken":[{"damage":5,"enemies":"Small Slimes","floor":1,"turns":3},{"damage":0,"enemies":"Cultist","floor":3,"turns":4},{"damage":0,"enemies":"2 Louse","floor":5,"turns":2},{"damage":27,"enemies":"Lagavulin","floor":7,"turns":8},{"damage":24,"enemies":"3 Sentries","floor":10,"turns":6},{"damage":0,"enemies":"Gremlin Nob","floor":12,"turns":3},{"damage":3,"enemies":"Hexaghost","floor":16,"turns":9},{"damage":12,"enemies":"Chosen","floor":18,"turns":5},{"damage":18,"enemies":"3 Byrds","floor":21,"turns":5},{"damage":5,"enemies":"Centurion and Healer","floor":22,"turns":6},{"damage":54,"enemies":"Book of Stabbing","floor":23,"turns":6},{"damage":17,"enemies":"Gremlin Leader","floor":25,"turns":8},{"damage":27,"enemies":"Snecko","floor":28,"turns":3}],"seed_played":"4031594001658797162","potions_obtained":[{"floor":1,"key":"EntropicBrew"},{"floor":10,"key":"Ancient Potion"},{"floor":12,"key":"SpeedPotion"},{"floor":13,"key":"Fruit Juice"},{"floor":13,"key":"EssenceOfSteel"},{"floor":13,"key":"Fire Potion"},{"floor":18,"key":"Regen Potion"},{"floor":21,"key":"Weak Potion"},{"floor":22,"key":"FearPotion"},{"floor":23,"key":"GamblersBrew"},{"floor":25,"key":"DuplicationPotion"}],"is_trial":false,"path_per_floor":["M","?","M","?","M","R","E","R","T","E","R","E","?","$","R","B",null,"M","?","?","M","M","E","R","E","T","R","M"],"character_chosen":"DEFECT","items_purchased":["Finesse"],"campfire_rested":0,"item_purchase_floors":[14],"current_hp_per_floor":[70,63,63,63,63,63,36,36,36,12,12,12,17,17,17,14,80,78,62,62,66,71,27,27,27,27,27,0,0],"gold":550,"neow_bonus":"UPGRADE_CARD","is_daily":false,"chose_seed":false,"campfire_upgraded":6,"win_rate":0.0,"timestamp":1610912370,"path_taken":["M","?","M","?","M","R","E","R","T","E","R","E","?","?","R","BOSS","M","?","?","M","M","E","R","E","T","R","M"],"items_purchased_type":["Card"],"build_version":"2020-12-22","purchased_purges":1,"victory":false,"max_hp_per_floor":[75,75,75,75,75,75,75,75,75,75,75,75,80,80,80,80,80,80,80,80,80,80,80,80,80,80,80,80,80],"card_choices":[{"not_picked":["Melter","Streamline"],"picked":"Loop","floor":1},{"not_picked":["Beam Cell","Blizzard"],"picked":"Cold Snap","floor":3},{"not_picked":["Streamline","Consume"],"picked":"Steam","floor":5},{"not_picked":["Compile Driver","Coolheaded"],"picked":"Beam Cell","floor":7},{"not_picked":["Go for the Eyes","Reprogram"],"picked":"Ball Lightning","floor":10},{"not_picked":["Gash","Cold Snap"],"picked":"Rainbow","floor":12},{"not_picked":["Fission","Hyperbeam"],"picked":"Machine Learning","floor":16},{"not_picked":["Barrage","Steam"],"picked":"Conserve Battery","floor":18},{"not_picked":["Streamline","Barrage+1"],"picked":"Stack","floor":21},{"not_picked":["Coolheaded","Cold Snap"],"picked":"Beam Cell+1","floor":22},{"not_picked":["BootSequence","Barrage"],"picked":"Self Repair","floor":23},{"not_picked":["Chill","Redo+1"],"picked":"Steam Power+1","floor":25}],"player_experience":1012398,"relics_obtained":[{"floor":7,"key":"Happy Flower"},{"floor":9,"key":"White Beast Statue"},{"floor":10,"key":"Lantern"},{"floor":12,"key":"Juzu Bracelet"},{"floor":19,"key":"Nilry\u0027s Codex"},{"floor":23,"key":"Pantograph"},{"floor":25,"key":"TungstenRod"},{"floor":26,"key":"Question Card"}],"event_choices":[{"damage_healed":0,"gold_gain":0,"player_choice":"Success","damage_taken":7,"relics_obtained":["InkBottle"],"max_hp_gain":0,"max_hp_loss":0,"event_name":"Scrap Ooze","floor":2,"gold_loss":0},{"damage_healed":0,"gold_gain":0,"player_choice":"Bought 0 Potions","damage_taken":0,"max_hp_gain":0,"max_hp_loss":0,"event_name":"The Woman in Blue","floor":4,"gold_loss":0},{"damage_healed":0,"gold_gain":0,"player_choice":"Got Potions","damage_taken":0,"max_hp_gain":0,"max_hp_loss":0,"event_name":"Lab","floor":13,"gold_loss":0},{"damage_healed":0,"gold_gain":0,"player_choice":"Obtained Book","damage_taken":16,"max_hp_gain":0,"max_hp_loss":0,"event_name":"Cursed Tome","floor":19,"gold_loss":0},{"damage_healed":0,"gold_gain":275,"player_choice":"Desecrate","damage_taken":0,"max_hp_gain":0,"max_hp_loss":0,"event_name":"Golden Shrine","floor":20,"gold_loss":0,"cards_obtained":["Regret"]}],"is_beta":false,"boss_relics":[{"not_picked":["Velvet Choker","Fusion Hammer"],"picked":"Astrolabe"}],"items_purged_floors":[14],"is_endless":false,"potions_floor_spawned":[1,10,12,16,18,21,22,23,25],"killed_by":"Snecko","ascension_level":4}}