{"host":"gs1893ozzou3j7d3","time":1610859678,"event":{"mods":["BaseMod","Colored Map","DeckTracker","Minty Spire (QoL Compilation)","SuperFastMode","Voiceroid Mod"],"gold_per_floor":[159,216,137,167,218,305,305,305,305],"floor_reached":8,"language":"JPN","playtime":741,"items_purged":[],"score":140,"play_id":"e4554993-ffb1-4264-9041-1f33e82c600f","local_time":"20210117140118","daily_mods":["Hoarder","Shiny","Vintage","Cursed Run","Lethality","Midas","Terminal"],"is_ascension_mode":true,"campfire_choices":[],"circlet_count":0,"master_deck":["Double Tap","Demon Form","Fiend Fire","Berserk","Impervious","Juggernaut","Brutality","Exhume","Offering","Bludgeon","Feed","Limit Break","Corruption","Barricade","Reaper","Immolate","Rupture","Rupture","Rupture","Cleave","Cleave","Cleave","Pain","Pain","Pain"],"relics":["Snecko Eye","Nunchaku","Bag of Preparation","Eternal Feather","Matryoshka","Blue Candle","WarpedTongs"],"acts_visited":["Exordium"],"potions_floor_usage":[],"damage_taken":[{"damage":0,"enemies":"Jaw Worm","floor":1,"turns":1},{"damage":0,"enemies":"Cultist","floor":2,"turns":1},{"damage":0,"enemies":"Small Slimes","floor":4,"turns":2},{"damage":6,"enemies":"2 Fungi Beasts","floor":5,"turns":3},{"damage":0,"enemies":"3 Sentries","floor":6,"turns":1},{"damage":0,"enemies":"Gremlin Nob","floor":8,"turns":1}],"seed_played":"-7587947927927332234","potions_obtained":[{"floor":1,"key":"GamblersBrew"},{"floor":5,"key":"Dexterity Potion"}],"is_trial":true,"path_per_floor":["M","M","$","M","M","E","?","E"],"character_chosen":"IRONCLAD","items_purchased":["Rupture"],"campfire_rested":0,"item_purchase_floors":[3],"current_hp_per_floor":[78,77,76,78,80,82,81,81,81],"gold":305,"neow_bonus":"","is_daily":false,"chose_seed":false,"campfire_upgraded":0,"win_rate":0.0,"timestamp":1610859678,"path_taken":["M","M","$","M","M","E","?","E"],"items_purchased_type":["Card"],"build_version":"2020-12-22","purchased_purges":0,"victory":false,"max_hp_per_floor":[78,77,76,78,80,82,81,81,81],"card_choices":[{"not_picked":["Corruption","Clothesline"],"picked":"Cleave","floor":6}],"player_experience":595181,"relics_obtained":[{"floor":1,"key":"Nunchaku"},{"floor":2,"key":"Bag of Preparation"},{"floor":4,"key":"Eternal Feather"},{"floor":5,"key":"Matryoshka"},{"floor":6,"key":"Blue Candle"}],"event_choices":[{"damage_healed":0,"gold_gain":0,"player_choice":"Rummage","damage_taken":0,"relics_obtained":["WarpedTongs"],"max_hp_gain":0,"max_hp_loss":0,"event_name":"Accursed Blacksmith","floor":7,"gold_loss":0,"cards_obtained":["Pain"]}],"is_beta":false,"boss_relics":[],"items_purged_floors":[],"is_endless":true,"potions_floor_spawned":[1,5],"killed_by":"Gremlin Nob","ascension_level":1}}