{"host":"gzsdmyo07u314vug","time":1610899753,"event":{"mods":["2.2 Compatiblity","Bard","BaseMod","Colored Powertips","GifTheSpireLib","Hermit","Minty Spire (QoL Compilation)","Quick Restart","Rare Cards Sparkle","Relic Stats","Replay The Spire","Robot Space Explorer","Shop Mod","StSLib","The Bug Knight","The Construct","The Elementalist","The Hierophant","The IronCluck","The Marked","The Runesmith","The Servant 0.9.4","Unceasing Turn Reminder","everything is the same but u backflip on backflip","slay the spire mod where everything is the same but ironclad has a cowboy hat","vexMod"],"gold_per_floor":[110,126,126,126,138,138,138,167,167,167,177,26,72,88,88,183,183,195,47,62,82,3,3,17,51,51,51,51,51,51,62,62,174,174,199,199,5,16,16,41,60,60,60,160,182,182,232,232,232,246],"floor_reached":51,"language":"ENG","playtime":4321,"items_purged":["Runesmith:Strike_RS","Runesmith:Strike_RS","Runesmith:Strike_RS"],"score":768,"play_id":"24b117f5-5d61-4c26-b379-1367ce7bdd6c","local_time":"20210117130913","is_ascension_mode":false,"campfire_choices":[{"data":"Runesmith:CraftProtectio","floor":6.0,"key":"SMITH"},{"data":"Runesmith:EnergizedChisel","floor":10.0,"key":"SMITH"},{"data":"Runesmith:CraftMagma","floor":15.0,"key":"SMITH"},{"data":"Runesmith:Augment","floor":23.0,"key":"SMITH"},{"data":"Runesmith:Firestorm","floor":32.0,"key":"SMITH"},{"data":"Runesmith:CraftPrismatica","floor":42,"key":"SMITH"},{"data":"Runesmith:Reinforce","floor":46,"key":"SMITH"},{"data":"Runesmith:CraftObretio","floor":49,"key":"SMITH"}],"circlet_count":0,"master_deck":["Runesmith:Defend_RS","Runesmith:Defend_RS","Runesmith:Defend_RS","Runesmith:Defend_RS","Runesmith:CraftFirestone","Runesmith:Fortify","Runesmith:EarthShield","Runesmith:EnergizedChisel+1","Runesmith:NanitesCloud","Runesmith:CraftProtectio+1","Runesmith:Overpower","Runesmith:GoWithTheFlow","Runesmith:CraftProtectio","Runesmith:EarthShield","Runesmith:CraftVitae","Runesmith:CraftMagma+1","Runesmith:RuneHurl","Runesmith:Augment+1","Runesmith:PerfectChisel+1","Runesmith:GoWithTheFlow","Runesmith:Superposition+1","Runesmith:Firestorm+1","Runesmith:CraftObretio+1","Runesmith:CraftPrismatica+1","Runesmith:CraftSpiculum+1","Runesmith:Reinforce+1","Runesmith:ElementalConversion+1","Runesmith:Grindstone","Runesmith:CraftObretio+1","Runesmith:Firestorm+1"],"relics":["Runesmith:CoreCrystal","NeowsBlessing","vexMod:ConsolationPrize","Blue Candle","Odd Mushroom","Runesmith:UraniumAnvil","Ornamental Fan","Incense Burner","Blood Vial","Golden Egg"],"acts_visited":["Exordium","TheCity","TheBeyond"],"potions_floor_usage":[40,50,50],"damage_taken":[{"damage":0.0,"enemies":"2 Louse","floor":1.0,"turns":2.0},{"damage":0.0,"enemies":"Cultist","floor":2.0,"turns":1.0},{"damage":0.0,"enemies":"Small Slimes","floor":5.0,"turns":1.0},{"damage":2.0,"enemies":"Lagavulin","floor":8.0,"turns":11.0},{"damage":0.0,"enemies":"2 Fungi Beasts","floor":11.0,"turns":3.0},{"damage":17.0,"enemies":"The Mushroom Lair","floor":13.0,"turns":6.0},{"damage":0.0,"enemies":"Looter","floor":14.0,"turns":3.0},{"damage":0.0,"enemies":"The Guardian","floor":16.0,"turns":12.0},{"damage":0.0,"enemies":"3 Byrds","floor":18.0,"turns":7.0},{"damage":0.0,"enemies":"Spheric Guardian","floor":20.0,"turns":5.0},{"damage":4.0,"enemies":"Centurion and Healer","floor":21.0,"turns":13.0},{"damage":0.0,"enemies":"Shelled Parasite and Fungi","floor":24.0,"turns":6.0},{"damage":0.0,"enemies":"HollowMod:Nosk","floor":25.0,"turns":9.0},{"damage":0.0,"enemies":"Cultist and Chosen","floor":31.0,"turns":7.0},{"damage":8,"enemies":"Champ","floor":33,"turns":14},{"damage":6,"enemies":"Orb Walker","floor":35,"turns":5},{"damage":1,"enemies":"3 Shapes","floor":38,"turns":8},{"damage":0,"enemies":"HollowMod:StalkingDevout","floor":40,"turns":14},{"damage":2,"enemies":"Maw","floor":41,"turns":7},{"damage":5,"enemies":"3 Darklings","floor":45,"turns":8},{"damage":14,"enemies":"Time Eater","floor":50,"turns":13}],"seed_played":"5108605809912788164","potions_obtained":[{"floor":7.0,"key":"Weak Potion"},{"floor":11.0,"key":"Adrenaline Potion"},{"floor":13.0,"key":"LifebloodPotion"},{"floor":25.0,"key":"Dexterity Potion"},{"floor":40,"key":"Explosive Potion"}],"is_trial":false,"path_per_floor":["M","M","?","?","M","R","?","E","T","R","M","$","?","M","R","B",null,"M","$","M","M","$","R","M","E","T","?","?","?","$","M","R","B",null,"M","?","$","M","?","E","M","R","T","?","M","R","?","?","R","B",null],"character_chosen":"RUNESMITH_CLASS","items_purchased":["Runesmith:CraftProtectio","Runesmith:EarthShield","Runesmith:RuneHurl","Runesmith:GoWithTheFlow","Runesmith:Reinforce"],"campfire_rested":0,"item_purchase_floors":[12,12,19,22,37],"current_hp_per_floor":[70,70,70,70,70,70,70,68,68,68,68,68,51,51,51,51,70,70,70,70,66,66,66,66,66,66,66,66,66,66,66,66,58,70,64,64,64,63,63,63,63,63,63,63,60,60,60,60,60,48],"gold":246,"neow_bonus":"THREE_ENEMY_KILL","is_daily":false,"chose_seed":false,"campfire_upgraded":8,"win_rate":0.0,"timestamp":1610899753,"path_taken":["M","M","?","?","?","R","?","E","T","R","M","$","?","M","R","BOSS","M","$","M","M","$","R","M","E","T","?","?","?","?","M","R","BOSS","M","?","$","M","?","E","M","R","T","?","?","R","?","?","R","BOSS"],"items_purchased_type":["Card","Card","Card","Card","Card"],"build_version":"2020-12-22","purchased_purges":3,"victory":true,"max_hp_per_floor":[70,70,70,70,70,70,70,70,70,70,70,70,70,70,70,70,70,70,70,70,70,70,70,70,70,70,70,70,70,70,70,70,70,70,70,70,70,70,66,66,66,66,66,66,66,66,66,66,66,66],"relic_stats":{"Blood Vial":6,"counters":[21,155],"Ornamental Fan":[32],"Blue Candle":[0],"obtain_stats":[{"Blood Vial":40,"Golden Egg":43,"Runesmith:BrokenRuby":0,"NeowsBlessing":0,"Ornamental Fan":25,"vexMod:ConsolationPrize":8,"Blue Candle":9,"Runesmith:UraniumAnvil":17,"Incense Burner":26,"Odd Mushroom":13,"Runesmith:CoreCrystal":34},{"Blood Vial":18,"Golden Egg":19,"Runesmith:BrokenRuby":0,"NeowsBlessing":0,"Ornamental Fan":13,"vexMod:ConsolationPrize":4,"Blue Candle":4,"Runesmith:UraniumAnvil":8,"Incense Burner":13,"Odd Mushroom":6,"Runesmith:CoreCrystal":15},{"Blood Vial":127,"Golden Egg":134,"Runesmith:BrokenRuby":0,"NeowsBlessing":0,"Ornamental Fan":79,"vexMod:ConsolationPrize":15,"Blue Candle":15,"Runesmith:UraniumAnvil":39,"Incense Burner":79,"Odd Mushroom":24,"Runesmith:CoreCrystal":100}]},"card_choices":[{"not_picked":["Runesmith:HeatedChisel","Runesmith:CraftMagma"],"picked":"Runesmith:EarthShield","floor":1.0},{"not_picked":["Runesmith:HeatExchange","Runesmith:HammerThrow"],"picked":"Runesmith:EnergizedChisel","floor":2.0},{"not_picked":["Runesmith:LightningRod","Runesmith:HammerThrow"],"picked":"Runesmith:CraftProtectio","floor":5.0},{"not_picked":["Runesmith:FrozenChisel","Runesmith:Refine"],"picked":"Runesmith:Overpower","floor":8.0},{"not_picked":["Runesmith:Malloc","Runesmith:Overpower"],"picked":"Runesmith:GoWithTheFlow","floor":11.0},{"not_picked":["Runesmith:Terraform","Runesmith:UnstableHammer"],"picked":"Runesmith:CraftVitae","floor":13.0},{"not_picked":["Runesmith:NanitesCloud","Runesmith:BackupBattery"],"picked":"Runesmith:CraftMagma","floor":14.0},{"not_picked":["Runesmith:Terraform","Runesmith:Retool","Runesmith:Repurpose"],"picked":"SKIP","floor":18.0},{"not_picked":["Runesmith:Terraform+1","Runesmith:ShiftingStrike"],"picked":"Runesmith:Augment","floor":20.0},{"not_picked":["Runesmith:BackupBattery+1","Runesmith:Repurpose"],"picked":"Runesmith:PerfectChisel+1","floor":21.0},{"not_picked":["Runesmith:HammerThrow","Runesmith:EnergizedChisel"],"picked":"Runesmith:Superposition+1","floor":24.0},{"not_picked":["Runesmith:HeatExchange","Runesmith:Retool"],"picked":"Runesmith:Firestorm","floor":25.0},{"not_picked":["Runesmith:CraftMagma","Runesmith:HammerTime"],"picked":"Runesmith:CraftObretio","floor":31.0},{"not_picked":["Runesmith:CraftIndustria","Runesmith:Supernova"],"picked":"Runesmith:CraftPrismatica","floor":33},{"not_picked":["Runesmith:RuneHurl+1","Runesmith:CraftProtectio+1"],"picked":"Runesmith:CraftSpiculum+1","floor":35},{"not_picked":["Runesmith:Reinforce","Runesmith:EnergizedChisel","Runesmith:NanitesCloud"],"picked":"SKIP","floor":38},{"not_picked":["Runesmith:CraftSpiculum+1","Runesmith:DoubleUp"],"picked":"Runesmith:ElementalConversion+1","floor":40},{"not_picked":["Runesmith:Empowerment","Runesmith:HeatedChisel+1"],"picked":"Runesmith:Grindstone","floor":41},{"not_picked":["Runesmith:CraftMagma","Runesmith:Discharge+1"],"picked":"Runesmith:CraftObretio+1","floor":45}],"player_experience":688655,"relics_obtained":[{"floor":8.0,"key":"vexMod:ConsolationPrize"},{"floor":9.0,"key":"Blue Candle"},{"floor":13.0,"key":"Odd Mushroom"},{"floor":25.0,"key":"Ornamental Fan"},{"floor":26.0,"key":"Incense Burner"},{"floor":40,"key":"Blood Vial"},{"floor":43,"key":"Golden Egg"}],"event_choices":[{"damage_healed":0.0,"max_hp_gain":0.0,"max_hp_loss":0.0,"gold_gain":0.0,"event_name":"Liars Game","player_choice":"Ignored","floor":3.0,"gold_loss":0.0,"damage_taken":0.0},{"damage_healed":0.0,"max_hp_gain":0.0,"max_hp_loss":0.0,"gold_gain":0.0,"cards_transformed":["Runesmith:Strike_RS"],"event_name":"Transmorgrifier","player_choice":"Transformed","floor":4.0,"gold_loss":0.0,"damage_taken":0.0,"cards_obtained":["Runesmith:NanitesCloud"]},{"damage_healed":0.0,"max_hp_gain":0.0,"max_hp_loss":0.0,"gold_gain":0.0,"event_name":"Mushrooms","player_choice":"Fought Mushrooms","floor":13.0,"gold_loss":0.0,"damage_taken":0.0},{"damage_healed":0.0,"max_hp_gain":0.0,"max_hp_loss":0.0,"gold_gain":0.0,"event_name":"Ghosts","player_choice":"Ignored","floor":29.0,"gold_loss":0.0,"damage_taken":0.0},{"damage_healed":0,"gold_gain":0,"player_choice":"Max HP","damage_taken":0,"max_hp_gain":0,"max_hp_loss":4,"event_name":"Winding Halls","floor":39,"gold_loss":0},{"damage_healed":0,"gold_gain":100,"player_choice":"Pray","damage_taken":0,"max_hp_gain":0,"max_hp_loss":0,"event_name":"Golden Shrine","floor":44,"gold_loss":0},{"damage_healed":0,"gold_gain":0,"player_choice":"Copied","damage_taken":0,"max_hp_gain":0,"max_hp_loss":0,"event_name":"Duplicator","floor":48,"gold_loss":0,"cards_obtained":["Runesmith:Firestorm"]}],"is_beta":false,"boss_relics":[{"not_picked":["Pandora\u0027s Box","vexMod:BigBerry"],"picked":"Runesmith:UraniumAnvil"},{"not_picked":["vexMod:TanglingVine","Replay:Bronze Core"],"picked":"Runesmith:CoreCrystal"}],"items_purged_floors":[12,19,37],"is_endless":false,"potions_floor_spawned":[11,13,14,25,31,33,40,45],"ascension_level":0}}