{"host":"0ueeacaatm8t6jyh","time":1610865394,"event":{"mods":["AchievementEnabler","BaseMod","Colored Powertips","Minty Spire (QoL Compilation)","Quick Restart","Rare Cards Sparkle","Shop Mod","StSLib"],"gold_per_floor":[111,129,54,73,86,86,99,99,152,171,2,41,18,93,93,93,93],"floor_reached":16,"language":"ZHS","playtime":440,"items_purged":["Strike_P","Defend_P"],"score":132,"play_id":"ee37a45c-7801-452b-88dd-9139bc6c6e84","local_time":"20210117143634","is_ascension_mode":true,"campfire_choices":[{"data":"Eruption","floor":6.0,"key":"SMITH"},{"floor":8.0,"key":"RECALL"},{"floor":15.0,"key":"REST"}],"circlet_count":0,"master_deck":["Strike_P","Strike_P","Strike_P","Defend_P","Defend_P","Defend_P","Eruption+1","Vigilance","Prostrate","Evaluate","Indignation","Blasphemy","Wish","Consecrate","BowlingBash"],"relics":["PureWater","NeowsBlessing","Anchor"],"acts_visited":["Exordium"],"potions_floor_usage":[16],"damage_taken":[{"damage":0.0,"enemies":"Cultist","floor":1.0,"turns":1.0},{"damage":0.0,"enemies":"Jaw Worm","floor":2.0,"turns":1.0},{"damage":0.0,"enemies":"2 Louse","floor":4.0,"turns":2.0},{"damage":0.0,"enemies":"Blue Slaver","floor":5.0,"turns":5.0},{"damage":4.0,"enemies":"3 Louse","floor":7.0,"turns":4.0},{"damage":4.0,"enemies":"Red Slaver","floor":10.0,"turns":2.0},{"damage":42.0,"enemies":"Exordium Thugs","floor":12.0,"turns":5.0},{"damage":42,"enemies":"The Guardian","floor":16,"turns":5}],"seed_played":"-99135942846793551","potions_obtained":[{"floor":1.0,"key":"LiquidBronze"},{"floor":2.0,"key":"LiquidBronze"},{"floor":4.0,"key":"Regen Potion"},{"floor":5.0,"key":"SteroidPotion"}],"is_trial":false,"path_per_floor":["M","M","$","M","M","R","M","R","T","M","$","M","$","?","R","B"],"character_chosen":"WATCHER","items_purchased":["Wish","BowlingBash"],"campfire_rested":1,"item_purchase_floors":[11,13],"current_hp_per_floor":[65,65,65,65,65,65,61,61,61,57,57,15,15,4,25,0,0],"gold":93,"neow_bonus":"THREE_ENEMY_KILL","is_daily":false,"chose_seed":false,"campfire_upgraded":1,"win_rate":0.0,"timestamp":1610865394,"path_taken":["M","?","$","?","M","R","M","R","T","M","?","?","$","?","R","BOSS"],"items_purchased_type":["Card","Card"],"build_version":"2020-12-22","purchased_purges":2,"victory":false,"max_hp_per_floor":[72,72,72,72,72,72,72,72,72,72,72,72,72,72,72,72,72],"card_choices":[{"not_picked":["SignatureMove","FlyingSleeves"],"picked":"Prostrate","floor":1.0},{"not_picked":["FollowUp","ClearTheMind","EmptyBody"],"picked":"SKIP","floor":2.0},{"not_picked":["Study","JustLucky","BattleHymn"],"picked":"SKIP","floor":4.0},{"not_picked":["EmptyBody","Consecrate"],"picked":"Evaluate","floor":5.0},{"not_picked":["EmptyFist","EmptyBody"],"picked":"Indignation","floor":7.0},{"not_picked":["BowlingBash","Vengeance"],"picked":"Blasphemy","floor":10.0},{"not_picked":["Halt","ThirdEye"],"picked":"Consecrate","floor":12.0}],"player_experience":381788,"relics_obtained":[{"floor":9.0,"key":"Anchor"}],"event_choices":[{"damage_healed":0.0,"max_hp_gain":0.0,"max_hp_loss":0.0,"gold_gain":75.0,"event_name":"World of Goop","player_choice":"Gather Gold","floor":14.0,"gold_loss":0.0,"damage_taken":11.0}],"is_beta":false,"boss_relics":[],"items_purged_floors":[3,11],"is_endless":false,"potions_floor_spawned":[1,2,4,5],"killed_by":"The Guardian","ascension_level":8}}