{"host":"346rnf4ppo4s0s11","time":1610899453,"event":{"mods":["Aspiration","BaseMod","Energized Spire","Hubris","Minty Spire (QoL Compilation)","StSLib"],"gold_per_floor":[117,117,42,42,62,62,62,88,112,112,129,160,179,179,179,179,179],"floor_reached":16,"language":"ENG","playtime":832,"items_purged":["Strike_G"],"score":133,"play_id":"1b370ea9-26df-409a-9475-3a12882c3888","local_time":"20210117160413","is_ascension_mode":false,"campfire_choices":[{"data":"Deadly Poison","floor":6,"key":"SMITH"},{"data":"Outmaneuver","floor":10,"key":"SMITH"},{"floor":15,"key":"REST"}],"circlet_count":0,"master_deck":["Strike_G","Strike_G","Strike_G","Defend_G","Defend_G","Defend_G","Defend_G","Defend_G","Survivor","Neutralize","Blade Dance+1","Deadly Poison+1","Outmaneuver+1","Flying Knee","Slice","Escape Plan"],"relics":["Ring of the Snake","NeowsBlessing","hubris:SlimyHat","Juzu Bracelet","Matryoshka"],"acts_visited":["Exordium"],"potions_floor_usage":[12],"damage_taken":[{"damage":0,"enemies":"Jaw Worm","floor":1,"turns":1},{"damage":0,"enemies":"Cultist","floor":5,"turns":1},{"damage":0,"enemies":"Gremlin Nob","floor":8,"turns":1},{"damage":7,"enemies":"Small Slimes","floor":11,"turns":3},{"damage":14,"enemies":"3 Sentries","floor":12,"turns":6},{"damage":2,"enemies":"Looter","floor":13,"turns":3},{"damage":65,"enemies":"Hexaghost","floor":16,"turns":10}],"seed_played":"5069820441538540690","potions_obtained":[{"floor":11,"key":"Explosive Potion"},{"floor":12,"key":"Energy Potion"}],"is_trial":false,"path_per_floor":["M","?","$","$","M","R","?","E","T","R","M","E","M","?","R","B"],"character_chosen":"THE_SILENT","items_purchased":[],"campfire_rested":1,"item_purchase_floors":[],"current_hp_per_floor":[70,70,70,70,70,70,70,70,70,70,63,49,47,40,61,0,0],"gold":179,"neow_bonus":"THREE_ENEMY_KILL","is_daily":false,"chose_seed":false,"campfire_upgraded":2,"win_rate":0.0,"timestamp":1610899453,"path_taken":["M","?","?","$","M","R","?","E","T","R","M","E","M","?","R","BOSS"],"items_purchased_type":[],"build_version":"2020-12-22","purchased_purges":1,"victory":false,"max_hp_per_floor":[70,70,70,70,70,70,70,70,70,70,70,70,70,70,70,70,70],"card_choices":[{"not_picked":["Flying Knee","Tactician"],"picked":"Blade Dance","floor":1},{"not_picked":["Quick Slash","Well Laid Plans"],"picked":"Deadly Poison","floor":5},{"not_picked":["Noxious Fumes","Prepared"],"picked":"Outmaneuver","floor":8},{"not_picked":["PiercingWail","hubris:Sniper"],"picked":"Flying Knee","floor":11},{"not_picked":["Prepared","Tools of the Trade"],"picked":"Slice","floor":12},{"not_picked":["Acrobatics","Caltrops"],"picked":"Escape Plan","floor":13}],"player_experience":7422,"relics_obtained":[{"floor":8,"key":"hubris:SlimyHat"},{"floor":9,"key":"Juzu Bracelet"},{"floor":12,"key":"Matryoshka"}],"event_choices":[{"damage_healed":0,"gold_gain":0,"player_choice":"Upgraded","damage_taken":0,"max_hp_gain":0,"max_hp_loss":0,"event_name":"Upgrade Shrine","floor":2,"gold_loss":0,"cards_upgraded":["Blade Dance"]},{"cards_removed":["Strike_G"],"damage_healed":0,"gold_gain":0,"player_choice":"Card Removal","damage_taken":7,"max_hp_gain":0,"max_hp_loss":0,"event_name":"Golden Wing","floor":14,"gold_loss":0}],"is_beta":false,"boss_relics":[],"items_purged_floors":[3],"is_endless":false,"potions_floor_spawned":[11,12],"killed_by":"Hexaghost","ascension_level":0}}