{"host":"wad60ubd84l8p1x5","time":1610880963,"event":{"mods":["AchievementEnabler","BaseMod","Colored Map","Minty Spire (QoL Compilation)","StSLib","SuperFastMode"],"gold_per_floor":[112,112,131,149,224,224,258,258,258,42,55,73,85,98,98,203,203,216,231,231,247,93,93,93,93,93,93,120,20,20,120,120,219,219,239,239,255,69,85,119,119,146,146,146,156,156,156,175,175,175,175,175,50,82,82],"floor_reached":56,"language":"KOR","playtime":2850,"items_purged":["Strike_B","Strike_B","Parasite"],"score":1325,"play_id":"27cb9184-0770-4b46-9d7b-10038a65741c","local_time":"20210117195603","is_ascension_mode":false,"campfire_choices":[{"data":"Gash","floor":6.0,"key":"SMITH"},{"data":"Dualcast","floor":8.0,"key":"SMITH"},{"data":"Gash","floor":15.0,"key":"SMITH"},{"floor":23.0,"key":"REST"},{"data":"Reprogram","floor":25.0,"key":"SMITH"},{"data":"Gash","floor":27.0,"key":"SMITH"},{"data":"Buffer","floor":32.0,"key":"SMITH"},{"floor":44.0,"key":"RECALL"},{"data":"Madness","floor":47.0,"key":"SMITH"},{"data":"Reboot","floor":49.0,"key":"SMITH"},{"data":"Go for the Eyes","floor":52.0,"key":"SMITH"}],"circlet_count":0,"master_deck":["Strike_B","Defend_B","Defend_B","Defend_B","Zap+1","Dualcast+1","Compile Driver","Sweeping Beam","Gash+1","BootSequence","Gash+1","Good Instincts","Go for the Eyes+1","Steam","Gash+1","All For One","Steam+1","Reprogram+1","Beam Cell","Sweeping Beam","Buffer+1","Genetic Algorithm","Reboot+1","Steam Power+1","Chill","Scrape+1","Gash","Madness","Madness+1","Gash+1","Steam+1","All For One","Zap"],"relics":["Cracked Core","NeowsBlessing","Bottled Flame","Pen Nib","Black Star","HandDrill","Ancient Tea Set","MealTicket","Pocketwatch","Pantograph","Runic Pyramid","Nunchaku","Letter Opener","Potion Belt","Toy Ornithopter","Anchor","Bottled Tornado","Blood Vial","InkBottle"],"acts_visited":["Exordium","TheCity","TheBeyond","TheEnding"],"potions_floor_usage":[55,55],"damage_taken":[{"damage":0.0,"enemies":"Jaw Worm","floor":1.0,"turns":1.0},{"damage":0.0,"enemies":"Cultist","floor":3.0,"turns":1.0},{"damage":0.0,"enemies":"2 Louse","floor":4.0,"turns":1.0},{"damage":26.0,"enemies":"Gremlin Nob","floor":7.0,"turns":4.0},{"damage":5.0,"enemies":"Large Slime","floor":11.0,"turns":4.0},{"damage":0.0,"enemies":"2 Fungi Beasts","floor":12.0,"turns":2.0},{"damage":3.0,"enemies":"3 Louse","floor":13.0,"turns":3.0},{"damage":0.0,"enemies":"Large Slime","floor":14.0,"turns":4.0},{"damage":24.0,"enemies":"Hexaghost","floor":16.0,"turns":10.0},{"damage":6.0,"enemies":"3 Byrds","floor":18.0,"turns":4.0},{"damage":0.0,"enemies":"Shell Parasite","floor":19.0,"turns":4.0},{"damage":28.0,"enemies":"Cultist and Chosen","floor":21.0,"turns":8.0},{"damage":8.0,"enemies":"Slavers","floor":28.0,"turns":6.0},{"damage":6.0,"enemies":"Colosseum Slavers","floor":31.0,"turns":4.0},{"damage":8.0,"enemies":"Colosseum Nobs","floor":31.0,"turns":4.0},{"damage":8.0,"enemies":"Champ","floor":33.0,"turns":11.0},{"damage":0.0,"enemies":"Orb Walker","floor":35.0,"turns":2.0},{"damage":13.0,"enemies":"3 Darklings","floor":37.0,"turns":5.0},{"damage":0.0,"enemies":"Writhing Mass","floor":39.0,"turns":5.0},{"damage":0.0,"enemies":"Giant Head","floor":40.0,"turns":6.0},{"damage":2.0,"enemies":"Reptomancer","floor":42.0,"turns":5.0},{"damage":0.0,"enemies":"Spire Growth","floor":45.0,"turns":4.0},{"damage":0.0,"enemies":"3 Darklings","floor":48.0,"turns":3.0},{"damage":0.0,"enemies":"Donu and Deca","floor":50.0,"turns":6.0},{"damage":0.0,"enemies":"Shield and Spear","floor":54.0,"turns":4.0},{"damage":6,"enemies":"The Heart","floor":55,"turns":6}],"seed_played":"-6114423540547200566","potions_obtained":[{"floor":7.0,"key":"PowerPotion"},{"floor":11.0,"key":"SpeedPotion"},{"floor":14.0,"key":"FocusPotion"},{"floor":21.0,"key":"AttackPotion"},{"floor":31.0,"key":"Dexterity Potion"},{"floor":37.0,"key":"SteroidPotion"},{"floor":45.0,"key":"SpeedPotion"}],"is_trial":false,"path_per_floor":["M","?","M","M","?","R","E","R","T","$","M","M","M","M","R","B",null,"M","M","?","M","$","R","?","R","T","R","E","$","?","?","R","B",null,"M","?","M","$","M","E","?","E","T","R","M","?","R","M","R","B",null,"R","$","E","B",null],"character_chosen":"DEFECT","items_purchased":["Gash","Good Instincts","HandDrill","Nunchaku","Chill"],"campfire_rested":1,"item_purchase_floors":[10,10,22,38,38],"current_hp_per_floor":[75,75,75,75,64,64,38,38,38,38,33,33,30,30,30,6,75,69,69,55,27,27,51,51,51,51,51,43,58,58,44,44,61,80,80,80,67,80,80,80,70,68,68,68,68,68,68,68,68,80,80,80,77,77,71],"gold":82,"neow_bonus":"THREE_ENEMY_KILL","is_daily":false,"chose_seed":false,"campfire_upgraded":9,"win_rate":0.0,"timestamp":1610880963,"path_taken":["M","?","?","M","?","R","E","R","T","$","M","M","M","M","R","BOSS","M","M","?","M","$","R","?","R","T","R","E","$","?","?","R","BOSS","M","?","M","$","M","E","?","E","T","R","M","?","R","M","R","BOSS","R","$","E","BOSS"],"items_purchased_type":["Card","Card","Relic","Relic","Card"],"build_version":"2020-12-22","purchased_purges":3,"victory":true,"max_hp_per_floor":[75,75,75,75,75,75,75,75,75,75,75,75,75,75,75,75,75,75,75,80,80,80,80,80,80,80,80,80,80,80,80,80,80,80,80,80,80,80,80,80,80,80,80,80,80,80,80,80,80,80,80,80,77,77,77],"card_choices":[{"not_picked":["Cold Snap","Steam"],"picked":"Compile Driver","floor":1.0},{"not_picked":["Conserve Battery","Steam"],"picked":"Sweeping Beam","floor":3.0},{"not_picked":["Melter","Redo"],"picked":"Gash","floor":4.0},{"not_picked":["Rip and Tear","White Noise"],"picked":"BootSequence","floor":7.0},{"not_picked":["Defragment","Hologram"],"picked":"Go for the Eyes","floor":11.0},{"not_picked":["Turbo","Chaos","Biased Cognition"],"picked":"SKIP","floor":12.0},{"not_picked":["Cold Snap","Static Discharge"],"picked":"Steam","floor":13.0},{"not_picked":["Sunder","Skim"],"picked":"Gash","floor":14.0},{"not_picked":["Multi-Cast","Creative AI"],"picked":"All For One","floor":16.0},{"not_picked":["Cold Snap+1","Chaos"],"picked":"Steam+1","floor":18.0},{"not_picked":["BootSequence","Lockon"],"picked":"Reprogram","floor":19.0},{"not_picked":["Turbo","Compile Driver"],"picked":"Beam Cell","floor":21.0},{"not_picked":["Rebound","Static Discharge","Beam Cell"],"picked":"SKIP","floor":28.0},{"not_picked":["Redo","Undo+1"],"picked":"Genetic Algorithm","floor":31.0},{"not_picked":["Electrodynamics","Rainbow"],"picked":"Reboot","floor":33.0},{"not_picked":["Turbo","Doom and Gloom+1"],"picked":"Steam Power+1","floor":35.0},{"not_picked":["Coolheaded+1","Cold Snap","Glacier"],"picked":"SKIP","floor":37.0},{"not_picked":["Barrage+1","Melter+1"],"picked":"Scrape+1","floor":39.0},{"not_picked":["Multi-Cast","Electrodynamics"],"picked":"Gash","floor":40.0},{"not_picked":["Hello World","Storm+1"],"picked":"Gash+1","floor":42.0},{"not_picked":["Compile Driver+1","Barrage"],"picked":"Steam+1","floor":45.0},{"not_picked":["Barrage+1","Storm","Skim"],"picked":"SKIP","floor":48.0},{"not_picked":["Cold Snap+1","Aggregate+1","Redo+1"],"picked":"SKIP","floor":54.0}],"player_experience":88631,"relics_obtained":[{"floor":7.0,"key":"Bottled Flame"},{"floor":9.0,"key":"Pen Nib"},{"floor":28.0,"key":"Ancient Tea Set"},{"floor":28.0,"key":"MealTicket"},{"floor":31.0,"key":"Pocketwatch"},{"floor":31.0,"key":"Pantograph"},{"floor":40.0,"key":"Letter Opener"},{"floor":40.0,"key":"Potion Belt"},{"floor":42.0,"key":"Toy Ornithopter"},{"floor":42.0,"key":"Anchor"},{"floor":43.0,"key":"Bottled Tornado"},{"floor":54.0,"key":"Blood Vial"},{"floor":54.0,"key":"InkBottle"}],"event_choices":[{"damage_healed":0.0,"max_hp_gain":0.0,"max_hp_loss":0.0,"gold_gain":0.0,"event_name":"Upgrade Shrine","player_choice":"Upgraded","floor":2.0,"gold_loss":0.0,"damage_taken":0.0,"cards_upgraded":["Zap"]},{"damage_healed":0.0,"max_hp_gain":0.0,"max_hp_loss":0.0,"gold_gain":75.0,"event_name":"World of Goop","player_choice":"Gather Gold","floor":5.0,"gold_loss":0.0,"damage_taken":11.0},{"damage_healed":0.0,"max_hp_gain":5.0,"max_hp_loss":0.0,"gold_gain":0.0,"event_name":"Forgotten Altar","player_choice":"Shed Blood","floor":20.0,"gold_loss":0.0,"damage_taken":19.0},{"damage_healed":0.0,"max_hp_gain":0.0,"max_hp_loss":0.0,"gold_gain":0.0,"event_name":"Cursed Tome","player_choice":"Ignored","floor":24.0,"gold_loss":0.0,"damage_taken":0.0},{"damage_healed":0.0,"max_hp_gain":0.0,"max_hp_loss":0.0,"gold_gain":0.0,"cards_transformed":["Defend_B","Strike_B"],"event_name":"Drug Dealer","player_choice":"Became Test Subject","floor":30.0,"gold_loss":0.0,"damage_taken":0.0,"cards_obtained":["Sweeping Beam","Buffer"]},{"damage_healed":0.0,"max_hp_gain":0.0,"max_hp_loss":0.0,"gold_gain":0.0,"event_name":"Colosseum","player_choice":"Fight","floor":31.0,"gold_loss":0.0,"damage_taken":0.0},{"damage_healed":0.0,"max_hp_gain":0.0,"max_hp_loss":0.0,"gold_gain":0.0,"event_name":"Colosseum","player_choice":"Fought Nobs","floor":31.0,"gold_loss":0.0,"damage_taken":0.0},{"damage_healed":0.0,"max_hp_gain":0.0,"max_hp_loss":0.0,"gold_gain":0.0,"event_name":"Mysterious Sphere","player_choice":"Ignored","floor":36.0,"gold_loss":0.0,"damage_taken":0.0},{"damage_healed":0.0,"max_hp_gain":0.0,"max_hp_loss":0.0,"gold_gain":0.0,"event_name":"Winding Halls","player_choice":"Embrace Madness","floor":41.0,"gold_loss":0.0,"damage_taken":10.0,"cards_obtained":["Madness","Madness"]},{"damage_healed":0.0,"max_hp_gain":0.0,"max_hp_loss":0.0,"gold_gain":0.0,"event_name":"Match and Keep!","player_choice":"2 cards matched","floor":46.0,"gold_loss":0.0,"damage_taken":0.0,"cards_obtained":["All For One","Zap"]}],"is_beta":false,"boss_relics":[{"not_picked":["Runic Dome","Philosopher\u0027s Stone"],"picked":"Black Star"},{"not_picked":["Snecko Eye","Busted Crown"],"picked":"Runic Pyramid"}],"items_purged_floors":[10,29,53],"is_endless":false,"potions_floor_spawned":[7,11,14,16,18,21,31,31,37,39,45],"ascension_level":0}}