{"host":"8d3fefv2347kqkpz","time":1610851692,"event":{"mods":["100% Spire Juice","BaseMod","Better Vampires","Colored Map","Minty Spire (QoL Compilation)","Quick Restart","Replay The Spire","StSLib","The Gatherer","Waifu the Spire"],"gold_per_floor":[112,123,137,87,12,41,41,70,70,70,70,103,120,18,18,18,18],"floor_reached":16,"language":"ZHS","playtime":802,"items_purged":["Strike_R"],"score":118,"play_id":"772b295f-e396-4729-b281-7b460aeb8089","local_time":"20210117104812","is_ascension_mode":false,"campfire_choices":[{"data":"Heavy Blade","floor":7,"key":"SMITH"},{"floor":11,"key":"REST"},{"floor":15,"key":"REST"}],"circlet_count":0,"master_deck":["Strike_R","Strike_R","Strike_R","Defend_R","Defend_R","Defend_R","Defend_R","Heavy Blade+1","Warcry","Combust","Offering","Flex","Sword Boomerang","Metallicize+1","Flex"],"relics":["Burning Blood","Garlic","Lantern","Darkstone Periapt","Snack Pack"],"acts_visited":["Exordium"],"potions_floor_usage":[8,8,16],"damage_taken":[{"damage":5,"enemies":"Cultist","floor":1,"turns":4},{"damage":2,"enemies":"Small Slimes","floor":2,"turns":4},{"damage":6,"enemies":"Jaw Worm","floor":3,"turns":4},{"damage":34,"enemies":"Gremlin Nob","floor":6,"turns":5},{"damage":44,"enemies":"Lagavulin","floor":8,"turns":10},{"damage":26,"enemies":"Gremlin Nob","floor":12,"turns":4},{"damage":10,"enemies":"Large Slime","floor":13,"turns":6},{"damage":56,"enemies":"Hexaghost","floor":16,"turns":10}],"seed_played":"-6159626639740478206","potions_obtained":[{"floor":1,"key":"Dexterity Potion"},{"floor":3,"key":"PowerPotion"},{"floor":8,"key":"Doom Potion"},{"floor":12,"key":"Strength Potion"}],"is_trial":false,"path_per_floor":["M","M","M","?","$","E","R","E","T","?","R","E","M","$","R","B"],"character_chosen":"IRONCLAD","items_purchased":["Metallicize+1","Flex"],"campfire_rested":2,"item_purchase_floors":[14,14],"current_hp_per_floor":[88,88,88,88,88,60,60,22,22,22,48,28,24,24,50,0,0],"gold":18,"neow_bonus":"TEN_PERCENT_HP_BONUS","is_daily":false,"chose_seed":false,"campfire_upgraded":1,"win_rate":0.0,"timestamp":1610851692,"path_taken":["M","M","M","?","$","E","R","E","T","?","R","E","?","$","R","BOSS"],"items_purchased_type":["Card","Card"],"build_version":"2020-12-22","purchased_purges":1,"victory":false,"max_hp_per_floor":[88,88,88,88,88,88,88,88,88,88,88,88,88,88,88,88,88],"card_choices":[{"not_picked":["Dropkick","True Grit","ReplayTheSpireMod:Corrosion Curse"],"picked":"SKIP","floor":1},{"not_picked":["Flame Barrier","Headbutt"],"picked":"Heavy Blade","floor":2},{"not_picked":["Perfected Strike","Clothesline"],"picked":"Warcry","floor":3},{"not_picked":["Whirlwind","Warcry"],"picked":"Combust","floor":6},{"not_picked":["Havoc","Warcry"],"picked":"Offering","floor":8},{"not_picked":["Disarm","Armaments"],"picked":"Flex","floor":12},{"not_picked":["Ghostly Armor","Anger"],"picked":"Sword Boomerang","floor":13}],"player_experience":64126,"relics_obtained":[{"floor":6,"key":"Garlic"},{"floor":8,"key":"Lantern"},{"floor":9,"key":"Darkstone Periapt"},{"floor":12,"key":"Snack Pack"}],"event_choices":[{"cards_removed":["Strike_R"],"damage_healed":0,"gold_gain":0,"player_choice":"Card Removal","damage_taken":0,"max_hp_gain":0,"max_hp_loss":0,"event_name":"The Cleric","floor":4,"gold_loss":50},{"cards_removed":["Bash"],"damage_healed":0,"gold_gain":0,"player_choice":"Offered Basic","damage_taken":0,"max_hp_gain":0,"max_hp_loss":0,"event_name":"Bonfire Elementals","floor":10,"gold_loss":0}],"is_beta":false,"boss_relics":[],"items_purged_floors":[5],"is_endless":false,"potions_floor_spawned":[1,3,8,12],"killed_by":"Hexaghost","ascension_level":0}}