{"host":"n9u8fygc1apihmnd","time":1610921763,"event":{"mods":["AchievementEnabler","Arknights The Spire","Astrologer","BaseMod","Beaked The Cultist","Better Third Choice","BetterRewards","CapriCore","Colored Powertips","Conspire","Downfall","Duelist Mod","Energized Spire","Friendly Minions","Gremlin Mod","GungeonMod","Hermit","HololiveMod","Hubris","Infinite Spire","Jedi Mod","Jorbs\u0027s Wanderer Trilogy","KinomotoSakuraMod(????)","Koishi","Marisa????????","Minty Spire (QoL Compilation)","Permanent Neow","QueenMod","Random Character Button","Remilia??????","Shedinja","Spicy Shops","StS++","StSLib","The Animator","The Bug Knight","The Construct","The Cursed","The Disciple","The Hayseed","The Hierophant","The Immortal","The Mystic","The Necromancer","The Runesmith","The Senshi","The Servant 0.9.4","The Wild Card","TheBandit","WarShipGirlsR/????R mod","everything is the same but u backflip on backflip","vexMod"],"gold_per_floor":[115,115,136,136,154,190,215,215,242,242,266,266,287,306,306,306,306],"floor_reached":16,"language":"ENG","playtime":548,"items_purged":[],"score":104,"play_id":"cec9ebf7-bab0-4c80-92b2-ba21354666f9","local_time":"20210117141603","is_ascension_mode":false,"campfire_choices":[{"floor":8,"key":"REST"},{"floor":10,"key":"REST"},{"floor":12,"key":"REST"},{"floor":15,"key":"REST"}],"circlet_count":0,"master_deck":["TheSimpletonMod:Strike_TheSimpleton","TheSimpletonMod:Strike_TheSimpleton","TheSimpletonMod:Strike_TheSimpleton","TheSimpletonMod:Strike_TheSimpleton","TheSimpletonMod:Defend_TheSimpleton","TheSimpletonMod:Defend_TheSimpleton","TheSimpletonMod:Defend_TheSimpleton","TheSimpletonMod:Defend_TheSimpleton","TheSimpletonMod:Haymaker","TheSimpletonMod:ReapAndSow","StSpp:Resilience","TheSimpletonMod:Fertilaser","Injury","TheSimpletonMod:Sunchoke","TheSimpletonMod:Potatoes+1","TheSimpletonMod:VineRipen","TheSimpletonMod:Germinate","TheSimpletonMod:Innovate","TheSimpletonMod:Sunchoke","TheSimpletonMod:CullingStrike","TheSimpletonMod:OnionBloom"],"relics":["TheSimpletonMod:SpudOfTheInnocent","TheSimpletonMod:NightSoil","TheSimpletonMod:TheHarvester","Golden Idol","StSpp:BoiledEgg","vexMod:BarristanHead","DemoMod:GlassGuonStoneRelic"],"acts_visited":["Exordium"],"potions_floor_usage":[],"damage_taken":[{"damage":7,"enemies":"2 Louse","floor":1,"turns":4},{"damage":6,"enemies":"Jaw Worm","floor":3,"turns":5},{"damage":4,"enemies":"infinitespire:Voidling","floor":5,"turns":4},{"damage":37,"enemies":"HollowMod:MossKnight","floor":6,"turns":10},{"damage":8,"enemies":"Looter","floor":7,"turns":4},{"damage":20,"enemies":"2 Fungi Beasts","floor":11,"turns":4},{"damage":18,"enemies":"Blue Slaver","floor":13,"turns":5},{"damage":15,"enemies":"Looter","floor":14,"turns":3},{"damage":0,"enemies":"Slime Boss","floor":16,"turns":1}],"seed_played":"893999427017826681","potions_obtained":[{"floor":5,"key":"Energy Potion"},{"floor":7,"key":"ColorlessPotion"},{"floor":11,"key":"TheSimpletonMod:KindlingPotion"}],"is_trial":false,"path_per_floor":["M","?","M","?","M","E","M","R","T","R","M","R","M","M","R","B"],"character_chosen":"THE_SIMPLETON","items_purchased":[],"campfire_rested":4,"item_purchase_floors":[],"current_hp_per_floor":[68,68,66,66,62,29,21,43,43,65,51,73,55,40,62,62,62],"gold":306,"neow_bonus":"RANDOM_COLORLESS","is_daily":false,"chose_seed":false,"campfire_upgraded":0,"win_rate":0.0,"timestamp":1610921763,"path_taken":["M","?","M","?","M","E","M","R","T","R","M","R","M","M","R","BOSS"],"items_purchased_type":[],"build_version":"2020-12-22","purchased_purges":0,"victory":false,"max_hp_per_floor":[75,75,75,75,75,75,75,75,75,75,75,75,75,75,75,75,75],"card_choices":[{"not_picked":["StSpp:Unbreakable","Panacea"],"picked":"StSpp:Resilience","floor":0},{"not_picked":["TheSimpletonMod:Swelter","TheSimpletonMod:Rototilling"],"picked":"TheSimpletonMod:Fertilaser","floor":1},{"not_picked":["TheSimpletonMod:CloseScrape","TheSimpletonMod:Rototilling"],"picked":"TheSimpletonMod:Sunchoke","floor":3},{"not_picked":["TheSimpletonMod:ControlledBurn","TheSimpletonMod:Sunseed"],"picked":"TheSimpletonMod:VineRipen","floor":5},{"not_picked":["TheSimpletonMod:Sunchoke","TheSimpletonMod:SeedCoat"],"picked":"TheSimpletonMod:Germinate","floor":6},{"not_picked":["TheSimpletonMod:Ferment","TheSimpletonMod:CloseScrape"],"picked":"TheSimpletonMod:Innovate","floor":7},{"not_picked":["TheSimpletonMod:Fertilaser","TheSimpletonMod:Innovate"],"picked":"TheSimpletonMod:Sunchoke","floor":11},{"not_picked":["TheSimpletonMod:Fertilaser","TheSimpletonMod:BirdFeeder"],"picked":"TheSimpletonMod:CullingStrike","floor":13},{"not_picked":["TheSimpletonMod:SeedCoat","TheSimpletonMod:Sunseed"],"picked":"TheSimpletonMod:OnionBloom","floor":14}],"player_experience":89624,"relics_obtained":[{"floor":6,"key":"StSpp:BoiledEgg"},{"floor":9,"key":"vexMod:BarristanHead"}],"event_choices":[{"damage_healed":0,"gold_gain":0,"player_choice":"Take Wound","damage_taken":0,"relics_obtained":["Golden Idol"],"max_hp_gain":0,"max_hp_loss":0,"event_name":"Golden Idol","floor":2,"gold_loss":0,"cards_obtained":["Injury"]}],"is_beta":false,"boss_relics":[],"items_purged_floors":[],"is_endless":false,"potions_floor_spawned":[5,7,11,13],"killed_by":"Slime Boss","ascension_level":0}}