{"host":"6mgmpue98l61x61q","time":1610877213,"event":{"mods":["BaseMod","Colored Map","Minty Spire (QoL Compilation)","Relic Stats"],"gold_per_floor":[114,114,126,141,152,184,184,200,247,275,275,74,91,102,102,207,207,221,221,232,246,171,171,203,203,203,218,139,139,139],"floor_reached":29,"language":"ENG","playtime":1749,"items_purged":[],"score":334,"play_id":"53d42444-b001-4106-8156-d816c32d125a","local_time":"20210117035333","is_ascension_mode":true,"campfire_choices":[{"data":"Eruption","floor":7.0,"key":"SMITH"},{"floor":15.0,"key":"REST"},{"data":"LikeWater","floor":23,"key":"SMITH"}],"circlet_count":0,"master_deck":["Strike_P","Strike_P","Strike_P","Defend_P","Defend_P","Defend_P","Defend_P","Eruption+1","Vigilance","FlyingSleeves","Protect","CutThroughFate","LikeWater+1","SandsOfTime","Vault+1","Alpha","ClearTheMind","BowlingBash","Wish","TalkToTheHand+1","Tantrum+1","MentalFortress","EmptyBody","WindmillStrike"],"relics":["PureWater","Tiny Chest","Smiling Mask","Nunchaku","InkBottle","PreservedInsect","Runic Pyramid","Gambling Chip","Potion Belt","Girya","Darkstone Periapt"],"acts_visited":["Exordium","TheCity"],"potions_floor_usage":[18,24],"damage_taken":[{"damage":3.0,"enemies":"Small Slimes","floor":1.0,"turns":4.0},{"damage":0.0,"enemies":"Cultist","floor":3.0,"turns":3.0},{"damage":0.0,"enemies":"2 Louse","floor":4.0,"turns":2.0},{"damage":16.0,"enemies":"Exordium Wildlife","floor":5.0,"turns":6.0},{"damage":12.0,"enemies":"Lagavulin","floor":6.0,"turns":6.0},{"damage":0.0,"enemies":"Exordium Thugs","floor":8.0,"turns":3.0},{"damage":22.0,"enemies":"Gremlin Nob","floor":10.0,"turns":5.0},{"damage":0.0,"enemies":"Looter","floor":13.0,"turns":4.0},{"damage":5.0,"enemies":"3 Louse","floor":14.0,"turns":3.0},{"damage":15.0,"enemies":"Hexaghost","floor":16.0,"turns":10.0},{"damage":4,"enemies":"Chosen","floor":18,"turns":6},{"damage":7,"enemies":"3 Byrds","floor":20,"turns":5},{"damage":1,"enemies":"Sentry and Sphere","floor":21,"turns":4},{"damage":27,"enemies":"Gremlin Leader","floor":24,"turns":7},{"damage":7,"enemies":"Chosen and Byrds","floor":27,"turns":4},{"damage":23,"enemies":"Centurion and Healer","floor":29,"turns":5}],"seed_played":"7379351770823544239","potions_obtained":[{"floor":1.0,"key":"BlessingOfTheForge"},{"floor":2.0,"key":"Fruit Juice"},{"floor":2.0,"key":"SteroidPotion"},{"floor":2.0,"key":"SneckoOil"},{"floor":5.0,"key":"Dexterity Potion"},{"floor":10.0,"key":"GamblersBrew"},{"floor":16.0,"key":"Strength Potion"},{"floor":20,"key":"LiquidMemories"}],"is_trial":false,"path_per_floor":["M","?","M","M","M","E","R","M","T","E","?","$","M","M","R","B",null,"M","T","M","M","?","R","E","?","T","M","$","M"],"character_chosen":"WATCHER","items_purchased":["ClearTheMind","PreservedInsect","WindmillStrike"],"campfire_rested":1,"item_purchase_floors":[12,12,28],"current_hp_per_floor":[62,67,67,67,51,39,39,39,39,17,17,17,17,12,35,20,63,59,59,52,51,51,51,24,24,24,17,17,0,0],"gold":139,"neow_bonus":"RANDOM_COMMON_RELIC","is_daily":false,"chose_seed":false,"campfire_upgraded":2,"win_rate":0.0,"timestamp":1610877213,"path_taken":["M","?","M","M","?","E","R","M","T","E","?","$","M","M","R","BOSS","M","?","M","?","?","R","E","?","T","M","$","M"],"items_purchased_type":["Card","Relic","Card"],"build_version":"2020-12-22","purchased_purges":0,"victory":false,"max_hp_per_floor":[72,77,77,77,77,77,77,77,77,77,77,77,77,77,77,77,77,77,77,77,77,77,77,77,77,77,77,77,77,77],"relic_stats":{"Darkstone Periapt":0,"Nunchaku":[8],"counters":[16,77],"Gambling Chip":[17],"Tiny Chest":1,"PreservedInsect":47,"Smiling Mask":0,"obtain_stats":[{"Potion Belt":24,"Darkstone Periapt":26,"Girya":25,"Nunchaku":9,"Gambling Chip":19,"Tiny Chest":0,"PreservedInsect":12,"PureWater":0,"Smiling Mask":6,"InkBottle":10,"Runic Pyramid":17},{"Potion Belt":14,"Darkstone Periapt":14,"Girya":14,"Nunchaku":6,"Gambling Chip":11,"Tiny Chest":0,"PreservedInsect":7,"PureWater":0,"Smiling Mask":5,"InkBottle":7,"Runic Pyramid":10},{"Potion Belt":68,"Darkstone Periapt":68,"Girya":68,"Nunchaku":24,"Gambling Chip":52,"Tiny Chest":0,"PreservedInsect":29,"PureWater":0,"Smiling Mask":21,"InkBottle":29,"Runic Pyramid":46}],"InkBottle":[13]},"card_choices":[{"not_picked":["Adaptation","JustLucky"],"picked":"FlyingSleeves","floor":1.0},{"not_picked":["ThirdEye","CrushJoints"],"picked":"Protect","floor":3.0},{"not_picked":["FlyingSleeves","ForeignInfluence"],"picked":"CutThroughFate","floor":4.0},{"not_picked":["FlurryOfBlows","Sanctity"],"picked":"LikeWater","floor":5.0},{"not_picked":["BattleHymn","FlurryOfBlows"],"picked":"SandsOfTime","floor":6.0},{"not_picked":["Consecrate","Worship"],"picked":"Vault","floor":8.0},{"not_picked":["WreathOfFlame","Prostrate"],"picked":"Alpha","floor":10.0},{"not_picked":["ClearTheMind","Adaptation","ThirdEye"],"picked":"SKIP","floor":13.0},{"not_picked":["Indignation","ThirdEye"],"picked":"BowlingBash","floor":14.0},{"not_picked":["Vault","Ragnarok"],"picked":"Wish","floor":16.0},{"not_picked":["SashWhip+1","Perseverance"],"picked":"TalkToTheHand+1","floor":18},{"not_picked":["SashWhip","Prostrate"],"picked":"Tantrum+1","floor":20},{"not_picked":["Meditate+1","FlurryOfBlows+1","CutThroughFate"],"picked":"SKIP","floor":21},{"not_picked":["BowlingBash","Sanctity"],"picked":"MentalFortress","floor":24},{"not_picked":["Evaluate","Scrawl"],"picked":"EmptyBody","floor":27}],"player_experience":591532,"relics_obtained":[{"floor":6.0,"key":"Smiling Mask"},{"floor":9.0,"key":"Nunchaku"},{"floor":10.0,"key":"InkBottle"},{"floor":19,"key":"Gambling Chip"},{"floor":24,"key":"Potion Belt"},{"floor":26,"key":"Darkstone Periapt"}],"event_choices":[{"damage_healed":0.0,"max_hp_gain":0.0,"max_hp_loss":0.0,"gold_gain":0.0,"event_name":"Lab","player_choice":"Got Potions","floor":2.0,"gold_loss":0.0,"damage_taken":0.0},{"damage_healed":0.0,"max_hp_gain":0.0,"max_hp_loss":0.0,"gold_gain":0.0,"event_name":"Living Wall","player_choice":"Grow","floor":11.0,"gold_loss":0.0,"damage_taken":0.0,"cards_upgraded":["Vault"]},{"cards_removed":["Strike_P"],"damage_healed":0,"gold_gain":0,"player_choice":"Gave Gold","damage_taken":0,"max_hp_gain":0,"max_hp_loss":0,"event_name":"Beggar","floor":22,"gold_loss":75},{"damage_healed":0,"gold_gain":0,"player_choice":"Opened","damage_taken":0,"relics_obtained":["Girya"],"max_hp_gain":0,"max_hp_loss":0,"event_name":"The Mausoleum","floor":25,"gold_loss":0}],"is_beta":false,"boss_relics":[{"not_picked":["Pandora\u0027s Box","Busted Crown"],"picked":"Runic Pyramid"}],"items_purged_floors":[],"is_endless":false,"potions_floor_spawned":[1,5,10,16,20,21],"killed_by":"Centurion and Healer","ascension_level":6}}