{"host":"b78s5rp3ow4b1syk","time":1610854286,"event":{"mods":["AchievementEnabler","BaseMod","DeckTracker","Keyboard Shortcuts","Marisa£¨Ùöéë¡¡Øª×âÞÞ£©","Minty Spire (QoL Compilation)","Permanent Neow","Quick Restart","StSLib","SuperFastMode","The Cursed","everything is the same but u backflip on backflip"],"gold_per_floor":[109,109,109,124,3,28,28,57,57,77,77,96,96,112,112,209,209,226,226,301,301,301,335,348,95,166,166,166,166],"floor_reached":28,"language":"KOR","playtime":1191,"items_purged":["Strike_R"],"score":298,"play_id":"20b392a8-d589-468b-bcd5-41b7b5ef5a01","local_time":"20210117123126","is_ascension_mode":true,"campfire_choices":[{"data":"Armaments","floor":11.0,"key":"SMITH"},{"data":"Uppercut","floor":15.0,"key":"SMITH"}],"circlet_count":0,"master_deck":["Strike_R","Strike_R","Strike_R","Defend_R","Defend_R","Defend_R","Defend_R","Bash","Carnage","Double Tap+1","Uppercut+1","Armaments+1","Battle Trance","Infernal Blade","Evolve","Berserk","Inflame","Seeing Red","Pommel Strike+1"],"relics":["Burning Blood","NeowsBlessing","Gambling Chip","Paper Frog","Incense Burner","Philosopher\u0027s Stone","StoneCalendar","Sundial","Self Forming Clay"],"acts_visited":[],"potions_floor_usage":[],"damage_taken":[{"damage":0.0,"enemies":"Cultist","floor":1.0,"turns":1.0},{"damage":0.0,"enemies":"Small Slimes","floor":4.0,"turns":1.0},{"damage":0.0,"enemies":"Lagavulin","floor":6.0,"turns":1.0},{"damage":27.0,"enemies":"3 Sentries","floor":8.0,"turns":6.0},{"damage":2.0,"enemies":"Jaw Worm","floor":10.0,"turns":3.0},{"damage":11.0,"enemies":"Lots of Slimes","floor":12.0,"turns":4.0},{"damage":9.0,"enemies":"2 Fungi Beasts","floor":14.0,"turns":3.0},{"damage":7.0,"enemies":"Hexaghost","floor":16.0,"turns":5.0},{"damage":7.0,"enemies":"2 Thieves","floor":18.0,"turns":4.0},{"damage":0.0,"enemies":"3 Byrds","floor":22.0,"turns":1.0},{"damage":30,"enemies":"Slavers","floor":23,"turns":6},{"damage":33,"enemies":"Sentry and Sphere","floor":24,"turns":6},{"damage":18,"enemies":"Snake Plant","floor":28,"turns":1}],"seed_played":"-3339642673912720711","potions_obtained":[{"floor":8.0,"key":"ColorlessPotion"},{"floor":10.0,"key":"Block Potion"},{"floor":16.0,"key":"SmokeBomb"},{"floor":23,"key":"Fire Potion"}],"is_trial":false,"path_per_floor":["M","?","?","M","$","E","T","E","T","M","R","M","?","M","R","B",null,"M","?","?","$","M","E","M","$","T","$","M"],"character_chosen":"IRONCLAD","items_purchased":["Armaments","Sundial"],"campfire_rested":0,"item_purchase_floors":[5,25],"current_hp_per_floor":[80,80,80,80,80,80,80,59,59,63,63,58,58,55,55,54,80,79,64,56,56,62,38,11,11,11,11,0,0],"gold":166,"neow_bonus":"THREE_ENEMY_KILL","is_daily":false,"chose_seed":false,"campfire_upgraded":2,"win_rate":0.0,"timestamp":1610854286,"path_taken":["M","?","?","?","?","E","?","E","T","?","R","M","?","M","R","BOSS","M","?","?","$","M","E","M","$","T","$","?"],"items_purchased_type":["Card","Relic"],"build_version":"2020-12-22","purchased_purges":1,"victory":false,"max_hp_per_floor":[80,80,80,80,80,80,80,80,80,80,80,80,80,80,80,80,80,80,85,85,85,85,85,85,85,85,85,85,85],"card_choices":[{"not_picked":["Heavy Blade","Wild Strike"],"picked":"Carnage","floor":1.0},{"not_picked":["Second Wind","Warcry"],"picked":"Uppercut","floor":4.0},{"not_picked":["Carnage","Blood for Blood"],"picked":"Battle Trance","floor":6.0},{"not_picked":["Entrench","True Grit","Fire Breathing"],"picked":"SKIP","floor":8.0},{"not_picked":["Wild Strike","Shockwave"],"picked":"Infernal Blade","floor":10.0},{"not_picked":["Body Slam","Perfected Strike"],"picked":"Evolve","floor":12.0},{"not_picked":["Twin Strike","Cleave","Feel No Pain"],"picked":"SKIP","floor":14.0},{"not_picked":["Brutality","Corruption"],"picked":"Berserk","floor":16.0},{"not_picked":["Clothesline","Pommel Strike"],"picked":"Inflame","floor":18.0},{"not_picked":["Pummel","Sword Boomerang"],"picked":"Seeing Red","floor":23},{"not_picked":["Pummel","Havoc"],"picked":"Pommel Strike+1","floor":24}],"player_experience":37141,"relics_obtained":[{"floor":6.0,"key":"Gambling Chip"},{"floor":8.0,"key":"Paper Frog"},{"floor":9.0,"key":"Incense Burner"},{"floor":23,"key":"StoneCalendar"},{"floor":26,"key":"Self Forming Clay"}],"event_choices":[{"damage_healed":0.0,"max_hp_gain":0.0,"max_hp_loss":0.0,"gold_gain":0.0,"cards_transformed":["Strike_R"],"event_name":"Living Wall","player_choice":"Change","floor":2.0,"gold_loss":0.0,"damage_taken":0.0,"cards_obtained":["Double Tap"]},{"damage_healed":0.0,"max_hp_gain":0.0,"max_hp_loss":0.0,"gold_gain":0.0,"event_name":"Accursed Blacksmith","player_choice":"Forge","floor":3.0,"gold_loss":0.0,"damage_taken":0.0,"cards_upgraded":["Double Tap"]},{"damage_healed":0.0,"max_hp_gain":0.0,"max_hp_loss":0.0,"gold_gain":0.0,"event_name":"The Woman in Blue","player_choice":"Bought 0 Potions","floor":13.0,"gold_loss":0.0,"damage_taken":0.0},{"damage_healed":0.0,"max_hp_gain":5.0,"max_hp_loss":0.0,"gold_gain":0.0,"event_name":"Forgotten Altar","player_choice":"Shed Blood","floor":19.0,"gold_loss":0.0,"damage_taken":20.0},{"damage_healed":0.0,"max_hp_gain":0.0,"max_hp_loss":0.0,"gold_gain":75.0,"event_name":"FaceTrader","player_choice":"Touch","floor":20.0,"gold_loss":0.0,"damage_taken":8.0}],"is_beta":false,"boss_relics":[{"not_picked":["Astrolabe","SacredBark"],"picked":"Philosopher\u0027s Stone"}],"items_purged_floors":[5],"is_endless":false,"potions_floor_spawned":[8,10,16,22,23],"killed_by":"Snake Plant","ascension_level":2}}