{"host":"jpcy2bclvs7juczu","time":1610872569,"event":{"mods":["AchievementEnabler","BaseMod","Block Reminder","Colored Map","Colored Powertips","Curses Come First","Dark Map","Minty Spire (QoL Compilation)","Quick Restart","Relic Stats","StSLib","ojb\u0027s Better Paths Mod","ojb\u0027s Info Mod","slay the spire mod where everything is the same but ironclad has a cowboy hat"],"gold_per_floor":[210,285,301,60,78,78,106,121,121,121,131,161,161,188,188,188,188],"floor_reached":16,"language":"ENG","playtime":518,"items_purged":[],"score":240,"play_id":"5facfdf2-8b0a-4d6e-ba1e-f3b9bfa8a4b8","local_time":"20210117083609","is_ascension_mode":true,"campfire_choices":[{"data":"Carnage","floor":6.0,"key":"SMITH"},{"data":"Bash","floor":10.0,"key":"SMITH"},{"floor":15,"key":"REST"}],"circlet_count":0,"master_deck":["AscendersBane","Strike_R","Strike_R","Strike_R","Strike_R","Strike_R","Defend_R","Defend_R","Defend_R","Defend_R","Bash+1","Perfected Strike","Wild Strike","Carnage+1","Perfected Strike","Thunderclap+1","Iron Wave+1","Armaments","Body Slam+1","Clothesline+1"],"relics":["Burning Blood","Frozen Eye","Molten Egg 2","Du-Vu Doll","Calipers","MealTicket"],"acts_visited":["Exordium"],"potions_floor_usage":[12],"damage_taken":[{"damage":14.0,"enemies":"Jaw Worm","floor":1.0,"turns":4.0},{"damage":10.0,"enemies":"Small Slimes","floor":3.0,"turns":3.0},{"damage":6.0,"enemies":"2 Louse","floor":5.0,"turns":6.0},{"damage":42.0,"enemies":"Lagavulin","floor":7.0,"turns":6.0},{"damage":11.0,"enemies":"Looter","floor":8.0,"turns":2.0},{"damage":7.0,"enemies":"Large Slime","floor":11.0,"turns":3.0},{"damage":15,"enemies":"3 Sentries","floor":12,"turns":4},{"damage":8,"enemies":"Gremlin Nob","floor":14,"turns":3},{"damage":35,"enemies":"The Guardian","floor":16,"turns":5}],"seed_played":"6011681399586407326","potions_obtained":[{"floor":1.0,"key":"Regen Potion"},{"floor":3.0,"key":"EssenceOfSteel"},{"floor":7.0,"key":"PowerPotion"}],"is_trial":false,"path_per_floor":["M","?","M","$","M","R","E","M","T","R","M","E","?","E","R","B"],"character_chosen":"IRONCLAD","items_purchased":["Frozen Eye","Carnage"],"campfire_rested":1,"item_purchase_floors":[4,4],"current_hp_per_floor":[60,49,45,45,60,60,24,19,19,19,18,9,9,7,29,0,0],"gold":188,"neow_bonus":"HUNDRED_GOLD","is_daily":false,"chose_seed":false,"campfire_upgraded":2,"win_rate":0.0,"timestamp":1610872569,"path_taken":["M","?","M","$","M","R","E","M","T","R","M","E","?","E","R","BOSS"],"items_purchased_type":["Relic","Card"],"build_version":"2020-12-22","purchased_purges":0,"victory":false,"max_hp_per_floor":[75,75,75,75,75,75,75,75,75,75,75,75,75,75,75,75,75],"relic_stats":{"counters":[9,36],"MealTicket":0,"obtain_stats":[{"Du-Vu Doll":9,"Frozen Eye":4,"Calipers":12,"Molten Egg 2":7,"MealTicket":14,"Burning Blood":0},{"Du-Vu Doll":5,"Frozen Eye":2,"Calipers":7,"Molten Egg 2":4,"MealTicket":8,"Burning Blood":0},{"Du-Vu Doll":21,"Frozen Eye":7,"Calipers":28,"Molten Egg 2":19,"MealTicket":31,"Burning Blood":0}],"Burning Blood":48},"card_choices":[{"not_picked":["Reckless Charge","Sword Boomerang"],"picked":"Perfected Strike","floor":1.0},{"not_picked":["Flex","Reckless Charge"],"picked":"Wild Strike","floor":3.0},{"not_picked":["Wild Strike","Warcry"],"picked":"Perfected Strike","floor":5.0},{"not_picked":["Anger+1","True Grit"],"picked":"Thunderclap+1","floor":7.0},{"not_picked":["Anger+1","Clothesline+1"],"picked":"Iron Wave+1","floor":8.0},{"not_picked":["Clash+1","True Grit"],"picked":"Armaments","floor":11.0},{"not_picked":["Seeing Red","Juggernaut"],"picked":"Body Slam+1","floor":12},{"not_picked":["Wild Strike+1","Iron Wave+1"],"picked":"Clothesline+1","floor":14}],"player_experience":412659,"relics_obtained":[{"floor":7.0,"key":"Molten Egg 2"},{"floor":9.0,"key":"Du-Vu Doll"},{"floor":12,"key":"Calipers"},{"floor":14,"key":"MealTicket"}],"event_choices":[{"damage_healed":0.0,"max_hp_gain":0.0,"max_hp_loss":0.0,"gold_gain":75.0,"event_name":"World of Goop","player_choice":"Gather Gold","floor":2.0,"gold_loss":0.0,"damage_taken":11.0},{"damage_healed":0,"gold_gain":0,"player_choice":"Ignored","damage_taken":0,"max_hp_gain":0,"max_hp_loss":0,"event_name":"Shining Light","floor":13,"gold_loss":0}],"is_beta":false,"boss_relics":[],"items_purged_floors":[],"is_endless":false,"potions_floor_spawned":[1,3,7,8],"killed_by":"The Guardian","ascension_level":20}}