{"host":"d7fiu2yjkssjxoz6","time":1610925325,"event":{"mods":["AchievementEnabler","BaseMod","Duelist Mod","GifTheSpireLib","Minty Spire (QoL Compilation)","StSLib"],"gold_per_floor":[140,151,222,241,241,241,270,270,349,375,375,409,425,456,456,558,558,575,575,126,126,11,11,37,37,86,116,130,130,160,160,160,256,256,274,288,337,337,348,348,348],"floor_reached":40,"language":"ENG","playtime":2763,"items_purged":[],"score":971,"play_id":"df6b2c48-b6c2-432f-874c-287a3f78451d","local_time":"20210117151525","is_ascension_mode":true,"campfire_choices":[{"data":"theDuelist:GreenGadget","floor":6,"key":"SMITH"},{"data":"theDuelist:GreenGadget","floor":8,"key":"SMITH"},{"floor":11,"key":"REST"},{"floor":15,"key":"REST"},{"data":"theDuelist:MachineFactory","floor":23,"key":"SMITH"},{"data":"theDuelist:TurretWarrior","floor":25,"key":"SMITH"},{"data":"theDuelist:CardsFromTheSky","floor":29,"key":"SMITH"},{"data":"theDuelist:RevolvingSwitchyard","floor":32,"key":"SMITH"}],"circlet_count":0,"master_deck":["theDuelist:OrcustCrescendo","theDuelist:UnionHangar+1","theDuelist:GoldGadget","theDuelist:Deskbot004","theDuelist:GreenGadget","theDuelist:GravityAxe","theDuelist:Geargiauger","theDuelist:Sparks+1","theDuelist:Deskbot004","theDuelist:UnionHangar","theDuelist:CardsFromTheSky+1","theDuelist:Deskbot005","theDuelist:Biofalcon","theDuelist:MachineFactory+1","theDuelist:CyberRaider","theDuelist:GreenGadget+1","theDuelist:RevolvingSwitchyard+1","theDuelist:CastleWalls+1","theDuelist:Deskbot005","theDuelist:CatapultTurtle+1","theDuelist:TurretWarrior+1","theDuelist:BarrelDragon","theDuelist:Sparks+1","theDuelist:AncientGearBox","theDuelist:JunkSpeeder+1","theDuelist:BlockGolem","theDuelist:JinzoLord","theDuelist:GreenGadget+1","theDuelist:CoreBlaster","theDuelist:CastleWalls+1","theDuelist:JinzoLord","theDuelist:SparkBlaster","theDuelist:ArtifactSanctum+1","theDuelist:SwordsConcealing","theDuelist:SparkBlaster"],"relics":["theDuelist:MillenniumPuzzle","theDuelist:CardPoolRelic","theDuelist:CardPoolBasicRelic","theDuelist:BoosterPackPoolRelic","theDuelist:CardPoolAddRelic","theDuelist:CardPoolMinusRelic","theDuelist:CardPoolSaveRelic","theDuelist:CardPoolOptionsRelic","theDuelist:MillenniumArmor","theDuelist:EngineeringToken","theDuelist:TokenArmor","theDuelist:ArmorPlateB","Omamori","Sozu","Membership Card","Orichalcum","Dream Catcher","Anchor","theDuelist:MetronomeRelicD","Strawberry","Question Card","Mark of Pain","Girya","Mango","Torii","WarpedTongs"],"acts_visited":["Exordium","TheCity","TheBeyond"],"potions_floor_usage":[],"damage_taken":[{"damage":6,"enemies":"Jaw Worm","floor":1,"turns":5},{"damage":0,"enemies":"Small Slimes","floor":2,"turns":4},{"damage":0,"enemies":"Cultist","floor":4,"turns":3},{"damage":51,"enemies":"3 Sentries","floor":7,"turns":7},{"damage":5,"enemies":"Gremlin Nob","floor":10,"turns":5},{"damage":9,"enemies":"Lagavulin","floor":12,"turns":8},{"damage":0,"enemies":"3 Louse","floor":13,"turns":3},{"damage":1,"enemies":"Gremlin Nob","floor":14,"turns":4},{"damage":9,"enemies":"The Guardian","floor":16,"turns":13},{"damage":0,"enemies":"2 Thieves","floor":18,"turns":3},{"damage":0,"enemies":"Book of Stabbing","floor":24,"turns":4},{"damage":0,"enemies":"Gremlin Leader","floor":27,"turns":4},{"damage":0,"enemies":"Shell Parasite","floor":28,"turns":5},{"damage":0,"enemies":"theDuelist:KaibaA2","floor":30,"turns":7},{"damage":0,"enemies":"Champ","floor":33,"turns":7},{"damage":0,"enemies":"Orb Walker","floor":35,"turns":5},{"damage":0,"enemies":"3 Shapes","floor":36,"turns":4},{"damage":0,"enemies":"3 Shapes","floor":37,"turns":5},{"damage":49,"enemies":"Transient","floor":39,"turns":5},{"damage":38,"enemies":"Reptomancer","floor":40,"turns":2}],"seed_played":"8836033351678565972","potions_obtained":[{"floor":1,"key":"theDuelist:SteelBrew"},{"floor":7,"key":"theDuelist:GrimePotion"},{"floor":10,"key":"GamblersBrew"},{"floor":14,"key":"theDuelist:StunPotion"}],"is_trial":false,"path_per_floor":["M","M","?","M","?","R","E","R","T","E","R","E","M","E","R","B",null,"M","?","$","?","$","R","E","R","T","E","M","R","E","?","R","B",null,"M","M","?","?","M","E"],"character_chosen":"THE_DUELIST","items_purchased":["Membership Card","Orichalcum","Dream Catcher","theDuelist:GravityAxe","theDuelist:BarrelDragon","theDuelist:OrcustCrescendo","theDuelist:CyberRaider","theDuelist:MachineFactory","Anchor"],"campfire_rested":2,"item_purchase_floors":[20,20,20,20,20,20,20,22,22],"current_hp_per_floor":[74,74,74,74,74,74,23,23,23,18,42,33,33,32,54,45,65,65,65,65,65,65,65,65,65,65,72,71,71,69,69,69,67,67,65,63,75,75,26,0,0],"gold":348,"neow_bonus":"TEN_PERCENT_HP_BONUS","is_daily":false,"chose_seed":false,"campfire_upgraded":6,"win_rate":0.0,"timestamp":1610925325,"path_taken":["M","M","?","M","?","R","E","R","T","E","R","E","?","E","R","BOSS","M","?","?","?","$","R","E","R","T","E","M","R","E","?","R","BOSS","M","M","?","?","M","E"],"items_purchased_type":["Relic","Relic","Relic","Card","Card","Card","Card","Card","Relic"],"build_version":"2020-12-22","purchased_purges":0,"victory":false,"max_hp_per_floor":[88,86,86,84,84,84,82,82,82,80,80,78,76,74,74,72,72,70,70,70,70,70,70,68,68,68,73,71,71,69,69,69,67,67,65,63,75,75,73,73,73],"card_choices":[{"not_picked":["theDuelist:GenexAllyBirdman","theDuelist:ScrapBeast","theDuelist:CoreBlaster","theDuelist:GravityAxe"],"picked":"theDuelist:AncientGearBox","floor":1},{"not_picked":["theDuelist:FrontlineObserver","theDuelist:GadgetSoldier","theDuelist:YellowGadget","theDuelist:BlackSalvo"],"picked":"theDuelist:GreenGadget","floor":2},{"not_picked":["theDuelist:TimeSeal","theDuelist:Kuriboh","theDuelist:Hinotama","theDuelist:BattleFootballer"],"picked":"theDuelist:JunkSpeeder","floor":4},{"not_picked":["theDuelist:DoubleTool","theDuelist:CardsFromTheSky","theDuelist:Factory100Machines","theDuelist:GravityBlaster"],"picked":"theDuelist:CoreBlaster","floor":7},{"not_picked":["theDuelist:OrcustCrescendo","theDuelist:PineappleBlast","theDuelist:SatelliteCannon","theDuelist:SolemnStrike"],"picked":"theDuelist:TurretWarrior","floor":10},{"not_picked":["theDuelist:Biofalcon","theDuelist:JunkKuriboh","theDuelist:BlastJuggler","theDuelist:CannonSoldier"],"picked":"theDuelist:CardsFromTheSky","floor":12},{"not_picked":["theDuelist:GemElephant","theDuelist:LabyrinthWall","theDuelist:LostGuardian","theDuelist:PowerGiant"],"picked":"theDuelist:BlockGolem","floor":13},{"not_picked":["theDuelist:CannonSoldier","theDuelist:YellowGadget","theDuelist:Factory100Machines","theDuelist:Tuningware"],"picked":"theDuelist:GreenGadget","floor":14},{"not_picked":["theDuelist:MachineKingPrototype","theDuelist:SolemnWarning","theDuelist:SteamTrainKing","theDuelist:Shekhinaga"],"picked":"theDuelist:GoldGadget","floor":16},{"not_picked":["theDuelist:BlastingFuse","theDuelist:ImperialOrder","theDuelist:RevolvingSwitchyard","theDuelist:UnionHangar"],"picked":"theDuelist:CatapultTurtle","floor":18},{"not_picked":["theDuelist:CyberArchfiend","theDuelist:Deskbot003","theDuelist:Tuningware+1","theDuelist:MetalholdMovingBlockade"],"picked":"theDuelist:Geargiauger","floor":24},{"not_picked":["theDuelist:CatapultTurtle","theDuelist:MetalholdMovingBlockade+1","theDuelist:WonderGarage"],"picked":"theDuelist:UnionHangar+1","floor":27},{"not_picked":["theDuelist:SparkBlaster","theDuelist:MachineDuplication","theDuelist:OutriggerExtension+1","theDuelist:CyberneticFusion"],"picked":"theDuelist:UnionHangar","floor":28},{"not_picked":["theDuelist:MachineKing+1","theDuelist:SlotMachine","theDuelist:SolemnStrike","theDuelist:SteamTrainKing"],"picked":"theDuelist:JinzoLord","floor":30},{"not_picked":["theDuelist:IronhammerGiant","theDuelist:SatelliteCannon+1","theDuelist:Apoqliphort","theDuelist:Shekhinaga+1"],"picked":"theDuelist:JinzoLord","floor":33},{"not_picked":["theDuelist:Factory100Machines+1","theDuelist:RevolvingSwitchyard+1","theDuelist:UnionHangar","theDuelist:DarkFactory+1"],"picked":"theDuelist:SparkBlaster","floor":35},{"not_picked":["theDuelist:CatapultTurtle+1","theDuelist:GravityAxe+1","theDuelist:BlastingFuse+1","theDuelist:SwordsConcealing+1"],"picked":"theDuelist:ArtifactSanctum+1","floor":36},{"not_picked":["theDuelist:PsychicShockwave","theDuelist:HeavyMechSupportPlatform","theDuelist:ChaosAncientGearGiant+1","theDuelist:Overworked"],"picked":"theDuelist:SwordsConcealing","floor":37},{"not_picked":["theDuelist:CannonSoldier+1","theDuelist:Geargiauger+1","theDuelist:Factory100Machines","theDuelist:StimPack"],"picked":"theDuelist:SparkBlaster","floor":39}],"player_experience":230759,"relics_obtained":[{"floor":7,"key":"theDuelist:MillenniumArmor"},{"floor":9,"key":"theDuelist:EngineeringToken"},{"floor":10,"key":"theDuelist:TokenArmor"},{"floor":12,"key":"theDuelist:ArmorPlateB"},{"floor":14,"key":"Omamori"},{"floor":24,"key":"theDuelist:MetronomeRelicD"},{"floor":27,"key":"Strawberry"},{"floor":30,"key":"Question Card"},{"floor":37,"key":"Girya"},{"floor":37,"key":"Mango"},{"floor":37,"key":"Torii"}],"event_choices":[{"damage_healed":0,"gold_gain":71,"player_choice":"Gained Gold","damage_taken":0,"max_hp_gain":0,"max_hp_loss":0,"event_name":"Golden Wing","floor":3,"gold_loss":0},{"damage_healed":0,"gold_gain":0,"player_choice":"Grow","damage_taken":0,"max_hp_gain":0,"max_hp_loss":0,"event_name":"Living Wall","floor":5,"gold_loss":0,"cards_upgraded":["theDuelist:JunkSpeeder"]},{"damage_healed":0,"gold_gain":0,"player_choice":"Upgraded","damage_taken":0,"max_hp_gain":0,"max_hp_loss":0,"event_name":"Upgrade Shrine","floor":19,"gold_loss":0,"cards_upgraded":["theDuelist:CatapultTurtle"]},{"damage_healed":0,"gold_gain":0,"player_choice":"Simplicity","damage_taken":0,"max_hp_gain":0,"max_hp_loss":0,"event_name":"Back to Basics","floor":21,"gold_loss":0,"cards_upgraded":["theDuelist:Sparks","theDuelist:CastleWalls","theDuelist:CastleWalls","theDuelist:Sparks"]},{"damage_healed":0,"gold_gain":0,"player_choice":"Read","damage_taken":0,"max_hp_gain":0,"max_hp_loss":0,"event_name":"The Library","floor":31,"gold_loss":0,"cards_obtained":["theDuelist:RevolvingSwitchyard"]},{"damage_healed":0,"gold_gain":0,"player_choice":"Fight","duelist":true,"damage_taken":0,"max_hp_gain":0,"max_hp_loss":0,"event_name":"Battle City","floor":37,"gold_loss":0},{"damage_healed":0,"gold_gain":0,"player_choice":"Rummage","damage_taken":0,"relics_obtained":["WarpedTongs"],"max_hp_gain":0,"max_hp_loss":0,"event_name":"Accursed Blacksmith","floor":38,"gold_loss":0,"cards_obtained":["Pain"]}],"is_beta":false,"boss_relics":[{"not_picked":["Pandora\u0027s Box","Runic Cube"],"picked":"Sozu"},{"not_picked":["Empty Cage","Busted Crown"],"picked":"Mark of Pain"}],"items_purged_floors":[],"is_endless":false,"potions_floor_spawned":[1,7,10,14,18,24,27,39],"killed_by":"Reptomancer","ascension_level":9}}