{"host":"6jrd8fn9k88n08be","time":1610854646,"event":{"mods":["BaseMod","Minty Spire (QoL Compilation)","StSLib"],"gold_per_floor":[117,133,133,150,169,169,169,169,169,196,212,18,35,67,67,166,166,176,446,458,468,132,164,79,79,104,104,117,146,146,156,156,257,257,277,13,13,63,74,108,108,136,218,218,218],"floor_reached":44,"language":"ENG","playtime":2454,"items_purged":["Strike_R","Strike_R","Strike_R"],"score":593,"play_id":"319c29fc-7105-4452-bd7f-e1c95d225c5c","local_time":"20210116223726","is_ascension_mode":true,"campfire_choices":[{"data":"Bash","floor":6.0,"key":"SMITH"},{"data":"Demon Form","floor":8,"key":"SMITH"},{"data":"Heavy Blade","floor":15,"key":"SMITH"},{"data":"Immolate","floor":25,"key":"SMITH"},{"floor":27,"key":"REST"},{"data":"Berserk","floor":30,"key":"SMITH"},{"data":"True Grit","floor":32,"key":"SMITH"},{"floor":41,"key":"RECALL"}],"circlet_count":0,"master_deck":["Strike_R+1","Defend_R","Defend_R","Defend_R","Bash+1","Demon Form+1","Metallicize","Heavy Blade+1","Ghostly Armor","Berserk+1","Dropkick","Shrug It Off","Pommel Strike","Immolate+1","Fire Breathing","Reaper+1","Shrug It Off","Bloodletting","True Grit+1","Fiend Fire","Seeing Red","Battle Trance+1","Flame Barrier","Body Slam+1","Pummel+1"],"relics":["Black Blood","CaptainsWheel","Unceasing Top","Lizard Tail","Runic Dome","Membership Card","Question Card","Pen Nib","Red Skull","Whetstone","Bottled Tornado","ClockworkSouvenir","Thread and Needle","MealTicket","Toy Ornithopter"],"acts_visited":["Exordium","TheCity","TheBeyond"],"potions_floor_usage":[10,16,23,31,40],"damage_taken":[{"damage":6.0,"enemies":"Cultist","floor":1.0,"turns":3.0},{"damage":0.0,"enemies":"2 Louse","floor":2.0,"turns":3.0},{"damage":2.0,"enemies":"Small Slimes","floor":4.0,"turns":4.0},{"damage":9.0,"enemies":"Red Slaver","floor":5.0,"turns":4.0},{"damage":20,"enemies":"Lagavulin","floor":10,"turns":6},{"damage":0,"enemies":"Exordium Wildlife","floor":11,"turns":4},{"damage":7,"enemies":"Looter","floor":13,"turns":4},{"damage":20,"enemies":"3 Sentries","floor":14,"turns":10},{"damage":47,"enemies":"The Guardian","floor":16,"turns":9},{"damage":10,"enemies":"Chosen","floor":18,"turns":3},{"damage":17,"enemies":"3 Byrds","floor":20,"turns":4},{"damage":7,"enemies":"Centurion and Healer","floor":21,"turns":4},{"damage":32,"enemies":"Book of Stabbing","floor":23,"turns":7},{"damage":0,"enemies":"Snecko","floor":28,"turns":4},{"damage":46,"enemies":"Gremlin Leader","floor":29,"turns":6},{"damage":22,"enemies":"Snake Plant","floor":31,"turns":5},{"damage":62,"enemies":"Automaton","floor":33,"turns":9},{"damage":41,"enemies":"3 Darklings","floor":35,"turns":7},{"damage":16,"enemies":"Mind Bloom Boss Battle","floor":38,"turns":7},{"damage":10,"enemies":"Orb Walker","floor":39,"turns":3},{"damage":78,"enemies":"Nemesis","floor":40,"turns":5},{"damage":82,"enemies":"Reptomancer","floor":42,"turns":4},{"damage":19,"enemies":"Writhing Mass","floor":44,"turns":2}],"seed_played":"-5489257947846016574","potions_obtained":[{"floor":2.0,"key":"Swift Potion"},{"floor":3.0,"key":"LiquidMemories"},{"floor":3.0,"key":"SmokeBomb"},{"floor":3.0,"key":"HeartOfIron"},{"floor":5.0,"key":"BloodPotion"},{"floor":10,"key":"Weak Potion"},{"floor":16,"key":"Block Potion"},{"floor":28,"key":"SkillPotion"},{"floor":31,"key":"Weak Potion"},{"floor":33,"key":"SteroidPotion"}],"is_trial":false,"path_per_floor":["M","M","?","M","M","R","?","R","T","E","M","$","M","E","R","B",null,"M","?","M","M","$","E","?","R","T","R","M","E","R","M","R","B",null,"M","$","?","?","M","E","R","E","T","M"],"character_chosen":"IRONCLAD","items_purchased":["Dropkick","Shrug It Off","Membership Card","Reaper","FairyPotion","Bottled Tornado","ClockworkSouvenir"],"campfire_rested":1,"item_purchase_floors":[12,12,22,22,22,36,36],"current_hp_per_floor":[80,80,80,80,77,77,70,70,70,56,62,62,61,47,47,22,80,76,49,38,37,37,30,30,30,30,54,60,45,45,35,35,12,80,56,56,56,74,76,52,52,14,14,0,0],"gold":218,"neow_bonus":"ONE_RANDOM_RARE_CARD","is_daily":false,"chose_seed":false,"campfire_upgraded":6,"win_rate":0.0,"timestamp":1610854646,"path_taken":["M","M","?","?","M","R","?","R","T","E","M","$","M","E","R","BOSS","M","?","?","M","$","E","?","R","T","R","M","E","R","M","R","BOSS","M","$","?","?","M","E","R","E","T","M"],"items_purchased_type":["Card","Card","Relic","Card","Potion","Relic","Relic"],"build_version":"2020-12-22","purchased_purges":3,"victory":false,"max_hp_per_floor":[80,80,80,80,80,80,80,80,80,80,80,80,80,80,80,80,80,80,80,80,80,80,80,80,80,80,80,80,80,80,80,80,80,80,80,80,80,80,80,80,80,80,80,80,80],"card_choices":[{"not_picked":["Clothesline","Iron Wave","Perfected Strike"],"picked":"SKIP","floor":1.0},{"not_picked":["Shockwave","Armaments"],"picked":"Metallicize","floor":2.0},{"not_picked":["Hemokinesis","Body Slam"],"picked":"Heavy Blade","floor":4.0},{"not_picked":["Body Slam","Cleave","Feel No Pain"],"picked":"SKIP","floor":5.0},{"not_picked":["Evolve","Iron Wave"],"picked":"Ghostly Armor","floor":10},{"not_picked":["Heavy Blade","Iron Wave"],"picked":"Berserk","floor":11},{"not_picked":["Perfected Strike","Body Slam"],"picked":"Pommel Strike","floor":13},{"not_picked":["Body Slam","Clash","Flex"],"picked":"SKIP","floor":14},{"not_picked":["Juggernaut","Feed"],"picked":"Immolate","floor":16},{"not_picked":["Headbutt","Spot Weakness","True Grit"],"picked":"SKIP","floor":18},{"not_picked":["Clash+1","Body Slam","Heavy Blade"],"picked":"SKIP","floor":20},{"not_picked":["Intimidate+1","Infernal Blade+1"],"picked":"Fire Breathing","floor":21},{"not_picked":["Intimidate","Entrench"],"picked":"Shrug It Off","floor":23},{"not_picked":["Heavy Blade","Sever Soul","Iron Wave"],"picked":"Bloodletting","floor":28},{"not_picked":["Dark Embrace","Perfected Strike","Searing Blow","Cleave"],"picked":"SKIP","floor":29},{"not_picked":["Sever Soul","Clothesline","Thunderclap"],"picked":"True Grit","floor":31},{"not_picked":["Double Tap","Berserk","Feed"],"picked":"Fiend Fire","floor":33},{"not_picked":["Blood for Blood","Inflame","Clash+1"],"picked":"Seeing Red","floor":35},{"not_picked":["Twin Strike","Spot Weakness","Headbutt+1"],"picked":"Battle Trance+1","floor":38},{"not_picked":["Sword Boomerang+1","Pommel Strike","Twin Strike+1"],"picked":"Flame Barrier","floor":39},{"not_picked":["Twin Strike","Clash+1","Shrug It Off+1"],"picked":"Body Slam+1","floor":40},{"not_picked":["Ghostly Armor+1","Corruption","Second Wind+1"],"picked":"Pummel+1","floor":42}],"player_experience":72804,"relics_obtained":[{"floor":9,"key":"CaptainsWheel"},{"floor":10,"key":"Unceasing Top"},{"floor":14,"key":"Lizard Tail"},{"floor":23,"key":"Question Card"},{"floor":26,"key":"Red Skull"},{"floor":29,"key":"Whetstone"},{"floor":38,"key":"Thread and Needle"},{"floor":40,"key":"MealTicket"},{"floor":42,"key":"Toy Ornithopter"}],"event_choices":[{"damage_healed":0.0,"max_hp_gain":0.0,"max_hp_loss":0.0,"gold_gain":0.0,"event_name":"Lab","player_choice":"Got Potions","floor":3.0,"gold_loss":0.0,"damage_taken":0.0},{"cards_removed":["Strike_R"],"damage_healed":0,"gold_gain":0,"player_choice":"Card Removal","damage_taken":7,"max_hp_gain":0,"max_hp_loss":0,"event_name":"Golden Wing","floor":7,"gold_loss":0},{"damage_healed":0,"gold_gain":270,"player_choice":"GOLD GOLD GOLD ","damage_taken":27,"max_hp_gain":0,"max_hp_loss":0,"event_name":"Knowing Skull","floor":19,"potions_obtained":[],"gold_loss":0,"cards_obtained":[]},{"damage_healed":0,"gold_gain":0,"player_choice":"Obtained Relic","damage_taken":0,"relics_obtained":["Pen Nib"],"max_hp_gain":0,"max_hp_loss":0,"event_name":"Addict","floor":24,"gold_loss":85},{"cards_removed":["Defend_R"],"damage_healed":0,"gold_gain":0,"player_choice":"Removed Skill","damage_taken":0,"max_hp_gain":0,"max_hp_loss":0,"event_name":"Falling","floor":37,"gold_loss":0},{"damage_healed":0,"gold_gain":0,"player_choice":"Fight","damage_taken":0,"max_hp_gain":0,"max_hp_loss":0,"event_name":"MindBloom","floor":38,"gold_loss":0}],"is_beta":false,"boss_relics":[{"not_picked":["Busted Crown","Coffee Dripper"],"picked":"Runic Dome"},{"not_picked":["Runic Cube","Velvet Choker"],"picked":"Black Blood"}],"items_purged_floors":[12,22,36],"is_endless":false,"potions_floor_spawned":[2,5,10,14,16,21,28,31,33,39],"killed_by":"Writhing Mass","ascension_level":1}}