{"host":"6jrnojxwearbrjzo","time":1610907687,"event":{"mods":["BaseMod","Conspire","Highlight Path","Marisa（F雨　魔理沙）","Minty Spire (QoL Compilation)","MostiFishMod","Quick Restart","Random Character Button","RumiaBox-露米娅的神秘盒子","Shop Mod","Spicy Shops","StSLib","The Construct","The Servant 0.9.4","Yuyuko","[功能]功能增强和修复MOD","vexMod","篝火指南"],"gold_per_floor":[112,112,112,5,25,25,10,10,37,37,54,79,254,285,285,384,384,402,402,300,300,380,406,406,433,433,348,348,348,376,320,320,425,425,436,486,486,471,482,251,302,273,297,297,263,288,300,38,38,2,2,2,2,36,36],"floor_reached":56,"language":"ZHS","playtime":1540,"items_purged":["Strike_B","Defend_B","Defend_B","Strike_B","Defend_B","Defend_B","Zap","Doubt","Reboot","Beam Cell","Streamline","All For One","Dualcast+1","MostiFishMod:StrandedSiren","Regret","Regret","Decay","Decay"],"score":1845,"play_id":"d4da4031-d1d5-458a-8f88-552c57cdfe4e","local_time":"20210118022127","is_ascension_mode":true,"campfire_choices":[{"floor":6,"key":"RECALL"},{"data":"Hologram","floor":15,"key":"SMITH"},{"floor":52,"key":"REST"}],"circlet_count":0,"master_deck":["Gash+1","Cold Snap+1","Hologram+1","Ball Lightning+1","MostiFishMod:SeaWaves","Blizzard+1"],"relics":["DaveBox","Transparent","ExusiaiGun","AddBug","SecretRecord","SecretRecord","Baka2","SecretRecord","SecretRecord","SecretRecord","SecretRecord","SecretRecord"],"acts_visited":["Exordium","TheCity","TheBeyond","TheEnding"],"potions_floor_usage":[33],"damage_taken":[{"damage":7,"enemies":"Small Slimes","floor":1,"turns":1},{"damage":7,"enemies":"2 Louse","floor":5,"turns":1},{"damage":7,"enemies":"Cultist","floor":11,"turns":1},{"damage":7,"enemies":"3 Sentries","floor":12,"turns":1},{"damage":7,"enemies":"Gremlin Nob","floor":14,"turns":1},{"damage":8,"enemies":"Hexaghost","floor":16,"turns":1},{"damage":8,"enemies":"Chosen","floor":18,"turns":1},{"damage":8,"enemies":"Gremlin Leader","floor":23,"turns":1},{"damage":8,"enemies":"Slavers","floor":25,"turns":1},{"damage":8,"enemies":"Book of Stabbing","floor":30,"turns":1},{"damage":16,"enemies":"Automaton","floor":33,"turns":2},{"damage":8,"enemies":"Orb Walker","floor":35,"turns":1},{"damage":8,"enemies":"Mind Bloom Boss Battle","floor":36,"turns":1},{"damage":8,"enemies":"3 Darklings","floor":39,"turns":1},{"damage":13,"enemies":"2 Orb Walkers","floor":41,"turns":1},{"damage":9,"enemies":"Reptomancer","floor":46,"turns":1},{"damage":9,"enemies":"Spire Growth","floor":47,"turns":1},{"damage":18,"enemies":"Donu and Deca","floor":50,"turns":2},{"damage":9,"enemies":"Shield and Spear","floor":54,"turns":1},{"damage":47,"enemies":"The Heart","floor":55,"turns":4}],"seed_played":"-5741755908613103582","potions_obtained":[{"floor":1,"key":"LiquidMemories"},{"floor":5,"key":"DistilledChaos"},{"floor":12,"key":"SkillPotion"},{"floor":35,"key":"FearPotion"},{"floor":47,"key":"DistilledChaos"}],"is_trial":false,"path_per_floor":["M","?","?","$","M","R","$","?","T","?","M","E","?","E","R","B",null,"M","?","$","?","T","E","$","E","T","?","?","?","E","$","R","B",null,"M","?","?","$","M","R","?","$","T","?","R","E","M","$","R","B",null,"R","$","E","B",null],"character_chosen":"DEFECT","items_purchased":["ChiLing","Whetstone","Cold Snap","Hologram","War Paint","BrkXgEgg","CeramicFish","Bag of Marbles","Akabeko","MagicDraw3","InkBottle","Medical Kit","conspire:TreasureMap","HornCleat","Dream Catcher","Juzu Bracelet","SSSystem","Prayer Wheel","DataDisk","SynthV:C4","BirthdayGift-Icosahedron"],"campfire_rested":1,"item_purchase_floors":[4,4,4,7,20,20,20,31,31,40,40,40,40,40,40,42,45,48,48,48,48],"current_hp_per_floor":[75,72,72,72,75,75,75,60,60,53,75,75,75,75,75,83,83,83,83,83,83,83,83,83,83,83,83,83,83,83,83,83,83,83,83,83,83,83,83,83,92,92,92,92,92,92,92,92,92,92,92,92,92,92,92],"gold":36,"neow_bonus":"BOSS_RELIC","is_daily":false,"chose_seed":false,"campfire_upgraded":1,"win_rate":0.0,"timestamp":1610907687,"path_taken":["M","?","?","$","?","R","$","?","T","?","?","E","?","E","R","BOSS","M","?","$","?","?","E","?","E","T","?","?","?","E","?","R","BOSS","M","?","?","$","?","R","?","$","T","?","R","E","?","$","R","BOSS","R","$","E","BOSS"],"items_purchased_type":["Relic","Relic","Card","Card","Relic","Relic","Relic","Relic","Relic","Relic","Relic","Relic","Relic","Relic","Relic","Relic","Relic","Relic","Relic","Relic","Relic"],"build_version":"2020-12-22","purchased_purges":18,"victory":true,"max_hp_per_floor":[75,75,75,75,75,75,75,75,75,75,75,75,75,75,75,83,83,83,83,83,83,83,83,83,83,83,83,83,83,83,83,83,83,83,83,83,83,83,83,83,92,92,92,92,92,92,92,92,92,92,92,92,92,92,92],"card_choices":[{"not_picked":["Auto Shields","Streamline"],"picked":"Gash","floor":1},{"not_picked":["Go for the Eyes","Force Field","Steam"],"picked":"SKIP","floor":5},{"not_picked":["Go for the Eyes","Beam Cell"],"picked":"Streamline","floor":11},{"not_picked":["MostiFishMod:Exploitation","Redo","FTL"],"picked":"SKIP","floor":12},{"not_picked":["Aggregate","FTL","Compile Driver"],"picked":"SKIP","floor":14},{"not_picked":["MostiFishMod:PushDownKick+1","Hello World+1","Go for the Eyes"],"picked":"SKIP","floor":18},{"not_picked":["MostiFishMod:DawningShadow","MostiFishMod:PushDownKick"],"picked":"Beam Cell","floor":23},{"not_picked":["Rebound","Cold Snap","Genetic Algorithm"],"picked":"SKIP","floor":25},{"not_picked":["Streamline+1","Double Energy","Redo"],"picked":"SKIP","floor":30},{"not_picked":["Biased Cognition","Creative AI"],"picked":"MostiFishMod:StrandedSiren","floor":33},{"not_picked":["Stack+1","Turbo+1"],"picked":"Ball Lightning+1","floor":35},{"not_picked":["Go for the Eyes","MostiFishMod:PushDownKick"],"picked":"All For One","floor":36},{"not_picked":["Go for the Eyes+1","Redo","Steam+1"],"picked":"SKIP","floor":39},{"not_picked":["Go for the Eyes+1","Redo","Steam+1"],"picked":"SKIP","floor":39},{"not_picked":["Reprogram","Multi-Cast","Melter+1"],"picked":"SKIP","floor":46},{"not_picked":["Barrage+1","Heatsinks+1","Coolheaded"],"picked":"SKIP","floor":47},{"not_picked":["Fission","FTL"],"picked":"Blizzard+1","floor":54},{"not_picked":["Skim","MostiFishMod:LinkProtocol+1","Conserve Battery"],"picked":"SKIP","floor":54},{"not_picked":["Cold Snap+1","MostiFishMod:LinkProtocol+1","Hologram"],"picked":"SKIP","floor":54},{"not_picked":["Aggregate","Leap","Beam Cell+1"],"picked":"SKIP","floor":54}],"player_experience":78416,"relics_obtained":[{"floor":1,"key":"AddBug"},{"floor":1,"key":"Baka"},{"floor":1,"key":"SynthV:TestCard"},{"floor":5,"key":"SecretRecord"},{"floor":5,"key":"Baka2"},{"floor":12,"key":"Nunchaku"},{"floor":14,"key":"Oddly Smooth Stone"},{"floor":18,"key":"SecretRecord"},{"floor":22,"key":"GodSword1"},{"floor":23,"key":"GodSword7"},{"floor":25,"key":"PreservedInsect"},{"floor":26,"key":"MagicDraw4"},{"floor":30,"key":"Bronze Scales"},{"floor":33,"key":"SecretRecord"},{"floor":36,"key":"OriginationStaff"},{"floor":36,"key":"SecretRecord"},{"floor":41,"key":"Emotion Chip"},{"floor":41,"key":"SecretRecord"},{"floor":43,"key":"Lantern"},{"floor":46,"key":"Art of War"},{"floor":47,"key":"SecretRecord"},{"floor":54,"key":"StrikeDummy"}],"event_choices":[{"damage_healed":0,"gold_gain":0,"player_choice":"Success","damage_taken":3,"relics_obtained":["Bird Faced Urn"],"max_hp_gain":0,"max_hp_loss":0,"event_name":"Scrap Ooze","floor":2,"gold_loss":0},{"damage_healed":0,"gold_gain":0,"player_choice":"Forge","damage_taken":0,"max_hp_gain":0,"max_hp_loss":0,"event_name":"Accursed Blacksmith","floor":3,"gold_loss":0,"cards_upgraded":["Gash"]},{"damage_healed":0,"gold_gain":0,"player_choice":"Entered Light","damage_taken":15,"max_hp_gain":0,"max_hp_loss":0,"event_name":"Shining Light","floor":8,"gold_loss":0,"cards_upgraded":["Dualcast","Cold Snap"]},{"cards_removed":["Strike_B"],"damage_healed":0,"gold_gain":0,"player_choice":"Card Removal","damage_taken":7,"max_hp_gain":0,"max_hp_loss":0,"event_name":"Golden Wing","floor":10,"gold_loss":0},{"damage_healed":0,"gold_gain":175,"player_choice":"AGREE","damage_taken":0,"max_hp_gain":0,"max_hp_loss":0,"event_name":"Liars Game","floor":13,"gold_loss":0,"cards_obtained":["Doubt"]},{"damage_healed":0,"gold_gain":0,"player_choice":"Ignored","damage_taken":0,"max_hp_gain":0,"max_hp_loss":0,"event_name":"Vampires","floor":19,"gold_loss":0},{"cards_removed":["Strike_B"],"damage_healed":0,"gold_gain":0,"player_choice":"Elegance","damage_taken":0,"max_hp_gain":0,"max_hp_loss":0,"event_name":"Back to Basics","floor":21,"gold_loss":0},{"damage_healed":0,"gold_gain":0,"player_choice":"Obtained Relic","damage_taken":0,"relics_obtained":["Shovel"],"max_hp_gain":0,"max_hp_loss":0,"event_name":"Addict","floor":27,"gold_loss":85},{"damage_healed":0,"gold_gain":0,"player_choice":"Ignored","damage_taken":0,"max_hp_gain":0,"max_hp_loss":0,"event_name":"Ghosts","floor":28,"gold_loss":0},{"damage_healed":0,"gold_gain":0,"player_choice":"Ignored","damage_taken":0,"max_hp_gain":0,"max_hp_loss":0,"event_name":"Cursed Tome","floor":29,"gold_loss":0},{"damage_healed":0,"gold_gain":0,"player_choice":"Fight","damage_taken":0,"max_hp_gain":0,"max_hp_loss":0,"event_name":"MindBloom","floor":36,"gold_loss":0},{"damage_healed":0,"gold_gain":0,"player_choice":"1 cards matched","damage_taken":0,"max_hp_gain":0,"max_hp_loss":0,"event_name":"Match and Keep!","floor":37,"gold_loss":0,"cards_obtained":["MostiFishMod:SeaWaves"]},{"damage_healed":0,"gold_gain":0,"player_choice":"Fight","damage_taken":0,"max_hp_gain":0,"max_hp_loss":0,"event_name":"Mysterious Sphere","floor":41,"gold_loss":0},{"damage_healed":0,"gold_gain":0,"player_choice":"Cursed","damage_taken":0,"max_hp_gain":0,"max_hp_loss":0,"event_name":"Wheel of Change","floor":44,"gold_loss":0,"cards_obtained":["Decay"]}],"is_beta":false,"boss_relics":[{"not_picked":["conspire:RunicOctahedron","GuanYuAspect"],"picked":"EasyGame_NEW"},{"not_picked":["Velvet Choker","SynthV:MejaisSoulstealer"],"picked":"conspire:SeveredTorchhead"}],"items_purged_floors":[4,4,4,4,4,4,4,20,20,31,31,38,38,38,40,40,40,45],"is_endless":false,"potions_floor_spawned":[1,1,5,12,14,14,18,18,25,30,35,36,41,47,47,54],"ascension_level":1}}