{"host":"wud4w7nw8qmq6f33","time":1610848529,"event":{"mods":["2.2 Compatiblity","Act Like it!","BaseMod","Beaked The Cultist","Better Third Choice","BetterRewards","Colored Map","Colored Powertips","Energized Spire","Gremlin Skip","Minty Spire (QoL Compilation)","Permanent Neow","Quick Restart","Rare Cards Sparkle","StSLib","everything is the same but u backflip on backflip","slay the spire mod where everything is the same but ironclad has a cowboy hat"],"gold_per_floor":[361,436,52,69,88,122,122,22,22,22,22,36,47,74,74,169,169,184,198,123,123,143,170,190,221,301,313,313,313,341,358,358,462,462,478,478,493,508,468,495,511,511,511],"floor_reached":42,"language":"ENG","playtime":1377,"items_purged":["Shame","Defend_R"],"score":600,"play_id":"eb9091f3-4048-4a4c-85cf-66fd27b5575d","local_time":"20210116205529","is_ascension_mode":false,"campfire_choices":[{"data":"Whirlwind","floor":7,"key":"SMITH"},{"data":"Feed","floor":10,"key":"SMITH"},{"floor":15,"key":"REST"},{"floor":29,"key":"REST"},{"data":"Bash","floor":32,"key":"SMITH"}],"circlet_count":0,"master_deck":["Strike_R","Strike_R","Strike_R","Strike_R","Defend_R","Defend_R","Bash+1","Clash+1","Whirlwind+1","Feed+1","Thunderclap+1","Battle Trance","Offering","Whirlwind+1","Ghostly Armor+1","Flex"],"relics":["Burning Blood","Bottled Flame","Happy Flower","Gremlin Horn","Bag of Marbles","energizedSpire:OgreHead","Nunchaku","Question Card","Orichalcum","energizedSpire:DeadBattery","MealTicket"],"acts_visited":["Exordium","TheCity","TheBeyond"],"potions_floor_usage":[6,12,14,16,16,16,16,23,24,24,33,33,33,33,33,33,33,33,33,40,40],"damage_taken":[{"damage":6,"enemies":"Jaw Worm","floor":1,"turns":3},{"damage":0,"enemies":"2 Louse","floor":4,"turns":1},{"damage":1,"enemies":"Cultist","floor":5,"turns":3},{"damage":28,"enemies":"Gremlin Nob","floor":6,"turns":5},{"damage":11,"enemies":"Large Slime","floor":12,"turns":3},{"damage":5,"enemies":"Looter","floor":13,"turns":2},{"damage":26,"enemies":"Lagavulin","floor":14,"turns":4},{"damage":103,"enemies":"Hexaghost","floor":16,"turns":13},{"damage":12,"enemies":"Shell Parasite","floor":18,"turns":4},{"damage":0,"enemies":"2 Thieves","floor":19,"turns":1},{"damage":26,"enemies":"Snecko","floor":22,"turns":4},{"damage":34,"enemies":"Book of Stabbing","floor":23,"turns":4},{"damage":16,"enemies":"Cultist and Chosen","floor":24,"turns":2},{"damage":0,"enemies":"Slavers","floor":25,"turns":1},{"damage":0,"enemies":"Centurion and Healer","floor":27,"turns":2},{"damage":14,"enemies":"Gremlin Leader","floor":30,"turns":3},{"damage":6,"enemies":"Shelled Parasite and Fungi","floor":31,"turns":2},{"damage":67,"enemies":"Champ","floor":33,"turns":9},{"damage":6,"enemies":"Orb Walker","floor":35,"turns":1},{"damage":12,"enemies":"3 Shapes","floor":37,"turns":1},{"damage":0,"enemies":"3 Darklings","floor":38,"turns":1},{"damage":95,"enemies":"Giant Head","floor":40,"turns":8},{"damage":18,"enemies":"Writhing Mass","floor":41,"turns":4},{"damage":26,"enemies":"Reptomancer","floor":42,"turns":3}],"seed_played":"-3767427899789963661","potions_obtained":[{"floor":1,"key":"Swift Potion"},{"floor":4,"key":"Fire Potion"},{"floor":11,"key":"FearPotion"},{"floor":11,"key":"LiquidMemories"},{"floor":13,"key":"EntropicBrew"},{"floor":19,"key":"BlessingOfTheForge"},{"floor":24,"key":"EntropicBrew"},{"floor":25,"key":"BlessingOfTheForge"},{"floor":33,"key":"SkillPotion"},{"floor":38,"key":"Swift Potion"},{"floor":41,"key":"Block Potion"}],"is_trial":false,"path_per_floor":["M","?","$","M","M","E","R","$","T","R","?","M","M","E","R","B",null,"M","M","?","?","M","E","M","E","T","M","?","R","E","M","R","B",null,"M","?","M","M","?","E","M","E"],"character_chosen":"IRONCLAD","items_purchased":["Whirlwind","Bottled Flame"],"campfire_rested":2,"item_purchase_floors":[3,3],"current_hp_per_floor":[80,69,69,75,80,58,58,58,58,58,58,53,58,38,63,14,88,86,92,92,92,76,48,62,68,68,78,57,89,81,85,85,24,113,113,113,107,113,113,24,12,0,0],"gold":511,"neow_bonus":"TWO_FIFTY_GOLD","is_daily":false,"chose_seed":false,"campfire_upgraded":3,"win_rate":0.0,"timestamp":1610848529,"path_taken":["M","?","$","M","M","E","R","$","T","R","?","?","M","E","R","BOSS","M","M","?","?","M","E","?","E","T","M","?","R","E","M","R","BOSS","M","?","M","M","?","E","?","E"],"items_purchased_type":["Card","Relic"],"build_version":"2020-12-22","purchased_purges":2,"victory":false,"max_hp_per_floor":[80,80,80,80,80,80,80,80,80,80,80,80,84,84,84,88,88,92,92,92,92,96,96,100,100,100,104,109,109,109,113,113,113,113,113,113,113,113,113,113,113,113,113],"card_choices":[{"not_picked":["Rampage","Warcry"],"picked":"Clash","floor":1},{"not_picked":["Twin Strike","Clash","Shockwave"],"picked":"SKIP","floor":4},{"not_picked":["Body Slam","Wild Strike","Dropkick"],"picked":"SKIP","floor":5},{"not_picked":["Perfected Strike","Dual Wield"],"picked":"Feed","floor":6},{"not_picked":["Hemokinesis","Armaments","Warcry"],"picked":"SKIP","floor":12},{"not_picked":["Power Through","Shrug It Off"],"picked":"Thunderclap","floor":13},{"not_picked":["Exhume","Bludgeon"],"picked":"Battle Trance","floor":14},{"not_picked":["Feed","Impervious"],"picked":"Offering","floor":16},{"not_picked":["Dark Embrace","Body Slam","Burning Pact"],"picked":"SKIP","floor":18},{"not_picked":["Warcry","Thunderclap","True Grit"],"picked":"SKIP","floor":19},{"not_picked":["Body Slam+1","Rupture","Disarm+1"],"picked":"SKIP","floor":22},{"not_picked":["Disarm+1","Clothesline+1"],"picked":"Whirlwind+1","floor":23},{"not_picked":["Sword Boomerang","Uppercut","Havoc+1"],"picked":"SKIP","floor":24},{"not_picked":["Fiend Fire","Iron Wave","Dark Embrace+1"],"picked":"SKIP","floor":25},{"not_picked":["Wild Strike","Pommel Strike","Sever Soul","Sword Boomerang+1"],"picked":"SKIP","floor":27},{"not_picked":["Clash","Ghostly Armor+1","Thunderclap","Cleave"],"picked":"SKIP","floor":30},{"not_picked":["Clash","Thunderclap","Cleave"],"picked":"Ghostly Armor+1","floor":30},{"not_picked":["Bloodletting+1","Clash+1","Limit Break","Twin Strike"],"picked":"SKIP","floor":31},{"not_picked":["Hemokinesis+1","Sword Boomerang+1","Iron Wave+1","Entrench+1"],"picked":"SKIP","floor":35},{"not_picked":["Feel No Pain","Cleave+1","Pommel Strike"],"picked":"Flex","floor":37},{"not_picked":["Pommel Strike+1","True Grit+1","Clash","Headbutt"],"picked":"SKIP","floor":38},{"not_picked":["Body Slam","Evolve","Armaments+1","Iron Wave"],"picked":"SKIP","floor":40},{"not_picked":["Armaments+1","Anger","Wild Strike+1","Power Through"],"picked":"SKIP","floor":41}],"player_experience":631348,"relics_obtained":[{"floor":6,"key":"Happy Flower"},{"floor":9,"key":"Gremlin Horn"},{"floor":14,"key":"Bag of Marbles"},{"floor":23,"key":"Nunchaku"},{"floor":25,"key":"Question Card"},{"floor":30,"key":"Orichalcum"},{"floor":40,"key":"MealTicket"}],"event_choices":[{"damage_healed":0,"gold_gain":75,"player_choice":"Gold","damage_taken":11,"max_hp_gain":0,"max_hp_loss":0,"event_name":"betterThird:BetterGoop","floor":2,"gold_loss":0},{"damage_healed":0,"gold_gain":0,"player_choice":"Got Potions","damage_taken":0,"max_hp_gain":0,"max_hp_loss":0,"event_name":"Lab","floor":11,"gold_loss":0},{"cards_removed":["Strike_R"],"damage_healed":0,"gold_gain":0,"player_choice":"Gave Gold","damage_taken":0,"max_hp_gain":0,"max_hp_loss":0,"event_name":"Beggar","floor":20,"gold_loss":75},{"damage_healed":0,"gold_gain":0,"player_choice":"Ignored","damage_taken":0,"max_hp_gain":0,"max_hp_loss":0,"event_name":"NoteForYourself","floor":21,"gold_loss":0},{"damage_healed":0,"gold_gain":0,"player_choice":"Shed Blood","damage_taken":26,"max_hp_gain":5,"max_hp_loss":0,"event_name":"Forgotten Altar","floor":28,"gold_loss":0},{"cards_removed":["Defend_R"],"damage_healed":0,"gold_gain":0,"player_choice":"Removed Skill","damage_taken":0,"max_hp_gain":0,"max_hp_loss":0,"event_name":"Falling","floor":36,"gold_loss":0},{"damage_healed":0,"gold_gain":0,"player_choice":"Upgraded Two","damage_taken":0,"max_hp_gain":0,"max_hp_loss":0,"event_name":"Designer","floor":39,"gold_loss":40,"cards_upgraded":["Clash","Thunderclap"]}],"is_beta":false,"boss_relics":[{"not_picked":["Ectoplasm","Calling Bell"],"picked":"energizedSpire:OgreHead"},{"not_picked":["Mark of Pain","Fusion Hammer"],"picked":"energizedSpire:DeadBattery"}],"items_purged_floors":[3,8],"is_endless":false,"potions_floor_spawned":[1,4,13,19,24,25,30,33,38,41],"killed_by":"Reptomancer","ascension_level":0}}