{"host":"vex7walpoxzv48nx","time":1610926755,"event":{"mods":["BaseMod","Bestiary","Minty Spire (QoL Compilation)","Permanent Neow","Quick Restart","Relic Stats"],"gold_per_floor":[118,136,148,158,171,171,23,34,57,73,87,101,101,126,126,231,231,245,271,371,382,188,213,213,248,248,53,63,78,78,90,90,195,195,215,232,282,302,402,402,436,436,436,451,78,95,22,38,38,38],"floor_reached":51,"language":"ENG","playtime":5135,"items_purged":["Strike_G","Strike_G","Defend_G","Defend_G"],"score":800,"play_id":"242c9109-c6f7-4389-9e78-ee4b23d73aa4","local_time":"20210118003915","is_ascension_mode":false,"campfire_choices":[{"data":"Neutralize","floor":6.0,"key":"SMITH"},{"data":"Footwork","floor":13.0,"key":"SMITH"},{"floor":15.0,"key":"REST"},{"data":"Wraith Form v2","floor":24.0,"key":"SMITH"},{"data":"Catalyst","floor":30.0,"key":"SMITH"},{"data":"Noxious Fumes","floor":32.0,"key":"SMITH"},{"floor":40.0,"key":"REST"},{"data":"Acrobatics","floor":42.0,"key":"SMITH"},{"floor":49,"key":"REST"}],"circlet_count":0,"master_deck":["Strike_G","Strike_G","Defend_G+1","Defend_G","Survivor","Neutralize+1","Corpse Explosion","Bouncing Flask+1","Blade Dance","Footwork+1","Deflect","All Out Attack","Deadly Poison","Poisoned Stab","Quick Slash","Leg Sweep","Die Die Die","Acrobatics","Dodge and Roll","Wraith Form v2+1","Bouncing Flask+1","Backflip","Storm of Steel","Crippling Poison+1","Die Die Die","Infinite Blades+1","Noxious Fumes+1","Backflip","Wraith Form v2","Catalyst+1","Acrobatics+1","Night Terror","Backflip","Bane+1","Footwork","Burst","Terror+1","Footwork+1","Well Laid Plans+1","Dash"],"relics":["Ring of the Snake","Smiling Mask","Sundial","Snecko Eye","War Paint","Orrery","Regal Pillow","Anchor","White Beast Statue","TwistedFunnel","Empty Cage","Peace Pipe","Frozen Egg 2","Paper Crane","Mercury Hourglass"],"acts_visited":["Exordium","TheCity","TheBeyond"],"potions_floor_usage":[46,50,50,50],"damage_taken":[{"damage":4.0,"enemies":"Cultist","floor":1.0,"turns":4.0},{"damage":0.0,"enemies":"2 Louse","floor":2.0,"turns":2.0},{"damage":3.0,"enemies":"Jaw Worm","floor":3.0,"turns":3.0},{"damage":1.0,"enemies":"Exordium Wildlife","floor":4.0,"turns":4.0},{"damage":0.0,"enemies":"Lots of Slimes","floor":5.0,"turns":3.0},{"damage":0.0,"enemies":"Red Slaver","floor":8.0,"turns":4.0},{"damage":0.0,"enemies":"2 Fungi Beasts","floor":10.0,"turns":2.0},{"damage":0.0,"enemies":"Large Slime","floor":11.0,"turns":3.0},{"damage":11.0,"enemies":"Exordium Thugs","floor":12.0,"turns":4.0},{"damage":23.0,"enemies":"3 Sentries","floor":14.0,"turns":3.0},{"damage":21.0,"enemies":"Hexaghost","floor":16.0,"turns":11.0},{"damage":2.0,"enemies":"Shell Parasite","floor":18.0,"turns":5.0},{"damage":0.0,"enemies":"Spheric Guardian","floor":21.0,"turns":2.0},{"damage":16.0,"enemies":"Book of Stabbing","floor":23.0,"turns":4.0},{"damage":0.0,"enemies":"Gremlin Leader","floor":25.0,"turns":5.0},{"damage":0.0,"enemies":"Chosen and Byrds","floor":28.0,"turns":3.0},{"damage":0.0,"enemies":"Cultist and Chosen","floor":29.0,"turns":2.0},{"damage":0.0,"enemies":"Snake Plant","floor":31.0,"turns":2.0},{"damage":0.0,"enemies":"Automaton","floor":33.0,"turns":7.0},{"damage":0.0,"enemies":"3 Shapes","floor":35.0,"turns":1.0},{"damage":6.0,"enemies":"Orb Walker","floor":36.0,"turns":3.0},{"damage":1.0,"enemies":"Mind Bloom Boss Battle","floor":37.0,"turns":6.0},{"damage":3.0,"enemies":"Transient","floor":38.0,"turns":5.0},{"damage":9.0,"enemies":"Giant Head","floor":41.0,"turns":7.0},{"damage":2,"enemies":"Maw","floor":44,"turns":6},{"damage":18,"enemies":"4 Shapes","floor":46,"turns":2},{"damage":14,"enemies":"Sphere and 2 Shapes","floor":48,"turns":4},{"damage":20,"enemies":"Time Eater","floor":50,"turns":9}],"seed_played":"-4551207108776127001","potions_obtained":[{"floor":1.0,"key":"EntropicBrew"},{"floor":8.0,"key":"BlessingOfTheForge"},{"floor":11.0,"key":"Ancient Potion"},{"floor":12.0,"key":"SkillPotion"},{"floor":14.0,"key":"SmokeBomb"},{"floor":18.0,"key":"AttackPotion"},{"floor":21.0,"key":"Block Potion"},{"floor":25.0,"key":"CunningPotion"},{"floor":33.0,"key":"Poison Potion"},{"floor":35.0,"key":"CultistPotion"},{"floor":41.0,"key":"Fire Potion"},{"floor":44,"key":"AttackPotion"},{"floor":46,"key":"Explosive Potion"},{"floor":48,"key":"PowerPotion"}],"is_trial":false,"path_per_floor":["M","M","M","M","M","R","$","M","T","M","M","M","R","E","R","B",null,"M","T","?","M","$","E","R","E","T","$","M","M","R","M","R","B",null,"M","M","?","M","?","R","E","R","T","M","$","M","$","M","R","B",null],"character_chosen":"THE_SILENT","items_purchased":["Deadly Poison","Poisoned Stab","Orrery","TwistedFunnel","Mercury Hourglass","Footwork+1","Well Laid Plans+1"],"campfire_rested":3,"item_purchase_floors":[7,7,22,27,45,45,47],"current_hp_per_floor":[66,66,63,62,62,62,62,62,62,62,62,51,51,28,49,28,70,68,68,68,68,68,52,52,52,52,52,52,52,52,52,52,52,70,70,64,63,60,60,70,61,61,61,59,59,41,41,27,63,43],"gold":38,"neow_bonus":"ONE_RANDOM_RARE_CARD","is_daily":false,"chose_seed":false,"campfire_upgraded":6,"win_rate":0.0,"timestamp":1610926755,"path_taken":["M","M","M","M","M","R","$","M","T","M","M","M","R","E","R","BOSS","M","?","?","?","$","E","R","E","T","$","?","M","R","M","R","BOSS","M","M","?","M","?","R","E","R","T","M","$","?","?","?","R","BOSS"],"items_purchased_type":["Card","Card","Relic","Relic","Relic","Card","Card"],"build_version":"2020-12-22","purchased_purges":4,"victory":true,"max_hp_per_floor":[70,70,70,70,70,70,70,70,70,70,70,70,70,70,70,70,70,70,70,70,70,70,70,70,70,70,70,70,70,70,70,70,70,70,70,70,70,70,70,70,70,70,70,70,70,70,70,70,70,70],"relic_stats":{"Peace Pipe":0,"Regal Pillow":15,"counters":[28,116],"Sundial":[8],"Snecko Eye":[155,149,171,138],"War Paint":["Defend_G","Bouncing Flask"],"Smiling Mask":225,"obtain_stats":[{"TwistedFunnel":27,"Regal Pillow":23,"War Paint":19,"Frozen Egg 2":41,"Paper Crane":43,"Smiling Mask":9,"Empty Cage":34,"White Beast Statue":26,"Mercury Hourglass":45,"Peace Pipe":37,"Anchor":25,"Sundial":14,"Snecko Eye":17,"Orrery":22,"Ring of the Snake":0},{"TwistedFunnel":15,"Regal Pillow":14,"War Paint":12,"Frozen Egg 2":24,"Paper Crane":24,"Smiling Mask":6,"Empty Cage":19,"White Beast Statue":15,"Mercury Hourglass":25,"Peace Pipe":22,"Anchor":15,"Sundial":10,"Snecko Eye":11,"Orrery":13,"Ring of the Snake":0},{"TwistedFunnel":59,"Regal Pillow":54,"War Paint":48,"Frozen Egg 2":95,"Paper Crane":95,"Smiling Mask":20,"Empty Cage":73,"White Beast Statue":59,"Mercury Hourglass":101,"Peace Pipe":83,"Anchor":59,"Sundial":32,"Snecko Eye":43,"Orrery":50,"Ring of the Snake":0}],"Ring of the Snake":[56],"Mercury Hourglass":[60]},"card_choices":[{"not_picked":["Deflect","Masterful Stab"],"picked":"Bouncing Flask","floor":1.0},{"not_picked":["Sucker Punch","Prepared"],"picked":"Blade Dance","floor":2.0},{"not_picked":["Flying Knee","Calculated Gamble"],"picked":"Footwork","floor":3.0},{"not_picked":["Acrobatics","Phantasmal Killer"],"picked":"Deflect","floor":4.0},{"not_picked":["Masterful Stab","Tactician"],"picked":"All Out Attack","floor":5.0},{"not_picked":["Sucker Punch","Dagger Throw"],"picked":"Quick Slash","floor":8.0},{"not_picked":["Accuracy","Distraction"],"picked":"Leg Sweep","floor":10.0},{"not_picked":["Distraction","Cloak And Dagger"],"picked":"Die Die Die","floor":11.0},{"not_picked":["Outmaneuver","Dagger Spray"],"picked":"Acrobatics","floor":12.0},{"not_picked":["Finisher","Glass Knife"],"picked":"Dodge and Roll","floor":14.0},{"not_picked":["Doppelganger","Glass Knife"],"picked":"Wraith Form v2","floor":16.0},{"not_picked":["Blur","Dodge and Roll"],"picked":"Bouncing Flask+1","floor":18.0},{"not_picked":["Poisoned Stab","Distraction"],"picked":"Backflip","floor":21.0},{"not_picked":["Well Laid Plans+1","Cloak And Dagger"],"picked":"Storm of Steel","floor":22.0},{"not_picked":["Well Laid Plans","Bouncing Flask"],"picked":"Crippling Poison+1","floor":22.0},{"not_picked":["Caltrops+1","Slice"],"picked":"Die Die Die","floor":22.0},{"not_picked":["Expertise","Dagger Throw+1"],"picked":"Infinite Blades+1","floor":22.0},{"not_picked":["Bane+1","Caltrops+1"],"picked":"Noxious Fumes","floor":22.0},{"not_picked":["Prepared","Escape Plan"],"picked":"Backflip","floor":23.0},{"not_picked":["Bane","Flechettes+1"],"picked":"Wraith Form v2","floor":25.0},{"not_picked":["Deflect","PiercingWail"],"picked":"Catalyst","floor":28.0},{"not_picked":["Cloak And Dagger+1","Tools of the Trade"],"picked":"Acrobatics","floor":29.0},{"not_picked":["Prepared","Deflect","Sucker Punch"],"picked":"SKIP","floor":31.0},{"not_picked":["Burst","Bullet Time"],"picked":"Night Terror","floor":33.0},{"not_picked":["Expertise+1","Flying Knee+1"],"picked":"Backflip","floor":35.0},{"not_picked":["Eviscerate+1","Sucker Punch+1"],"picked":"Bane+1","floor":36.0},{"not_picked":["Tactician+1","Night Terror"],"picked":"Footwork","floor":38.0},{"not_picked":["Dagger Spray","All Out Attack+1"],"picked":"Burst","floor":41.0},{"not_picked":["Flying Knee+1","PiercingWail+1"],"picked":"Terror+1","floor":44},{"not_picked":["All Out Attack","Acrobatics","Flying Knee+1"],"picked":"SKIP","floor":46},{"not_picked":["Slice+1","Infinite Blades+1"],"picked":"Dash","floor":48}],"player_experience":165024,"relics_obtained":[{"floor":9.0,"key":"Smiling Mask"},{"floor":14.0,"key":"Sundial"},{"floor":19.0,"key":"War Paint"},{"floor":23.0,"key":"Regal Pillow"},{"floor":25.0,"key":"Anchor"},{"floor":26.0,"key":"White Beast Statue"},{"floor":37.0,"key":"Peace Pipe"},{"floor":41.0,"key":"Frozen Egg 2"},{"floor":43.0,"key":"Paper Crane"}],"event_choices":[{"damage_healed":0.0,"max_hp_gain":0.0,"max_hp_loss":0.0,"gold_gain":100.0,"event_name":"Golden Shrine","player_choice":"Pray","floor":20.0,"gold_loss":0.0,"damage_taken":0.0},{"damage_healed":0.0,"max_hp_gain":0.0,"max_hp_loss":0.0,"gold_gain":0.0,"event_name":"MindBloom","player_choice":"Fight","floor":37.0,"gold_loss":0.0,"damage_taken":0.0},{"damage_healed":0.0,"max_hp_gain":0.0,"max_hp_loss":0.0,"gold_gain":100.0,"event_name":"Golden Shrine","player_choice":"Pray","floor":39.0,"gold_loss":0.0,"damage_taken":0.0}],"is_beta":false,"boss_relics":[{"not_picked":["Velvet Choker","Runic Dome"],"picked":"Snecko Eye"},{"not_picked":["Calling Bell","SacredBark"],"picked":"Empty Cage"}],"items_purged_floors":[7,22,27,45],"is_endless":false,"potions_floor_spawned":[1,8,11,12,14,18,21,25,28,29,31,33,35,36,37,38,41,44,46,48],"ascension_level":0}}