{"host":"r53pw7z744tg3fxg","time":1610915030,"event":{"mods":["AchievementEnabler","BaseMod","Colored Map","Colored Powertips","Highlight Path","Minty Spire (QoL Compilation)","Quick Restart","Transform Curses"],"gold_per_floor":[111,26,26,26,42,42,72,72,72,72,72,83,83,99,99,175,175,189,189,18,33,33,61,61,61,61,95,108,108,133,81,81,154,154,164,178,178,178,188,188,188],"floor_reached":40,"language":"ENG","playtime":1542,"items_purged":[],"score":882,"play_id":"0255d334-9ac3-4a70-ac12-70969ae9f4ab","local_time":"20210117132350","is_ascension_mode":true,"campfire_choices":[{"floor":6.0,"key":"REST"},{"floor":8.0,"key":"REST"},{"floor":13.0,"key":"REST"},{"floor":15.0,"key":"REST"},{"data":"Devotion","floor":25.0,"key":"SMITH"},{"floor":29.0,"key":"REST"},{"data":"Establishment","floor":32,"key":"SMITH"}],"circlet_count":0,"master_deck":["AscendersBane","Strike_P","Strike_P","Strike_P","Defend_P","Defend_P+1","Defend_P+1","Defend_P","Eruption+1","Vigilance","ForeignInfluence+1","Wallop+1","Crescendo+1","Protect+1","Devotion+1","Halt+1","Swivel+1","CrushJoints+1","Prostrate+1","WheelKick+1","Worship+1","Establishment+1","Evaluate+1","Consecrate","SpiritShield+1","PathToVictory+1","Alpha+1","CurseOfTheBell","ThirdEye+1"],"relics":["PureWater","Juzu Bracelet","War Paint","Oddly Smooth Stone","Toxic Egg 2","Sundial","Smiling Mask","Astrolabe","Centennial Puzzle","MutagenicStrength","Kunai","Orichalcum","Lantern","Pear","Calling Bell","Damaru","Darkstone Periapt","Du-Vu Doll"],"acts_visited":["Exordium","TheCity","TheBeyond"],"potions_floor_usage":[30,33],"damage_taken":[{"damage":7.0,"enemies":"2 Louse","floor":1.0,"turns":3.0},{"damage":0.0,"enemies":"Cultist","floor":5.0,"turns":3.0},{"damage":18.0,"enemies":"Gremlin Nob","floor":7.0,"turns":3.0},{"damage":5.0,"enemies":"Small Slimes","floor":12.0,"turns":3.0},{"damage":5.0,"enemies":"Exordium Thugs","floor":14.0,"turns":3.0},{"damage":22.0,"enemies":"Slime Boss","floor":16.0,"turns":9.0},{"damage":8.0,"enemies":"Shell Parasite","floor":18.0,"turns":6.0},{"damage":0.0,"enemies":"Chosen","floor":21.0,"turns":3.0},{"damage":0.0,"enemies":"Book of Stabbing","floor":23.0,"turns":1.0},{"damage":13.0,"enemies":"Gremlin Leader","floor":27.0,"turns":6.0},{"damage":4.0,"enemies":"3 Cultists","floor":28.0,"turns":3.0},{"damage":0,"enemies":"Slavers","floor":30,"turns":4},{"damage":35,"enemies":"Automaton","floor":33,"turns":11},{"damage":5,"enemies":"Orb Walker","floor":35,"turns":4},{"damage":31,"enemies":"3 Shapes","floor":36,"turns":4},{"damage":11,"enemies":"Sphere and 2 Shapes","floor":39,"turns":6},{"damage":37,"enemies":"Giant Head","floor":40,"turns":5}],"seed_played":"-8093767141792730188","potions_obtained":[{"floor":5.0,"key":"LiquidMemories"},{"floor":12.0,"key":"AttackPotion"},{"floor":14.0,"key":"LiquidBronze"},{"floor":18.0,"key":"Ambrosia"},{"floor":21.0,"key":"StancePotion"},{"floor":27.0,"key":"Ancient Potion"},{"floor":30,"key":"Block Potion"},{"floor":33,"key":"LiquidBronze"},{"floor":39,"key":"Dexterity Potion"}],"is_trial":false,"path_per_floor":["M","?","$","?","M","R","E","R","T","?","?","M","R","M","R","B",null,"M","?","$","M","?","E","?","R","T","E","M","R","E","$","R","B",null,"M","M","$","?","M","E"],"character_chosen":"WATCHER","items_purchased":["Centennial Puzzle","PathToVictory+1"],"campfire_rested":5,"item_purchase_floors":[20,31],"current_hp_per_floor":[54,54,54,28,28,48,30,50,50,50,30,25,45,40,60,38,61,53,53,53,53,53,53,53,53,53,40,36,56,66,66,66,31,66,61,30,30,30,19,0,0],"gold":188,"neow_bonus":"RANDOM_COMMON_RELIC","is_daily":false,"chose_seed":false,"campfire_upgraded":2,"win_rate":0.0,"timestamp":1610915030,"path_taken":["M","?","?","?","M","R","E","R","T","?","?","M","R","M","R","BOSS","M","?","?","M","?","E","?","R","T","E","M","R","E","$","R","BOSS","M","M","$","?","M","E"],"items_purchased_type":["Relic","Card"],"build_version":"2020-12-22","purchased_purges":0,"victory":false,"max_hp_per_floor":[68,68,68,68,68,68,68,68,68,68,68,68,68,68,68,68,68,68,68,68,68,68,68,68,68,68,68,68,68,78,78,78,78,78,78,78,78,78,78,78,78],"card_choices":[{"not_picked":["CutThroughFate","ThirdEye"],"picked":"ForeignInfluence","floor":1.0},{"not_picked":["WreathOfFlame","EmptyFist"],"picked":"FlurryOfBlows","floor":5.0},{"not_picked":["Omniscience+1","Vault+1"],"picked":"Wallop","floor":7.0},{"not_picked":["JustLucky","Tantrum"],"picked":"Crescendo+1","floor":12.0},{"not_picked":["BowlingBash","LikeWater"],"picked":"Protect+1","floor":14.0},{"not_picked":["Omniscience+1","MasterReality"],"picked":"Devotion","floor":16.0},{"not_picked":["FlyingSleeves","JustLucky"],"picked":"Prostrate+1","floor":18.0},{"not_picked":["JustLucky","FlurryOfBlows"],"picked":"WheelKick+1","floor":21.0},{"not_picked":["Wallop","FollowUp"],"picked":"Worship+1","floor":23.0},{"not_picked":["Wallop","Indignation+1"],"picked":"Evaluate+1","floor":27.0},{"not_picked":["JustLucky","FollowUp"],"picked":"Consecrate","floor":28.0},{"not_picked":["WaveOfTheHand+1","ThirdEye+1"],"picked":"SpiritShield+1","floor":30},{"not_picked":["Omniscience+1","MasterReality"],"picked":"Alpha+1","floor":33},{"not_picked":["Consecrate","Crescendo+1","JustLucky+1"],"picked":"SKIP","floor":35},{"not_picked":["SashWhip","ThirdEye+1"],"picked":"Prostrate+1","floor":36},{"not_picked":["Protect+1","MentalFortress"],"picked":"ThirdEye+1","floor":39}],"player_experience":1291520,"relics_obtained":[{"floor":7.0,"key":"Toxic Egg 2"},{"floor":9.0,"key":"Sundial"},{"floor":23.0,"key":"Kunai"},{"floor":26.0,"key":"Orichalcum"},{"floor":27.0,"key":"Lantern"},{"floor":30,"key":"Pear"},{"floor":34,"key":"Damaru"},{"floor":34,"key":"Darkstone Periapt"},{"floor":34,"key":"Du-Vu Doll"}],"event_choices":[{"damage_healed":0.0,"max_hp_gain":0.0,"max_hp_loss":0.0,"gold_gain":0.0,"event_name":"WeMeetAgain","player_choice":"Paid Gold","floor":2.0,"gold_loss":85.0,"damage_taken":0.0,"relics_obtained":["War Paint"]},{"damage_healed":0.0,"max_hp_gain":0.0,"max_hp_loss":0.0,"gold_gain":0.0,"event_name":"Scrap Ooze","player_choice":"Success","floor":4.0,"gold_loss":0.0,"damage_taken":26.0,"relics_obtained":["Oddly Smooth Stone"]},{"damage_healed":0.0,"max_hp_gain":0.0,"max_hp_loss":0.0,"gold_gain":0.0,"event_name":"Big Fish","player_choice":"Box","floor":10.0,"gold_loss":0.0,"damage_taken":0.0,"relics_obtained":["Smiling Mask"],"cards_obtained":["Regret"]},{"damage_healed":0.0,"max_hp_gain":0.0,"max_hp_loss":0.0,"gold_gain":0.0,"event_name":"Shining Light","player_choice":"Entered Light","floor":11.0,"gold_loss":0.0,"damage_taken":20.0,"cards_upgraded":["Defend_P","Wallop"]},{"damage_healed":0.0,"max_hp_gain":0.0,"max_hp_loss":0.0,"gold_gain":0.0,"event_name":"Accursed Blacksmith","player_choice":"Forge","floor":19.0,"gold_loss":0.0,"damage_taken":0.0,"cards_upgraded":["Eruption"]},{"damage_healed":0.0,"max_hp_gain":0.0,"max_hp_loss":0.0,"gold_gain":0.0,"event_name":"Drug Dealer","player_choice":"Inject Mutagens","floor":22.0,"gold_loss":0.0,"damage_taken":0.0,"relics_obtained":["MutagenicStrength"]},{"damage_healed":0.0,"max_hp_gain":0.0,"max_hp_loss":0.0,"gold_gain":0.0,"event_name":"The Library","player_choice":"Read","floor":24.0,"gold_loss":0.0,"damage_taken":0.0,"cards_obtained":["Establishment"]},{"cards_removed":["Prostrate"],"damage_healed":0,"gold_gain":0,"player_choice":"Removed Skill","damage_taken":0,"max_hp_gain":0,"max_hp_loss":0,"event_name":"Falling","floor":38,"gold_loss":0}],"is_beta":false,"boss_relics":[{"not_picked":["Busted Crown","Runic Dome"],"picked":"Astrolabe"},{"not_picked":["Cursed Key","VioletLotus"],"picked":"Calling Bell"}],"items_purged_floors":[],"is_endless":false,"potions_floor_spawned":[5,12,14,18,21,27,30,33,35,39],"killed_by":"Giant Head","ascension_level":16}}