{"host":"dwyzfvnzfcqffr30","time":1610883481,"event":{"mods":["2.2 Compatiblity","Act Like it!","BaseMod","Beaked The Cultist","Better Altar","Better Match","Better Note","Better Sensory Stone","Better Skull","Better Third Choice","Clockwork Mod","Colored Map","Colored Powertips","Conspire","Elementarium","GifTheSpireLib","Halation","Hermit","Hubris","Infinite Spire","Ironclad Rager","Jedi Mod","Menagerie","Mimic Mod","Minty Spire (QoL Compilation)","Permanent Neow","Random Character Button","Replay The Spire","Spicy Shops","Spikes Relics","StSLib","Stuff the Spire","The Construct","The Disciple","The Druid","The Marked","TheFirefly","Trackpad","Wandering Minibosses","vexMod"],"gold_per_floor":[122,47,61,82,100,141,176,101,101,133,133,168,190,190,190,278,278,312,346,379,410,124,162,162,18,18,32,69,69,105,132,132,217,217,250,250,282,318,349,404,443,505,559,640,640,706,771,858,858,860,860,860,129,178,186],"floor_reached":56,"language":"ENG","playtime":5347,"items_purged":["Strike_B+1","Strike_B+2","Dualcast+1","conspire:SharedLibrary+1"],"score":2190,"play_id":"3e17ef53-52e0-435c-8d8c-e4b342be8e5a","local_time":"20210117033801","is_ascension_mode":true,"campfire_choices":[{"floor":11,"key":"REST"},{"floor":15,"key":"REST"},{"floor":29,"key":"REST"},{"floor":32,"key":"RECALL"},{"floor":45,"key":"REST"},{"floor":49,"key":"REST"},{"data":"jedi:meditation+1","floor":52,"key":"SMITH"}],"circlet_count":0,"master_deck":["AscendersBane","Strike_B+1","Strike_B+2","Defend_B+1","Defend_B+1","Defend_B+1","Defend_B+1","Zap+1","Electrodynamics+1","MasterReality+1","Apotheosis+1","StuffTheSpire:Plugnplay+1","Genetic Algorithm+1","Coolheaded+1","jedi:blockon+1","BasicCrystalCard+1","DiskWipe+1","Self Repair+1","Static Discharge+1","jedi:meditation+2","jedi:BurstLightning+1","conspire:Banana+1","Replay:Dark Deal+1","Dark Shackles+1","hubris:PowerSurge+1","BlessedFruit+1","BlessedFruit+1","StuffTheSpire:Synthwave+1","jedi:markofdeath+1"],"relics":["Cracked Core","Frozen Egg 2","Toxic Egg 2","Molten Egg 2","Quantum Egg","conspire:InfiniteJournal","Bottled Tornado","infinitespire:EvilPickle","Omamori","vexMod:InvisibilityCloak","Whetstone","RoseTintedShades","hubris:AstralHammer","trackpad:WindUpAutoDealer","Replay:Baseball","RollingBoulder","Bottled Lightning","Mirror","Elementarium:ElementariumTrophy","hubris:HollowSoul","infinitespire:Midas Blood","HeavenlyBonsai","GiantMaggot","halation:LettersToHer","Bronze Scales","trackpad:SappingStone","trackpad:WondrousWand"],"acts_visited":["Menagerie:Menagerie","Elementarium:Elementarium","TheBeyond","TheEnding"],"potions_floor_usage":[6,12,16,33,47,50,55,55],"damage_taken":[{"damage":0,"enemies":"Menagerie:StygianBoar","floor":1,"turns":2},{"damage":6,"enemies":"Menagerie:2_RABBITS","floor":3,"turns":2},{"damage":8,"enemies":"Menagerie:WhisperingWraith","floor":4,"turns":3},{"damage":4,"enemies":"Menagerie:KEEPER_AND_YOUNG_SUNEATER","floor":5,"turns":3},{"damage":0,"enemies":"Menagerie:Hydra","floor":6,"turns":3},{"damage":17,"enemies":"Menagerie:VoidReaper","floor":7,"turns":5},{"damage":0,"enemies":"Menagerie:Hydra","floor":10,"turns":4},{"damage":2,"enemies":"Menagerie:MaskedSummoner","floor":12,"turns":5},{"damage":9,"enemies":"Menagerie:EntropyWarlock","floor":13,"turns":3},{"damage":7,"enemies":"Menagerie:Suneater","floor":16,"turns":6},{"damage":0,"enemies":"Elementarium:2_ELEMENTALS","floor":18,"turns":2},{"damage":7,"enemies":"Elementarium:MUD_AND_TAR_GOLEMS","floor":19,"turns":4},{"damage":5,"enemies":"Elementarium:RubyGolem","floor":20,"turns":4},{"damage":15,"enemies":"Elementarium:FIRE_NOBILITY","floor":23,"turns":4},{"damage":8,"enemies":"Elementarium:VoidBeast","floor":27,"turns":5},{"damage":0,"enemies":"Elementarium:ElementalPortal","floor":28,"turns":7},{"damage":9,"enemies":"Elementarium:FIRE_NOBILITY","floor":30,"turns":5},{"damage":13,"enemies":"Elementarium:Hydrostalker","floor":31,"turns":6},{"damage":18,"enemies":"Elementarium:GolemEmperor","floor":33,"turns":7},{"damage":20,"enemies":"3 Shapes","floor":35,"turns":2},{"damage":4,"enemies":"3 Darklings","floor":37,"turns":3},{"damage":18,"enemies":"4 Shapes","floor":38,"turns":3},{"damage":29,"enemies":"Writhing Mass","floor":39,"turns":6},{"damage":44,"enemies":"Giant Head","floor":40,"turns":8},{"damage":0,"enemies":"Maw","floor":41,"turns":7},{"damage":28,"enemies":"Nemesis","floor":42,"turns":9},{"damage":66,"enemies":"Giant Head","floor":44,"turns":11},{"damage":18,"enemies":"Jaw Worm Horde","floor":46,"turns":4},{"damage":0,"enemies":"Spire Growth","floor":47,"turns":4},{"damage":30,"enemies":"R_Hoarder","floor":48,"turns":8},{"damage":7,"enemies":"infinitespire:MassOfShapes","floor":50,"turns":8},{"damage":10,"enemies":"Shield and Spear","floor":54,"turns":5},{"damage":45,"enemies":"The Heart","floor":55,"turns":8}],"seed_played":"2686217714376543830","potions_obtained":[{"floor":1,"key":"jedi:StrikingPotion"},{"floor":3,"key":"DuplicationPotion"},{"floor":6,"key":"jedi:wingpotion"},{"floor":10,"key":"SpeedPotion"},{"floor":13,"key":"Dexterity Potion"},{"floor":20,"key":"FearPotion"},{"floor":33,"key":"Strength Potion"},{"floor":46,"key":"LiquidMemories"}],"is_trial":false,"path_per_floor":["M","?","M","M","M","E","E","$","T","E","R","E","M","?","R","B",null,"M","M","M","?","$","E","?","$","T","M","E","R","E","M","R","B",null,"M","?","M","M","M","E","M","E","T","E","R","M","M","E","R","B",null,"R","$","E","B",null],"character_chosen":"DEFECT","items_purchased":["conspire:Banana+1","RollingBoulder","Bronze Scales","trackpad:SappingStone","ColorlessPotion","LiquidBronze"],"campfire_rested":5,"item_purchase_floors":[22,25,53,53,53,53],"current_hp_per_floor":[64,64,58,50,46,46,29,29,29,29,48,46,47,47,64,64,64,64,57,52,27,27,17,17,17,17,23,39,61,70,75,75,79,91,71,71,80,67,76,50,68,78,78,36,75,75,99,93,140,157,166,166,166,180,159],"gold":186,"neow_bonus":"THREE_RARE_CARDS","is_daily":false,"chose_seed":false,"campfire_upgraded":1,"win_rate":0.0,"timestamp":1610883481,"path_taken":["M","?","M","M","M","E","E","$","T","E","R","E","M","?","R","BOSS","M","M","?","?","?","E","?","$","T","M","E","R","E","?","R","BOSS","M","?","?","M","M","E","M","E","T","E","R","M","M","E","R","BOSS","R","$","E","BOSS"],"items_purchased_type":["Card","Relic","Relic","Relic","Potion","Potion"],"build_version":"2020-12-22","purchased_purges":4,"victory":true,"max_hp_per_floor":[64,64,64,64,64,64,64,64,64,64,64,64,64,64,64,64,64,64,64,64,64,64,69,69,69,69,73,76,76,81,86,86,95,95,95,95,95,100,105,110,115,120,120,131,131,136,147,158,158,169,169,169,169,180,191],"card_choices":[{"not_picked":["jedi:BurstDark","Multi-Cast"],"picked":"Electrodynamics","floor":0},{"not_picked":["Heatsinks+1","Darkness+1"],"picked":"conspire:SharedLibrary+1","floor":1},{"not_picked":["Compile Driver+1","Leap+1"],"picked":"StuffTheSpire:Plugnplay+1","floor":2},{"not_picked":["jedi:locknload+1","ReplayTheSpireMod:Reroute Power+1"],"picked":"Genetic Algorithm+1","floor":2},{"not_picked":["Core Surge+1","Redo+1"],"picked":"Coolheaded+1","floor":3},{"not_picked":["Panic Button+1","Conserve Battery+1"],"picked":"jedi:blockon+1","floor":4},{"not_picked":["jedi:sharpshooter+1","Recycle+1"],"picked":"BasicCrystalCard+1","floor":5},{"not_picked":["Turbo+1","ReplayTheSpireMod:Reroute Power+1","Scrape+1"],"picked":"SKIP","floor":6},{"not_picked":["jedi:BurstFrost+1","jedi:bruteforce+1"],"picked":"DiskWipe+1","floor":7},{"not_picked":["Double Energy+1","StuffTheSpire:CleanHardDrive+1","Leap+1"],"picked":"SKIP","floor":10},{"not_picked":["Coolheaded+1","Ball Lightning+1"],"picked":"Self Repair+1","floor":12},{"not_picked":["Conserve Battery+1","StuffTheSpire:SnapShoot+1","StuffTheSpire:Rend+1"],"picked":"SKIP","floor":13},{"not_picked":["Cold Snap+1","jedi:blockon+1","Chaos+1"],"picked":"SKIP","floor":18},{"not_picked":["Barrage+1","Gash+1","Sweeping Beam+1"],"picked":"SKIP","floor":19},{"not_picked":["Streamline+1","Lockon+1","ReplayTheSpireMod:System Scan+1"],"picked":"SKIP","floor":20},{"not_picked":["Streamline+1","jedi:locknload+1"],"picked":"jedi:BurstLightning+1","floor":21},{"not_picked":["Genetic Algorithm+1","Steam+1","Cold Snap+1"],"picked":"SKIP","floor":23},{"not_picked":["Metamorphosis+1","StuffTheSpire:PlasmaPunch+1"],"picked":"Replay:Dark Deal+1","floor":24},{"not_picked":["hubris:Ssssneak+1","Replay:BasicMightCard+1"],"picked":"Dark Shackles+1","floor":24},{"not_picked":["StuffTheSpire:LoadUp+1","Rebound+1","jedi:gatheringstorm+1"],"picked":"SKIP","floor":27},{"not_picked":["Beam Cell+1","Conserve Battery+1","Panic Button+1"],"picked":"SKIP","floor":28},{"not_picked":["Coolheaded+1","BootSequence+1","StuffTheSpire:LoadUp+1"],"picked":"SKIP","floor":30},{"not_picked":["Coolheaded+1","BootSequence+1","StuffTheSpire:LoadUp+1"],"picked":"SKIP","floor":30},{"not_picked":["Redo+1","jedi:BurstFrost+1","jedi:BurstLightning+1"],"picked":"SKIP","floor":31},{"not_picked":["Static Discharge+1","Streamline+1","Barrage+1"],"picked":"SKIP","floor":35},{"not_picked":["Undo+1","Barrage+1","jedi:BurstLightning+1"],"picked":"SKIP","floor":37},{"not_picked":["jedi:meditation+1","Defragment+1"],"picked":"hubris:PowerSurge+1","floor":38},{"not_picked":["Gash+1","Stack+1","Ball Lightning+1"],"picked":"SKIP","floor":39},{"not_picked":["Auto Shields+1","Defragment+1","Multi-Cast+1"],"picked":"SKIP","floor":40},{"not_picked":["ReplaySolidLightProjector+1","Cold Snap+1","Steam+1"],"picked":"SKIP","floor":41},{"not_picked":["Consume+1","Blizzard+1"],"picked":"StuffTheSpire:Synthwave+1","floor":42},{"not_picked":["Defragment+1","Ball Lightning+1","conspire:Rain+1"],"picked":"SKIP","floor":44},{"not_picked":["jedi:spotbugs+1","jedi:studyfrost+1","Double Energy+1"],"picked":"SKIP","floor":46},{"not_picked":["Stack+1","Reprogram+1","StuffTheSpire:Plugnplay+1"],"picked":"SKIP","floor":47},{"not_picked":["StuffTheSpire:Coldhearted+1","jedi:spotbugs+1"],"picked":"jedi:markofdeath+1","floor":48},{"not_picked":["jedi:markofdeath+1","Undo+1","Stack+1"],"picked":"SKIP","floor":54}],"player_experience":2140830,"relics_obtained":[{"floor":6,"key":"Omamori"},{"floor":7,"key":"vexMod:InvisibilityCloak"},{"floor":9,"key":"Whetstone"},{"floor":10,"key":"RoseTintedShades"},{"floor":12,"key":"hubris:AstralHammer"},{"floor":21,"key":"trackpad:WindUpAutoDealer"},{"floor":23,"key":"Replay:Baseball"},{"floor":28,"key":"Bottled Lightning"},{"floor":30,"key":"Mirror"},{"floor":40,"key":"infinitespire:Midas Blood"},{"floor":42,"key":"HeavenlyBonsai"},{"floor":44,"key":"GiantMaggot"},{"floor":48,"key":"halation:LettersToHer"},{"floor":54,"key":"trackpad:WondrousWand"}],"event_choices":[{"damage_healed":0,"gold_gain":0,"player_choice":"Simplicity","damage_taken":0,"max_hp_gain":0,"max_hp_loss":8,"event_name":"betterThird:BetterWriting","floor":0,"gold_loss":0},{"damage_healed":0,"gold_gain":0,"player_choice":"2","damage_taken":0,"max_hp_gain":0,"max_hp_loss":0,"event_name":"betterMatch:BetterMatch","floor":2,"gold_loss":0,"cards_obtained":["betterMatch:CommonCard","betterMatch:UncommonCard"]},{"damage_healed":0,"gold_gain":2,"player_choice":"1","damage_taken":0,"max_hp_gain":0,"max_hp_loss":0,"event_name":"betterStone:BetterStone","floor":24,"gold_loss":0},{"damage_healed":0,"gold_gain":0,"player_choice":"Cursed","damage_taken":0,"max_hp_gain":0,"max_hp_loss":0,"event_name":"Wheel of Change","floor":36,"gold_loss":0,"cards_obtained":["Decay"]}],"is_beta":false,"boss_relics":[{"not_picked":["Runic Pyramid","vexMod:CursedCompass","hubris:BlackHole"]},{"not_picked":["Replay:Wanted Poster","Runic Dome"],"picked":"hubris:HollowSoul"}],"items_purged_floors":[8,22,53,53],"is_endless":false,"potions_floor_spawned":[1,3,6,10,13,20,31,33,39,40,42,46],"ascension_level":14}}