{"host":"Krakhan","time":1610926193,"event":{"mods":["AchievementEnabler","BaseMod","Colored Map","Colored Powertips","Faster Ascension Climbing","Highlight Path","Minty Spire (QoL Compilation)","Rare Cards Sparkle","Relic Stats","StSLib"],"gold_per_floor":[115,133,133,150,150,184,201,226,279,289,289,324,340,370,370,370,370],"floor_reached":16,"language":"ENG","playtime":709,"items_purged":[],"score":139,"play_id":"f8908bd0-bc29-4197-a909-158a63695f55","local_time":"20210117182953","is_ascension_mode":true,"campfire_choices":[{"data":"Armaments","floor":15,"key":"SMITH"}],"circlet_count":0,"master_deck":["Strike_R","Strike_R","Strike_R","Strike_R","Defend_R","Defend_R","Defend_R","Defend_R","Bash+1","Impervious","Pommel Strike","Sword Boomerang+1","Carnage","Disarm","Flame Barrier","Armaments+1","Impervious","Headbutt","Exhume"],"relics":["Burning Blood","Bag of Marbles","Self Forming Clay","Dream Catcher","Whetstone","Smiling Mask"],"acts_visited":["Exordium"],"potions_floor_usage":[6,12,12,14,14],"damage_taken":[{"damage":7,"enemies":"Small Slimes","floor":1,"turns":4},{"damage":4,"enemies":"2 Louse","floor":2,"turns":3},{"damage":6,"enemies":"Cultist","floor":4,"turns":3},{"damage":31,"enemies":"3 Sentries","floor":6,"turns":7},{"damage":10,"enemies":"Looter","floor":7,"turns":2},{"damage":31,"enemies":"Lagavulin","floor":8,"turns":6},{"damage":6,"enemies":"Lots of Slimes","floor":10,"turns":5},{"damage":22,"enemies":"3 Sentries","floor":12,"turns":8},{"damage":2,"enemies":"Blue Slaver","floor":13,"turns":3},{"damage":10,"enemies":"Gremlin Nob","floor":14,"turns":4},{"damage":24,"enemies":"Hexaghost","floor":16,"turns":10}],"seed_played":"-6568148675898106019","potions_obtained":[{"floor":1,"key":"Fruit Juice"},{"floor":2,"key":"FearPotion"},{"floor":4,"key":"Energy Potion"},{"floor":10,"key":"BloodPotion"},{"floor":13,"key":"EssenceOfSteel"}],"is_trial":false,"path_per_floor":["M","M","?","M","?","E","M","E","T","M","?","E","M","E","R","B"],"character_chosen":"IRONCLAD","items_purchased":[],"campfire_rested":0,"item_purchase_floors":[],"current_hp_per_floor":[79,80,73,73,73,48,44,19,19,19,19,24,28,24,24,0,0],"gold":370,"neow_bonus":"THREE_RARE_CARDS","is_daily":false,"chose_seed":false,"campfire_upgraded":1,"win_rate":0.0,"timestamp":1610926193,"path_taken":["M","M","?","M","?","E","?","E","T","M","?","E","?","E","R","BOSS"],"items_purchased_type":[],"build_version":"2020-12-18","purchased_purges":0,"victory":false,"max_hp_per_floor":[80,80,77,77,77,77,77,77,77,77,77,82,82,82,82,82,82],"relic_stats":{"Dream Catcher":0,"counters":[11,55],"Self Forming Clay":[51],"Whetstone":["Bash","Sword Boomerang"],"Smiling Mask":0,"obtain_stats":[{"Dream Catcher":9,"Self Forming Clay":8,"Bag of Marbles":6,"Whetstone":12,"Smiling Mask":14,"Burning Blood":0},{"Dream Catcher":6,"Self Forming Clay":6,"Bag of Marbles":4,"Whetstone":8,"Smiling Mask":10,"Burning Blood":0},{"Dream Catcher":25,"Self Forming Clay":25,"Bag of Marbles":17,"Whetstone":38,"Smiling Mask":45,"Burning Blood":0}],"Burning Blood":59},"card_choices":[{"not_picked":["Fiend Fire","Exhume"],"picked":"Impervious","floor":0},{"not_picked":["Wild Strike","Whirlwind"],"picked":"Pommel Strike","floor":1},{"not_picked":["Reckless Charge","Dropkick","Sentinel"],"picked":"SKIP","floor":2},{"not_picked":["Clash","Shrug It Off"],"picked":"Sword Boomerang","floor":4},{"not_picked":["Power Through","True Grit"],"picked":"Carnage","floor":6},{"not_picked":["Flex","Twin Strike"],"picked":"Disarm","floor":7},{"not_picked":["Cleave","Iron Wave"],"picked":"Flame Barrier","floor":8},{"not_picked":["Body Slam","Combust"],"picked":"Armaments","floor":10},{"not_picked":["Sword Boomerang","Wild Strike"],"picked":"Impervious","floor":12},{"not_picked":["Body Slam","Rupture"],"picked":"Headbutt","floor":13},{"not_picked":["Intimidate","Feel No Pain"],"picked":"Exhume","floor":14}],"player_experience":1347708,"relics_obtained":[{"floor":6,"key":"Bag of Marbles"},{"floor":8,"key":"Self Forming Clay"},{"floor":9,"key":"Dream Catcher"},{"floor":12,"key":"Whetstone"},{"floor":14,"key":"Smiling Mask"}],"event_choices":[{"cards_removed":["Parasite"],"damage_healed":0,"gold_gain":0,"player_choice":"Card Removal","damage_taken":7,"max_hp_gain":0,"max_hp_loss":0,"event_name":"Golden Wing","floor":3,"gold_loss":0},{"cards_removed":["Strike_R"],"damage_healed":0,"gold_gain":0,"player_choice":"Purged","damage_taken":0,"max_hp_gain":0,"max_hp_loss":0,"event_name":"Purifier","floor":5,"gold_loss":0},{"damage_healed":0,"gold_gain":0,"player_choice":"Ignored","damage_taken":0,"max_hp_gain":0,"max_hp_loss":0,"event_name":"NoteForYourself","floor":11,"gold_loss":0}],"is_beta":true,"boss_relics":[],"items_purged_floors":[],"is_endless":false,"potions_floor_spawned":[1,2,4,10,13],"killed_by":"Hexaghost","ascension_level":1}}