{"host":"bydnmyvf669xu6ab","time":1610858843,"event":{"mods":["BaseMod","BetterRewards","Colored Map","Highlight Path","Minty Spire (QoL Compilation)","Poor People Problems","Rare Cards Sparkle","Relic Stats","Shop Mod","Spikes Relics","StSLib","SuperFastMode"],"gold_per_floor":[112,112,130,130,148,148,176,176,176,191,201,217,217,235,235,332,332,351,338,349,360,371,371,399,413,459,476,476,476],"floor_reached":28,"language":"ENG","playtime":2242,"items_purged":[],"score":390,"play_id":"a8906443-deee-49a1-8ee8-2ee938815416","local_time":"20210116204723","is_ascension_mode":true,"campfire_choices":[{"data":"Armaments","floor":6,"key":"SMITH"},{"data":"Spot Weakness","floor":8,"key":"SMITH"},{"data":"Inflame","floor":13,"key":"SMITH"},{"data":"Headbutt","floor":15,"key":"SMITH"},{"data":"Armaments","floor":23,"key":"SMITH"}],"circlet_count":0,"master_deck":["Strike_R","Strike_R","Strike_R","Strike_R","Strike_R","Defend_R","Defend_R","Defend_R+1","Defend_R+1","Bash","Spot Weakness+1","Armaments+1","Body Slam","Inflame+1","Headbutt","Iron Wave","Headbutt+1","Shrug It Off","Barricade","Infernal Blade+1","Power Through+1","Headbutt","Armaments+1","Twin Strike+1","Flame Barrier","Reaper","Headbutt"],"relics":["Burning Blood","Lee\u0027s Waffle","Unceasing Top","RoseTintedShades","White Beast Statue","Philosopher\u0027s Stone","Mercury Hourglass","War Paint"],"acts_visited":["Exordium","TheCity"],"potions_floor_usage":[14,14,16,22,24,24,24,25,27,28],"damage_taken":[{"damage":1,"enemies":"Cultist","floor":1,"turns":3},{"damage":6,"enemies":"2 Louse","floor":3,"turns":2},{"damage":11,"enemies":"Jaw Worm","floor":5,"turns":4},{"damage":25,"enemies":"Gremlin Nob","floor":7,"turns":4},{"damage":20,"enemies":"Gremlin Gang","floor":10,"turns":4},{"damage":3,"enemies":"Exordium Thugs","floor":11,"turns":4},{"damage":7,"enemies":"2 Fungi Beasts","floor":12,"turns":3},{"damage":1,"enemies":"Large Slime","floor":14,"turns":4},{"damage":25,"enemies":"The Guardian","floor":16,"turns":9},{"damage":19,"enemies":"Spheric Guardian","floor":18,"turns":4},{"damage":17,"enemies":"2 Thieves","floor":19,"turns":4},{"damage":21,"enemies":"Chosen and Byrds","floor":20,"turns":5},{"damage":15,"enemies":"Snake Plant","floor":21,"turns":5},{"damage":10,"enemies":"3 Cultists","floor":22,"turns":7},{"damage":7,"enemies":"Slavers","floor":24,"turns":5},{"damage":14,"enemies":"Centurion and Healer","floor":25,"turns":4},{"damage":25,"enemies":"Sentry and Sphere","floor":27,"turns":6},{"damage":8,"enemies":"Snecko","floor":28,"turns":2}],"seed_played":"-6343569144968678919","potions_obtained":[{"floor":10,"key":"Weak Potion"},{"floor":11,"key":"AttackPotion"},{"floor":12,"key":"BlessingOfTheForge"},{"floor":14,"key":"Weak Potion"},{"floor":16,"key":"CultistPotion"},{"floor":18,"key":"Block Potion"},{"floor":19,"key":"Ancient Potion"},{"floor":22,"key":"Energy Potion"},{"floor":24,"key":"Dexterity Potion"},{"floor":25,"key":"AttackPotion"},{"floor":27,"key":"AttackPotion"}],"is_trial":false,"path_per_floor":["M","?","M","?","M","R","E","R","T","M","M","M","R","M","R","B",null,"M","M","M","M","M","R","E","M","T","M","M"],"character_chosen":"IRONCLAD","items_purchased":["Lee\u0027s Waffle"],"campfire_rested":0,"item_purchase_floors":[0],"current_hp_per_floor":[87,80,80,80,75,75,56,56,56,42,45,44,44,49,49,30,87,74,63,48,39,35,35,34,26,26,7,0,0],"gold":476,"neow_bonus":"","is_daily":false,"chose_seed":false,"campfire_upgraded":5,"win_rate":0.0,"timestamp":1610858843,"path_taken":["M","?","M","?","M","R","E","R","T","M","M","M","R","M","R","BOSS","M","M","M","M","M","R","E","M","T","M","?"],"items_purchased_type":["Relic"],"build_version":"2020-12-22","purchased_purges":0,"victory":false,"max_hp_per_floor":[87,87,87,87,87,87,87,87,87,87,87,87,87,87,87,87,87,87,87,87,87,87,87,87,87,87,87,87,87],"relic_stats":{"Lee\u0027s Waffle":17,"counters":[352,1787],"War Paint":["Defend_R","Defend_R"],"obtain_stats":[{"infinitespire:BottledMercury":29,"Ginger":10,"Whetstone":26,"Bottled Tornado":6,"Boot":54,"Blood Vial":20,"ZombieTooth":53,"Sundial":24,"MealTicket":41,"infinitespire:Golems Mask":25,"Fusion Hammer":17,"HandDrill":0,"Kunai":0,"MerchantsRug":8,"Pear":4,"GiantMaggot":9,"Blue Candle":41,"Velvet Choker":17,"Eternal Feather":44,"Pen Nib":8,"SlaversCollar":17,"infinitespire:Lychee Nut":26,"Bird Faced Urn":23,"MutagenicStrength":20,"Pandora\u0027s Box":17,"Mark of Pain":17,"infinitespire:PuzzleCube":26,"Unceasing Top":14,"Regal Pillow":0,"Lantern":28,"Torii":27,"Magic Flower":48,"RoseTintedShades":7,"Bag of Preparation":0,"HeavenlyBonsai":24,"Cursed Key":34,"Ancient Tea Set":19,"Smiling Mask":30,"Burning Blood":0,"Matryoshka":0,"Toolbox":24,"Chemical X":0,"InkBottle":0,"Paper Frog":42,"Potion Belt":38,"Lee\u0027s Waffle":24,"Self Forming Clay":12,"Golden Idol":3,"Thread and Needle":39,"infinitespire:Joker Card":8,"PreservedInsect":0,"The Courier":23,"Omamori":12,"infinitespire:CheckeredPen":9,"infinitespire:Lucky Rock":9,"Frozen Egg 2":9,"MawBank":7,"Busted Crown":34,"ExplosiveVial":0,"SpikesRelics:DaevaFist":7,"Art of War":11,"Bottled Lightning":43,"Toy Ornithopter":23,"infinitespire:Midas Blood":13,"ShockBauble":19,"Calipers":0,"Tiny House":17,"Nilry\u0027s Codex":30,"Vajra":26,"Sozu":17,"Lizard Tail":28,"Centennial Puzzle":30,"HornCleat":26,"DollysMirror":28,"Strawberry":31,"Prayer Wheel":0,"Philosopher\u0027s Stone":17,"Toxic Egg 2":0,"LugNut":2,"Girya":39,"Happy Flower":23,"Dead Branch":0,"Oddly Smooth Stone":0,"Letter Opener":0,"War Paint":0,"Question Card":11,"Bottled Flame":41,"Shuriken":19,"Bronze Scales":22,"Molten Egg 2":0,"Black Star":17,"CosmicIsotope":17,"Meat on the Bone":0,"Darkstone Periapt":11,"SnailShell":43,"Black Blood":34,"BrokenLever":12,"Mango":28,"Incense Burner":38,"Juzu Bracelet":0,"PrismaticShard":0,"ClockworkSouvenir":20,"HailfireSword":17,"Nunchaku":7,"Dream Catcher":13,"Mummified Hand":0,"Gambling Chip":40,"Pantograph":0,"MiniBlackHole":8,"RollingBoulder":13,"Tiny Chest":6,"Red Mask":42,"Red Skull":10,"Runic Pyramid":17,"infinitespire:FocusingShard":43,"Orichalcum":14,"Odd Mushroom":7,"White Beast Statue":14,"Mercury Hourglass":10,"Sandwich":34,"CaptainsWheel":29,"infinitespire:WardingShard":46,"infinitespire:Satchel":44,"GolemAmulet":46,"Bag of Marbles":26,"Membership Card":0},{"infinitespire:BottledMercury":100,"Ginger":31,"Whetstone":201,"Bottled Tornado":191,"Boot":82,"Blood Vial":115,"ZombieTooth":268,"Sundial":159,"MealTicket":57,"infinitespire:Golems Mask":71,"Fusion Hammer":9,"HandDrill":312,"Kunai":83,"MerchantsRug":5,"Pear":297,"GiantMaggot":167,"Blue Candle":77,"Velvet Choker":91,"Eternal Feather":184,"Pen Nib":5,"SlaversCollar":330,"infinitespire:Lychee Nut":15,"Bird Faced Urn":13,"MutagenicStrength":139,"Pandora\u0027s Box":114,"Mark of Pain":46,"infinitespire:PuzzleCube":49,"Unceasing Top":126,"Regal Pillow":83,"Lantern":142,"Torii":201,"Magic Flower":267,"RoseTintedShades":338,"Bag of Preparation":83,"HeavenlyBonsai":37,"Cursed Key":53,"Ancient Tea Set":303,"Smiling Mask":306,"Burning Blood":0,"Matryoshka":61,"Toolbox":229,"Chemical X":61,"InkBottle":83,"Paper Frog":57,"Potion Belt":21,"Lee\u0027s Waffle":281,"Self Forming Clay":194,"Golden Idol":219,"Thread and Needle":56,"infinitespire:Joker Card":42,"PreservedInsect":83,"The Courier":255,"Omamori":6,"infinitespire:CheckeredPen":30,"infinitespire:Lucky Rock":87,"Frozen Egg 2":275,"MawBank":328,"Busted Crown":73,"ExplosiveVial":270,"SpikesRelics:DaevaFist":42,"Art of War":44,"Bottled Lightning":210,"Toy Ornithopter":70,"infinitespire:Midas Blood":90,"ShockBauble":251,"Calipers":270,"Tiny House":318,"Nilry\u0027s Codex":100,"Vajra":142,"Sozu":68,"Lizard Tail":160,"Centennial Puzzle":232,"HornCleat":71,"DollysMirror":50,"Strawberry":52,"Prayer Wheel":130,"Philosopher\u0027s Stone":195,"Toxic Egg 2":0,"LugNut":28,"Girya":311,"Happy Flower":96,"Dead Branch":0,"Oddly Smooth Stone":312,"Letter Opener":27,"War Paint":0,"Question Card":111,"Bottled Flame":183,"Shuriken":10,"Bronze Scales":69,"Molten Egg 2":61,"Black Star":138,"CosmicIsotope":226,"Meat on the Bone":295,"Darkstone Periapt":31,"SnailShell":25,"Black Blood":19,"BrokenLever":65,"Mango":283,"Incense Burner":56,"Juzu Bracelet":147,"PrismaticShard":27,"ClockworkSouvenir":35,"HailfireSword":33,"Nunchaku":134,"Dream Catcher":224,"Mummified Hand":211,"Gambling Chip":23,"Pantograph":27,"MiniBlackHole":216,"RollingBoulder":66,"Tiny Chest":315,"Red Mask":77,"Red Skull":135,"Runic Pyramid":277,"infinitespire:FocusingShard":77,"Orichalcum":170,"Odd Mushroom":245,"White Beast Statue":217,"Mercury Hourglass":124,"Sandwich":102,"CaptainsWheel":161,"infinitespire:WardingShard":26,"infinitespire:Satchel":78,"GolemAmulet":79,"Bag of Marbles":175,"Membership Card":0},{"infinitespire:BottledMercury":388,"Ginger":129,"Whetstone":908,"Bottled Tornado":850,"Boot":332,"Blood Vial":461,"ZombieTooth":1299,"Sundial":700,"MealTicket":249,"infinitespire:Golems Mask":296,"Fusion Hammer":34,"HandDrill":1590,"Kunai":340,"MerchantsRug":17,"Pear":1505,"GiantMaggot":733,"Blue Candle":313,"Velvet Choker":365,"Eternal Feather":813,"Pen Nib":17,"SlaversCollar":1689,"infinitespire:Lychee Nut":54,"Bird Faced Urn":48,"MutagenicStrength":599,"Pandora\u0027s Box":456,"Mark of Pain":199,"infinitespire:PuzzleCube":210,"Unceasing Top":523,"Regal Pillow":340,"Lantern":611,"Torii":908,"Magic Flower":1290,"RoseTintedShades":1721,"Bag of Preparation":340,"HeavenlyBonsai":154,"Cursed Key":231,"Ancient Tea Set":1534,"Smiling Mask":1547,"Burning Blood":0,"Matryoshka":268,"Toolbox":1078,"Chemical X":268,"InkBottle":340,"Paper Frog":249,"Potion Belt":84,"Lee\u0027s Waffle":1394,"Self Forming Clay":862,"Golden Idol":1017,"Thread and Needle":242,"infinitespire:Joker Card":180,"PreservedInsect":340,"The Courier":1226,"Omamori":21,"infinitespire:CheckeredPen":123,"infinitespire:Lucky Rock":351,"Frozen Egg 2":1343,"MawBank":1670,"Busted Crown":304,"ExplosiveVial":1312,"SpikesRelics:DaevaFist":180,"Art of War":188,"Bottled Lightning":965,"Toy Ornithopter":294,"infinitespire:Midas Blood":361,"ShockBauble":1208,"Calipers":1312,"Tiny House":1623,"Nilry\u0027s Codex":388,"Vajra":611,"Sozu":289,"Lizard Tail":701,"Centennial Puzzle":1109,"HornCleat":296,"DollysMirror":215,"Strawberry":223,"Prayer Wheel":549,"Philosopher\u0027s Stone":869,"Toxic Egg 2":0,"LugNut":114,"Girya":1582,"Happy Flower":376,"Dead Branch":0,"Oddly Smooth Stone":1590,"Letter Opener":111,"War Paint":0,"Question Card":439,"Bottled Flame":810,"Shuriken":36,"Bronze Scales":290,"Molten Egg 2":268,"Black Star":592,"CosmicIsotope":1056,"Meat on the Bone":1498,"Darkstone Periapt":129,"SnailShell":102,"Black Blood":75,"BrokenLever":278,"Mango":1408,"Incense Burner":242,"Juzu Bracelet":650,"PrismaticShard":111,"ClockworkSouvenir":146,"HailfireSword":139,"Nunchaku":570,"Dream Catcher":1041,"Mummified Hand":970,"Gambling Chip":93,"Pantograph":111,"MiniBlackHole":997,"RollingBoulder":281,"Tiny Chest":1605,"Red Mask":313,"Red Skull":575,"Runic Pyramid":1363,"infinitespire:FocusingShard":313,"Orichalcum":748,"Odd Mushroom":1180,"White Beast Statue":1004,"Mercury Hourglass":514,"Sandwich":401,"CaptainsWheel":709,"infinitespire:WardingShard":107,"infinitespire:Satchel":318,"GolemAmulet":321,"Bag of Marbles":775,"Membership Card":0}],"Burning Blood":1950,"Unceasing Top":[2],"Mercury Hourglass":[36]},"card_choices":[{"not_picked":["Wild Strike","Cleave"],"picked":"Spot Weakness","floor":1},{"not_picked":["Sever Soul","True Grit"],"picked":"Armaments","floor":3},{"not_picked":["Clash","Pummel"],"picked":"Body Slam","floor":5},{"not_picked":["Body Slam","Flame Barrier"],"picked":"Inflame","floor":7},{"not_picked":["Anger","Wild Strike"],"picked":"Headbutt","floor":10},{"not_picked":["Disarm","Wild Strike"],"picked":"Iron Wave","floor":11},{"not_picked":["Anger","Wild Strike"],"picked":"Headbutt","floor":12},{"not_picked":["BarbarianYell","Sword Boomerang"],"picked":"Shrug It Off","floor":14},{"not_picked":["Immolate","Reaper"],"picked":"Barricade","floor":16},{"not_picked":["Sword Boomerang","True Grit"],"picked":"Infernal Blade+1","floor":18},{"not_picked":["Dropkick","Infernal Blade"],"picked":"Power Through+1","floor":19},{"not_picked":["Anger+1","Sever Soul"],"picked":"Headbutt","floor":20},{"not_picked":["Absolvement","Combust+1"],"picked":"Armaments","floor":21},{"not_picked":["Perfected Strike+1","Sever Soul"],"picked":"Twin Strike+1","floor":22},{"not_picked":["Havoc","Battle Trance"],"picked":"Flame Barrier","floor":24},{"not_picked":["Clothesline","Thunderclap"],"picked":"Reaper","floor":25},{"not_picked":["Perfected Strike","Dropkick"],"picked":"Headbutt","floor":27}],"player_experience":2266147,"relics_obtained":[{"floor":7,"key":"RoseTintedShades"},{"floor":9,"key":"White Beast Statue"},{"floor":24,"key":"Mercury Hourglass"},{"floor":26,"key":"War Paint"}],"event_choices":[{"damage_healed":0,"gold_gain":0,"player_choice":"Success","damage_taken":7,"relics_obtained":["Unceasing Top"],"max_hp_gain":0,"max_hp_loss":0,"event_name":"Scrap Ooze","floor":2,"gold_loss":0},{"damage_healed":0,"gold_gain":0,"player_choice":"Ignored","damage_taken":0,"max_hp_gain":0,"max_hp_loss":0,"event_name":"Purifier","floor":4,"gold_loss":0}],"is_beta":false,"boss_relics":[{"not_picked":["Ectoplasm","Calling Bell"],"picked":"Philosopher\u0027s Stone"}],"items_purged_floors":[],"is_endless":false,"potions_floor_spawned":[10,11,12,14,16,18,19,20,21,22,24,25,27],"killed_by":"Snecko","ascension_level":1}}