{"host":"fworv1gvvajf3x0f","time":1610879654,"event":{"mods":["AchievementEnabler","Aspiration","BaseMod","Better Match","Better Note","Better Sensory Stone","Better Vampires","Colored Map","Colored Powertips","Displayed Cursed Tome","Good Game Mod","Highlight Path","Infinite Spire","Minty Spire (QoL Compilation)","Poor People Problems","Relic Stats","Replay The Spire","StSLib"],"gold_per_floor":[110,110,35,53,53,87,87,104,104,124,24,53,53,72,72,176,176,192,43,43,61,61,61,80,97,123,134,161,179,179,104,104,104,104],"floor_reached":33,"language":"ZHS","playtime":2398,"items_purged":["Strike_G","Regret","Clumsy"],"score":319,"play_id":"5e7e2762-6298-40c7-9a5e-6b62d386b32c","local_time":"20210117183414","is_ascension_mode":true,"campfire_choices":[{"data":"infinitespire:Punishment","floor":7,"key":"SMITH"},{"floor":13,"key":"REST"},{"data":"Bouncing Flask","floor":13,"key":"SMITH"},{"floor":15,"key":"REST"},{"data":"Sadistic Nature","floor":15,"key":"SMITH"},{"floor":23,"key":"REST"},{"data":"Burst","floor":23,"key":"SMITH"},{"floor":32,"key":"REST"},{"data":"Atom Bomb","floor":32,"key":"SMITH"}],"circlet_count":0,"master_deck":["Strike_G","Strike_G","Strike_G","Strike_G","Defend_G","Defend_G+1","Defend_G+1","Defend_G","Survivor","Neutralize","Sadistic Nature+1","Flash of Steel","Toxin Wave","infinitespire:Punishment+1","Poisoned Stab","Reflex","Atom Bomb+1","Bouncing Flask+1","Blur","Hidden Blade","Burst+1","Deadly Poison","Corpse Explosion","Necronomicurse","Well Laid Plans","Backflip","Predator","ReplayTheSpireMod:Scrap Shanks","Sneak Up","Footwork","infinitespire:SealOfDarkness+"],"relics":["Ring of the Snake","REME:ComplimentaryCards","Simple Rune","Replay:Towering Pillar of Hats","Question Card","infinitespire:Magic Flask","Sozu","Necronomicon","Replay:WaspNest","Smiling Mask","aspiration:ChemicalBlood","ClockworkSouvenir"],"acts_visited":["Exordium","TheCity"],"potions_floor_usage":[21,28],"damage_taken":[{"damage":0,"enemies":"2 Louse","floor":1,"turns":3},{"damage":0,"enemies":"Jaw Worm","floor":4,"turns":1},{"damage":28,"enemies":"Replay:BlueRogue","floor":6,"turns":4},{"damage":0,"enemies":"Small Slimes","floor":8,"turns":1},{"damage":5,"enemies":"2 Fungi Beasts","floor":10,"turns":3},{"damage":9,"enemies":"Lagavulin","floor":12,"turns":6},{"damage":1,"enemies":"Red Slaver","floor":14,"turns":4},{"damage":16,"enemies":"Fading Forest","floor":16,"turns":11},{"damage":0,"enemies":"Chosen","floor":18,"turns":2},{"damage":0,"enemies":"Shell Parasite","floor":21,"turns":1},{"damage":7,"enemies":"Sentry and Sphere","floor":24,"turns":3},{"damage":2,"enemies":"Centurion and Healer","floor":25,"turns":3},{"damage":25,"enemies":"Shelled Parasite and Fungi","floor":27,"turns":3},{"damage":9,"enemies":"Book of Stabbing","floor":28,"turns":2},{"damage":5,"enemies":"Snake Plant","floor":29,"turns":3},{"damage":16,"enemies":"Automaton","floor":33,"turns":4}],"seed_played":"-9045320866308427067","potions_obtained":[{"floor":4,"key":"Strength Potion"},{"floor":10,"key":"LiquidMemories"},{"floor":14,"key":"GamblersBrew"},{"floor":16,"key":"Poison Potion"}],"is_trial":false,"path_per_floor":["M","?","$","M","?","E","R","M","T","M","$","E","R","M","R","B",null,"M","$","?","M","?","R","M","M","T","M","E","M","AVR","?","R","B"],"character_chosen":"THE_SILENT","items_purchased":["Corpse Explosion"],"campfire_rested":4,"item_purchase_floors":[19],"current_hp_per_floor":[70,52,52,52,52,24,24,24,24,19,19,10,31,30,51,43,70,70,70,54,54,54,70,63,61,61,36,27,22,22,22,43,27,27],"gold":104,"neow_bonus":"RANDOM_COLORLESS","is_daily":false,"chose_seed":false,"campfire_upgraded":5,"win_rate":0.0,"timestamp":1610879654,"path_taken":["M","?","$","M","?","E","R","M","T","M","$","E","R","M","R","BOSS","M","$","?","M","?","R","M","M","T","?","E","M","AVR","?","R","BOSS"],"items_purchased_type":["Card"],"build_version":"2020-12-22","purchased_purges":3,"victory":false,"max_hp_per_floor":[70,70,70,70,70,70,70,70,70,70,70,70,70,70,70,70,70,70,70,70,70,70,70,70,70,70,70,70,70,70,70,70,70,70],"relic_stats":{"Sozu":3,"counters":[16,54],"Necronomicon":[4],"Question Card":16,"Smiling Mask":0,"obtain_stats":[{"Sozu":17,"REME:ComplimentaryCards":0,"Replay:Towering Pillar of Hats":6,"Simple Rune":5,"Replay:WaspNest":22,"Necronomicon":20,"infinitespire:Magic Flask":12,"Question Card":9,"Smiling Mask":26,"Ring of the Snake":0,"aspiration:ChemicalBlood":28,"ClockworkSouvenir":30},{"Sozu":8,"REME:ComplimentaryCards":0,"Replay:Towering Pillar of Hats":3,"Simple Rune":2,"Replay:WaspNest":10,"Necronomicon":9,"infinitespire:Magic Flask":6,"Question Card":4,"Smiling Mask":12,"Ring of the Snake":0,"aspiration:ChemicalBlood":14,"ClockworkSouvenir":15},{"Sozu":33,"REME:ComplimentaryCards":0,"Replay:Towering Pillar of Hats":8,"Simple Rune":4,"Replay:WaspNest":36,"Necronomicon":35,"infinitespire:Magic Flask":18,"Question Card":9,"Smiling Mask":42,"Ring of the Snake":0,"aspiration:ChemicalBlood":47,"ClockworkSouvenir":50}],"Ring of the Snake":[32]},"card_choices":[{"not_picked":["Replay:Sssssssssshield","Bandage Up"],"picked":"Flash of Steel","floor":0},{"not_picked":["Cloak And Dagger","Acrobatics"],"picked":"Toxin Wave","floor":1},{"not_picked":["ReplayTheSpireMod:Chaos Vortex","infinitespire:Starlight"],"picked":"infinitespire:Punishment","floor":2},{"not_picked":["Deflect","Heel Hook"],"picked":"Poisoned Stab","floor":4},{"not_picked":["Hidden Blade","Finisher"],"picked":"Reflex","floor":6},{"not_picked":["Leg Sweep","Slice"],"picked":"Atom Bomb","floor":8},{"not_picked":["ReplayTheSpireMod:Scrap Shanks","Hidden Blade","Masterful Stab"],"picked":"Bouncing Flask","floor":10},{"not_picked":["Bane","Masterful Stab","Dodge and Roll"],"picked":"Blur","floor":12},{"not_picked":["Blade Dance","Cloak And Dagger","Dash"],"picked":"Hidden Blade","floor":14},{"not_picked":["Adrenaline","After Image","Unload"],"picked":"Burst","floor":16},{"not_picked":["Bane","Poisoned Stab","Skewer"],"picked":"Deadly Poison","floor":18},{"not_picked":["Hidden Blade","Sucker Punch+1","Skewer+1"],"picked":"Well Laid Plans","floor":21},{"not_picked":["Flying Knee","Heel Hook","Grand Finale"],"picked":"Backflip","floor":24},{"not_picked":["Outmaneuver+1","Deflect","Poisoned Stab"],"picked":"Predator","floor":25},{"not_picked":["Reflex","Dagger Spray","Deadly Poison"],"picked":"ReplayTheSpireMod:Scrap Shanks","floor":27},{"not_picked":["Riddle With Holes+1","After Image","Dagger Throw"],"picked":"Sneak Up","floor":28},{"not_picked":["Slice","Quick Slash","Flechettes+1"],"picked":"Footwork","floor":29}],"player_experience":242975,"relics_obtained":[{"floor":6,"key":"Replay:Towering Pillar of Hats"},{"floor":9,"key":"Question Card"},{"floor":12,"key":"infinitespire:Magic Flask"},{"floor":26,"key":"Smiling Mask"},{"floor":28,"key":"aspiration:ChemicalBlood"}],"event_choices":[{"damage_healed":0,"gold_gain":0,"player_choice":"Box","damage_taken":0,"relics_obtained":["Simple Rune"],"max_hp_gain":0,"max_hp_loss":0,"event_name":"Big Fish","floor":5,"gold_loss":0,"cards_obtained":["Regret"]},{"damage_healed":0,"gold_gain":0,"player_choice":"Obtained Book","damage_taken":16,"max_hp_gain":0,"max_hp_loss":0,"event_name":"Cursed Tome","floor":20,"gold_loss":0},{"cards_removed":["Defend_G"],"damage_healed":0,"gold_gain":0,"player_choice":"Gave Gold","damage_taken":0,"max_hp_gain":0,"max_hp_loss":0,"event_name":"Beggar","floor":31,"gold_loss":75}],"is_beta":false,"boss_relics":[{"not_picked":["Tiny House","WristBlade"],"picked":"Sozu"}],"items_purged_floors":[3,11,30],"is_endless":false,"potions_floor_spawned":[4,10,14,16,18,21,24],"killed_by":"Automaton","ascension_level":3}}