{"host":"640uue19m79c7wbt","time":1610847344,"event":{"mods":["BaseMod","Colored Map","Googly Eyes","Highlight Path","Minty Spire (QoL Compilation)","Quick Restart","StSLib"],"gold_per_floor":[109,109,121,121,121,154,164,190,259,275,200,212,229,248,248,352,352,372,385,385,385,402,428,428,70,70,103,118,137,0,33,33,33,33],"floor_reached":33,"language":"ENG","playtime":1155,"items_purged":["Pain","Strike_G"],"score":611,"play_id":"66958a3f-e109-4f7b-a4d8-796a6cc8e350","local_time":"20210116203544","is_ascension_mode":true,"campfire_choices":[{"floor":15,"key":"REST"},{"data":"Venomology","floor":24,"key":"SMITH"},{"floor":32,"key":"REST"}],"circlet_count":0,"master_deck":["AscendersBane","Strike_G","Strike_G","Strike_G","Strike_G","Defend_G","Defend_G","Defend_G","Defend_G","Defend_G","Survivor","Neutralize","Blade Dance","Dagger Throw","Phantasmal Killer","Predator","Underhanded Strike","Venomology+1","Well Laid Plans","Finisher","Bullet Time","Crippling Poison","PiercingWail+1","Terror+1","Dagger Spray+1","Sadistic Nature","Storm of Steel","Bane","Accuracy","Underhanded Strike","A Thousand Cuts","Deadly Poison+1"],"relics":["Ring of the Snake","NeowsBlessing","Torii","WarpedTongs","Boot","Bag of Marbles","Meat on the Bone","WristBlade","MutagenicStrength","Du-Vu Doll","Potion Belt","Membership Card","Bronze Scales","Dream Catcher","The Specimen","Vajra","Bottled Lightning"],"acts_visited":["Exordium","TheCity"],"potions_floor_usage":[12,12,13,14,16,16,16,18,19,23,23,28,31,33,33],"damage_taken":[{"damage":0,"enemies":"2 Louse","floor":1,"turns":1},{"damage":0,"enemies":"Small Slimes","floor":3,"turns":1},{"damage":1,"enemies":"Gremlin Nob","floor":6,"turns":1},{"damage":5,"enemies":"Jaw Worm","floor":7,"turns":3},{"damage":24,"enemies":"3 Sentries","floor":8,"turns":8},{"damage":11,"enemies":"Red Slaver","floor":10,"turns":2},{"damage":30,"enemies":"Gremlin Gang","floor":12,"turns":5},{"damage":1,"enemies":"Looter","floor":13,"turns":3},{"damage":6,"enemies":"3 Louse","floor":14,"turns":2},{"damage":25,"enemies":"Hexaghost","floor":16,"turns":9},{"damage":0,"enemies":"Chosen","floor":18,"turns":3},{"damage":2,"enemies":"Shell Parasite","floor":19,"turns":2},{"damage":17,"enemies":"Snake Plant","floor":22,"turns":3},{"damage":18,"enemies":"Book of Stabbing","floor":23,"turns":4},{"damage":0,"enemies":"Slavers","floor":27,"turns":3},{"damage":11,"enemies":"Sentry and Sphere","floor":28,"turns":3},{"damage":0,"enemies":"Snecko","floor":29,"turns":2},{"damage":0,"enemies":"Gremlin Leader","floor":31,"turns":1},{"damage":67,"enemies":"Automaton","floor":33,"turns":6}],"seed_played":"1613549867684731076","potions_obtained":[{"floor":8,"key":"Regen Potion"},{"floor":13,"key":"SneckoOil"},{"floor":14,"key":"Dexterity Potion"},{"floor":16,"key":"BlessingOfTheForge"},{"floor":19,"key":"Weak Potion"},{"floor":22,"key":"Fruit Juice"},{"floor":27,"key":"PowerPotion"},{"floor":29,"key":"Fire Potion"}],"is_trial":false,"path_per_floor":["M","?","M","?","?","E","M","E","T","M","$","M","M","M","R","B",null,"M","M","?","?","M","E","R","$","T","E","M","M","$","E","R","B"],"character_chosen":"THE_SILENT","items_purchased":["Membership Card","Sadistic Nature","Bronze Scales","Accuracy","Vajra","Underhanded Strike"],"campfire_rested":2,"item_purchase_floors":[25,25,25,30,30,30],"current_hp_per_floor":[63,63,63,56,56,55,50,26,26,27,27,43,42,36,57,44,64,64,62,62,62,45,44,44,44,44,44,45,45,45,45,67,0,0],"gold":33,"neow_bonus":"THREE_ENEMY_KILL","is_daily":false,"chose_seed":false,"campfire_upgraded":1,"win_rate":0.0,"timestamp":1610847344,"path_taken":["M","?","M","?","?","E","?","E","T","M","$","?","M","M","R","BOSS","M","M","?","?","?","E","R","$","T","E","M","M","$","E","R","BOSS"],"items_purchased_type":["Relic","Card","Relic","Card","Relic","Card"],"build_version":"2020-12-22","purchased_purges":2,"victory":false,"max_hp_per_floor":[70,70,70,70,70,70,70,70,70,70,70,70,70,70,70,70,70,70,70,70,70,70,75,75,75,75,75,75,75,75,75,75,75,75],"card_choices":[{"not_picked":["PiercingWail","Dodge and Roll"],"picked":"Blade Dance","floor":1},{"not_picked":["Deflect","PiercingWail"],"picked":"Dagger Throw","floor":3},{"not_picked":["All Out Attack","Deadly Poison"],"picked":"Phantasmal Killer","floor":6},{"not_picked":["Slice","Quick Slash"],"picked":"Predator","floor":7},{"not_picked":["PiercingWail","Flechettes"],"picked":"Underhanded Strike","floor":8},{"not_picked":["Acrobatics","Prepared"],"picked":"Venomology","floor":10},{"not_picked":["Concentrate","Prepared"],"picked":"Well Laid Plans","floor":12},{"not_picked":["Leg Sweep","Deflect"],"picked":"Finisher","floor":13},{"not_picked":["Dodge and Roll","Sucker Punch","Backflip"],"picked":"SKIP","floor":14},{"not_picked":["Night Terror","Burst"],"picked":"Bullet Time","floor":16},{"not_picked":["Distraction","Quick Slash"],"picked":"Crippling Poison","floor":18},{"not_picked":["Outmaneuver+1","Finisher"],"picked":"PiercingWail+1","floor":19},{"not_picked":["Flying Knee","Crippling Poison"],"picked":"Terror+1","floor":22},{"not_picked":["Deadly Poison","Leg Sweep"],"picked":"Dagger Spray+1","floor":23},{"not_picked":["Die Die Die","Bane"],"picked":"Storm of Steel","floor":27},{"not_picked":["Quick Slash","Predator"],"picked":"Bane","floor":28},{"not_picked":["Slice","Expertise+1","Well Laid Plans+1"],"picked":"SKIP","floor":29},{"not_picked":["Prepared","Blur"],"picked":"A Thousand Cuts","floor":31},{"not_picked":["Bane","Caltrops"],"picked":"Deadly Poison+1","floor":32}],"player_experience":592310,"relics_obtained":[{"floor":6,"key":"Boot"},{"floor":8,"key":"Bag of Marbles"},{"floor":9,"key":"Meat on the Bone"},{"floor":23,"key":"Potion Belt"},{"floor":26,"key":"Dream Catcher"},{"floor":27,"key":"The Specimen"},{"floor":31,"key":"Bottled Lightning"}],"event_choices":[{"damage_healed":0,"gold_gain":0,"player_choice":"Box","damage_taken":0,"relics_obtained":["Torii"],"max_hp_gain":0,"max_hp_loss":0,"event_name":"Big Fish","floor":2,"gold_loss":0,"cards_obtained":["Regret"]},{"cards_removed":["Regret"],"damage_healed":0,"gold_gain":0,"player_choice":"Card Removal","damage_taken":7,"max_hp_gain":0,"max_hp_loss":0,"event_name":"Golden Wing","floor":4,"gold_loss":0},{"damage_healed":0,"gold_gain":0,"player_choice":"Rummage","damage_taken":0,"relics_obtained":["WarpedTongs"],"max_hp_gain":0,"max_hp_loss":0,"event_name":"Accursed Blacksmith","floor":5,"gold_loss":0,"cards_obtained":["Pain"]},{"damage_healed":0,"gold_gain":0,"player_choice":"Inject Mutagens","damage_taken":0,"relics_obtained":["MutagenicStrength"],"max_hp_gain":0,"max_hp_loss":0,"event_name":"Drug Dealer","floor":20,"gold_loss":0},{"damage_healed":0,"gold_gain":0,"player_choice":"Gave Potion","damage_taken":0,"relics_obtained":["Du-Vu Doll"],"max_hp_gain":0,"max_hp_loss":0,"event_name":"WeMeetAgain","floor":21,"gold_loss":0}],"is_beta":false,"boss_relics":[{"not_picked":["Coffee Dripper","Pandora\u0027s Box"],"picked":"WristBlade"}],"items_purged_floors":[11,25],"is_endless":false,"potions_floor_spawned":[8,13,14,16,19,22,27,29],"killed_by":"Automaton","ascension_level":11}}