{"host":"dzc8cchcquikqbpv","time":1610898399,"event":{"mods":["BaseMod","BetterRewards","Colored Map","Colored Powertips","Dark Map","Downfall","Fox Events","Good Game Mod","Highlight Path","Infinite Spire","Minty Spire (QoL Compilation)","Permanent Neow","Shop Mod","StSLib"],"gold_per_floor":[115,115,115,128,58,84,137,137,161,179,205,219,219,239,239,340,340,359,374,390,401,415,442,442,455,455,468,468,496,515,515,515,610,610,623,90,0,0,14,47,47,64,64,92,111,111,128,142,142,142],"floor_reached":51,"language":"ENG","playtime":4126,"items_purged":[],"score":763,"play_id":"565ccf67-95e6-4751-b50d-25d26755e49f","local_time":"20210117154639","is_ascension_mode":false,"campfire_choices":[{"floor":8,"key":"REST"},{"data":"Double Energy","floor":13,"key":"SMITH"},{"data":"White Noise","floor":15,"key":"SMITH"},{"floor":24,"key":"REST"},{"data":"Rainbow","floor":28,"key":"SMITH"},{"floor":32,"key":"REST"},{"data":"infinitespire:UltimateForm","floor":41,"key":"SMITH"},{"floor":49,"key":"REST"}],"circlet_count":0,"master_deck":["Strike_B+1","Strike_B","Strike_B","Strike_B","Defend_B+1","Defend_B","Defend_B","Defend_B","Zap+1","Dualcast","Guardian:Gem_Orange","Cold Snap+1","Hologram","Cold Snap","Leap","Double Energy+1","White Noise+1","Rainbow+1","Conserve Battery","Consume","Turbo","BootSequence+1","Conserve Battery+1","Barrage+1","Barrage+1","Darkness","infinitespire:UltimateForm+1","infinitespire:FutureSight","Seek","Conserve Battery","Metamorphosis","Redo","Static Discharge","All For One","Double Energy","Defragment+1","Defragment+1"],"relics":["Cracked Core","REME:ComplimentaryCards","Bronze Scales","Bag of Preparation","Potion Belt","Bag of Marbles","Nunchaku","Inserter","infinitespire:Eraser","infinitespire:FocusingShard","Calipers","Runic Pyramid","Thread and Needle","Red Mask","infinitespire:CursedDice","Shuriken","Whetstone"],"acts_visited":["Exordium","TheCity","TheBeyond"],"potions_floor_usage":[18,27,29,29,33,44,50,50],"damage_taken":[{"damage":0.0,"enemies":"Cultist","floor":1.0,"turns":5.0},{"damage":1.0,"enemies":"Jaw Worm","floor":4.0,"turns":3.0},{"damage":6.0,"enemies":"3 Sentries","floor":6.0,"turns":5.0},{"damage":0,"enemies":"Small Slimes","floor":10,"turns":3},{"damage":12,"enemies":"Lagavulin","floor":11,"turns":5},{"damage":1,"enemies":"Exordium Wildlife","floor":12,"turns":3},{"damage":0,"enemies":"Large Slime","floor":14,"turns":4},{"damage":33,"enemies":"Hexaghost","floor":16,"turns":9},{"damage":2,"enemies":"Spheric Guardian","floor":18,"turns":3},{"damage":2,"enemies":"Shell Parasite","floor":19,"turns":5},{"damage":4,"enemies":"Centurion and Healer","floor":20,"turns":7},{"damage":0,"enemies":"Chosen and Byrds","floor":21,"turns":4},{"damage":11,"enemies":"Snake Plant","floor":22,"turns":4},{"damage":17,"enemies":"Slavers","floor":23,"turns":6},{"damage":2,"enemies":"Shelled Parasite and Fungi","floor":25,"turns":5},{"damage":2,"enemies":"Centurion and Healer","floor":27,"turns":4},{"damage":2,"enemies":"Gremlin Leader","floor":29,"turns":4},{"damage":16,"enemies":"Snake Plant","floor":30,"turns":3},{"damage":25,"enemies":"Collector","floor":33,"turns":8},{"damage":3,"enemies":"3 Darklings","floor":35,"turns":5},{"damage":0,"enemies":"Orb Walker","floor":39,"turns":4},{"damage":3,"enemies":"Nemesis","floor":40,"turns":7},{"damage":0,"enemies":"Jaw Worm Horde","floor":42,"turns":4},{"damage":0,"enemies":"Giant Head","floor":44,"turns":5},{"damage":4,"enemies":"4 Shapes","floor":45,"turns":6},{"damage":6,"enemies":"Spire Growth","floor":47,"turns":7},{"damage":1,"enemies":"Sphere and 2 Shapes","floor":48,"turns":3},{"damage":19,"enemies":"infinitespire:MassOfShapes","floor":50,"turns":11}],"seed_played":"-368526853205334845","potions_obtained":[{"floor":10,"key":"champ:CounterPotion"},{"floor":11,"key":"FearPotion"},{"floor":12,"key":"Fire Potion"},{"floor":20,"key":"AttackPotion"},{"floor":21,"key":"sneckomod:MuddlingPotion"},{"floor":23,"key":"Strength Potion"},{"floor":27,"key":"sneckomod:MuddlingPotion"},{"floor":30,"key":"sneckomod:MuddlingPotion"},{"floor":33,"key":"champ:CounterPotion"},{"floor":40,"key":"ColorlessPotion"},{"floor":44,"key":"Block Potion"},{"floor":46,"key":"infinitespire:BlackPotion"}],"is_trial":false,"path_per_floor":["M","?","?","M","$","E","T","R","T","M","E","M","R","M","R","B",null,"M","M","M","M","M","E","R","M","T","M","R","E","M","AVR","R","B",null,"M","$","?","?","M","E","R","M","T","E","M","?","M","M","R","B",null],"character_chosen":"DEFECT","items_purchased":["Doom and Gloom","Thread and Needle","Metamorphosis","Redo"],"campfire_rested":4,"item_purchase_floors":[5,36,36,36],"current_hp_per_floor":[75,68,53,52,52,46,46,68,68,68,56,55,55,55,55,22,75,73,71,67,67,56,39,61,59,59,57,57,55,39,39,61,36,75,72,72,72,72,72,69,69,69,69,69,65,65,59,58,75,56],"gold":142,"neow_bonus":"THREE_CARDS","is_daily":false,"chose_seed":false,"campfire_upgraded":4,"win_rate":0.0,"timestamp":1610898399,"path_taken":["M","?","?","M","$","E","?","R","T","?","E","M","R","M","R","BOSS","M","M","?","M","M","E","R","M","T","M","R","E","M","AVR","R","BOSS","M","$","?","?","M","E","R","M","T","E","M","?","M","M","R","BOSS"],"items_purchased_type":["Card","Relic","Card","Card"],"build_version":"2020-12-22","purchased_purges":0,"victory":true,"max_hp_per_floor":[75,75,75,75,75,75,75,75,75,75,75,75,75,75,75,75,75,75,75,75,75,75,75,75,75,75,75,75,75,75,75,75,75,75,75,75,75,75,75,75,75,75,75,75,75,75,75,75,75,75],"card_choices":[{"not_picked":["Conserve Battery","Go for the Eyes"],"picked":"Cold Snap","floor":0.0},{"not_picked":["Ball Lightning","Beam Cell"],"picked":"Hologram","floor":1.0},{"not_picked":["Gash","Heatsinks"],"picked":"Cold Snap","floor":4.0},{"not_picked":["Ball Lightning","Reboot","Go for the Eyes"],"picked":"SKIP","floor":6},{"not_picked":["Stack","Redo"],"picked":"Leap","floor":10},{"not_picked":["Streamline","Genetic Algorithm","Compile Driver"],"picked":"SKIP","floor":11},{"not_picked":["Reinforced Body","Redo"],"picked":"Double Energy","floor":12},{"not_picked":["Turbo","Skim"],"picked":"White Noise","floor":14},{"not_picked":["All For One","Biased Cognition"],"picked":"Rainbow","floor":16},{"not_picked":["Rip and Tear","Go for the Eyes","Sweeping Beam"],"picked":"SKIP","floor":18},{"not_picked":["Steam Power","Stack"],"picked":"Conserve Battery","floor":19},{"not_picked":["Undo","Auto Shields"],"picked":"Consume","floor":20},{"not_picked":["Melter","Ball Lightning"],"picked":"Turbo","floor":21},{"not_picked":["Reboot","Double Energy"],"picked":"BootSequence+1","floor":22},{"not_picked":["Lockon+1","Gash+1"],"picked":"Conserve Battery+1","floor":23},{"not_picked":["Turbo","Hologram+1"],"picked":"Barrage+1","floor":25},{"not_picked":["Aggregate","Rebound"],"picked":"Barrage+1","floor":27},{"not_picked":["Darkness","FTL+1","Turbo+1"],"picked":"SKIP","floor":29},{"not_picked":["FTL+1","Turbo+1"],"picked":"Darkness","floor":29},{"not_picked":["Go for the Eyes","Cold Snap","Turbo"],"picked":"SKIP","floor":30},{"not_picked":["Rainbow","Fission"],"picked":"Seek","floor":33},{"not_picked":["Streamline","Steam Power+1"],"picked":"Conserve Battery","floor":35},{"not_picked":["Stack","Ball Lightning"],"picked":"Static Discharge","floor":39},{"not_picked":["Conserve Battery","Thunder Strike"],"picked":"All For One","floor":40},{"not_picked":["Compile Driver+1","Skim+1"],"picked":"Double Energy","floor":42},{"not_picked":["Static Discharge","Go for the Eyes+1","Steam Power+1"],"picked":"SKIP","floor":44},{"not_picked":["Conserve Battery+1","Leap"],"picked":"Defragment+1","floor":45},{"not_picked":["Rebound+1","Melter+1","Leap+1"],"picked":"SKIP","floor":47},{"not_picked":["Double Energy+1","Doom and Gloom+1"],"picked":"Defragment+1","floor":48}],"player_experience":11299,"relics_obtained":[{"floor":6,"key":"Bag of Preparation"},{"floor":7,"key":"Potion Belt"},{"floor":9,"key":"Bag of Marbles"},{"floor":11,"key":"Nunchaku"},{"floor":23,"key":"infinitespire:Eraser"},{"floor":26,"key":"infinitespire:FocusingShard"},{"floor":29,"key":"Calipers"},{"floor":40,"key":"infinitespire:CursedDice"},{"floor":43,"key":"Shuriken"},{"floor":44,"key":"Whetstone"}],"event_choices":[{"damage_healed":0.0,"max_hp_gain":0.0,"max_hp_loss":0.0,"gold_gain":0.0,"event_name":"Scrap Ooze","player_choice":"Success","floor":2.0,"gold_loss":0.0,"damage_taken":7.0,"relics_obtained":["Bronze Scales"]},{"damage_healed":0.0,"max_hp_gain":0.0,"max_hp_loss":0.0,"gold_gain":0.0,"event_name":"Shining Light","player_choice":"Entered Light","floor":3.0,"gold_loss":0.0,"damage_taken":15.0,"cards_upgraded":["Zap","Defend_B"]},{"damage_healed":0,"gold_gain":0,"player_choice":"Paid","damage_taken":0,"relics_obtained":["Red Mask"],"max_hp_gain":0,"max_hp_loss":0,"event_name":"Tomb of Lord Red Mask","floor":37,"gold_loss":90},{"cards_removed":["Doom and Gloom"],"damage_healed":0,"gold_gain":0,"player_choice":"Removed Attack","damage_taken":0,"max_hp_gain":0,"max_hp_loss":0,"event_name":"Falling","floor":38,"gold_loss":0},{"damage_healed":0,"gold_gain":0,"player_choice":"Got Potions","damage_taken":0,"max_hp_gain":0,"max_hp_loss":0,"event_name":"Lab","floor":46,"gold_loss":0}],"is_beta":false,"boss_relics":[{"not_picked":["Runic Dome","Fusion Hammer"],"picked":"Inserter"},{"not_picked":["Astrolabe","infinitespire:Cupcake"],"picked":"Runic Pyramid"}],"items_purged_floors":[],"is_endless":false,"potions_floor_spawned":[10,11,12,20,21,23,27,30,33,40,44,45],"ascension_level":0}}