{"host":"v3yldluzjv9bevle","time":1610856298,"event":{"mods":["Aspiration","BaseMod","Better Vampires","BetterRewards","Colored Powertips","Conspire","Custom Start","Dio Mod","Energized Spire","Friendly Minions","Googly Eyes","Hermit","Highlight Path","Hubris","Hyrulean Relics","Ironclad Rager","Jedi Mod","Minty Spire (QoL Compilation)","Nova Terra(??·??)","Permanent Neow","Replay The Spire","Shop Mod","Small Relic Pack","Spikes Relics","Spire Birthday Party","StSLib","Synergy Search","The Death Knight","The Exalted","The Forsaken","Virulent Crown","slay the spire mod where everything is the same but ironclad has a cowboy hat","vexMod"],"gold_per_floor":[111,111,137,162,182,182,182,182,182,217,73,73,84,94,94,189,189,199,67,82,22,41,41,41,41,41,41,41],"floor_reached":27,"language":"ENG","playtime":1687,"items_purged":[],"score":209,"play_id":"c9e363a2-da0f-4ed6-91cd-74dd4e11e250","local_time":"20210116230458","is_ascension_mode":false,"campfire_choices":[{"floor":6,"key":"DIG"},{"floor":8,"key":"DIG"},{"floor":12,"key":"REST"},{"floor":15,"key":"DIG"},{"floor":24,"key":"REST"}],"circlet_count":0,"master_deck":["DeathKnight:Strike_DeathKnight+1","DeathKnight:Strike_DeathKnight+1","DeathKnight:Strike_DeathKnight+1","DeathKnight:Strike_DeathKnight+1","DeathKnight:Strike_DeathKnight+1","DeathKnight:Defend_DeathKnight+1","DeathKnight:Defend_DeathKnight+1","DeathKnight:Defend_DeathKnight+1","DeathKnight:Defend_DeathKnight+1","DeathKnight:Defend_DeathKnight+1","DeathKnight:RuneTap","DeathKnight:RuneStrike","DeathKnight:Defend_DeathKnight+1","Vigilance","DeathKnight:BloodBoil","DeathKnight:Pestilence","DeathKnight:FrosPresence","DeathKnight:DeathGrip","DeathKnight:Pestilence","DeathKnight:Defile","DeathKnight:ShatteringStrikes","DeathKnight:DeathCoil"],"relics":["DeathKnight:BrokenRuneblade","Shovel","Snack Pack","vexMod:FocusSash","Ancient Tea Set","Eternal Feather","BrokenLever","conspire:TopHat","Bag of Preparation","MerchantsRug","Bird Faced Urn","jedi:maincommand","Bottled Tornado"],"acts_visited":["Exordium","TheCity"],"potions_floor_usage":[10,10],"damage_taken":[{"damage":13,"enemies":"Cultist","floor":1,"turns":5},{"damage":6,"enemies":"Jaw Worm","floor":5,"turns":4},{"damage":10,"enemies":"3 Sentries","floor":10,"turns":6},{"damage":0,"enemies":"2 Louse","floor":13,"turns":2},{"damage":12,"enemies":"conspire:2 RoseBushes","floor":14,"turns":5},{"damage":27,"enemies":"Fading Forest","floor":16,"turns":11},{"damage":0,"enemies":"Spheric Guardian","floor":18,"turns":3},{"damage":7,"enemies":"Chosen","floor":20,"turns":5},{"damage":62,"enemies":"3 Cultists","floor":22,"turns":6},{"damage":5,"enemies":"Centurion and Healer","floor":27,"turns":4}],"seed_played":"7841876547158018487","potions_obtained":[{"floor":1,"key":"Explosive Potion"},{"floor":5,"key":"DeathKnight:RunicPotion"}],"is_trial":false,"path_per_floor":["M","?","T","T","M","R","?","R","T","E","$","R","M","M","R","B",null,"M","$","M","?","M","?","R","?","T","M"],"character_chosen":"DEATH_KNIGHT","items_purchased":["MerchantsRug","Bird Faced Urn"],"campfire_rested":2,"item_purchase_floors":[11,19],"current_hp_per_floor":[62,55,55,55,49,49,49,58,58,48,48,75,75,63,72,59,75,75,75,68,68,8,8,42,1,1,0,0],"gold":41,"neow_bonus":"ONE_RARE_RELIC","is_daily":false,"chose_seed":false,"campfire_upgraded":0,"win_rate":0.0,"timestamp":1610856298,"path_taken":["M","?","?","?","M","R","?","R","T","E","$","R","M","M","R","BOSS","M","$","M","?","M","?","R","?","T","?"],"items_purchased_type":["Relic","Relic"],"build_version":"2020-12-22","purchased_purges":0,"victory":false,"max_hp_per_floor":[75,75,75,75,75,75,75,75,75,75,75,75,75,75,75,75,75,75,75,75,75,75,75,75,75,75,75,75],"card_choices":[{"not_picked":["DeathKnight:PillarOfFrost","DeathKnight:Culling"],"picked":"DeathKnight:BloodBoil","floor":1},{"not_picked":["DeathKnight:DeathsAdvance","DeathKnight:MindFreeze"],"picked":"DeathKnight:Pestilence","floor":5},{"not_picked":["DeathKnight:RunicDetonation","DeathKnight:BoneSpear"],"picked":"DeathKnight:FrosPresence","floor":10},{"not_picked":["DeathKnight:PathOfFrost","DeathKnight:IcyTouch"],"picked":"DeathKnight:DeathGrip","floor":13},{"not_picked":["DeathKnight:RuneShock","DeathKnight:ReapingStrike"],"picked":"DeathKnight:Pestilence","floor":14},{"not_picked":["DeathKnight:ReapingStrike","DeathKnight:Outbreak"],"picked":"DeathKnight:Defile","floor":16},{"not_picked":["DeathKnight:RaiseAlly","DeathKnight:ChainsOfIce"],"picked":"DeathKnight:ShatteringStrikes","floor":18},{"not_picked":["DeathKnight:UnholyFrenzy","DeathKnight:Culling"],"picked":"DeathKnight:DeathCoil","floor":20},{"not_picked":["DeathKnight:BloodTap","DeathKnight:BoneShield+1","DeathKnight:BoneSpear"],"picked":"SKIP","floor":22}],"player_experience":158934,"relics_obtained":[{"floor":3,"key":"vexMod:FocusSash"},{"floor":4,"key":"Ancient Tea Set"},{"floor":6,"key":"Eternal Feather"},{"floor":8,"key":"BrokenLever"},{"floor":9,"key":"conspire:TopHat"},{"floor":10,"key":"Bag of Preparation"},{"floor":15,"key":"Dream Catcher"},{"floor":26,"key":"jedi:command_uncommon"}],"event_choices":[{"damage_healed":0,"gold_gain":0,"player_choice":"Success","damage_taken":7,"relics_obtained":["Snack Pack"],"max_hp_gain":0,"max_hp_loss":0,"event_name":"Scrap Ooze","floor":2,"gold_loss":0},{"damage_healed":0,"gold_gain":0,"player_choice":"Leave","damage_taken":0,"max_hp_gain":0,"max_hp_loss":0,"event_name":"conspire:Investor","floor":7,"gold_loss":0},{"damage_healed":0,"gold_gain":0,"player_choice":"Simplicity","damage_taken":0,"max_hp_gain":0,"max_hp_loss":0,"event_name":"Back to Basics","floor":23,"gold_loss":0,"cards_upgraded":["DeathKnight:Strike_DeathKnight","DeathKnight:Strike_DeathKnight","DeathKnight:Strike_DeathKnight","DeathKnight:Strike_DeathKnight","DeathKnight:Strike_DeathKnight","DeathKnight:Defend_DeathKnight","DeathKnight:Defend_DeathKnight","DeathKnight:Defend_DeathKnight","DeathKnight:Defend_DeathKnight","DeathKnight:Defend_DeathKnight","DeathKnight:Defend_DeathKnight"]}],"is_beta":false,"boss_relics":[{"not_picked":["Runic Dome","energizedSpire:EnergizedDie"],"picked":"Snecko Eye"}],"items_purged_floors":[],"is_endless":false,"potions_floor_spawned":[1,5],"killed_by":"Centurion and Healer","ascension_level":0}}