{"host":"p245q48pmopyklqs","time":1610905158,"event":{"mods":["BaseMod","DeckTracker","Downfall","Minty Spire (QoL Compilation)","StSLib","SuperFastMode"],"gold_per_floor":[349,364,364,377,377,395,395,408,420,438,438,118,118,136,155,251,251,251,262,274,287,287,298,298,298,81,107,107,107,117,117,135,237,237,237,237,255,78,89,89,89,89],"floor_reached":40,"language":"ENG","playtime":1833,"items_purged":["Slimebound:Strike_Slimebound","Slimebound:Strike_Slimebound","Slimebound:Strike_Slimebound"],"score":487,"play_id":"2b1f225e-b62a-40e0-a375-dc4f81bdd87c","local_time":"20210118023918","is_ascension_mode":true,"campfire_choices":[{"data":"Slimebound:Split","floor":1.0,"key":"SMITH"},{"data":"Slimebound:SplitLeeching","floor":13.0,"key":"SMITH"},{"data":"Slimebound:TagTeam","floor":18.0,"key":"SMITH"},{"data":"Slimebound:ProtectTheBoss","floor":25.0,"key":"SMITH"},{"data":"Slimebound:PressTheAttack","floor":28.0,"key":"SMITH"},{"data":"Slimebound:SelfFormingGoo","floor":35.0,"key":"SMITH"}],"circlet_count":0,"master_deck":["Slimebound:Tackle","Slimebound:Defend_Slimebound","Slimebound:Defend_Slimebound","Slimebound:Defend_Slimebound","Slimebound:Defend_Slimebound","Slimebound:Split+1","Slimebound:CorrosiveSpit","Slimebound:FinishingTackle","Slimebound:SlimeSpikes","Slimebound:Nibble","Slimebound:SplitLeeching+1","Slimebound:Split+1","Slimebound:ProtectTheBoss+1","Slimebound:LeadByExample","Slimebound:TagTeam+1","Slimebound:SplitMire+1","Slimebound:PressTheAttack+1","Slimebound:ServeAndProtect","Slimebound:LeechEnergy+1","Slimebound:DivideAndConquer","Slimebound:ForwardTackle","Slimebound:Repurpose+1","Slimebound:SelfFormingGoo+1","Pain","Slimebound:SlimeBrawl","Slimebound:SplitLeeching","Slimebound:Repurpose+1","Slimebound:MinionMaster"],"relics":["Slimebound:AbsorbEndCombat","The Courier","Slimebound:PotencyRelic","Sozu","Prayer Wheel","Nloth\u0027s Gift","WarpedTongs","Medical Kit","Turnip"],"acts_visited":["Exordium","TheCity","TheBeyond"],"potions_floor_usage":[],"damage_taken":[{"damage":2.0,"enemies":"2 Louse","floor":2.0,"turns":3.0},{"damage":2.0,"enemies":"Jaw Worm","floor":4.0,"turns":3.0},{"damage":9.0,"enemies":"Small Slimes","floor":6.0,"turns":4.0},{"damage":8.0,"enemies":"Gremlin Gang","floor":8.0,"turns":4.0},{"damage":6.0,"enemies":"Large Slime","floor":9.0,"turns":4.0},{"damage":9.0,"enemies":"Blue Slaver","floor":10.0,"turns":3.0},{"damage":0.0,"enemies":"downfall:FleeingMerchant","floor":12.0,"turns":4.0},{"damage":0.0,"enemies":"2 Fungi Beasts","floor":14.0,"turns":3.0},{"damage":5.0,"enemies":"Exordium Thugs","floor":15.0,"turns":5.0},{"damage":22.0,"enemies":"SI_SHIV_ARCHETYPE","floor":16.0,"turns":8.0},{"damage":6.0,"enemies":"Shell Parasite","floor":19.0,"turns":4.0},{"damage":0.0,"enemies":"Shelled Parasite and Fungi","floor":20.0,"turns":4.0},{"damage":0.0,"enemies":"Chosen and Byrds","floor":21.0,"turns":2.0},{"damage":0.0,"enemies":"Snake Plant","floor":23.0,"turns":3.0},{"damage":0.0,"enemies":"downfall:FleeingMerchant","floor":26.0,"turns":4.0},{"damage":40.0,"enemies":"Slavers","floor":27.0,"turns":3.0},{"damage":0.0,"enemies":"Snecko","floor":30.0,"turns":4.0},{"damage":1.0,"enemies":"Cultist and Chosen","floor":32.0,"turns":5.0},{"damage":37.0,"enemies":"DF_ARCHETYPE_CLAW","floor":33.0,"turns":7.0},{"damage":25.0,"enemies":"3 Shapes","floor":37.0,"turns":3.0},{"damage":17.0,"enemies":"downfall:FleeingMerchant","floor":38.0,"turns":4.0},{"damage":28,"enemies":"3 Darklings","floor":39,"turns":4},{"damage":9,"enemies":"Spire Growth","floor":40,"turns":1}],"seed_played":"3429188968151208960","potions_obtained":[{"floor":6.0,"key":"DuplicationPotion"},{"floor":9.0,"key":"ColorlessPotion"},{"floor":10.0,"key":"FearPotion"},{"floor":15.0,"key":"AttackPotion"}],"is_trial":false,"path_per_floor":["R","M","?","M","?","M","T","M","M","M","?","$","R","M","M","B",null,"R","M","M","M","?","M","T","R","$","E","R","?","M","?","M","B",null,"R","?","M","$","M","M"],"character_chosen":"SLIMEBOUND","items_purchased":["Slimebound:ProtectTheBoss","Slimebound:LeadByExample","ClockworkSouvenir","Slimebound:DivideAndConquer","Slimebound:ForwardTackle","Medical Kit","Slimebound:SplitLeeching","Turnip"],"campfire_rested":0,"item_purchase_floors":[12,12,12,26,26,38,38,38],"current_hp_per_floor":[47,47,47,45,45,37,37,32,29,21,21,25,25,25,23,4,65,65,60,63,63,63,65,65,65,65,30,30,30,33,33,37,5,65,65,65,42,28,4,0,0,0],"gold":89,"neow_bonus":"TWO_FIFTY_GOLD","is_daily":false,"chose_seed":false,"campfire_upgraded":6,"win_rate":0.0,"timestamp":1610905158,"path_taken":["R","M","?","M","?","M","T","M","M","?","?","$","R","M","M","BOSS","R","M","?","M","?","M","T","R","$","E","R","?","M","?","M","BOSS","R","?","?","$","M","M"],"items_purchased_type":["Card","Card","Relic","Card","Card","Relic","Card","Relic"],"build_version":"2020-12-22","purchased_purges":3,"victory":false,"max_hp_per_floor":[65,65,65,65,65,65,65,65,65,65,65,65,65,65,65,65,65,65,65,65,65,65,65,65,65,65,65,65,65,65,65,65,65,65,65,65,65,65,65,65,65,65],"card_choices":[{"not_picked":["Slimebound:TongueLash","Slimebound:GrowthPunch"],"picked":"Slimebound:FinishingTackle","floor":2.0},{"not_picked":["Slimebound:SplitLeeching","Slimebound:SlimeSpikes","Slimebound:FinishingTackle"],"picked":"SKIP","floor":4.0},{"not_picked":["Slimebound:SplitLeeching","Slimebound:FinishingTackle"],"picked":"Slimebound:SlimeSpikes","floor":4.0},{"not_picked":["Slimebound:GoopTackle","Slimebound:ItLooksTasty"],"picked":"Slimebound:Nibble","floor":6.0},{"not_picked":["Slimebound:ForwardTackle","Slimebound:Equalize","Slimebound:Gluttony"],"picked":"SKIP","floor":8.0},{"not_picked":["Slimebound:GrowthPunch","Slimebound:Schlurp","Slimebound:LeechEnergy"],"picked":"SKIP","floor":9.0},{"not_picked":["Slimebound:ComboTackle","Slimebound:GoopSpray"],"picked":"Slimebound:SplitLeeching","floor":10.0},{"not_picked":["Slimebound:HauntingLick","Slimebound:DivideAndConquer","Slimebound:FlameTackle"],"picked":"SKIP","floor":12.0},{"not_picked":["Slimebound:SplitAcid","Slimebound:RallyTheTroops","Slimebound:LeechingTouch"],"picked":"SKIP","floor":14.0},{"not_picked":["Slimebound:SplitLeeching","Slimebound:GrowthPunch","Slimebound:LeechingTouch"],"picked":"SKIP","floor":15.0},{"not_picked":["Slimebound:Recycling","Slimebound:DouseInSlime"],"picked":"Slimebound:TagTeam","floor":16.0},{"not_picked":["Slimebound:SlimeSpikes","Slimebound:LeadByExample"],"picked":"Slimebound:SplitMire+1","floor":19.0},{"not_picked":["Slimebound:ItLooksTasty","Slimebound:BestDefense","Slimebound:Nibble"],"picked":"SKIP","floor":20.0},{"not_picked":["Slimebound:SplitBruiser","Slimebound:Nibble"],"picked":"Slimebound:PressTheAttack","floor":21.0},{"not_picked":["Slimebound:SplitMire","Slimebound:LivingWall+1","Slimebound:MegaLick+1"],"picked":"SKIP","floor":23.0},{"not_picked":["Slimebound:Gluttony","Slimebound:SplitBruiser"],"picked":"Slimebound:LeechEnergy+1","floor":26.0},{"not_picked":["Slimebound:DouseInSlime","Slimebound:MegaLick+1","Slimebound:SlimeBrawl"],"picked":"SKIP","floor":27.0},{"not_picked":["Slimebound:Equalize","Slimebound:SplitLeeching+1"],"picked":"Slimebound:Repurpose+1","floor":30.0},{"not_picked":["Slimebound:SamplingLick","Slimebound:FinishingTackle","Slimebound:LeechEnergy"],"picked":"SKIP","floor":30.0},{"not_picked":["Slimebound:ComboTackle","Slimebound:LeechEnergy","Slimebound:PressTheAttack+1"],"picked":"SKIP","floor":32.0},{"not_picked":["Slimebound:CheckThePlaybook","Slimebound:LivingWall","Slimebound:Schlurp"],"picked":"SKIP","floor":32.0},{"not_picked":["Slimebound:OneTwoCombo","Slimebound:SlimeSlap"],"picked":"Slimebound:SelfFormingGoo","floor":33.0},{"not_picked":["Slimebound:SplitAcid","Slimebound:Schlurp+1"],"picked":"Slimebound:SlimeBrawl","floor":37.0},{"not_picked":["Slimebound:GoopSpray","Slimebound:Dissolve","Slimebound:SamplingLick+1"],"picked":"SKIP","floor":37.0},{"not_picked":["Slimebound:Schlurp+1","Slimebound:FlameTackle+1"],"picked":"Slimebound:Repurpose+1","floor":39},{"not_picked":["Slimebound:HauntingLick","Slimebound:ItLooksTasty"],"picked":"Slimebound:MinionMaster","floor":39}],"player_experience":2379647,"relics_obtained":[{"floor":7.0,"key":"Slimebound:PotencyRelic"},{"floor":27.0,"key":"Prayer Wheel"}],"event_choices":[{"damage_healed":0.0,"max_hp_gain":0.0,"max_hp_loss":0.0,"gold_gain":0.0,"event_name":"The Library","player_choice":"Read","floor":22.0,"gold_loss":0.0,"damage_taken":0.0,"cards_obtained":["Slimebound:ServeAndProtect"]},{"damage_healed":0.0,"max_hp_gain":0.0,"max_hp_loss":0.0,"gold_gain":0.0,"event_name":"Accursed Blacksmith","player_choice":"Rummage","floor":36.0,"gold_loss":0.0,"damage_taken":0.0,"relics_obtained":["WarpedTongs"],"cards_obtained":["Pain"]}],"is_beta":false,"boss_relics":[{"not_picked":["Black Star","Coffee Dripper"],"picked":"Sozu"},{"not_picked":["SacredBark","Velvet Choker","Snecko Eye"]}],"items_purged_floors":[12,26,38],"is_endless":false,"potions_floor_spawned":[6,9,10,15,23,27,30],"killed_by":"Spire Growth","ascension_level":3}}