{"host":"lb27wy21808d043q","time":1610917079,"event":{"mods":["AchievementEnabler","BaseMod","BetterRewards","Clockwork Mod","Colored Map","Conspire","Curses Come First","Halation","Highlight Path","Hubris","Infinite Spire","Marisa????????","Minty Spire (QoL Compilation)","Replay The Spire","StSLib","The Bug Knight","The Servant 0.9.4","Yuri Mod"],"gold_per_floor":[113,113,127,8,25,55,55,74,74,74,249,249,264,279,344,344,344],"floor_reached":16,"language":"ENG","playtime":869,"items_purged":[],"score":102,"play_id":"44610b43-f4d3-410b-873b-77b9765ccaa4","local_time":"20210117215759","is_ascension_mode":false,"campfire_choices":[{"data":"Inflame","floor":7,"key":"SMITH"},{"data":"Flex","floor":10,"key":"SMITH"}],"circlet_count":0,"master_deck":["Strike_R","Strike_R","Strike_R","Strike_R","Strike_R","Defend_R","Defend_R","Defend_R","Defend_R","Bash","Thunderclap","Flex+1","Inflame+1","Warcry","Cleave","Battle Trance","Feed","Rupture","Juggernaut"],"relics":["halation:SimulatedSpire","halation:PinkSoulGem","Snack Pack","Nunchaku","Replay:Mystery Machine"],"acts_visited":["Exordium"],"potions_floor_usage":[6,15],"damage_taken":[{"damage":6,"enemies":"2 Louse","floor":1,"turns":4},{"damage":6,"enemies":"Jaw Worm","floor":3,"turns":4},{"damage":1,"enemies":"Cultist","floor":5,"turns":3},{"damage":36,"enemies":"3 Sentries","floor":6,"turns":5},{"damage":16,"enemies":"2 Fungi Beasts","floor":8,"turns":3},{"damage":0,"enemies":"3 Louse","floor":13,"turns":1},{"damage":0,"enemies":"Large Slime","floor":14,"turns":2},{"damage":13,"enemies":"3 Sentries","floor":15,"turns":4},{"damage":35,"enemies":"Slime Boss","floor":16,"turns":3}],"seed_played":"1609404757673810707","potions_obtained":[{"floor":1,"key":"Elixir"},{"floor":5,"key":"Fire Potion"},{"floor":14,"key":"Regen Potion"}],"is_trial":false,"path_per_floor":["M","?","M","$","M","E","R","M","T","R","?","?","M","M","R_BF","B"],"character_chosen":"IRONCLAD","items_purchased":["Inflame","Warcry"],"campfire_rested":0,"item_purchase_floors":[4,4],"current_hp_per_floor":[74,74,68,68,67,31,31,17,17,17,17,17,17,19,25,0,0],"gold":344,"neow_bonus":"SIMULATED_SPIRE","is_daily":false,"chose_seed":false,"campfire_upgraded":2,"win_rate":0.0,"timestamp":1610917079,"path_taken":["M","?","M","$","M","E","R","M","T","R","?","?","?","M","R_BF","BOSS"],"items_purchased_type":["Card","Card"],"build_version":"2020-12-22","purchased_purges":0,"victory":false,"max_hp_per_floor":[80,80,80,80,80,80,80,80,80,80,80,80,80,80,83,83,83],"card_choices":[{"not_picked":["Warcry","Clothesline"],"picked":"Thunderclap","floor":1},{"not_picked":["Perfected Strike","Shrug It Off"],"picked":"Flex","floor":3},{"not_picked":["Replay:Undeath\u0027s Touch","Perfected Strike"],"picked":"Cleave","floor":5},{"not_picked":["Burning Pact","True Grit"],"picked":"Battle Trance","floor":6},{"not_picked":["Dark Embrace","Defy Death","Shockwave"],"picked":"SKIP","floor":8},{"not_picked":["True Grit","Clash"],"picked":"Feed","floor":13},{"not_picked":["Clothesline","ReplayReversal"],"picked":"Rupture","floor":14},{"not_picked":["Hemokinesis","conspire:ExplosiveBarrier"],"picked":"Juggernaut","floor":15}],"player_experience":18161,"relics_obtained":[{"floor":6,"key":"Snack Pack"},{"floor":9,"key":"Nunchaku"},{"floor":15,"key":"Replay:Mystery Machine"}],"event_choices":[{"damage_healed":0,"gold_gain":175,"player_choice":"AGREE","damage_taken":0,"max_hp_gain":0,"max_hp_loss":0,"event_name":"Liars Game","floor":11,"gold_loss":0,"cards_obtained":["Doubt"]},{"cards_removed":["Doubt"],"damage_healed":0,"gold_gain":0,"player_choice":"Removed Curses","damage_taken":0,"max_hp_gain":0,"max_hp_loss":0,"event_name":"Fountain of Cleansing","floor":12,"gold_loss":0},{"damage_healed":0,"gold_gain":30,"player_choice":"Searched \u00273\u0027 times","damage_taken":0,"max_hp_gain":0,"max_hp_loss":0,"event_name":"Dead Adventurer","floor":15,"gold_loss":0}],"is_beta":false,"boss_relics":[],"items_purged_floors":[],"is_endless":false,"potions_floor_spawned":[1,5,14],"killed_by":"Slime Boss","ascension_level":0}}