{"host":"ocllwaoi18j60ltd","time":1610868913,"event":{"mods":["BaseMod","DeckTracker","Minty Spire (QoL Compilation)","Permanent Neow","Quick Restart","StSLib","SuperFastMode"],"gold_per_floor":[114,39,51,64,74,74,89,119,142,142,175,175,189,189,189,268,268,285,285,301,301,301,301],"floor_reached":22,"language":"KOR","playtime":497,"items_purged":[],"score":392,"play_id":"4a26aa55-27f6-4bf0-9a0a-7df3d9628f26","local_time":"20210117163513","is_ascension_mode":true,"campfire_choices":[{"data":"Terror","floor":6.0,"key":"SMITH"},{"data":"Blade Dance","floor":10.0,"key":"SMITH"},{"data":"Bullet Time","floor":12.0,"key":"SMITH"},{"data":"Finisher","floor":15.0,"key":"SMITH"}],"circlet_count":0,"master_deck":["AscendersBane","Survivor+1","Neutralize","Dagger Spray","Poisoned Stab","PiercingWail","Finisher+1","Terror+1","Blade Dance+1","Bullet Time+1","Cloak And Dagger","Blade Dance","Envenom","Unload","Eviscerate","Backstab","Crippling Poison","Burst","Phantasmal Killer","Malaise","Terror","Sucker Punch","Well Laid Plans","Writhe"],"relics":["Ring of the Snake","War Paint","Smiling Mask","Strawberry","Pandora\u0027s Box","MealTicket"],"acts_visited":["Exordium","TheCity"],"potions_floor_usage":[20,22],"damage_taken":[{"damage":1.0,"enemies":"Small Slimes","floor":1.0,"turns":3.0},{"damage":0.0,"enemies":"2 Louse","floor":3.0,"turns":3.0},{"damage":3.0,"enemies":"Cultist","floor":4.0,"turns":4.0},{"damage":16.0,"enemies":"Blue Slaver","floor":5.0,"turns":5.0},{"damage":2.0,"enemies":"Exordium Wildlife","floor":7.0,"turns":4.0},{"damage":27.0,"enemies":"Lagavulin","floor":8.0,"turns":5.0},{"damage":8.0,"enemies":"Gremlin Nob","floor":11.0,"turns":3.0},{"damage":5.0,"enemies":"Red Slaver","floor":13.0,"turns":3.0},{"damage":34.0,"enemies":"The Guardian","floor":16.0,"turns":10.0},{"damage":2.0,"enemies":"3 Byrds","floor":18.0,"turns":5.0},{"damage":20,"enemies":"Spheric Guardian","floor":20,"turns":6},{"damage":0,"enemies":"3 Cultists","floor":22,"turns":1}],"seed_played":"-7104451889715657765","potions_obtained":[{"floor":3.0,"key":"Fruit Juice"},{"floor":7.0,"key":"Strength Potion"},{"floor":8.0,"key":"PowerPotion"},{"floor":11.0,"key":"Swift Potion"},{"floor":16.0,"key":"BlessingOfTheForge"},{"floor":18.0,"key":"SkillPotion"},{"floor":20,"key":"EntropicBrew"}],"is_trial":false,"path_per_floor":["M","?","M","M","M","R","M","E","T","R","E","R","M","?","R","B",null,"M","?","M","?","M"],"character_chosen":"THE_SILENT","items_purchased":[],"campfire_rested":0,"item_purchase_floors":[],"current_hp_per_floor":[58,58,63,60,44,44,42,15,15,15,14,14,9,35,35,1,59,57,57,37,15,15,15],"gold":301,"neow_bonus":"THREE_CARDS","is_daily":false,"chose_seed":false,"campfire_upgraded":4,"win_rate":0.0,"timestamp":1610868913,"path_taken":["M","?","M","M","M","R","M","E","T","R","E","R","M","?","R","BOSS","M","?","M","?","M"],"items_purchased_type":[],"build_version":"2020-12-22","purchased_purges":0,"victory":false,"max_hp_per_floor":[66,66,71,71,71,71,71,71,71,71,78,78,78,78,78,78,78,78,78,78,83,83,83],"card_choices":[{"not_picked":["Blur","Acrobatics"],"picked":"Dagger Spray","floor":0.0},{"not_picked":["Slice","Blur"],"picked":"Poisoned Stab","floor":1.0},{"not_picked":["Deflect","Flying Knee"],"picked":"PiercingWail","floor":3.0},{"not_picked":["Underhanded Strike","Storm of Steel"],"picked":"Finisher","floor":4.0},{"not_picked":["Poisoned Stab","Dodge and Roll"],"picked":"Terror","floor":5.0},{"not_picked":["PiercingWail","Choke"],"picked":"Blade Dance","floor":7.0},{"not_picked":["Eviscerate","Dagger Throw"],"picked":"Bullet Time","floor":8.0},{"not_picked":["Backflip","PiercingWail"],"picked":"Cloak And Dagger","floor":11.0},{"not_picked":["Backflip","Deadly Poison"],"picked":"Blade Dance","floor":13.0},{"not_picked":["Phantasmal Killer","Die Die Die"],"picked":"Envenom","floor":16.0},{"not_picked":["Poisoned Stab","Tactician"],"picked":"Well Laid Plans","floor":18.0},{"not_picked":["Flying Knee","Eviscerate+1","Outmaneuver"],"picked":"SKIP","floor":20}],"player_experience":845645,"relics_obtained":[{"floor":8.0,"key":"War Paint"},{"floor":9.0,"key":"Smiling Mask"},{"floor":11.0,"key":"Strawberry"}],"event_choices":[{"cards_removed":["Strike_G"],"damage_healed":0.0,"max_hp_gain":0.0,"max_hp_loss":0.0,"gold_gain":0.0,"event_name":"The Cleric","player_choice":"Card Removal","floor":2.0,"gold_loss":75.0,"damage_taken":0.0},{"damage_healed":26.0,"max_hp_gain":0.0,"max_hp_loss":0.0,"gold_gain":0.0,"event_name":"Big Fish","player_choice":"Banana","floor":14.0,"gold_loss":0.0,"damage_taken":0.0},{"damage_healed":0.0,"max_hp_gain":0.0,"max_hp_loss":0.0,"gold_gain":0.0,"event_name":"The Mausoleum","player_choice":"Opened","floor":19.0,"gold_loss":0.0,"damage_taken":0.0,"relics_obtained":["MealTicket"],"cards_obtained":["Writhe"]},{"damage_healed":0,"gold_gain":0,"player_choice":"Shed Blood","damage_taken":27,"max_hp_gain":5,"max_hp_loss":0,"event_name":"Forgotten Altar","floor":21,"gold_loss":0}],"is_beta":false,"boss_relics":[{"not_picked":["HoveringKite","SlaversCollar"],"picked":"Pandora\u0027s Box"}],"items_purged_floors":[],"is_endless":false,"potions_floor_spawned":[3,7,8,11,16,18,20],"killed_by":"3 Cultists","ascension_level":20}}