{"host":"h3vysik1bw5w0dm6","time":1610887094,"event":{"mods":["AchievementEnabler","Aspiration","BaseMod","Better Note","Better Sensory Stone","Better Vampires","BetterRewards","Colored Powertips","Conspire","Downfall","Friendly Minions","Googly Eyes","Gremlin Skip","Halation","Infinite Spire","Lobotomy","Minty Spire (QoL Compilation)","Quick Restart","Shop Mod","StSLib"],"gold_per_floor":[99,118,131,148,148,168,168,168,168,168,168,205,239,26,47,90,90,90],"floor_reached":16,"language":"ENG","playtime":1431,"items_purged":[],"score":125,"play_id":"a1cdb8e8-e2c0-41b8-b9bb-b65bc5a55cb1","local_time":"20210117133814","is_ascension_mode":false,"campfire_choices":[{"data":"hexamod:Float","floor":1,"key":"SMITH"},{"data":"hexamod:GhostLash","floor":10,"key":"SMITH"}],"circlet_count":0,"master_deck":["hexamod:Strike","hexamod:Strike","hexamod:Strike","hexamod:Strike","hexamod:Defend","hexamod:Defend","hexamod:Defend","hexamod:Defend","hexamod:Sear","hexamod:Float+1","hexamod:GhostLash+1","hexamod:FifthSeal","hexamod:SecondSeal","hexamod:Hexaguard","Injury","hexamod:FlameSwitch","hexamod:PhantomCloak+1","hexamod:GhostOfSpirePast+1"],"relics":["hexamod:SpiritBrand","CultistMask","Singing Bowl","Frozen Egg 2","halation:EternalFortune","infinitespire:Beetle Shell","Odd Mushroom","halation:IllGainedPizza","Bag of Preparation"],"acts_visited":["Exordium"],"potions_floor_usage":[16,16,16],"damage_taken":[{"damage":0,"enemies":"2 Louse","floor":2,"turns":2},{"damage":0,"enemies":"Cultist","floor":3,"turns":4},{"damage":5,"enemies":"Jaw Worm","floor":4,"turns":5},{"damage":0,"enemies":"Large Slime","floor":6,"turns":5},{"damage":13,"enemies":"The Mushroom Lair","floor":12,"turns":6},{"damage":26,"enemies":"3 Sentries","floor":13,"turns":7},{"damage":0,"enemies":"downfall:FleeingMerchant","floor":14,"turns":4},{"damage":5,"enemies":"Exordium Wildlife","floor":15,"turns":7},{"damage":94,"enemies":"SI_SHIV_ARCHETYPE","floor":16,"turns":16}],"seed_played":"2167720685584667204","potions_obtained":[{"floor":2,"key":"Regen Potion"},{"floor":12,"key":"Regen Potion"},{"floor":13,"key":"Block Potion"}],"is_trial":false,"path_per_floor":["R","M","M","M","?","M","T","?","?","R","T","?","E","$","M","B"],"character_chosen":"THE_SPIRIT","items_purchased":["Bag of Preparation","hexamod:PhantomCloak+1"],"campfire_rested":0,"item_purchase_floors":[14,14],"current_hp_per_floor":[77,77,77,72,72,72,72,72,75,75,75,64,40,42,39,0,0,0],"gold":90,"neow_bonus":"TEN_PERCENT_HP_BONUS","is_daily":false,"chose_seed":false,"campfire_upgraded":2,"win_rate":0.0,"timestamp":1610887094,"path_taken":["R","M","M","M","?","?","T","?","?","R","?","?","E","$","M","BOSS"],"items_purchased_type":["Relic","Card"],"build_version":"2020-12-22","purchased_purges":0,"victory":false,"max_hp_per_floor":[77,77,77,77,77,77,77,77,80,80,80,82,84,86,88,88,88,88],"card_choices":[{"not_picked":["hexamod:NightmareStrike","hexamod:RetreatToShadows"],"picked":"hexamod:GhostLash","floor":2},{"not_picked":["hexamod:NightmareStrike","hexamod:BacktrackSmack","hexamod:GhostLash"],"picked":"SKIP","floor":3},{"not_picked":["hexamod:ShieldOfDarkness","hexamod:AdvancingGuard"],"picked":"hexamod:FifthSeal","floor":4},{"not_picked":["hexamod:FirstSeal","hexamod:SixthSeal"],"picked":"hexamod:SecondSeal","floor":6},{"not_picked":["hexamod:NightmareStrike","hexamod:NecessarySacrifice"],"picked":"hexamod:Hexaguard","floor":6},{"not_picked":["hexamod:SwordOfDarkness","hexamod:HeatCrush","hexamod:NightmareStrike"],"picked":"Singing Bowl","floor":12},{"not_picked":["hexamod:ThermalTransfer","hexamod:BurningTouch","hexamod:GhostOfSpirePresent+1"],"picked":"Singing Bowl","floor":13},{"not_picked":["hexamod:ThirdSeal","hexamod:SecondSeal","hexamod:FirstSeal"],"picked":"Singing Bowl","floor":14},{"not_picked":["hexamod:TurnItUp","hexamod:DynamicBlow"],"picked":"hexamod:FlameSwitch","floor":14},{"not_picked":["hexamod:FourthSeal","hexamod:FirstSeal","hexamod:ThirdSeal"],"picked":"Singing Bowl","floor":15},{"not_picked":["hexamod:GhostLash","hexamod:FirstSeal"],"picked":"hexamod:GhostOfSpirePast+1","floor":15}],"player_experience":361332,"relics_obtained":[{"floor":7,"key":"Singing Bowl"},{"floor":11,"key":"infinitespire:Beetle Shell"},{"floor":12,"key":"Odd Mushroom"},{"floor":13,"key":"halation:IllGainedPizza"}],"event_choices":[{"damage_healed":0,"gold_gain":0,"player_choice":"Trade","damage_taken":0,"relics_obtained":["CultistMask"],"max_hp_gain":0,"max_hp_loss":0,"event_name":"FaceTrader","floor":5,"gold_loss":0},{"damage_healed":0,"gold_gain":0,"player_choice":"Fought Mushrooms","damage_taken":0,"max_hp_gain":0,"max_hp_loss":0,"event_name":"Mushrooms","floor":12,"gold_loss":0}],"is_beta":false,"boss_relics":[],"items_purged_floors":[],"is_endless":false,"potions_floor_spawned":[2,12,13,15],"killed_by":"SI_SHIV_ARCHETYPE","ascension_level":0}}