{"host":"bycas0s5rx7l5h3x","time":1610871248,"event":{"mods":["AchievementEnabler","Act Like it!","BaseMod","Minty Spire (QoL Compilation)","MostiFishMod","Pale of the Ancients","StSLib"],"gold_per_floor":[116,116,136,9,23,23,38,53,53,53,67,67,23,36,36,141,141,151,75,92,103,116,116,143,160,160,173,186,202,32,45,45,142,142,156,31,45,60,77,112,126,144,168,182,198,216,232,263,263,263,278,289,289,141,141,159,159,9,9,9],"floor_reached":61,"language":"ZHS","playtime":2918,"items_purged":["Bash","Strike_R","Strike_R","MostiFishMod:BrandingRite"],"score":1663,"play_id":"a050b23c-8fae-40a2-927e-d7af2260709a","local_time":"20210117161408","is_ascension_mode":false,"campfire_choices":[{"data":"Metallicize","floor":6,"key":"SMITH"},{"data":"Body Slam","floor":12,"key":"SMITH"},{"data":"Burning Pact","floor":15,"key":"SMITH"},{"data":"Body Slam","floor":23,"key":"SMITH"},{"floor":32,"key":"RECALL"},{"data":"Entrench","floor":49,"key":"SMITH"},{"data":"Impervious","floor":55,"key":"SMITH"},{"data":"Seeing Red","floor":57,"key":"SMITH"}],"circlet_count":0,"master_deck":["Strike_R","Strike_R","Strike_R","Defend_R","Defend_R","Defend_R","Defend_R","Metallicize+1","Body Slam+1","Burning Pact+1","Shrug It Off","Shrug It Off","Shrug It Off","Impervious+1","Entrench+1","Body Slam+1","Shrug It Off","Seeing Red+1","Bloodletting+1","Body Slam+1","Seeing Red","Seeing Red","Flame Barrier+1"],"relics":["Burning Blood","DaveBox","BionicSphere","SynthV:TestCard","Anchor","PatriotShield","Blood Vial","HereWithMe","Bottled Flame","Red Skull","StoneCalendar","paleoftheancients:Timepiece","paleoftheancients:KeyRelic","Coffee Dripper","Bronze Scales","paleoftheancients:SoulOfTheIroncluck","Civilization"],"acts_visited":["Exordium","TheCity","TheBeyond","TheBeyond"],"potions_floor_usage":[14],"damage_taken":[{"damage":0,"enemies":"2 Louse","floor":1,"turns":5},{"damage":0,"enemies":"Jaw Worm","floor":3,"turns":6},{"damage":0,"enemies":"Cultist","floor":5,"turns":3},{"damage":0,"enemies":"Looter","floor":7,"turns":4},{"damage":0,"enemies":"3 Louse","floor":8,"turns":5},{"damage":0,"enemies":"Red Slaver","floor":11,"turns":3},{"damage":0,"enemies":"Blue Slaver","floor":14,"turns":2},{"damage":0,"enemies":"Hexaghost","floor":16,"turns":9},{"damage":0,"enemies":"Spheric Guardian","floor":18,"turns":1},{"damage":0,"enemies":"2 Thieves","floor":20,"turns":4},{"damage":0,"enemies":"Centurion and Healer","floor":21,"turns":4},{"damage":0,"enemies":"3 Cultists","floor":22,"turns":4},{"damage":0,"enemies":"Slavers","floor":24,"turns":6},{"damage":0,"enemies":"Snecko","floor":25,"turns":2},{"damage":0,"enemies":"Cultist and Chosen","floor":27,"turns":2},{"damage":0,"enemies":"Snake Plant","floor":28,"turns":2},{"damage":0,"enemies":"Shelled Parasite and Fungi","floor":29,"turns":3},{"damage":5,"enemies":"Cultist and Chosen","floor":31,"turns":2},{"damage":5,"enemies":"Automaton","floor":33,"turns":4},{"damage":0,"enemies":"3 Darklings","floor":35,"turns":3},{"damage":0,"enemies":"Orb Walker","floor":37,"turns":2},{"damage":13,"enemies":"Transient","floor":38,"turns":5},{"damage":0,"enemies":"Jaw Worm Horde","floor":39,"turns":3},{"damage":16,"enemies":"Giant Head","floor":40,"turns":5},{"damage":0,"enemies":"4 Shapes","floor":41,"turns":2},{"damage":0,"enemies":"Sphere and 2 Shapes","floor":42,"turns":3},{"damage":0,"enemies":"3 Darklings","floor":44,"turns":2},{"damage":0,"enemies":"Writhing Mass","floor":45,"turns":1},{"damage":0,"enemies":"Maw","floor":46,"turns":2},{"damage":0,"enemies":"Jaw Worm Horde","floor":47,"turns":2},{"damage":8,"enemies":"Nemesis","floor":48,"turns":3},{"damage":8,"enemies":"Donu and Deca","floor":50,"turns":4},{"damage":0,"enemies":"Donu and Deca","floor":51,"turns":1},{"damage":8,"enemies":"Donu and Deca","floor":52,"turns":1},{"damage":3,"enemies":"Donu and Deca","floor":56,"turns":2},{"damage":6,"enemies":"paleoftheancients:N","floor":60,"turns":2}],"seed_played":"-6921071104916630431","potions_obtained":[{"floor":3,"key":"EssenceOfSteel"},{"floor":8,"key":"Explosive Potion"},{"floor":11,"key":"Ancient Potion"},{"floor":14,"key":"Fruit Juice"},{"floor":16,"key":"Energy Potion"},{"floor":24,"key":"LiquidBronze"},{"floor":29,"key":"CultistPotion"}],"is_trial":false,"path_per_floor":["M","?","M","$","M","R","M","M","T","$","M","R","?","M","R","B",null,"M","$","M","M","M","R","E","M","T","M","M","M","$","M","R","B",null,"M","$","M","M","M","E","M","M","T","M","M","M","M","E","R","B","M","M","?","$","R","M","R","$","?","B",null],"character_chosen":"IRONCLAD","items_purchased":["Body Slam","Entrench","Seeing Red","Civilization"],"campfire_rested":0,"item_purchase_floors":[4,19,30,54],"current_hp_per_floor":[88,88,88,88,88,88,88,88,88,88,88,88,88,93,93,93,93,93,93,93,93,93,93,93,93,93,93,93,93,93,93,93,93,93,93,93,93,86,93,83,91,93,93,93,93,93,93,91,91,93,93,92,92,92,92,94,94,94,94,96],"gold":9,"neow_bonus":"TEN_PERCENT_HP_BONUS","is_daily":false,"chose_seed":false,"campfire_upgraded":7,"win_rate":0.0,"timestamp":1610871248,"path_taken":["M","?","M","$","M","R","M","M","T","$","M","R","?","M","R","BOSS","M","$","M","M","M","R","E","M","T","M","M","M","$","M","R","BOSS","M","$","M","M","M","E","M","M","T","M","M","M","M","E","R","BOSS","M","M","?","$","R","M","R","$","?","BOSS"],"items_purchased_type":["Card","Card","Card","Relic"],"build_version":"2020-12-22","purchased_purges":4,"victory":true,"max_hp_per_floor":[88,88,88,88,88,88,88,88,88,88,88,88,88,93,93,93,93,93,93,93,93,93,93,93,93,93,93,93,93,93,93,93,93,93,93,93,93,93,93,93,93,93,93,93,93,93,93,93,93,93,93,93,93,93,93,94,94,94,94,96],"card_choices":[{"not_picked":["Heavy Blade","Headbutt","Sword Boomerang"],"picked":"SKIP","floor":1},{"not_picked":["Perfected Strike","True Grit","Bloodletting","Intimidate"],"picked":"Metallicize","floor":3},{"not_picked":["Thunderclap","Perfected Strike","Heavy Blade","Warcry"],"picked":"Burning Pact","floor":5},{"not_picked":["Reaper","Heavy Blade","Iron Wave","Whirlwind"],"picked":"Shrug It Off","floor":7},{"not_picked":["Spot Weakness","Clash","Disarm","MostiFishMod:DarkDeal","Flex"],"picked":"SKIP","floor":8},{"not_picked":["Power Through","Pommel Strike","Warcry","Heavy Blade"],"picked":"Shrug It Off","floor":11},{"not_picked":["Headbutt","Sever Soul","Power Through","Carnage"],"picked":"Shrug It Off","floor":14},{"not_picked":["Offering","MostiFishMod:TemporaryOutbreak","Berserk","MostiFishMod:FlyOverUtopia"],"picked":"Impervious","floor":16},{"not_picked":["Twin Strike+1","True Grit","Armaments+1","Clash","Anger"],"picked":"SKIP","floor":18},{"not_picked":["Carnage","Whirlwind+1","Infernal Blade","Shrug It Off"],"picked":"Body Slam","floor":20},{"not_picked":["Headbutt","Clothesline","MostiFishMod:BrandingRite+1","Bloodletting+1","Heavy Blade"],"picked":"SKIP","floor":21},{"not_picked":["Pommel Strike","Battle Trance","MostiFishMod:#F4004","Reaper","Perfected Strike"],"picked":"SKIP","floor":22},{"not_picked":["Thunderclap+1","Anger+1","Iron Wave","Disarm","Rampage"],"picked":"SKIP","floor":24},{"not_picked":["Cleave+1","Headbutt","Warcry","Perfected Strike+1","Flex"],"picked":"SKIP","floor":25},{"not_picked":["Battle Trance","Perfected Strike","Dark Embrace","Shockwave","Combust+1"],"picked":"SKIP","floor":27},{"not_picked":["Impervious","Heavy Blade","True Grit","Dark Embrace"],"picked":"Shrug It Off","floor":28},{"not_picked":["Clash","Pommel Strike+1","Clothesline","Combust+1"],"picked":"MostiFishMod:BrandingRite","floor":29},{"not_picked":["True Grit","Pommel Strike+1","Dual Wield","Clothesline+1","Reckless Charge"],"picked":"SKIP","floor":31},{"not_picked":["Feel No Pain","Perfected Strike","Cleave","Clash"],"picked":"Bloodletting+1","floor":35},{"not_picked":["Thunderclap+1","Anger","Pommel Strike+1","Clothesline+1","True Grit+1"],"picked":"SKIP","floor":37},{"not_picked":["Rupture","Shockwave+1","Flex","True Grit","Whirlwind+1"],"picked":"SKIP","floor":38},{"not_picked":["Armaments","Seeing Red","Rupture+1","Cleave+1"],"picked":"Body Slam+1","floor":39},{"not_picked":["Rampage+1","Body Slam","Battle Trance","Rage","Dual Wield+1"],"picked":"SKIP","floor":40},{"not_picked":["Battle Trance+1","Headbutt+1","Ghostly Armor+1","Juggernaut","Anger+1"],"picked":"SKIP","floor":41},{"not_picked":["Carnage+1","Anger","Disarm+1","Cleave","Armaments"],"picked":"SKIP","floor":42},{"not_picked":["Pommel Strike+1","MostiFishMod:KnuckleDown","Twin Strike","Feel No Pain","Battle Trance"],"picked":"SKIP","floor":44},{"not_picked":["Metallicize","Spot Weakness","True Grit+1","Combust"],"picked":"Seeing Red","floor":45},{"not_picked":["Blood for Blood+1","Thunderclap+1","Twin Strike+1","Clothesline+1","Carnage+1"],"picked":"SKIP","floor":46},{"not_picked":["Body Slam","Headbutt","Heavy Blade+1","Clothesline+1"],"picked":"Seeing Red","floor":47},{"not_picked":["Metallicize+1","Rampage","Spot Weakness","True Grit","Iron Wave"],"picked":"SKIP","floor":48},{"not_picked":["Clothesline","Cleave","Metallicize+1","Power Through+1"],"picked":"Flame Barrier+1","floor":51},{"not_picked":["Heavy Blade","Metallicize","Anger+1","Infernal Blade","Sword Boomerang+1"],"picked":"SKIP","floor":52},{"not_picked":["Rage","Rampage","Dropkick+1","Carnage","True Grit+1"],"picked":"SKIP","floor":56}],"player_experience":27155,"relics_obtained":[{"floor":1,"key":"SynthV:TestCard"},{"floor":9,"key":"Anchor"},{"floor":24,"key":"Blood Vial"},{"floor":40,"key":"Bottled Flame"},{"floor":43,"key":"Red Skull"},{"floor":48,"key":"StoneCalendar"},{"floor":51,"key":"paleoftheancients:SoulOfTheIroncluck"},{"floor":52,"key":"paleoftheancients:SoulOfTheSilent"}],"event_choices":[{"damage_healed":0,"gold_gain":0,"player_choice":"Ignored","damage_taken":0,"max_hp_gain":0,"max_hp_loss":0,"event_name":"Liars Game","floor":2,"gold_loss":0},{"damage_healed":0,"gold_gain":0,"player_choice":"Left Gold","damage_taken":0,"max_hp_gain":0,"max_hp_loss":0,"event_name":"World of Goop","floor":13,"gold_loss":44},{"damage_healed":0,"gold_gain":0,"player_choice":"Ignored","damage_taken":0,"max_hp_gain":0,"max_hp_loss":0,"event_name":"NoteForYourself","floor":53,"gold_loss":0}],"is_beta":false,"boss_relics":[{"not_picked":["Astrolabe","Velvet Choker"],"picked":"PatriotShield"},{"not_picked":["TimeKeys","SynthV:MejaisSoulstealer"],"picked":"HereWithMe"}],"items_purged_floors":[4,30,36,58],"is_endless":false,"potions_floor_spawned":[3,8,11,14,16,20,21,24,27,29,38,41,45,47,48,51],"ascension_level":0}}