{"host":"dv93mabv568wiefh","time":1610866499,"event":{"mods":["BaseMod","Hermit","Hubris","Infinite Spire","Marisa????????","Minty Spire (QoL Compilation)","Replay The Spire","StSLib","The Construct"],"gold_per_floor":[130,305,305,305,19,19,19,19,19,47,60,92,92,112,112,209,209,129,111,111,111,140,140,158,191,191,222,222,147,72,86,86,187,237,257,289,289,36,56,86,86,109,191,219,219,251,251,295,295,295],"floor_reached":51,"language":"ENG","playtime":4133,"items_purged":["CommonCold","hermit:Virtue"],"score":923,"play_id":"e51ea3a4-157f-419d-8caf-9b5f3e5c5f38","local_time":"20210117015459","is_ascension_mode":false,"campfire_choices":[{"data":"hermit:DeadOrAlive","floor":6.0,"key":"SMITH"},{"data":"hermit:Coalescence","floor":6.0,"key":"SMITH"},{"data":"hermit:Defend_Hermit","floor":8.0,"key":"SMITH"},{"data":"hermit:Snapshot","floor":8.0,"key":"SMITH"},{"data":"hermit:CursedWeapon","floor":13.0,"key":"SMITH"},{"data":"hermit:Dive","floor":13.0,"key":"SMITH"},{"data":"hermit:Virtue","floor":15.0,"key":"SMITH"},{"data":"hermit:Covet","floor":15.0,"key":"SMITH"},{"floor":23,"key":"REST"},{"floor":32,"key":"REST"},{"floor":41,"key":"REST"},{"data":"hermit:EternalForm","floor":45,"key":"SMITH"},{"data":"ReplayTheSpireMod:Chaos Vortex","floor":45,"key":"SMITH"},{"floor":47,"key":"REST"}],"circlet_count":0,"master_deck":["infinitespire:SevenWalls+1","hermit:Strike_Hermit+1","hermit:Defend_Hermit+1","hermit:Snapshot+1","hermit:Covet+1","hermit:DeadOrAlive+1","hermit:Coalescence+1","hermit:CursedWeapon+1","hermit:Dive+1","hermit:Virtue+1","hermit:Roughhouse","hermit:Gestalt","hermit:Feint+1","hermit:Gestalt+1","hermit:Feint","ReplayTheSpireMod:Chaos Vortex+1","hermit:EternalForm+1","hermit:Brawl+1","hermit:Enervate+1","hermit:Deadeye+1","hermit:Brawl"],"relics":["hermit:Momento","infinitespire:FocusingShard","Replay:Arrowhead","Mummified Hand","Replay:Grab Bag","Philosopher\u0027s Stone","Painkiller Herb","Kintsugi","MutagenicStrength","ReplayTheSpireMod:Ninjato","Tiny House","infinitespire:EvilPickle","Juzu Bracelet","Pet Ghost","Kunai"],"acts_visited":["Exordium","TheCity","TheBeyond"],"potions_floor_usage":[22,33,40,50],"damage_taken":[{"damage":0.0,"enemies":"Jaw Worm","floor":1.0,"turns":2.0},{"damage":0.0,"enemies":"2 Louse","floor":10.0,"turns":2.0},{"damage":0.0,"enemies":"Small Slimes","floor":11.0,"turns":3.0},{"damage":0.0,"enemies":"2 Fungi Beasts","floor":12.0,"turns":2.0},{"damage":2.0,"enemies":"Looter","floor":14.0,"turns":3.0},{"damage":0.0,"enemies":"The Guardian","floor":16.0,"turns":17.0},{"damage":0.0,"enemies":"Chosen","floor":18.0,"turns":3.0},{"damage":12,"enemies":"2 Thieves","floor":19,"turns":4},{"damage":2,"enemies":"Cultist and Chosen","floor":22,"turns":4},{"damage":2,"enemies":"Sentry and Sphere","floor":24,"turns":4},{"damage":2,"enemies":"3 Cultists","floor":25,"turns":7},{"damage":2,"enemies":"Snake Plant","floor":27,"turns":1},{"damage":2,"enemies":"Shelled Parasite and Fungi","floor":31,"turns":6},{"damage":5,"enemies":"Pondfish","floor":33,"turns":16},{"damage":2,"enemies":"3 Shapes","floor":35,"turns":5},{"damage":0,"enemies":"Orb Walker","floor":36,"turns":4},{"damage":0,"enemies":"Transient","floor":39,"turns":5},{"damage":44,"enemies":"Nightmare","floor":40,"turns":13},{"damage":3,"enemies":"Maw","floor":42,"turns":7},{"damage":1,"enemies":"Sphere and 2 Shapes","floor":44,"turns":7},{"damage":2,"enemies":"Transient","floor":46,"turns":5},{"damage":3,"enemies":"Jaw Worm Horde","floor":48,"turns":5},{"damage":9,"enemies":"Awakened One","floor":50,"turns":14}],"seed_played":"-8868501056833196329","potions_obtained":[{"floor":11.0,"key":"hermit:BlackBile"},{"floor":12.0,"key":"Weak Potion"},{"floor":19,"key":"AttackPotion"},{"floor":24,"key":"Energy Potion"},{"floor":31,"key":"Languid Potion"},{"floor":34,"key":"AttackPotion"},{"floor":35,"key":"Elixir"},{"floor":42,"key":"FearPotion"}],"is_trial":false,"path_per_floor":["M","?","?","?","$","R","$","R","T","M","M","M","R","M","R","B",null,"?","?","?","?","?","T","?","?","T","?","?","?","T","?","T","B",null,"?","?","?","T","?","NM","T","?","T","?","T","?","T","?","T","B",null],"character_chosen":"HERMIT","items_purchased":["Replay:Arrowhead","Juzu Bracelet"],"campfire_rested":4,"item_purchase_floors":[5,38],"current_hp_per_floor":[75,75,68,68,68,68,68,68,68,68,68,68,68,66,66,66,75,75,63,49,49,47,71,69,67,67,65,45,45,45,43,67,62,85,83,83,83,83,83,39,64,61,61,60,60,58,83,80,85,76],"gold":295,"neow_bonus":"ONE_RANDOM_RARE_CARD","is_daily":false,"chose_seed":false,"campfire_upgraded":10,"win_rate":0.0,"timestamp":1610866499,"path_taken":["M","?","?","?","$","R","?","R","T","M","?","M","R","M","R","BOSS","?","?","?","?","?","T","?","?","T","?","?","?","T","?","T","BOSS","?","?","?","T","?","NM","T","?","T","?","T","?","T","?","T","BOSS"],"items_purchased_type":["Relic","Relic"],"build_version":"2020-12-22","purchased_purges":2,"victory":true,"max_hp_per_floor":[75,75,75,75,75,75,75,75,75,75,75,75,75,75,75,75,75,75,75,80,80,80,80,80,80,80,80,80,80,80,80,80,80,85,85,85,85,85,85,85,85,85,85,85,85,85,85,85,85,85],"card_choices":[{"not_picked":["hermit:TrackingShot","hermit:Vantage"],"picked":"hermit:Coalescence","floor":1.0},{"not_picked":["hermit:Snipe","hermit:Manifest","hermit:Cheat"],"picked":"SKIP","floor":10.0},{"not_picked":["hermit:Showdown","hermit:TakeCover"],"picked":"hermit:CursedWeapon","floor":11.0},{"not_picked":["hermit:LuckOfTheDraw","hermit:CursedWeapon"],"picked":"hermit:Dive","floor":12.0},{"not_picked":["hermit:Showdown","hermit:Feint"],"picked":"hermit:Virtue","floor":14.0},{"not_picked":["hermit:BlackWind","hermit:Purgatory"],"picked":"hermit:Roughhouse","floor":16.0},{"not_picked":["hermit:PistolWhip","hermit:Coalescence+1","hermit:Vantage+1"],"picked":"SKIP","floor":18},{"not_picked":["hermit:Virtue","hermit:ItchyTrigger"],"picked":"hermit:Gestalt","floor":19},{"not_picked":["hermit:BigShot+1","hermit:TakeAim"],"picked":"hermit:Feint+1","floor":22},{"not_picked":["hermit:EyeOfTheStorm","hermit:Horror+1"],"picked":"hermit:Gestalt","floor":24},{"not_picked":["hermit:Headshot","hermit:Desperado"],"picked":"hermit:Feint","floor":25},{"not_picked":["hermit:Feint","hermit:Quickdraw"],"picked":"hermit:Virtue","floor":27},{"not_picked":["ReplayTheSpireMod:Echoes of Time","ReplayTheSpireMod:??????????????????????"],"picked":"ReplayTheSpireMod:Chaos Vortex","floor":28},{"not_picked":["hermit:SprayPray+1","hermit:Reprieve"],"picked":"hermit:Snipe","floor":31},{"not_picked":["hermit:Gambit","hermit:OverwhelmingPower"],"picked":"hermit:EternalForm","floor":33},{"not_picked":["hermit:Roulette+1","hermit:CursedWeapon"],"picked":"hermit:Brawl+1","floor":35},{"not_picked":["hermit:HoleUp","hermit:Coalescence","hermit:Glare+1"],"picked":"SKIP","floor":36},{"not_picked":["hermit:WideOpen+1","hermit:CalledShot","hermit:HighCaliber"],"picked":"SKIP","floor":39},{"not_picked":["hermit:ShadowCloak","hermit:Grudge+1"],"picked":"hermit:Enervate+1","floor":40},{"not_picked":["hermit:Snipe+1","hermit:HighCaliber+1","hermit:Coalescence+1"],"picked":"SKIP","floor":42},{"not_picked":["hermit:TrackingShot+1","hermit:BodyArmor","hermit:LowProfile+1"],"picked":"SKIP","floor":44},{"not_picked":["hermit:HighCaliber+1","hermit:Vantage+1"],"picked":"hermit:Deadeye+1","floor":46},{"not_picked":["hermit:HoleUp","hermit:Midnight"],"picked":"hermit:Brawl","floor":48}],"player_experience":889826,"relics_obtained":[{"floor":9.0,"key":"Mummified Hand"},{"floor":26,"key":"ReplayTheSpireMod:Ninjato"},{"floor":40,"key":"Pet Ghost"},{"floor":43,"key":"Kunai"}],"event_choices":[{"damage_healed":0.0,"max_hp_gain":0.0,"max_hp_loss":0.0,"gold_gain":175.0,"event_name":"Liars Game","player_choice":"AGREE","floor":2.0,"gold_loss":0.0,"damage_taken":0.0,"cards_obtained":["Doubt"]},{"damage_healed":0.0,"max_hp_gain":0.0,"max_hp_loss":0.0,"gold_gain":0.0,"event_name":"Scrap Ooze","player_choice":"Success","floor":3.0,"gold_loss":0.0,"damage_taken":7.0,"relics_obtained":["infinitespire:FocusingShard"]},{"damage_healed":0,"gold_gain":0,"player_choice":"Shed Blood","damage_taken":19,"max_hp_gain":5,"max_hp_loss":0,"event_name":"Forgotten Altar","floor":20,"gold_loss":0},{"damage_healed":0,"gold_gain":0,"player_choice":"Inject Mutagens","damage_taken":0,"relics_obtained":["MutagenicStrength"],"max_hp_gain":0,"max_hp_loss":0,"event_name":"Drug Dealer","floor":21,"gold_loss":0},{"cards_removed":["Doubt"],"damage_healed":0,"gold_gain":0,"player_choice":"Gave Gold","damage_taken":0,"max_hp_gain":0,"max_hp_loss":0,"event_name":"Beggar","floor":29,"gold_loss":75},{"cards_removed":["hermit:Snipe"],"damage_healed":0,"gold_gain":0,"player_choice":"Removed Skill","damage_taken":0,"max_hp_gain":0,"max_hp_loss":0,"event_name":"Falling","floor":37,"gold_loss":0}],"is_beta":false,"boss_relics":[{"not_picked":["Busted Crown","Fusion Hammer"],"picked":"Replay:Grab Bag"},{"not_picked":["hubris:RunicObelisk","Replay:Wanted Poster"],"picked":"Philosopher\u0027s Stone"},{"not_picked":["Ectoplasm","hubris:TerracottaHorce"],"picked":"Painkiller Herb"},{"not_picked":["Calling Bell","hubris:BlackHole"],"picked":"Kintsugi"},{"not_picked":["hermit:ClaspedLocket","ReplayTheSpireMod:SealedPack"],"picked":"Tiny House"}],"items_purged_floors":[30,38],"is_endless":false,"potions_floor_spawned":[11,12,19,24,31,35,36,42],"ascension_level":0}}