{"host":"ml2ro5l6hu6y0pll","time":1610910419,"event":{"mods":["AchievementEnabler","BaseMod","Colored Map","Colored Powertips","Custom Start","Googly Eyes","Minty Spire (QoL Compilation)","Quick Restart","Rare Cards Sparkle","Relic Stats","StSLib","everything is the same but u backflip on backflip"],"gold_per_floor":[113,38,53,128,140,140,469,469,469,483,508,526,526,526],"floor_reached":13,"language":"ENG","playtime":348,"items_purged":["Normality"],"score":166,"play_id":"c07a6e16-16bb-4869-aae1-4644d84b1be6","local_time":"20210117190659","is_ascension_mode":true,"campfire_choices":[{"data":"Spot Weakness","floor":6,"key":"SMITH"},{"floor":8,"key":"REST"}],"circlet_count":0,"master_deck":["AscendersBane","Strike_R","Strike_R","Strike_R","Strike_R","Strike_R","Defend_R","Defend_R","Defend_R","Defend_R","Bash","Thunderclap","Spot Weakness+1","Anger","Demon Form","Uppercut","Bludgeon","Power Through"],"relics":["Burning Blood","Charon\u0027s Ashes","Old Coin","Dead Branch","Gremlin Horn"],"acts_visited":["Exordium"],"potions_floor_usage":[7,10,11,12],"damage_taken":[{"damage":3,"enemies":"2 Louse","floor":1,"turns":3},{"damage":8,"enemies":"Jaw Worm","floor":3,"turns":5},{"damage":1,"enemies":"Cultist","floor":5,"turns":4},{"damage":48,"enemies":"Gremlin Nob","floor":7,"turns":5},{"damage":6,"enemies":"Looter","floor":10,"turns":2},{"damage":10,"enemies":"Lagavulin","floor":11,"turns":5},{"damage":15,"enemies":"Gremlin Gang","floor":12,"turns":2},{"damage":30,"enemies":"3 Sentries","floor":13,"turns":3}],"seed_played":"-4799740121695207752","potions_obtained":[{"floor":3,"key":"FearPotion"},{"floor":5,"key":"Swift Potion"},{"floor":10,"key":"ColorlessPotion"},{"floor":11,"key":"DuplicationPotion"}],"is_trial":false,"path_per_floor":["M","$","M","?","M","R","E","R","T","M","E","M","E"],"character_chosen":"IRONCLAD","items_purchased":[],"campfire_rested":1,"item_purchase_floors":[],"current_hp_per_floor":[71,71,69,58,63,63,21,43,43,43,39,30,0,0],"gold":526,"neow_bonus":"ONE_RARE_RELIC","is_daily":false,"chose_seed":false,"campfire_upgraded":1,"win_rate":0.0,"timestamp":1610910419,"path_taken":["M","$","M","?","M","R","E","R","T","M","E","M","E"],"items_purchased_type":[],"build_version":"2020-12-22","purchased_purges":1,"victory":false,"max_hp_per_floor":[75,75,75,75,75,75,75,75,75,75,75,75,75,75],"relic_stats":{"Gremlin Horn":[4,4],"counters":[8,29],"Dead Branch":[4],"Charon\u0027s Ashes":[30],"obtain_stats":[{"Gremlin Horn":11,"Dead Branch":9,"Charon\u0027s Ashes":0,"Burning Blood":0,"Old Coin":7},{"Gremlin Horn":6,"Dead Branch":4,"Charon\u0027s Ashes":0,"Burning Blood":0,"Old Coin":4},{"Gremlin Horn":24,"Dead Branch":17,"Charon\u0027s Ashes":0,"Burning Blood":0,"Old Coin":17}],"Burning Blood":42},"card_choices":[{"not_picked":["Perfected Strike","Armaments"],"picked":"Thunderclap","floor":1},{"not_picked":["True Grit","Perfected Strike"],"picked":"Spot Weakness","floor":3},{"not_picked":["Thunderclap","Shockwave"],"picked":"Anger","floor":5},{"not_picked":["Iron Wave","Heavy Blade"],"picked":"Demon Form","floor":7},{"not_picked":["Havoc","Armaments"],"picked":"Uppercut","floor":10},{"not_picked":["Anger","Body Slam"],"picked":"Bludgeon","floor":11},{"not_picked":["Dual Wield","Sword Boomerang"],"picked":"Power Through","floor":12}],"player_experience":806768,"relics_obtained":[{"floor":7,"key":"Old Coin"},{"floor":9,"key":"Dead Branch"},{"floor":11,"key":"Gremlin Horn"}],"event_choices":[{"damage_healed":0,"gold_gain":75,"player_choice":"Gather Gold","damage_taken":11,"max_hp_gain":0,"max_hp_loss":0,"event_name":"World of Goop","floor":4,"gold_loss":0}],"is_beta":false,"boss_relics":[],"items_purged_floors":[2],"is_endless":false,"potions_floor_spawned":[3,5,10,11],"killed_by":"3 Sentries","ascension_level":15}}