{"host":"ml2ro5l6hu6y0pll","time":1610915089,"event":{"mods":["AchievementEnabler","BaseMod","Colored Map","Colored Powertips","Custom Start","Googly Eyes","Minty Spire (QoL Compilation)","Quick Restart","Rare Cards Sparkle","Relic Stats","StSLib","everything is the same but u backflip on backflip"],"gold_per_floor":[113,113,130,144,144,174,205,237,237,271,297,44,73,103,103,182,182,192,222,61,72,72,97,107,132,179,192,55,80,114,133,133,210,210,229,229,584,806,449,483,498,498,498,498,498],"floor_reached":44,"language":"ENG","playtime":1565,"items_purged":["Strike_R+1","Strike_R+1","Strike_R+1"],"score":1615,"play_id":"0d9a42a6-27db-4cd1-82ea-af6ccc8a41ef","local_time":"20210117202449","daily_mods":["Flight","DeadlyEvents"],"is_ascension_mode":true,"campfire_choices":[{"data":"Whirlwind","floor":15,"key":"SMITH"},{"data":"Bludgeon","floor":32,"key":"SMITH"},{"data":"Bludgeon","floor":42,"key":"SMITH"}],"circlet_count":0,"master_deck":["Strike_R+1","Bash+1","Defend_R+1","Defend_R+1","Defend_R+1","Defend_R+1","Defend_R+1","Dual Wield+1","Shrug It Off+1","Heavy Blade","Immolate","Whirlwind+1","Corruption+1","Barricade+1","Entrench","Shockwave","Flame Barrier","Bludgeon+1","Immolate","Reaper","Bludgeon+1","Disarm","Juggernaut+1","Reaper","Uppercut","Rupture+1"],"relics":["Burning Blood","Snecko Eye","Membership Card","Matryoshka","Frozen Egg 2","Blue Candle","Darkstone Periapt","Sundial","Happy Flower","Bronze Scales","Bag of Marbles","ClockworkSouvenir","War Paint","Eternal Feather","SlaversCollar","Red Mask","Orrery","StrikeDummy","Magic Flower","Champion Belt","Ginger","Vajra","White Beast Statue","Paper Frog","Runic Cube","Old Coin","Self Forming Clay","Sling","FossilizedHelix","HornCleat"],"acts_visited":["Exordium","TheCity","TheBeyond"],"potions_floor_usage":[8,14,33,37,41,41],"damage_taken":[{"damage":0,"enemies":"2 Louse","floor":1,"turns":2},{"damage":4,"enemies":"Jaw Worm","floor":3,"turns":2},{"damage":0,"enemies":"Cultist","floor":4,"turns":2},{"damage":16,"enemies":"Lagavulin","floor":6,"turns":5},{"damage":3,"enemies":"Gremlin Nob","floor":7,"turns":3},{"damage":4,"enemies":"3 Sentries","floor":8,"turns":8},{"damage":3,"enemies":"Gremlin Nob","floor":10,"turns":3},{"damage":16,"enemies":"3 Sentries","floor":11,"turns":11},{"damage":8,"enemies":"Gremlin Nob","floor":13,"turns":3},{"damage":0,"enemies":"3 Sentries","floor":14,"turns":2},{"damage":51,"enemies":"Hexaghost","floor":16,"turns":8},{"damage":0,"enemies":"Chosen","floor":18,"turns":2},{"damage":16,"enemies":"Masked Bandits","floor":19,"turns":3},{"damage":0,"enemies":"3 Byrds","floor":21,"turns":2},{"damage":0,"enemies":"Slavers","floor":23,"turns":1},{"damage":0,"enemies":"Snake Plant","floor":24,"turns":1},{"damage":0,"enemies":"Book of Stabbing","floor":25,"turns":3},{"damage":0,"enemies":"Cultist and Chosen","floor":27,"turns":3},{"damage":0,"enemies":"Gremlin Leader","floor":29,"turns":2},{"damage":0,"enemies":"Slavers","floor":30,"turns":2},{"damage":0,"enemies":"Sentry and Sphere","floor":31,"turns":2},{"damage":0,"enemies":"Champ","floor":33,"turns":6},{"damage":0,"enemies":"3 Shapes","floor":35,"turns":2},{"damage":0,"enemies":"2 Orb Walkers","floor":37,"turns":2},{"damage":0,"enemies":"Nemesis","floor":40,"turns":5},{"damage":0,"enemies":"3 Darklings","floor":41,"turns":1},{"damage":0,"enemies":"Giant Head","floor":44,"turns":1}],"seed_played":"-8586471477516933513","potions_obtained":[{"floor":1,"key":"Explosive Potion"},{"floor":8,"key":"SteroidPotion"},{"floor":10,"key":"ElixirPotion"},{"floor":13,"key":"DuplicationPotion"},{"floor":14,"key":"SpeedPotion"},{"floor":19,"key":"Strength Potion"},{"floor":31,"key":"CultistPotion"},{"floor":33,"key":"ColorlessPotion"},{"floor":35,"key":"Block Potion"},{"floor":37,"key":"Strength Potion"},{"floor":41,"key":"EssenceOfSteel"}],"is_trial":true,"path_per_floor":["M","?","M","M","?","E","E","E","T","E","E","$","E","E","R","B",null,"M","?","$","M","T","E","M","E","T","M","$","E","E","M","R","B",null,"M","?","?","?","$","E","M","R","T","E"],"character_chosen":"IRONCLAD","items_purchased":["Immolate","Bag of Marbles","ClockworkSouvenir","Whirlwind","Flame Barrier","Orrery","Reaper","Self Forming Clay","Sling","Uppercut","Rupture+1"],"campfire_rested":0,"item_purchase_floors":[12,12,12,12,20,20,28,39,39,39,39],"current_hp_per_floor":[74,74,75,75,75,65,68,70,70,73,63,63,61,67,75,30,64,70,60,60,66,66,75,75,75,75,75,75,75,75,75,75,75,75,75,65,75,75,75,75,75,75,75,75,75],"gold":498,"neow_bonus":"","is_daily":false,"chose_seed":false,"campfire_upgraded":3,"win_rate":0.0,"timestamp":1610915089,"path_taken":["M","?","M","M","?","E","E","E","T","E","?","$","E","E","R","BOSS","M","?","$","M","?","E","M","E","T","M","$","E","E","M","R","BOSS","M","?","?","?","$","E","?","R","T","E"],"items_purchased_type":["Card","Relic","Relic","Card","Card","Relic","Card","Relic","Relic","Card","Card"],"build_version":"2020-12-22","purchased_purges":3,"victory":false,"max_hp_per_floor":[75,75,75,75,75,75,75,75,75,75,75,75,75,75,75,75,75,75,75,75,75,75,75,75,75,75,75,75,75,75,75,75,75,75,75,75,75,75,75,75,75,75,75,75,75],"relic_stats":{"Darkstone Periapt":0,"Happy Flower":[20],"counters":[27,87],"Self Forming Clay":[0],"Blue Candle":[0],"Magic Flower":[3],"Eternal Feather":8,"Ginger":[2],"War Paint":["Shrug It Off"],"Burning Blood":86,"Sundial":[8],"Bronze Scales":[116],"Snecko Eye":[127,147,133,138],"Champion Belt":[39],"obtain_stats":[{"Darkstone Periapt":9,"Magic Flower":22,"Vajra":26,"Ginger":25,"Sling":39,"Burning Blood":0,"ClockworkSouvenir":12,"Old Coin":37,"Matryoshka":6,"HornCleat":43,"Sundial":9,"Red Mask":19,"Paper Frog":30,"Runic Cube":34,"Happy Flower":10,"Self Forming Clay":39,"Blue Candle":8,"Eternal Feather":14,"Frozen Egg 2":7,"War Paint":13,"White Beast Statue":29,"SlaversCollar":17,"Bronze Scales":11,"Snecko Eye":0,"Orrery":20,"Bag of Marbles":12,"Membership Card":0,"Champion Belt":23,"StrikeDummy":22,"FossilizedHelix":40},{"Darkstone Periapt":6,"Magic Flower":14,"Vajra":17,"Ginger":17,"Sling":24,"Burning Blood":0,"ClockworkSouvenir":8,"Old Coin":24,"Matryoshka":4,"HornCleat":26,"Sundial":6,"Red Mask":13,"Paper Frog":20,"Runic Cube":22,"Happy Flower":7,"Self Forming Clay":24,"Blue Candle":6,"Eternal Feather":10,"Frozen Egg 2":5,"War Paint":9,"White Beast Statue":19,"SlaversCollar":11,"Bronze Scales":8,"Snecko Eye":0,"Orrery":13,"Bag of Marbles":8,"Membership Card":0,"Champion Belt":15,"StrikeDummy":14,"FossilizedHelix":25},{"Darkstone Periapt":22,"Magic Flower":56,"Vajra":61,"Ginger":61,"Sling":80,"Burning Blood":0,"ClockworkSouvenir":36,"Old Coin":80,"Matryoshka":11,"HornCleat":86,"Sundial":22,"Red Mask":54,"Paper Frog":68,"Runic Cube":76,"Happy Flower":25,"Self Forming Clay":80,"Blue Candle":22,"Eternal Feather":41,"Frozen Egg 2":14,"War Paint":39,"White Beast Statue":66,"SlaversCollar":49,"Bronze Scales":36,"Snecko Eye":0,"Orrery":54,"Bag of Marbles":36,"Membership Card":0,"Champion Belt":57,"StrikeDummy":56,"FossilizedHelix":85}],"Runic Cube":[0]},"card_choices":[{"not_picked":["Bloodletting","Havoc","Seeing Red"],"picked":"SKIP","floor":1},{"not_picked":["Body Slam","Havoc","Iron Wave"],"picked":"SKIP","floor":3},{"not_picked":["Iron Wave","Pummel"],"picked":"Dual Wield","floor":4},{"not_picked":["Dark Embrace","Battle Trance"],"picked":"Shrug It Off","floor":6},{"not_picked":["Headbutt","Sever Soul","Thunderclap"],"picked":"SKIP","floor":7},{"not_picked":["Anger","Warcry","Shrug It Off"],"picked":"SKIP","floor":8},{"not_picked":["True Grit","Disarm"],"picked":"Heavy Blade","floor":10},{"not_picked":["Cleave","Iron Wave","Reckless Charge"],"picked":"SKIP","floor":11},{"not_picked":["Burning Pact","Flex"],"picked":"Corruption+1","floor":13},{"not_picked":["Evolve+1","Heavy Blade","Warcry"],"picked":"SKIP","floor":14},{"not_picked":["Corruption+1","Brutality+1"],"picked":"Barricade+1","floor":16},{"not_picked":["Cleave","Hemokinesis"],"picked":"Entrench","floor":18},{"not_picked":["Searing Blow","Evolve+1"],"picked":"Shockwave","floor":19},{"not_picked":["Body Slam","Pommel Strike"],"picked":"Bludgeon","floor":20},{"not_picked":["Anger+1","Perfected Strike"],"picked":"Immolate","floor":20},{"not_picked":["Carnage","Power Through","Shrug It Off"],"picked":"SKIP","floor":21},{"not_picked":["Thunderclap","True Grit","Sever Soul"],"picked":"SKIP","floor":23},{"not_picked":["Dual Wield","Hemokinesis","Sever Soul"],"picked":"SKIP","floor":24},{"not_picked":["Corruption+1","Sword Boomerang","Havoc"],"picked":"SKIP","floor":25},{"not_picked":["Shockwave","Cleave","Iron Wave"],"picked":"SKIP","floor":27},{"not_picked":["Sword Boomerang","Flex"],"picked":"Bludgeon","floor":29},{"not_picked":["Searing Blow","Clothesline","Thunderclap"],"picked":"SKIP","floor":30},{"not_picked":["Heavy Blade","Thunderclap"],"picked":"Disarm","floor":31},{"not_picked":["Barricade+1","Brutality+1"],"picked":"Juggernaut+1","floor":33},{"not_picked":["Carnage","Flex","Headbutt"],"picked":"SKIP","floor":35},{"not_picked":["Searing Blow+1","Body Slam"],"picked":"Reaper","floor":37},{"not_picked":["Heavy Blade","Hemokinesis","Anger+1"],"picked":"SKIP","floor":40},{"not_picked":["Shrug It Off","Bloodletting","Entrench"],"picked":"SKIP","floor":41}],"player_experience":812100,"relics_obtained":[{"floor":6,"key":"Matryoshka"},{"floor":7,"key":"Frozen Egg 2"},{"floor":8,"key":"Blue Candle"},{"floor":9,"key":"Darkstone Periapt"},{"floor":9,"key":"Sundial"},{"floor":10,"key":"Happy Flower"},{"floor":11,"key":"Bronze Scales"},{"floor":13,"key":"War Paint"},{"floor":14,"key":"Eternal Feather"},{"floor":19,"key":"Red Mask"},{"floor":22,"key":"StrikeDummy"},{"floor":22,"key":"Magic Flower"},{"floor":23,"key":"Champion Belt"},{"floor":25,"key":"Ginger"},{"floor":26,"key":"Vajra"},{"floor":29,"key":"White Beast Statue"},{"floor":30,"key":"Paper Frog"},{"floor":37,"key":"Old Coin"},{"floor":40,"key":"FossilizedHelix"},{"floor":43,"key":"HornCleat"}],"event_choices":[{"damage_healed":0,"gold_gain":0,"player_choice":"Ignored","damage_taken":0,"max_hp_gain":0,"max_hp_loss":0,"event_name":"Liars Game","floor":2,"gold_loss":0},{"damage_healed":0,"gold_gain":0,"player_choice":"Forge","damage_taken":0,"max_hp_gain":0,"max_hp_loss":0,"event_name":"Accursed Blacksmith","floor":5,"gold_loss":0,"cards_upgraded":["Dual Wield"]},{"damage_healed":0,"gold_gain":0,"player_choice":"Fought Bandits","damage_taken":0,"max_hp_gain":0,"max_hp_loss":0,"event_name":"Masked Bandits","floor":19,"gold_loss":0},{"damage_healed":0,"gold_gain":0,"player_choice":"Memory 3","damage_taken":10,"max_hp_gain":0,"max_hp_loss":0,"event_name":"SensoryStone","floor":36,"gold_loss":0},{"damage_healed":0,"gold_gain":0,"player_choice":"Fight","damage_taken":0,"max_hp_gain":0,"max_hp_loss":0,"event_name":"Mysterious Sphere","floor":37,"gold_loss":0},{"damage_healed":0,"gold_gain":222,"player_choice":"Wore Mask","damage_taken":0,"max_hp_gain":0,"max_hp_loss":0,"event_name":"Tomb of Lord Red Mask","floor":38,"gold_loss":0}],"is_beta":false,"boss_relics":[{"not_picked":["Empty Cage","Runic Dome"],"picked":"SlaversCollar"},{"not_picked":["Runic Pyramid","Tiny House"],"picked":"Runic Cube"}],"items_purged_floors":[20,28,39],"is_endless":false,"potions_floor_spawned":[1,8,10,13,14,16,18,19,24,30,31,33,35,37,40,41],"killed_by":"Giant Head","ascension_level":20}}