{"host":"dpbezu80jg8zk7un","time":1610894656,"event":{"mods":["BaseMod","Colored Map","Colored Powertips","Custom Start","DeckTracker","Minty Spire (QoL Compilation)","Quick Restart","StSLib","SuperFastMode"],"gold_per_floor":[361,286,286,313,400,412,440,452,488,500,538,550,595,625,637,649,649],"floor_reached":16,"language":"KOR","playtime":291,"items_purged":["Defend_P"],"score":196,"play_id":"17b9b2b1-0025-4a9a-b05b-7bd83daf970a","local_time":"20210117234416","is_ascension_mode":true,"campfire_choices":[{"data":"Eruption","floor":6.0,"key":"SMITH"},{"data":"FlurryOfBlows","floor":8.0,"key":"SMITH"},{"data":"InnerPeace","floor":15.0,"key":"SMITH"}],"circlet_count":0,"master_deck":["AscendersBane","Strike_P","Strike_P","Strike_P","Strike_P","Defend_P+1","Defend_P","Defend_P","Eruption+1","Vigilance","FlurryOfBlows+1","EmptyFist","InnerPeace+1","DeusExMachina+1"],"relics":["PureWater","MawBank","Nunchaku","Blood Vial","Odd Mushroom","Pear","War Paint"],"acts_visited":["Exordium"],"potions_floor_usage":[16],"damage_taken":[{"damage":0.0,"enemies":"Cultist","floor":1.0,"turns":3.0},{"damage":0.0,"enemies":"2 Louse","floor":4.0,"turns":2.0},{"damage":0.0,"enemies":"Jaw Worm","floor":7.0,"turns":2.0},{"damage":5.0,"enemies":"The Mushroom Lair","floor":11.0,"turns":4.0},{"damage":22.0,"enemies":"Lagavulin","floor":13.0,"turns":5.0},{"damage":4.0,"enemies":"Large Slime","floor":14.0,"turns":3.0},{"damage":29,"enemies":"Slime Boss","floor":16,"turns":5}],"seed_played":"8959283004446487617","potions_obtained":[{"floor":1.0,"key":"GamblersBrew"},{"floor":4.0,"key":"PowerPotion"},{"floor":11.0,"key":"Block Potion"},{"floor":13.0,"key":"Strength Potion"}],"is_trial":false,"path_per_floor":["M","$","?","M","?","R","M","R","T","T","?","T","E","M","R","B"],"character_chosen":"WATCHER","items_purchased":[],"campfire_rested":0,"item_purchase_floors":[],"current_hp_per_floor":[61,61,35,35,24,24,24,24,24,24,21,31,11,9,9,0,0],"gold":649,"neow_bonus":"TWO_FIFTY_GOLD","is_daily":false,"chose_seed":false,"campfire_upgraded":3,"win_rate":0.0,"timestamp":1610894656,"path_taken":["M","$","?","M","?","R","M","R","T","?","?","?","E","M","R","BOSS"],"items_purchased_type":[],"build_version":"2020-12-22","purchased_purges":1,"victory":false,"max_hp_per_floor":[62,62,62,62,62,62,62,62,62,62,62,72,72,72,72,72,72],"card_choices":[{"not_picked":["Fasting2","Weave"],"picked":"FlurryOfBlows","floor":1.0},{"not_picked":["Perseverance","EmptyMind"],"picked":"EmptyFist","floor":4.0},{"not_picked":["ClearTheMind","Perseverance"],"picked":"InnerPeace","floor":7.0},{"not_picked":["FollowUp","BowlingBash"],"picked":"DeusExMachina","floor":13.0},{"not_picked":["LikeWater","EmptyFist","SignatureMove"],"picked":"SKIP","floor":14.0}],"player_experience":2885444,"relics_obtained":[{"floor":9.0,"key":"Nunchaku"},{"floor":10.0,"key":"Blood Vial"},{"floor":11.0,"key":"Odd Mushroom"},{"floor":12.0,"key":"Pear"},{"floor":13.0,"key":"War Paint"}],"event_choices":[{"damage_healed":0.0,"max_hp_gain":0.0,"max_hp_loss":0.0,"gold_gain":0.0,"event_name":"Scrap Ooze","player_choice":"Success","floor":3.0,"gold_loss":0.0,"damage_taken":26.0,"relics_obtained":["MawBank"]},{"damage_healed":0.0,"max_hp_gain":0.0,"max_hp_loss":0.0,"gold_gain":75.0,"event_name":"World of Goop","player_choice":"Gather Gold","floor":5.0,"gold_loss":0.0,"damage_taken":11.0},{"damage_healed":0.0,"max_hp_gain":0.0,"max_hp_loss":0.0,"gold_gain":0.0,"event_name":"Mushrooms","player_choice":"Fought Mushrooms","floor":11.0,"gold_loss":0.0,"damage_taken":0.0}],"is_beta":false,"boss_relics":[],"items_purged_floors":[2],"is_endless":false,"potions_floor_spawned":[1,4,11,13],"killed_by":"Slime Boss","ascension_level":20}}