{"host":"pyvqvk2ltcevcwmf","time":1610876609,"event":{"mods":["BaseMod","BetterRewards","Good Game Mod","Marisa£®ÏF”Í°°ƒß¿Ì…≥£©","Minty Spire (QoL Compilation)","Poor People Problems","Rare Cards Sparkle","Shop Mod","Spicy Shops","StSLib","The Alterego","The Servant 0.9.4","Youmu£®ªÍ∆«—˝√Œ£©"],"gold_per_floor":[116,128,128,138,63,98,98,132,205,205,224,224,251,262,262,366,366,381,48,61,79,11,11,56,114,114,21,126,126,224,262,262,437,437,497,497,882,905,45,45,130,130,130,256,268,97,111,131,131,131,131],"floor_reached":50,"language":"ZHS","playtime":9451,"items_purged":["Regret","Defend_MRS"],"score":707,"play_id":"f1c6867f-2e06-41c0-aa56-1bc2d0ad7dc7","local_time":"20210117174329","is_ascension_mode":true,"campfire_choices":[{"data":"1","floor":7.0,"key":"LIFT"},{"data":"2","floor":10.0,"key":"LIFT"},{"data":"3","floor":12.0,"key":"LIFT"},{"data":"Bullet Time","floor":15.0,"key":"SMITH"},{"data":"WitchOfGreed","floor":23.0,"key":"SMITH"},{"data":"WitchOfGreed","floor":29.0,"key":"SMITH"},{"floor":32.0,"key":"REST"},{"data":"MillisecondPulsars","floor":40.0,"key":"SMITH"},{"data":"Robbery","floor":42.0,"key":"SMITH"},{"data":"OrrerysSun","floor":45.0,"key":"SMITH"},{"data":"EnergyFlow","floor":49,"key":"SMITH"}],"circlet_count":0,"master_deck":["Strike_MRS","Strike_MRS","Defend_MRS","Defend_MRS+1","MasterSpark","UpSweep","Bullet Time+1","DeepEcoloBomb","DoubleSpark","ChargeUpSpray","ShootingEcho","GrandCross","WitchLeyline","UnstableBomb","ShootingEcho","BlazingStar","BlazeAway","WitchOfGreed+1","PulseMagic+1","MeteoricShower+1","Singularity","Robbery+1","MillisecondPulsars+1","WitchOfGreed+1","Apotheosis+1","Acceleration+1","CasketOfStar","MilkyWay+1","CasketOfStar","GalacticHalo+1","Singularity+1","DragonMeteor+1","ChargeUpSpray+1","SuperPerseids+1","OrrerysSun+1","PowerUp+1","DC+1","BlazingStar","EnergyFlow+1","GrandCross","UnstableBomb+1"],"relics":["MiniHakkero","REME:ComplimentaryCards","Girya","Akabeko","Letter Opener","FossilizedHelix","RampagingMagicTools","MerchantsRug","HandmadeGrimoire","Toxic Egg 2","MealTicket","The Courier","BreadOfAWashokuLover","Strange Spoon","Sundial","StoneCalendar","Kunai","InkBottle"],"acts_visited":["Exordium","TheCity","TheBeyond"],"potions_floor_usage":[48,50,50],"damage_taken":[{"damage":0.0,"enemies":"Small Slimes","floor":1.0,"turns":3.0},{"damage":5.0,"enemies":"2 Louse","floor":2.0,"turns":4.0},{"damage":2.0,"enemies":"Jaw Worm","floor":4.0,"turns":3.0},{"damage":23.0,"enemies":"Gremlin Nob","floor":6.0,"turns":4.0},{"damage":21.0,"enemies":"Lagavulin","floor":8.0,"turns":5.0},{"damage":0.0,"enemies":"3 Louse","floor":11.0,"turns":2.0},{"damage":0.0,"enemies":"Gremlin Nob","floor":13.0,"turns":2.0},{"damage":0.0,"enemies":"Exordium Wildlife","floor":14.0,"turns":2.0},{"damage":6.0,"enemies":"Hexaghost","floor":16.0,"turns":3.0},{"damage":0.0,"enemies":"Chosen","floor":18.0,"turns":2.0},{"damage":5.0,"enemies":"3 Byrds","floor":20.0,"turns":3.0},{"damage":0.0,"enemies":"Shelled Parasite and Fungi","floor":21.0,"turns":2.0},{"damage":0.0,"enemies":"Snecko","floor":24.0,"turns":2.0},{"damage":15.0,"enemies":"Slavers","floor":25.0,"turns":3.0},{"damage":23.0,"enemies":"Gremlin Leader","floor":28.0,"turns":5.0},{"damage":36.0,"enemies":"Slavers","floor":30.0,"turns":4.0},{"damage":12.0,"enemies":"Centurion and Healer","floor":31.0,"turns":3.0},{"damage":16.0,"enemies":"Collector","floor":33.0,"turns":6.0},{"damage":5.0,"enemies":"3 Darklings","floor":35.0,"turns":4.0},{"damage":5.0,"enemies":"2 Orb Walkers","floor":37.0,"turns":3.0},{"damage":12.0,"enemies":"Nemesis","floor":41.0,"turns":5.0},{"damage":11.0,"enemies":"Giant Head","floor":44.0,"turns":4.0},{"damage":6.0,"enemies":"3 Shapes","floor":47.0,"turns":2.0},{"damage":3,"enemies":"3 Darklings","floor":48,"turns":2},{"damage":91,"enemies":"Awakened One","floor":50,"turns":6}],"seed_played":"1970470743605366643","potions_obtained":[{"floor":2.0,"key":"SpeedPotion"},{"floor":8.0,"key":"BlessingOfTheForge"},{"floor":13.0,"key":"ShroomBrew"},{"floor":14.0,"key":"ColorlessPotion"},{"floor":16.0,"key":"SkillPotion"},{"floor":21.0,"key":"FearPotion"},{"floor":24.0,"key":"BottledSpark"},{"floor":24.0,"key":"ColorlessPotion"},{"floor":25.0,"key":"ShroomBrew"},{"floor":28.0,"key":"Regen Potion"},{"floor":28.0,"key":"LiquidBronze"},{"floor":30.0,"key":"BottledSpark"},{"floor":30.0,"key":"Ancient Potion"},{"floor":31.0,"key":"SteroidPotion"},{"floor":33.0,"key":"AttackPotion"},{"floor":33.0,"key":"Block Potion"},{"floor":35.0,"key":"LiquidBronze"},{"floor":41.0,"key":"CultistPotion"},{"floor":41.0,"key":"PowerPotion"},{"floor":44.0,"key":"Weak Potion"},{"floor":44.0,"key":"EssenceOfSteel"},{"floor":47.0,"key":"Swift Potion"},{"floor":48,"key":"Fire Potion"}],"is_trial":false,"path_per_floor":["M","M","?","M","$","E","R","E","T","R","M","R","E","M","R","B",null,"M","$","M","M","$","R","M","E","T","$","E","R","E","M","R","B",null,"M","?","?","T","$","R","E","R","T","E","R","$","M","M","R","B"],"character_chosen":"MARISA","items_purchased":["MerchantsRug","WitchOfGreed","HandDrill","Singularity","WitchOfGreed","Apotheosis+1","BreadOfAWashokuLover","Strange Spoon","OrrerysSun","Sundial","PowerUp+1","StoneCalendar","EnergyFlow","InkBottle"],"campfire_rested":1,"item_purchase_floors":[19,19,19,22,27,27,39,39,39,39,39,39,46,46],"current_hp_per_floor":[82,77,77,75,75,52,52,31,31,31,31,31,31,31,31,25,82,82,82,77,77,77,77,77,62,62,62,39,39,15,3,27,11,82,77,77,72,72,82,82,70,70,70,60,60,75,69,66,66,0,0],"gold":131,"neow_bonus":"RANDOM_COMMON_RELIC","is_daily":false,"chose_seed":false,"campfire_upgraded":7,"win_rate":0.0,"timestamp":1610876609,"path_taken":["M","M","?","M","$","E","R","E","T","R","M","R","E","M","R","BOSS","M","$","M","M","$","R","M","E","T","$","E","R","E","M","R","BOSS","M","?","?","?","$","R","E","R","T","E","R","$","M","M","R","BOSS"],"items_purchased_type":["Relic","Card","Relic","Card","Card","Card","Relic","Relic","Card","Relic","Card","Relic","Card","Relic"],"build_version":"2020-12-22","purchased_purges":2,"victory":false,"max_hp_per_floor":[82,82,82,82,82,82,82,82,82,82,82,82,82,82,82,82,82,82,82,82,82,82,82,82,82,82,82,82,82,82,82,82,82,82,82,82,82,82,82,82,82,82,82,82,82,82,82,82,82,82,82],"card_choices":[{"not_picked":["SporeBomb","OortCloud"],"picked":"DeepEcoloBomb","floor":1.0},{"not_picked":["SporeBomb","IllusionStar"],"picked":"DoubleSpark","floor":2.0},{"not_picked":["SporeBomb","MysteriousBeam"],"picked":"ChargeUpSpray","floor":4.0},{"not_picked":["ShootTheMoon","6A"],"picked":"ShootingEcho","floor":6.0},{"not_picked":["GravityBeat","SporeBomb"],"picked":"GrandCross","floor":8.0},{"not_picked":["6A","GalacticHalo"],"picked":"WitchLeyline","floor":11.0},{"not_picked":["IllusionStar","OneTimeOff"],"picked":"UnstableBomb","floor":13.0},{"not_picked":["WitchLeyline","UnstableBomb"],"picked":"ShootingEcho","floor":14.0},{"not_picked":["StarDustReverie","CasketOfStar"],"picked":"BlazingStar","floor":16.0},{"not_picked":["LuminesStrike","WitchLeyline"],"picked":"BlazeAway","floor":18.0},{"not_picked":["Singularity","NonDirectionalLaser+1"],"picked":"PulseMagic","floor":20.0},{"not_picked":["RefractionSpark","EnergyFlow"],"picked":"MeteoricShower+1","floor":21.0},{"not_picked":["ChargingUp","MilkyWay"],"picked":"Robbery","floor":24.0},{"not_picked":["SuperPerseids+1","6A"],"picked":"MillisecondPulsars","floor":25.0},{"not_picked":["WitchOfGreed+1","Singularity+1"],"picked":"Acceleration+1","floor":28.0},{"not_picked":["MagicAbsorber+1","ManaConvection+1"],"picked":"CasketOfStar","floor":30.0},{"not_picked":["WitchOfGreed","PowerUp+1"],"picked":"MilkyWay+1","floor":31.0},{"not_picked":["StarDustReverie+1","SuperNova"],"picked":"CasketOfStar","floor":33.0},{"not_picked":["SporeBomb+1","AsteroidBelt+1"],"picked":"ChargeUpSpray+1","floor":35.0},{"not_picked":["IllusionStar+1","DoubleSpark+1"],"picked":"SuperPerseids+1","floor":37.0},{"not_picked":["NonDirectionalLaser+1","MeteoricShower+1"],"picked":"DC+1","floor":41.0},{"not_picked":["PulseMagic+1","UnstableBomb"],"picked":"BlazingStar","floor":44.0},{"not_picked":["WitchOfGreed+1","NonDirectionalLaser"],"picked":"GrandCross","floor":47.0},{"not_picked":["GalacticHalo+1","Orbital+1"],"picked":"UnstableBomb+1","floor":48}],"player_experience":161691,"relics_obtained":[{"floor":6.0,"key":"Akabeko"},{"floor":8.0,"key":"Letter Opener"},{"floor":9.0,"key":"Darkstone Periapt"},{"floor":13.0,"key":"FossilizedHelix"},{"floor":25.0,"key":"HandmadeGrimoire"},{"floor":26.0,"key":"Toxic Egg 2"},{"floor":28.0,"key":"MealTicket"},{"floor":30.0,"key":"The Courier"},{"floor":37.0,"key":"Old Coin"},{"floor":38.0,"key":"War Paint"},{"floor":41.0,"key":"Juzu Bracelet"},{"floor":43.0,"key":"Kunai"},{"floor":44.0,"key":"MawBank"}],"event_choices":[{"damage_healed":0.0,"max_hp_gain":0.0,"max_hp_loss":0.0,"gold_gain":0.0,"event_name":"Big Fish","player_choice":"Box","floor":3.0,"gold_loss":0.0,"damage_taken":0.0,"relics_obtained":["Girya"],"cards_obtained":["Regret"]},{"damage_healed":0.0,"max_hp_gain":0.0,"max_hp_loss":0.0,"gold_gain":0.0,"event_name":"Tomb of Lord Red Mask","player_choice":"Ignored","floor":36.0,"gold_loss":0.0,"damage_taken":0.0},{"damage_healed":0.0,"max_hp_gain":0.0,"max_hp_loss":0.0,"gold_gain":0.0,"event_name":"Mysterious Sphere","player_choice":"Fight","floor":37.0,"gold_loss":0.0,"damage_taken":0.0}],"is_beta":false,"boss_relics":[{"not_picked":["SlaversCollar","Runic Dome"],"picked":"RampagingMagicTools"},{"not_picked":["Empty Cage","SacredBark"],"picked":"Astrolabe"}],"items_purged_floors":[5,19],"is_endless":false,"potions_floor_spawned":[2,8,13,14,16,21,24,25,33,44,47,48],"killed_by":"Awakened One","ascension_level":1}}