{"host":"sct5htsgcw1q318k","time":1610896777,"event":{"mods":["BaseMod","Colored Map","Minty Spire (QoL Compilation)","Permanent Neow"],"gold_per_floor":[112,128,139,153,173,199,199,242,268,312,332,359,431,70,70,158,158,180,201,201,201,220,220,259,259,323,363,363,390,499,522,522,605,605,622,634,21,48,67,67,67,67],"floor_reached":41,"language":"ENG","playtime":6692,"items_purged":["Strike_G"],"score":912,"play_id":"1b47c9e4-9b01-4fdc-9d7b-c8d12ca56f12","local_time":"20210117091937","is_ascension_mode":true,"campfire_choices":[{"data":"Sucker Punch","floor":7.0,"key":"SMITH"},{"data":"Phantasmal Killer","floor":15.0,"key":"SMITH"},{"data":"Acrobatics","floor":23.0,"key":"SMITH"},{"data":"Night Terror","floor":25.0,"key":"SMITH"},{"floor":32.0,"key":"REST"},{"floor":40,"key":"REST"}],"circlet_count":0,"master_deck":["AscendersBane","Strike_G+1","Strike_G+1","Strike_G+1","Strike_G+1","Defend_G+1","Defend_G+1","Defend_G+1","Defend_G+1","Defend_G+1","Survivor+1","Neutralize","Backstab","Poisoned Stab","PiercingWail","Phantasmal Killer+1","Sucker Punch+1","Cloak And Dagger","Dodge and Roll+1","Quick Slash","Backstab","Dash","Acrobatics+1","Night Terror+1","Cloak And Dagger","Acrobatics","Deadly Poison","Footwork","Doubt","Noxious Fumes","Underhanded Strike+1","Slice+1","Acrobatics","Corpse Explosion","Burst","Phantasmal Killer+1","Deadly Poison","Bane","Deflect","Dagger Spray+1"],"relics":["Ring of the Snake","Oddly Smooth Stone","Toy Ornithopter","CeramicFish","Nunchaku","Smiling Mask","Bag of Preparation","Cursed Key","Enchiridion","Blood Vial","War Paint","Bottled Tornado","Torii","StoneCalendar","StrikeDummy","WristBlade","HornCleat","DollysMirror"],"acts_visited":["Exordium","TheCity","TheBeyond"],"potions_floor_usage":[],"damage_taken":[{"damage":4.0,"enemies":"Cultist","floor":1.0,"turns":4.0},{"damage":0.0,"enemies":"2 Louse","floor":2.0,"turns":2.0},{"damage":0.0,"enemies":"Small Slimes","floor":3.0,"turns":3.0},{"damage":0.0,"enemies":"3 Louse","floor":4.0,"turns":5.0},{"damage":0.0,"enemies":"Blue Slaver","floor":5.0,"turns":3.0},{"damage":18.0,"enemies":"Gremlin Nob","floor":6.0,"turns":4.0},{"damage":13.0,"enemies":"3 Sentries","floor":8.0,"turns":9.0},{"damage":26.0,"enemies":"Lagavulin","floor":10.0,"turns":9.0},{"damage":6.0,"enemies":"Exordium Wildlife","floor":11.0,"turns":5.0},{"damage":2.0,"enemies":"Looter","floor":12.0,"turns":4.0},{"damage":0.0,"enemies":"Slime Boss","floor":16.0,"turns":5.0},{"damage":3.0,"enemies":"3 Byrds","floor":18.0,"turns":7.0},{"damage":0.0,"enemies":"Spheric Guardian","floor":19.0,"turns":2.0},{"damage":0.0,"enemies":"Shelled Parasite and Fungi","floor":22.0,"turns":7.0},{"damage":1.0,"enemies":"Slavers","floor":24.0,"turns":8.0},{"damage":10.0,"enemies":"Gremlin Leader","floor":27.0,"turns":7.0},{"damage":1.0,"enemies":"Snake Plant","floor":29.0,"turns":5.0},{"damage":0.0,"enemies":"Colosseum Slavers","floor":30.0,"turns":4.0},{"damage":13.0,"enemies":"Colosseum Nobs","floor":30.0,"turns":6.0},{"damage":16.0,"enemies":"Cultist and Chosen","floor":31.0,"turns":7.0},{"damage":41.0,"enemies":"Collector","floor":33.0,"turns":10.0},{"damage":13,"enemies":"3 Darklings","floor":35,"turns":5},{"damage":0,"enemies":"3 Shapes","floor":36,"turns":4},{"damage":13,"enemies":"Transient","floor":38,"turns":5},{"damage":27,"enemies":"Spire Growth","floor":39,"turns":4},{"damage":35,"enemies":"Nemesis","floor":41,"turns":4}],"seed_played":"-8148022476259702206","potions_obtained":[{"floor":3.0,"key":"Poison Potion"},{"floor":6.0,"key":"Explosive Potion"},{"floor":8.0,"key":"Regen Potion"},{"floor":10.0,"key":"DistilledChaos"},{"floor":22.0,"key":"DistilledChaos"},{"floor":24.0,"key":"PowerPotion"},{"floor":29.0,"key":"Strength Potion"},{"floor":31.0,"key":"ColorlessPotion"},{"floor":33.0,"key":"Dexterity Potion"}],"is_trial":false,"path_per_floor":["M","M","M","M","M","E","R","E","T","E","M","M","?","$","R","B",null,"M","M","?","?","M","R","E","R","T","E","?","M","?","M","R","B",null,"M","M","$","M","M","R","E"],"character_chosen":"THE_SILENT","items_purchased":["Bag of Preparation","Dash","Acrobatics","Regen Potion","Burst","HornCleat","DollysMirror","Deadly Poison","Bane"],"campfire_rested":2,"item_purchase_floors":[14,14,14,14,37,37,37,37,37],"current_hp_per_floor":[55,55,55,55,55,37,37,29,29,23,17,15,15,15,15,39,59,56,56,40,40,40,40,39,39,39,36,36,37,28,19,38,4,51,40,42,42,31,6,25,0,0],"gold":67,"neow_bonus":"RANDOM_COMMON_RELIC","is_daily":false,"chose_seed":false,"campfire_upgraded":4,"win_rate":0.0,"timestamp":1610896777,"path_taken":["M","M","M","M","?","E","R","E","T","E","M","M","?","$","R","BOSS","M","M","?","?","M","R","E","R","T","E","?","M","?","M","R","BOSS","M","M","$","M","M","R","E"],"items_purchased_type":["Relic","Card","Card","Potion","Card","Relic","Relic","Card","Card"],"build_version":"2020-12-22","purchased_purges":1,"victory":false,"max_hp_per_floor":[66,66,66,66,66,66,66,66,66,66,66,66,66,66,66,66,66,66,66,66,66,66,66,66,66,66,66,66,66,66,66,66,66,66,66,66,66,66,66,66,66,66],"card_choices":[{"not_picked":["Dodge and Roll","Poisoned Stab"],"picked":"Backstab","floor":1.0},{"not_picked":["Distraction","Sucker Punch"],"picked":"Poisoned Stab","floor":2.0},{"not_picked":["Masterful Stab","Outmaneuver","Dagger Throw"],"picked":"SKIP","floor":3.0},{"not_picked":["Masterful Stab","Outmaneuver","Dagger Throw"],"picked":"SKIP","floor":3.0},{"not_picked":["Poisoned Stab","Concentrate"],"picked":"PiercingWail","floor":4.0},{"not_picked":["Well Laid Plans","Sucker Punch"],"picked":"Phantasmal Killer","floor":5.0},{"not_picked":["Prepared","Flechettes"],"picked":"Sucker Punch","floor":6.0},{"not_picked":["Dagger Spray","Concentrate"],"picked":"Cloak And Dagger","floor":8.0},{"not_picked":["Prepared","Flying Knee"],"picked":"Dodge and Roll","floor":10.0},{"not_picked":["Well Laid Plans","Sucker Punch"],"picked":"Quick Slash","floor":11.0},{"not_picked":["Deflect","Sucker Punch"],"picked":"Backstab","floor":12.0},{"not_picked":["Envenom","Die Die Die"],"picked":"Night Terror","floor":16.0},{"not_picked":["Deflect","Underhanded Strike"],"picked":"Cloak And Dagger","floor":18.0},{"not_picked":["Sucker Punch","Accuracy"],"picked":"Acrobatics","floor":19.0},{"not_picked":["Blade Dance","Backflip"],"picked":"Deadly Poison","floor":22.0},{"not_picked":["Acrobatics+1","Deadly Poison"],"picked":"Footwork","floor":24.0},{"not_picked":["Accuracy+1","Unload"],"picked":"Noxious Fumes","floor":27.0},{"not_picked":["Masterful Stab","Quick Slash"],"picked":"Underhanded Strike+1","floor":29.0},{"not_picked":["Finisher","Dagger Throw+1"],"picked":"Slice+1","floor":30.0},{"not_picked":["Bouncing Flask+1","Cloak And Dagger+1"],"picked":"Acrobatics","floor":31.0},{"not_picked":["Envenom","Storm of Steel"],"picked":"Corpse Explosion","floor":33.0},{"not_picked":["Finisher","Endless Agony","Quick Slash"],"picked":"SKIP","floor":35},{"not_picked":["Prepared","Outmaneuver","Dagger Spray"],"picked":"SKIP","floor":36},{"not_picked":["Prepared","Unload"],"picked":"Deflect","floor":38},{"not_picked":["Underhanded Strike","Footwork"],"picked":"Dagger Spray+1","floor":39}],"player_experience":830866,"relics_obtained":[{"floor":6.0,"key":"Toy Ornithopter"},{"floor":8.0,"key":"CeramicFish"},{"floor":9.0,"key":"Nunchaku"},{"floor":10.0,"key":"Smiling Mask"},{"floor":20.0,"key":"Enchiridion"},{"floor":24.0,"key":"Blood Vial"},{"floor":26.0,"key":"War Paint"},{"floor":27.0,"key":"Bottled Tornado"},{"floor":30.0,"key":"StoneCalendar"},{"floor":30.0,"key":"StrikeDummy"}],"event_choices":[{"damage_healed":0.0,"max_hp_gain":0.0,"max_hp_loss":0.0,"gold_gain":72.0,"event_name":"Golden Wing","player_choice":"Gained Gold","floor":13.0,"gold_loss":0.0,"damage_taken":0.0},{"damage_healed":0.0,"max_hp_gain":0.0,"max_hp_loss":0.0,"gold_gain":0.0,"event_name":"Cursed Tome","player_choice":"Obtained Book","floor":20.0,"gold_loss":0.0,"damage_taken":16.0},{"damage_healed":0.0,"max_hp_gain":0.0,"max_hp_loss":0.0,"gold_gain":0.0,"event_name":"Back to Basics","player_choice":"Simplicity","floor":21.0,"gold_loss":0.0,"damage_taken":0.0,"cards_upgraded":["Strike_G","Strike_G","Strike_G","Strike_G","Defend_G","Defend_G","Defend_G","Defend_G","Defend_G"]},{"damage_healed":0.0,"max_hp_gain":0.0,"max_hp_loss":0.0,"gold_gain":0.0,"event_name":"The Mausoleum","player_choice":"Opened","floor":28.0,"gold_loss":0.0,"damage_taken":0.0,"relics_obtained":["Torii"]},{"damage_healed":0.0,"max_hp_gain":0.0,"max_hp_loss":0.0,"gold_gain":0.0,"event_name":"Colosseum","player_choice":"Fight","floor":30.0,"gold_loss":0.0,"damage_taken":0.0},{"damage_healed":0.0,"max_hp_gain":0.0,"max_hp_loss":0.0,"gold_gain":0.0,"event_name":"Colosseum","player_choice":"Fought Nobs","floor":30.0,"gold_loss":0.0,"damage_taken":0.0}],"is_beta":false,"boss_relics":[{"not_picked":["Ectoplasm","Sozu"],"picked":"Cursed Key"},{"not_picked":["Pandora\u0027s Box","Runic Dome"],"picked":"WristBlade"}],"items_purged_floors":[14],"is_endless":false,"potions_floor_spawned":[3,6,8,10,22,24,29,31,33,38,39],"killed_by":"Nemesis","ascension_level":14}}