{"host":"5icjlaq41ghjcr7h","time":1610853698,"event":{"mods":["AchievementEnabler","BaseMod","Colored Map","Minty Spire (QoL Compilation)","SuperFastMode","everything is the same but u backflip on backflip"],"gold_per_floor":[114,124,124,139,239,279,302,326,326,344,344,344],"floor_reached":11,"language":"KOR","playtime":216,"items_purged":[],"score":89,"play_id":"b50297ae-3043-4ec4-99d6-9d3c2da9eece","local_time":"20210117122138","is_ascension_mode":true,"campfire_choices":[],"circlet_count":0,"master_deck":["Strike_B","Strike_B","Strike_B","Strike_B","Defend_B","Defend_B","Defend_B","Defend_B","Zap","Dualcast","Ball Lightning","BootSequence","Coolheaded","Thunder Strike","Turbo","Glacier","Turbo"],"relics":["Cracked Core","NeowsBlessing","Golden Idol","MealTicket","Symbiotic Virus"],"acts_visited":["Exordium"],"potions_floor_usage":[6,6,10],"damage_taken":[{"damage":0,"enemies":"Jaw Worm","floor":1,"turns":1},{"damage":0,"enemies":"Cultist","floor":2,"turns":1},{"damage":0,"enemies":"Small Slimes","floor":4,"turns":1},{"damage":20,"enemies":"3 Sentries","floor":6,"turns":7},{"damage":5,"enemies":"3 Louse","floor":7,"turns":4},{"damage":16,"enemies":"Exordium Wildlife","floor":8,"turns":3},{"damage":0,"enemies":"Red Slaver","floor":10,"turns":2},{"damage":32,"enemies":"Gremlin Nob","floor":11,"turns":3}],"seed_played":"7639668037343500469","potions_obtained":[{"floor":2,"key":"Fire Potion"},{"floor":4,"key":"Dexterity Potion"},{"floor":7,"key":"Swift Potion"},{"floor":10,"key":"SteroidPotion"}],"is_trial":false,"path_per_floor":["M","M","?","M","?","E","M","M","T","M","E"],"character_chosen":"DEFECT","items_purchased":[],"campfire_rested":0,"item_purchase_floors":[],"current_hp_per_floor":[75,75,57,57,57,37,32,16,16,16,0,0],"gold":344,"neow_bonus":"THREE_ENEMY_KILL","is_daily":false,"chose_seed":false,"campfire_upgraded":0,"win_rate":0.0,"timestamp":1610853698,"path_taken":["M","M","?","M","?","E","?","M","T","M","E"],"items_purchased_type":[],"build_version":"2020-12-22","purchased_purges":0,"victory":false,"max_hp_per_floor":[75,75,75,75,75,75,75,75,75,75,75,75],"card_choices":[{"not_picked":["Streamline","Blizzard"],"picked":"Ball Lightning","floor":1},{"not_picked":["Redo","Leap"],"picked":"BootSequence","floor":2},{"not_picked":["Compile Driver","Rip and Tear"],"picked":"Coolheaded","floor":4},{"not_picked":["Rip and Tear","Compile Driver"],"picked":"Thunder Strike","floor":6},{"not_picked":["Blizzard","Beam Cell"],"picked":"Turbo","floor":7},{"not_picked":["Coolheaded","Sweeping Beam"],"picked":"Glacier","floor":8},{"not_picked":["Compile Driver","Auto Shields"],"picked":"Turbo","floor":10}],"player_experience":129099,"relics_obtained":[{"floor":6,"key":"MealTicket"},{"floor":9,"key":"Symbiotic Virus"}],"event_choices":[{"damage_healed":0,"gold_gain":0,"player_choice":"Take Damage","damage_taken":18,"relics_obtained":["Golden Idol"],"max_hp_gain":0,"max_hp_loss":0,"event_name":"Golden Idol","floor":3,"gold_loss":0},{"damage_healed":0,"gold_gain":100,"player_choice":"Pray","damage_taken":0,"max_hp_gain":0,"max_hp_loss":0,"event_name":"Golden Shrine","floor":5,"gold_loss":0}],"is_beta":false,"boss_relics":[],"items_purged_floors":[],"is_endless":false,"potions_floor_spawned":[2,4,7,10],"killed_by":"Gremlin Nob","ascension_level":3}}