{"host":"dl7h25vjpuplx29g","time":1610866708,"event":{"mods":["BaseMod","Colored Map","Minty Spire (QoL Compilation)","StSLib"],"gold_per_floor":[114,128,203,215,215,215,231,231,231,251,281,300,300,313,313,385,385,403,129,44,61,111,142,142,168,168,180,196,196,210,210,210],"floor_reached":31,"language":"JPN","playtime":1812,"items_purged":["Strike_P"],"score":592,"play_id":"11d1f457-c6eb-4aee-a420-3f426c55bdb8","local_time":"20210117155828","is_ascension_mode":true,"campfire_choices":[{"data":"WheelKick","floor":6.0,"key":"SMITH"},{"data":"Eruption","floor":8.0,"key":"SMITH"},{"floor":13,"key":"REST"},{"data":"Vigilance","floor":15,"key":"SMITH"},{"data":"TalkToTheHand","floor":24,"key":"SMITH"},{"data":"Adaptation","floor":29,"key":"SMITH"}],"circlet_count":0,"master_deck":["AscendersBane","Strike_P","Strike_P","Defend_P","Defend_P","Defend_P","Defend_P+1","Eruption+1","Vigilance+1","Master of Strategy+1","BowlingBash","WheelKick+1","Prostrate","WaveOfTheHand","TalkToTheHand+1","FlurryOfBlows","DeceiveReality","EmptyFist","Devotion","InnerPeace","BattleHymn","EmptyMind","Judgement","Adaptation+1","EmptyFist+1"],"relics":["PureWater","Ancient Tea Set","Question Card","Coffee Dripper","War Paint","Matryoshka","Anchor","Lantern","Tiny Chest","Molten Egg 2"],"acts_visited":["Exordium","TheCity"],"potions_floor_usage":[11,16,18,23,28],"damage_taken":[{"damage":0.0,"enemies":"Small Slimes","floor":1.0,"turns":3.0},{"damage":0.0,"enemies":"2 Louse","floor":2.0,"turns":1.0},{"damage":0.0,"enemies":"Cultist","floor":4.0,"turns":2.0},{"damage":2.0,"enemies":"Exordium Thugs","floor":7.0,"turns":4.0},{"damage":8.0,"enemies":"Gremlin Gang","floor":10.0,"turns":2.0},{"damage":2,"enemies":"Lagavulin","floor":11,"turns":7},{"damage":2,"enemies":"Looter","floor":12,"turns":4},{"damage":0,"enemies":"Exordium Thugs","floor":14,"turns":2},{"damage":0,"enemies":"Slime Boss","floor":16,"turns":2},{"damage":7,"enemies":"3 Byrds","floor":18,"turns":4},{"damage":8,"enemies":"Chosen","floor":21,"turns":3},{"damage":21,"enemies":"Book of Stabbing","floor":23,"turns":5},{"damage":21,"enemies":"Gremlin Leader","floor":25,"turns":6},{"damage":0,"enemies":"Snecko","floor":27,"turns":5},{"damage":0,"enemies":"Snake Plant","floor":28,"turns":3},{"damage":0,"enemies":"Centurion and Healer","floor":30,"turns":4},{"damage":15,"enemies":"Slavers","floor":31,"turns":2}],"seed_played":"-8937251586127607917","potions_obtained":[{"floor":7.0,"key":"Weak Potion"},{"floor":10.0,"key":"SpeedPotion"},{"floor":11,"key":"FearPotion"},{"floor":16,"key":"LiquidBronze"},{"floor":27,"key":"Regen Potion"},{"floor":28,"key":"Strength Potion"}],"is_trial":false,"path_per_floor":["M","M","?","M","?","R","M","R","T","M","E","M","R","M","R","B",null,"M","$","?","M","?","E","R","E","T","M","M","R","M","E"],"character_chosen":"WATCHER","items_purchased":["BattleHymn","War Paint"],"campfire_rested":1,"item_purchase_floors":[19,19],"current_hp_per_floor":[43,43,32,32,25,25,23,23,23,15,13,11,31,31,31,31,59,52,52,52,44,44,23,23,2,2,2,11,11,11,0,0],"gold":210,"neow_bonus":"RANDOM_COLORLESS_2","is_daily":false,"chose_seed":false,"campfire_upgraded":5,"win_rate":0.0,"timestamp":1610866708,"path_taken":["M","M","?","M","?","R","M","R","T","M","E","M","R","M","R","BOSS","M","$","?","M","?","E","R","E","T","M","?","R","M","E"],"items_purchased_type":["Card","Relic"],"build_version":"2020-12-22","purchased_purges":1,"victory":false,"max_hp_per_floor":[68,68,68,68,68,68,68,68,68,68,68,68,68,68,68,68,68,68,68,68,68,68,68,68,68,68,68,68,68,68,68,68],"card_choices":[{"not_picked":["Sadistic Nature","Magnetism"],"picked":"Master of Strategy","floor":0.0},{"not_picked":["CutThroughFate","FollowUp"],"picked":"BowlingBash","floor":1.0},{"not_picked":["FlurryOfBlows","EmptyFist"],"picked":"WheelKick","floor":2.0},{"not_picked":["CutThroughFate","Collect"],"picked":"Prostrate","floor":4.0},{"not_picked":["Worship","CrushJoints"],"picked":"WaveOfTheHand","floor":7.0},{"not_picked":["Consecrate","Worship"],"picked":"TalkToTheHand","floor":10.0},{"not_picked":["JustLucky","Alpha"],"picked":"FlurryOfBlows","floor":11},{"not_picked":["Sanctity","PathToVictory","Consecrate"],"picked":"DeceiveReality","floor":12},{"not_picked":["SashWhip","SandsOfTime","Prostrate"],"picked":"EmptyFist","floor":14},{"not_picked":["ConjureBlade","Judgement","Establishment"],"picked":"Devotion","floor":16},{"not_picked":["FlurryOfBlows","BowlingBash","Collect"],"picked":"InnerPeace","floor":18},{"not_picked":["Weave","Consecrate","Prostrate","Protect"],"picked":"SKIP","floor":21},{"not_picked":["Prostrate","ThirdEye","Protect"],"picked":"EmptyMind","floor":23},{"not_picked":["FlyingSleeves","BowlingBash","WheelKick"],"picked":"Judgement","floor":25},{"not_picked":["Halt","PathToVictory","Consecrate+1","Evaluate"],"picked":"SKIP","floor":27},{"not_picked":["MentalFortress","CrushJoints+1","SashWhip+1"],"picked":"Adaptation","floor":28},{"not_picked":["FlurryOfBlows+1","Evaluate","CutThroughFate+1"],"picked":"EmptyFist+1","floor":30}],"player_experience":1637927,"relics_obtained":[{"floor":9.0,"key":"Ancient Tea Set"},{"floor":11,"key":"Question Card"},{"floor":23,"key":"Anchor"},{"floor":25,"key":"Lantern"},{"floor":26,"key":"Tiny Chest"},{"floor":26,"key":"Molten Egg 2"}],"event_choices":[{"damage_healed":0.0,"max_hp_gain":0.0,"max_hp_loss":0.0,"gold_gain":75.0,"event_name":"World of Goop","player_choice":"Gather Gold","floor":3.0,"gold_loss":0.0,"damage_taken":11.0},{"cards_removed":["Strike_P"],"damage_healed":0.0,"max_hp_gain":0.0,"max_hp_loss":0.0,"gold_gain":0.0,"event_name":"Golden Wing","player_choice":"Card Removal","floor":5.0,"gold_loss":0.0,"damage_taken":7.0},{"damage_healed":0,"gold_gain":0,"player_choice":"Obtained Relic","damage_taken":0,"relics_obtained":["Matryoshka"],"max_hp_gain":0,"max_hp_loss":0,"event_name":"Addict","floor":20,"gold_loss":85},{"damage_healed":0,"gold_gain":50,"player_choice":"Pray","damage_taken":0,"max_hp_gain":0,"max_hp_loss":0,"event_name":"Golden Shrine","floor":22,"gold_loss":0}],"is_beta":false,"boss_relics":[{"not_picked":["Busted Crown","Runic Dome"],"picked":"Coffee Dripper"}],"items_purged_floors":[19],"is_endless":false,"potions_floor_spawned":[7,10,11,14,16,27,28],"killed_by":"Slavers","ascension_level":16}}