{"host":"6jrnojxwearbrjzo","time":1610909710,"event":{"mods":["BaseMod","Conspire","Highlight Path","Marisa（F雨　魔理沙）","Minty Spire (QoL Compilation)","MostiFishMod","Quick Restart","Random Character Button","RumiaBox-露米娅的神秘盒子","Shop Mod","Spicy Shops","StSLib","The Construct","The Servant 0.9.4","Yuyuko","[功能]功能增强和修复MOD","vexMod","篝火指南"],"gold_per_floor":[112,287,19,19,4,29,24,54,81,81,93,6,6,17,17,122,122,141,141,151,251,268,295,136,167,167,197,197,12,12,12,12,107,107,123,123,173,173,222,255,255,91,91,111,4,4,4,17,17,17],"floor_reached":51,"language":"ZHS","playtime":1812,"items_purged":["Defend_R","Doubt","Defend_R","Strike_R","Regret","Defend_R","Strike_R","Strike_R","Rupture","Strike_R","Regret","Strike_R","Inflame","Flex","Defend_R","Entrench","Rampage+1","Bash"],"score":1111,"play_id":"deb216aa-7a2f-43cd-9665-bfea28199195","local_time":"20210118025510","is_ascension_mode":true,"campfire_choices":[{"floor":13.0,"key":"REST"},{"data":"Rampage","floor":15.0,"key":"SMITH"},{"floor":28.0,"key":"REST"},{"floor":30.0,"key":"REST"},{"data":"True Grit","floor":32.0,"key":"SMITH"},{"floor":41.0,"key":"REST"},{"data":"Limit Break","floor":46,"key":"SMITH"},{"data":"Shrug It Off","floor":49,"key":"SMITH"}],"circlet_count":0,"master_deck":["True Grit+1","Pommel Strike+1","MostiFishMod:HellRitual+1","Feed","MostiFishMod:ChineseTea","Limit Break+1","Heavy Blade+1","Shrug It Off+1"],"relics":["DaveBox","HaiYi:Twilight","vexMod:CursedCompass","AddBug","SecretRecord","SecretRecord","SecretRecord","SecretRecord","SecretRecord","SecretRecord","SecretRecord"],"acts_visited":["Exordium","TheCity","TheBeyond"],"potions_floor_usage":[44,48,48,48,48,48,50,50,50],"damage_taken":[{"damage":6.0,"enemies":"Small Slimes","floor":1.0,"turns":3.0},{"damage":35.0,"enemies":"Lagavulin","floor":6.0,"turns":4.0},{"damage":36.0,"enemies":"Gremlin Nob","floor":8.0,"turns":4.0},{"damage":1.0,"enemies":"Cultist","floor":11.0,"turns":3.0},{"damage":0.0,"enemies":"Jaw Worm","floor":14.0,"turns":2.0},{"damage":19.0,"enemies":"Slime Boss","floor":16.0,"turns":7.0},{"damage":0.0,"enemies":"Spheric Guardian","floor":18.0,"turns":2.0},{"damage":53.0,"enemies":"Chosen","floor":20.0,"turns":6.0},{"damage":12.0,"enemies":"Centurion and Healer","floor":22.0,"turns":3.0},{"damage":32.0,"enemies":"Book of Stabbing","floor":23.0,"turns":4.0},{"damage":44.0,"enemies":"Slavers","floor":25.0,"turns":5.0},{"damage":7.0,"enemies":"Masked Bandits","floor":27.0,"turns":3.0},{"damage":7.0,"enemies":"Automaton","floor":33.0,"turns":4.0},{"damage":7.0,"enemies":"3 Darklings","floor":35.0,"turns":3.0},{"damage":0.0,"enemies":"Mind Bloom Boss Battle","floor":37.0,"turns":2.0},{"damage":93.0,"enemies":"2 Orb Walkers","floor":39.0,"turns":4.0},{"damage":13.0,"enemies":"Giant Head","floor":40.0,"turns":4.0},{"damage":3,"enemies":"3 Shapes","floor":44,"turns":3},{"damage":0,"enemies":"Transient","floor":48,"turns":3},{"damage":0,"enemies":"Donu and Deca","floor":50,"turns":3}],"seed_played":"-3105996793352683765","potions_obtained":[{"floor":1.0,"key":"Explosive Potion"},{"floor":8.0,"key":"FairyPotion"},{"floor":16.0,"key":"BloodPotion"},{"floor":16.0,"key":"Swift Potion"},{"floor":20.0,"key":"Swift Potion"},{"floor":22.0,"key":"Energy Potion"},{"floor":25.0,"key":"EssenceOfSteel"},{"floor":25.0,"key":"Ancient Potion"},{"floor":27.0,"key":"Ancient Potion"},{"floor":33.0,"key":"EntropicBrew"},{"floor":33.0,"key":"FearPotion"},{"floor":37.0,"key":"ElixirPotion"},{"floor":44,"key":"Block Potion"},{"floor":44,"key":"Fruit Juice"},{"floor":48,"key":"ColorlessPotion"}],"is_trial":false,"path_per_floor":["M","?","$","?","$","E","R","E","T","?","M","$","R","M","R","B",null,"M","?","M","?","M","E","$","E","T","?","R","$","R","?","R","B",null,"M","?","?","?","M","E","R","$","T","M","$","R","?","M","R","B",null],"character_chosen":"IRONCLAD","items_purchased":["MoreBug","construct:FoamFinger","Happy Flower","TimeFreeze","Orrery","Eternal Feather","SSSystem","conspire:TreasureMap","CeramicFish","Membership Card","Toy Ornithopter","SecretRecord","Potion Belt","vexMod:Cooldron","Red Skull","Energy Potion","MerchantsRug","White Beast Statue","Vajra","Strawberry","Incense Burner","MostiFishMod:AdaptiveDefenses","BloodPotion","Shrug It Off","ZombieArmy","Sundial","Pen Nib","Strawberry","MerchantsRug","Mummified Hand","GodSword4"],"campfire_rested":4,"item_purchase_floors":[3,3,3,3,3,3,5,12,12,24,24,24,24,24,24,24,24,29,29,29,29,29,29,42,42,42,42,42,45,45,45],"current_hp_per_floor":[74,74,74,74,74,39,39,3,3,3,2,2,26,26,26,7,80,86,86,57,57,51,19,19,7,7,7,38,45,78,78,78,112,120,113,113,122,122,41,40,78,85,85,110,110,110,95,95,95,105],"gold":17,"neow_bonus":"BOSS_RELIC","is_daily":false,"chose_seed":false,"campfire_upgraded":4,"win_rate":0.0,"timestamp":1610909710,"path_taken":["M","?","$","?","$","E","R","E","T","?","?","$","R","?","R","BOSS","M","?","?","?","?","E","$","E","T","?","R","$","R","?","R","BOSS","M","?","?","?","?","E","R","?","T","?","$","R","?","?","R","BOSS"],"items_purchased_type":["Relic","Relic","Relic","Relic","Relic","Relic","Relic","Relic","Relic","Relic","Relic","Relic","Relic","Relic","Relic","Potion","Relic","Relic","Relic","Relic","Relic","Relic","Potion","Card","Relic","Relic","Relic","Relic","Relic","Relic","Relic"],"build_version":"2020-12-22","purchased_purges":18,"victory":true,"max_hp_per_floor":[80,80,80,80,80,80,80,80,80,80,80,80,80,80,80,80,80,86,86,92,92,98,98,98,98,98,105,105,112,112,112,112,120,120,120,120,129,129,129,129,129,136,136,150,150,150,150,150,150,160],"card_choices":[{"not_picked":["Wild Strike","Bloodletting"],"picked":"Flex","floor":1.0},{"not_picked":["Flex","Havoc"],"picked":"True Grit","floor":3.0},{"not_picked":["Flex","Iron Wave"],"picked":"Inflame","floor":3.0},{"not_picked":["Headbutt","Warcry"],"picked":"Entrench","floor":3.0},{"not_picked":["Headbutt","Disarm"],"picked":"Rupture","floor":3.0},{"not_picked":["Carnage","Wild Strike"],"picked":"Pommel Strike","floor":3.0},{"not_picked":["Clothesline","Infernal Blade"],"picked":"MostiFishMod:HellRitual","floor":6.0},{"not_picked":["Battle Trance","Rupture","Infernal Blade"],"picked":"SKIP","floor":8.0},{"not_picked":["Havoc","Armaments"],"picked":"Rampage","floor":11.0},{"not_picked":["MostiFishMod:BrandingRite","Thunderclap","Headbutt"],"picked":"SKIP","floor":14.0},{"not_picked":["MostiFishMod:FlyOverUtopia","Fiend Fire"],"picked":"Feed","floor":16.0},{"not_picked":["Entrench","Wild Strike","Iron Wave"],"picked":"SKIP","floor":18.0},{"not_picked":["Clothesline","Armaments+1","Warcry"],"picked":"SKIP","floor":20.0},{"not_picked":["Battle Trance+1","Anger+1","Bloodletting"],"picked":"SKIP","floor":22.0},{"not_picked":["Wild Strike+1","Clothesline","Anger+1"],"picked":"SKIP","floor":23.0},{"not_picked":["Evolve","Headbutt"],"picked":"Iron Wave","floor":25.0},{"not_picked":["Second Wind","Iron Wave"],"picked":"MostiFishMod:ChineseTea","floor":27.0},{"not_picked":["MostiFishMod:PerfectStrikeMKII","conspire:HitWhereItHurts"],"picked":"Limit Break","floor":33.0},{"not_picked":["Cleave","Iron Wave","Body Slam"],"picked":"SKIP","floor":35.0},{"not_picked":["Second Wind","True Grit"],"picked":"Heavy Blade+1","floor":40.0},{"not_picked":["True Grit+1","Flex","Hemokinesis"],"picked":"SKIP","floor":44},{"not_picked":["Barricade","Iron Wave","Disarm"],"picked":"SKIP","floor":48}],"player_experience":79956,"relics_obtained":[{"floor":1.0,"key":"AddBug"},{"floor":1.0,"key":"SynthV:TestCard"},{"floor":6.0,"key":"vexMod:Dragonfruit"},{"floor":8.0,"key":"SecretRecord"},{"floor":8.0,"key":"Mango"},{"floor":9.0,"key":"vexMod:BarristanHead"},{"floor":16.0,"key":"SecretRecord"},{"floor":23.0,"key":"Bottled Flame"},{"floor":25.0,"key":"Peace Pipe"},{"floor":26.0,"key":"Charon\u0027s Ashes"},{"floor":27.0,"key":"Red Mask"},{"floor":27.0,"key":"SecretRecord"},{"floor":35.0,"key":"SecretRecord"},{"floor":37.0,"key":"construct:RocketBooster"},{"floor":39.0,"key":"StoneCalendar"},{"floor":40.0,"key":"vexMod:ConsolationPrize"},{"floor":43,"key":"PreservedInsect"},{"floor":44,"key":"SecretRecord"}],"event_choices":[{"damage_healed":0.0,"max_hp_gain":0.0,"max_hp_loss":0.0,"gold_gain":175.0,"event_name":"Liars Game","player_choice":"AGREE","floor":2.0,"gold_loss":0.0,"damage_taken":0.0,"cards_obtained":["Doubt"]},{"damage_healed":0.0,"max_hp_gain":0.0,"max_hp_loss":0.0,"gold_gain":0.0,"event_name":"Big Fish","player_choice":"Box","floor":4.0,"gold_loss":0.0,"damage_taken":0.0,"relics_obtained":["MealTicket"],"cards_obtained":["Regret"]},{"damage_healed":0.0,"max_hp_gain":0.0,"max_hp_loss":0.0,"gold_gain":0.0,"event_name":"Upgrade Shrine","player_choice":"Upgraded","floor":10.0,"gold_loss":0.0,"damage_taken":0.0,"cards_upgraded":["MostiFishMod:HellRitual"]},{"damage_healed":0.0,"max_hp_gain":0.0,"max_hp_loss":0.0,"gold_gain":0.0,"event_name":"Upgrade Shrine","player_choice":"Upgraded","floor":19.0,"gold_loss":0.0,"damage_taken":0.0,"cards_upgraded":["Pommel Strike"]},{"damage_healed":0.0,"max_hp_gain":0.0,"max_hp_loss":0.0,"gold_gain":100.0,"event_name":"Golden Shrine","player_choice":"Pray","floor":21.0,"gold_loss":0.0,"damage_taken":0.0},{"damage_healed":0.0,"max_hp_gain":0.0,"max_hp_loss":0.0,"gold_gain":0.0,"event_name":"Masked Bandits","player_choice":"Fought Bandits","floor":27.0,"gold_loss":0.0,"damage_taken":0.0},{"damage_healed":0.0,"max_hp_gain":0.0,"max_hp_loss":0.0,"gold_gain":0.0,"event_name":"Vampires","player_choice":"Ignored","floor":31.0,"gold_loss":0.0,"damage_taken":0.0},{"cards_removed":["Iron Wave"],"damage_healed":0.0,"max_hp_gain":0.0,"max_hp_loss":0.0,"gold_gain":0.0,"event_name":"Falling","player_choice":"Removed Attack","floor":36.0,"gold_loss":0.0,"damage_taken":0.0},{"damage_healed":0.0,"max_hp_gain":0.0,"max_hp_loss":0.0,"gold_gain":0.0,"event_name":"MindBloom","player_choice":"Fight","floor":37.0,"gold_loss":0.0,"damage_taken":0.0},{"damage_healed":0.0,"max_hp_gain":0.0,"max_hp_loss":0.0,"gold_gain":0.0,"event_name":"conspire:Investor","player_choice":"Leave","floor":38.0,"gold_loss":0.0,"damage_taken":0.0},{"damage_healed":0.0,"max_hp_gain":0.0,"max_hp_loss":0.0,"gold_gain":0.0,"event_name":"Mysterious Sphere","player_choice":"Fight","floor":39.0,"gold_loss":0.0,"damage_taken":0.0},{"damage_healed":0,"gold_gain":0,"player_choice":"Damaged","damage_taken":15,"max_hp_gain":0,"max_hp_loss":0,"event_name":"Wheel of Change","floor":47,"gold_loss":0}],"is_beta":false,"boss_relics":[{"not_picked":["PatriotShield","Runic Cube"],"picked":"Calling Bell"},{"not_picked":["conspire:SpecialSausage","SlaversCollar"],"picked":"conspire:SeveredTorchhead"}],"items_purged_floors":[3,3,3,3,7,12,12,12,12,12,24,24,24,24,24,24,42,42],"is_endless":false,"potions_floor_spawned":[1,6,6,8,8,11,14,16,16,20,22,25,25,27,33,33,37,44,44,44,48],"ascension_level":4}}