{"host":"o5or1zybx7au40zl","time":1610917715,"event":{"mods":["Act Like it!","Aspiration","BaseMod","Better Third Choice","Conspire","Dota2Spire","GungeonMod","Halation","Hubris","Infinite Spire","Minty Spire (QoL Compilation)","Replay The Spire","StSLib","The Jungle","Yuri Mod","vexMod"],"gold_per_floor":[114,114,128,145,164,189,189,214,240,240,125,144,144,154,154,255,255,268,288,304,304,58,88,88,88,88,88,98,108,118,128,138,138,138,138,138],"floor_reached":35,"language":"ENG","playtime":1031,"items_purged":[],"score":318,"play_id":"89388dee-16ff-4260-ad47-14d1341225ad","local_time":"20210117220835","is_ascension_mode":false,"campfire_choices":[{"floor":10.0,"key":"RECALL"},{"data":"Caltrops","floor":15.0,"key":"SMITH"},{"floor":25.0,"key":"REST"},{"data":"Envenom","floor":27.0,"key":"SMITH"},{"floor":33,"key":"REST"}],"circlet_count":0,"master_deck":["Strike_G","Strike_G","Strike_G","Strike_G","Strike_G","Defend_G","Defend_G","Defend_G","Defend_G","Defend_G","Survivor","Neutralize","Hidden Blade","Rainbow+1","conspire:PoisonWeapons","Bouncing Flask","Adrenaline","Caltrops+1","Dagger Spray","Envenom+1","Blade Dance","aspiration:Lunge","Distraction+1","Footwork","Riddle With Holes","Quick Slash+1","Dagger Spray+1"],"relics":["Ring of the Snake","Dota2Spire:PowerTreads","infinitespire:Beetle Shell","Anchor","hubris:OldNail","Dota2Spire:AghanimScepter","conspire:SpecialSausage","Dota2Spire:BattleFury","conspire:Flyswatter","Nilry\u0027s Codex"],"acts_visited":["Exordium","TheCity","TheCity"],"potions_floor_usage":[32,32],"damage_taken":[{"damage":0.0,"enemies":"Jaw Worm","floor":1.0,"turns":5.0},{"damage":0.0,"enemies":"conspire:RoseBush","floor":3.0,"turns":3.0},{"damage":0.0,"enemies":"Cultist","floor":4.0,"turns":3.0},{"damage":0.0,"enemies":"Looter","floor":5.0,"turns":4.0},{"damage":13.0,"enemies":"Replay:BlueRogue","floor":6.0,"turns":6.0},{"damage":21.0,"enemies":"Gremlin Nob","floor":8.0,"turns":4.0},{"damage":0.0,"enemies":"Large Slime","floor":12.0,"turns":4.0},{"damage":5.0,"enemies":"Blue Slaver","floor":14.0,"turns":3.0},{"damage":62.0,"enemies":"Fading Forest","floor":16.0,"turns":11.0},{"damage":11.0,"enemies":"3 Byrds","floor":18.0,"turns":3.0},{"damage":0.0,"enemies":"Chosen","floor":19.0,"turns":3.0},{"damage":5.0,"enemies":"conspire:HollyBat","floor":20.0,"turns":7.0},{"damage":17.0,"enemies":"Book of Stabbing","floor":23.0,"turns":3.0},{"damage":0.0,"enemies":"DemoMod:Veteran_shot_gun_kin_and_bullet_kin","floor":28.0,"turns":1.0},{"damage":10.0,"enemies":"DemoMod:Veteran_shot_gun_kin_and_red_shotgun_kin","floor":29.0,"turns":2.0},{"damage":0.0,"enemies":"DemoMod:Veteran_shot_gun_kin_and_blue_shotgun_kin_with_gunsinger","floor":30.0,"turns":1.0},{"damage":17.0,"enemies":"DemoMod:2_Mousers","floor":31.0,"turns":4.0},{"damage":10,"enemies":"DemoMod:Veteran_shot_gun_kin_and_red_shotgun_kin_with_gunsinger","floor":32,"turns":3},{"damage":72,"enemies":"DemoMod:ResourcefulRat","floor":35,"turns":5}],"seed_played":"8650595262441951505","potions_obtained":[{"floor":5.0,"key":"Swift Potion"},{"floor":6.0,"key":"Swift Potion"},{"floor":8.0,"key":"Block Potion"},{"floor":12.0,"key":"BlessingOfTheForge"},{"floor":16.0,"key":"Adrenaline Potion"},{"floor":20.0,"key":"DistilledChaos"},{"floor":28.0,"key":"Fire Potion"}],"is_trial":false,"path_per_floor":["M","?","M","M","M","E","?","E","T","R","$","M","?","M","R","B",null,"M","M","M","?","$","E","?","R","T","R","M","M","M","M","M","R","B","B"],"character_chosen":"THE_SILENT","items_purchased":["DemoMod:GnawedKey","Dota2Spire:BattleFury"],"campfire_rested":2,"item_purchase_floors":[11,22],"current_hp_per_floor":[63,54,54,54,54,41,94,73,73,73,73,73,73,68,68,30,94,83,83,78,78,78,61,45,73,94,94,94,84,84,67,57,85,67,0,0],"gold":138,"neow_bonus":"TWENTY_PERCENT_HP_BONUS","is_daily":false,"chose_seed":false,"campfire_upgraded":2,"win_rate":0.0,"timestamp":1610917715,"path_taken":["M","?","M","M","M","E","?","E","T","R","$","?","?","M","R","BOSS","M","M","M","?","$","E","?","R","T","R","M","M","M","M","M","R","BOSS","BOSS"],"items_purchased_type":["Relic","Relic"],"build_version":"2020-12-22","purchased_purges":0,"victory":false,"max_hp_per_floor":[84,84,84,84,84,84,94,94,94,94,94,94,94,94,94,94,94,94,94,94,94,94,94,94,94,94,94,94,94,94,94,94,94,94,94,94],"card_choices":[{"not_picked":["Replay:Poison Smokescreen","Backflip"],"picked":"Hidden Blade","floor":1.0},{"not_picked":["Quick Slash","hubris:SlightOfHand"],"picked":"conspire:PoisonWeapons","floor":3.0},{"not_picked":["ReplayTheSpireMod:Scrap Shanks","Prepared"],"picked":"Bouncing Flask","floor":4.0},{"not_picked":["Poisoned Stab","ReplayTheSpireMod:Scrap Shanks","hubris:TrickCloak"],"picked":"SKIP","floor":5.0},{"not_picked":["Sucker Punch","PiercingWail"],"picked":"Wraith Form v2","floor":6.0},{"not_picked":["Noxious Fumes","Dagger Throw"],"picked":"Adrenaline","floor":8.0},{"not_picked":["Accuracy","Underhanded Strike"],"picked":"Caltrops","floor":12.0},{"not_picked":["Slice","hubris:SlightOfHand"],"picked":"Dagger Spray","floor":14.0},{"not_picked":["Venomology","Night Terror"],"picked":"Envenom","floor":16.0},{"not_picked":["Outmaneuver","Sucker Punch","Quick Slash"],"picked":"SKIP","floor":18.0},{"not_picked":["Hidden Blade+1","Concentrate","Prepared"],"picked":"SKIP","floor":19.0},{"not_picked":["Acrobatics+1","Skewer"],"picked":"Blade Dance","floor":20.0},{"not_picked":["Deflect","Phantasmal Killer"],"picked":"aspiration:Lunge","floor":23.0},{"not_picked":["Quick Slash","Acrobatics"],"picked":"Distraction+1","floor":28.0},{"not_picked":["Deflect+1","Quick Slash"],"picked":"Footwork","floor":29.0},{"not_picked":["ReplayTheSpireMod:Scrap Shanks","Replay:Poison Smokescreen+1"],"picked":"Riddle With Holes","floor":30.0},{"not_picked":["Cloak And Dagger+1","Acrobatics+1"],"picked":"Quick Slash+1","floor":31},{"not_picked":["Dagger Throw","Draining Mist"],"picked":"Dagger Spray+1","floor":32}],"player_experience":975850,"relics_obtained":[{"floor":6.0,"key":"infinitespire:Beetle Shell"},{"floor":8.0,"key":"Anchor"},{"floor":9.0,"key":"hubris:OldNail"},{"floor":13.0,"key":"Dota2Spire:AghanimScepter"},{"floor":23.0,"key":"conspire:Flyswatter"},{"floor":24.0,"key":"Nilry\u0027s Codex"}],"event_choices":[{"cards_removed":["Wraith Form v2"],"damage_healed":43.0,"max_hp_gain":10.0,"max_hp_loss":0.0,"gold_gain":0.0,"event_name":"Bonfire Elementals","player_choice":"Offered Rare","floor":7.0,"gold_loss":0.0,"damage_taken":0.0},{"damage_healed":0.0,"max_hp_gain":0.0,"max_hp_loss":0.0,"gold_gain":0.0,"event_name":"Ghosts","player_choice":"Ignored","floor":21.0,"gold_loss":0.0,"damage_taken":0.0},{"damage_healed":0.0,"max_hp_gain":0.0,"max_hp_loss":0.0,"gold_gain":0.0,"event_name":"Cursed Tome","player_choice":"Obtained Book","floor":24.0,"gold_loss":0.0,"damage_taken":16.0}],"is_beta":false,"boss_relics":[{"not_picked":["Runic Pyramid","Replay:Drink Me"],"picked":"conspire:SpecialSausage"}],"items_purged_floors":[],"is_endless":false,"potions_floor_spawned":[5,6,8,12,16,20,28,30],"killed_by":"DemoMod:ResourcefulRat","ascension_level":0}}