{"host":"gzsdmyo07u314vug","time":1610911432,"event":{"mods":["2.2 Compatiblity","Bard","BaseMod","Colored Powertips","GifTheSpireLib","Hermit","Jorbs\u0027s Wanderer Trilogy","Minty Spire (QoL Compilation)","Quick Restart","Rare Cards Sparkle","Relic Stats","Replay The Spire","Robot Space Explorer","Shop Mod","StSLib","The Bug Knight","The Construct","The Elementalist","The Hierophant","The IronCluck","The Marked","The Necromancer","The Runesmith","The Servant 0.9.4","Unceasing Turn Reminder","everything is the same but u backflip on backflip","slay the spire mod where everything is the same but ironclad has a cowboy hat","vexMod"],"gold_per_floor":[118,118,6,23,98,98,103,103,103,113,162,162,182,164,164,197,863,877,877,587,587,462,462,462,462,538,587,552,565,533,202,202,209,209,252,77,77,137,121,121,114,7,7],"floor_reached":42,"language":"ENG","playtime":4591,"items_purged":["ReplayTheSpireMod:Doomed","hierophant:Strike_Hierophant","hierophant:Strike_Hierophant+1","hierophant:Strike_Hierophant+1","hierophant:Zeal"],"score":614,"play_id":"458fda86-04c4-4fa0-8813-e4a56740bad7","local_time":"20210117162352","is_ascension_mode":true,"campfire_choices":[{"data":"hierophant:Chorus","floor":6.0,"key":"SMITH"},{"data":"hierophant:ChurchCoffers","floor":8.0,"key":"SMITH"},{"data":"hierophant:Smite","floor":15.0,"key":"SMITH"},{"data":"hierophant:EyeForCoin","floor":23.0,"key":"SMITH"},{"data":"hierophant:MintersHammer","floor":25.0,"key":"SMITH"},{"data":"hierophant:CursedGold","floor":32.0,"key":"SMITH"},{"floor":40,"key":"REST"}],"circlet_count":1,"master_deck":["hierophant:Punish","hierophant:Defend_Hierophant+1","hierophant:Defend_Hierophant+1","hierophant:Defend_Hierophant+1","hierophant:Defend_Hierophant+1","hierophant:ChurchCoffers+1","hierophant:Smite+1","hierophant:RepressedViolence+1","hierophant:Chorus+1","hierophant:Sermon","hierophant:MintersHammer+1","hierophant:Doubloon+1","hierophant:RecallFunds","hierophant:EyeForCoin+1","hierophant:Bribe+1","hierophant:Doubloon+1","hierophant:Doubloon+1","hierophant:Generosity","hierophant:Doubloon+1","hierophant:Mercenaries","hierophant:Encroach","hierophant:Doubloon+1","hierophant:CursedGold+1","hierophant:Doubloon+1","hierophant:WrathOfGod","hierophant:Doubloon+1","hierophant:Doubloon+1","hierophant:Generosity","hierophant:Doubloon+1","hierophant:Encroach","hierophant:Doubloon+1","hierophant:Doubloon+1"],"relics":["hierophant:PropheticMaskRelic","Circlet","Pen Nib","Happy Flower","Bottled Flame","vexMod:RockOfEvil","CeramicFish","Nloth\u0027s Gift","vexMod:ConsolationPrize","Replay:Bottled Steam","Iron Hammer","construct:WeddingRing","Centennial Puzzle"],"acts_visited":["Exordium","TheCity","TheBeyond"],"potions_floor_usage":[42],"damage_taken":[{"damage":1.0,"enemies":"Cultist","floor":1.0,"turns":4.0},{"damage":0.0,"enemies":"2 Louse","floor":4.0,"turns":1.0},{"damage":18.0,"enemies":"HollowMod:MossKnight","floor":7.0,"turns":12.0},{"damage":0.0,"enemies":"Small Slimes","floor":10.0,"turns":2.0},{"damage":21.0,"enemies":"Exordium Wildlife","floor":13.0,"turns":4.0},{"damage":5.0,"enemies":"Looter","floor":14.0,"turns":3.0},{"damage":0.0,"enemies":"Fading Forest","floor":16.0,"turns":11.0},{"damage":5.0,"enemies":"Chosen","floor":18.0,"turns":3.0},{"damage":2.0,"enemies":"HollowMod:Nosk","floor":27.0,"turns":12.0},{"damage":20.0,"enemies":"2 Thieves","floor":28.0,"turns":4.0},{"damage":10.0,"enemies":"Slavers","floor":29.0,"turns":3.0},{"damage":0.0,"enemies":"Snake Plant","floor":30.0,"turns":4.0},{"damage":17,"enemies":"Pondfish","floor":33,"turns":4},{"damage":26,"enemies":"3 Shapes","floor":35,"turns":2},{"damage":15,"enemies":"3 Darklings","floor":38,"turns":1},{"damage":1,"enemies":"Sphere and 2 Shapes","floor":39,"turns":6},{"damage":20,"enemies":"Giant Head","floor":41,"turns":7},{"damage":36,"enemies":"Maw","floor":42,"turns":7}],"seed_played":"-4832670168245001002","potions_obtained":[{"floor":1.0,"key":"FearPotion"},{"floor":7.0,"key":"AttackPotion"},{"floor":11.0,"key":"Block Potion"},{"floor":11.0,"key":"PowerPotion"},{"floor":16.0,"key":"Weak Potion"},{"floor":27.0,"key":"Elixir"},{"floor":39,"key":"CultistPotion"}],"is_trial":false,"path_per_floor":["M","?","$","M","?","R","E","R","T","M","?","T","M","M","R","B",null,"M","?","$","?","$","R","?","R","T","E","M","E","M","$","R","B",null,"M","$","?","M","M","R","E","M"],"character_chosen":"HIEROPHANT","items_purchased":["hierophant:RepressedViolence+1","CeramicFish","hierophant:Bribe+1","hierophant:CursedGold","hierophant:WrathOfGod"],"campfire_rested":1,"item_purchase_floors":[3,20,20,31,31],"current_hp_per_floor":[74,74,74,74,63,63,57,57,57,66,48,48,27,22,22,47,75,70,70,70,70,70,70,70,70,70,74,54,44,44,44,44,27,75,49,49,49,34,33,55,35,0,0],"gold":7,"neow_bonus":"ONE_RARE_RELIC","is_daily":false,"chose_seed":false,"campfire_upgraded":6,"win_rate":0.0,"timestamp":1610911432,"path_taken":["M","?","$","M","?","R","E","R","T","M","?","?","M","M","R","BOSS","M","?","$","?","$","R","?","R","T","E","?","E","M","$","R","BOSS","M","$","?","M","M","R","E","M"],"items_purchased_type":["Card","Relic","Card","Card","Card"],"build_version":"2020-12-22","purchased_purges":5,"victory":false,"max_hp_per_floor":[75,75,75,75,75,75,75,75,75,75,75,75,75,75,75,75,75,75,75,75,75,75,75,75,75,75,75,75,75,75,75,75,75,75,75,75,75,75,75,75,75,75,75],"relic_stats":{"Centennial Puzzle":[3],"Happy Flower":[23],"counters":[18,90],"CeramicFish":162,"Pen Nib":[13],"Nloth\u0027s Gift":9,"obtain_stats":[{"construct:WeddingRing":34,"Happy Flower":11,"hierophant:PropheticMaskRelic":0,"Dead Branch":0,"CeramicFish":20,"vexMod:ConsolationPrize":26,"Circlet":0,"Pen Nib":7,"vexMod:RockOfEvil":17,"BranchBurnRelic":6,"Bottled Flame":12,"Centennial Puzzle":41,"Sundial":9,"Iron Hammer":29,"Nloth\u0027s Gift":24,"Replay:Bottled Steam":27},{"construct:WeddingRing":13,"Happy Flower":4,"hierophant:PropheticMaskRelic":0,"Dead Branch":0,"CeramicFish":8,"vexMod:ConsolationPrize":8,"Circlet":0,"Pen Nib":3,"vexMod:RockOfEvil":7,"BranchBurnRelic":2,"Bottled Flame":4,"Centennial Puzzle":17,"Sundial":3,"Iron Hammer":11,"Nloth\u0027s Gift":8,"Replay:Bottled Steam":9},{"construct:WeddingRing":67,"Happy Flower":19,"hierophant:PropheticMaskRelic":0,"Dead Branch":0,"CeramicFish":40,"vexMod:ConsolationPrize":40,"Circlet":0,"Pen Nib":17,"vexMod:RockOfEvil":37,"BranchBurnRelic":5,"Bottled Flame":19,"Centennial Puzzle":83,"Sundial":17,"Iron Hammer":59,"Nloth\u0027s Gift":40,"Replay:Bottled Steam":52}]},"card_choices":[{"not_picked":["hierophant:Embezzle","hierophant:Dazzle"],"picked":"hierophant:Smite","floor":1.0},{"not_picked":["hierophant:DisplayOfPower","hierophant:Rebuild"],"picked":"hierophant:Chorus","floor":4.0},{"not_picked":["hierophant:MorningPrayer","hierophant:MirrorShield","hierophant:AuricBeam"],"picked":"SKIP","floor":7.0},{"not_picked":["hierophant:Patience","hierophant:MorningPrayer","hierophant:Levitation"],"picked":"SKIP","floor":10.0},{"not_picked":["hierophant:RepressedViolence","hierophant:EyeForCoin"],"picked":"hierophant:Sermon","floor":11.0},{"not_picked":["hierophant:Empathy","hierophant:Zeal","hierophant:Smite"],"picked":"SKIP","floor":13.0},{"not_picked":["hierophant:SealAway","hierophant:Prophecy"],"picked":"hierophant:Zeal","floor":14.0},{"not_picked":["hierophant:Determination","hierophant:Cornucopia"],"picked":"hierophant:MintersHammer","floor":16.0},{"not_picked":["hierophant:Purify","hierophant:Upheaval"],"picked":"hierophant:RecallFunds","floor":18.0},{"not_picked":["hierophant:AuricForm","hierophant:SealAway"],"picked":"hierophant:Generosity","floor":27.0},{"not_picked":["hierophant:Doubloon+1","hierophant:Patience"],"picked":"hierophant:Mercenaries","floor":28.0},{"not_picked":["hierophant:Purify+1","hierophant:DisplayOfPower+1"],"picked":"hierophant:Encroach","floor":29.0},{"not_picked":["hierophant:SealAway+1","hierophant:ThreeLashes","hierophant:Upheaval+1"],"picked":"SKIP","floor":30.0},{"not_picked":["hierophant:DeathKnell","hierophant:Cornucopia"],"picked":"hierophant:Generosity","floor":33},{"not_picked":["hierophant:FieryStrike","hierophant:MintersHammer","hierophant:PassingBell"],"picked":"SKIP","floor":35},{"not_picked":["hierophant:Prophecy+1","hierophant:HammerAndAnvil+1","hierophant:ThreeLashes"],"picked":"SKIP","floor":38},{"not_picked":["hierophant:MirrorShield","hierophant:DeathKnell"],"picked":"hierophant:Encroach","floor":39},{"not_picked":["hierophant:MintersHammer","hierophant:DivineIntervention","hierophant:Bribe"],"picked":"SKIP","floor":41}],"player_experience":702174,"relics_obtained":[{"floor":7.0,"key":"Pen Nib"},{"floor":9.0,"key":"Sundial"},{"floor":11.0,"key":"Happy Flower"},{"floor":12.0,"key":"Bottled Flame"},{"floor":26.0,"key":"vexMod:ConsolationPrize"},{"floor":27.0,"key":"Replay:Bottled Steam"},{"floor":29.0,"key":"Iron Hammer"},{"floor":41,"key":"Centennial Puzzle"}],"event_choices":[{"damage_healed":0.0,"max_hp_gain":0.0,"max_hp_loss":0.0,"gold_gain":75.0,"event_name":"World of Goop","player_choice":"Gather Gold","floor":5.0,"gold_loss":0.0,"damage_taken":11.0},{"damage_healed":0.0,"max_hp_gain":0.0,"max_hp_loss":0.0,"gold_gain":0.0,"event_name":"The Library","player_choice":"Read","floor":19.0,"gold_loss":0.0,"damage_taken":0.0,"cards_obtained":["hierophant:EyeForCoin"]},{"damage_healed":0.0,"max_hp_gain":0.0,"max_hp_loss":0.0,"gold_gain":0.0,"event_name":"Back to Basics","player_choice":"Simplicity","floor":21.0,"gold_loss":0.0,"damage_taken":0.0,"cards_upgraded":["hierophant:Strike_Hierophant","hierophant:Strike_Hierophant","hierophant:Strike_Hierophant","hierophant:Defend_Hierophant","hierophant:Defend_Hierophant","hierophant:Defend_Hierophant","hierophant:Defend_Hierophant"]},{"damage_healed":0.0,"max_hp_gain":0.0,"max_hp_loss":0.0,"gold_gain":0.0,"event_name":"N\u0027loth","player_choice":"Traded Relic","floor":24.0,"relics_lost":["Sundial"],"gold_loss":0.0,"damage_taken":0.0,"relics_obtained":["Nloth\u0027s Gift"]},{"cards_removed":["hierophant:Strike_Hierophant"],"damage_healed":0,"gold_gain":0,"player_choice":"Removed Attack","damage_taken":0,"max_hp_gain":0,"max_hp_loss":0,"event_name":"Falling","floor":37,"gold_loss":0}],"is_beta":false,"boss_relics":[{"not_picked":["vexMod:FluxCapacitor","Runesmith:UraniumAnvil"],"picked":"vexMod:RockOfEvil"},{"not_picked":["Empty Cage","Sozu"],"picked":"construct:WeddingRing"}],"items_purged_floors":[3,20,22,31,36],"is_endless":false,"potions_floor_spawned":[1,7,14,16,27,28,39,41],"killed_by":"Maw","ascension_level":1}}