{"host":"9jj9tzo2iym4bpat","time":1610902207,"event":{"mods":["Act Like it!","BaseMod","CapriCore","Colored Map","Dark Map","Luminous","Minty Spire (QoL Compilation)","Permanent Neow","StSLib","Td1madao Mod","The Animator","The Immortal","The Marked","The Servant 0.9.4","Yakumo Yukari mod"],"gold_per_floor":[109,109,127,127,76,76,94,94,94,113,288,316,49,67,67,163,163,174,174,174,204,204,204,204],"floor_reached":23,"language":"ENG","playtime":593,"items_purged":[],"score":212,"play_id":"4f3f4dae-e1ba-4a64-b854-a2c18645ce36","local_time":"20210117105007","is_ascension_mode":true,"campfire_choices":[{"data":"Bash","floor":6,"key":"SMITH"},{"floor":15,"key":"REST"}],"circlet_count":0,"master_deck":["Strike_R+1","Strike_R+1","Strike_R+1","Strike_R+1","Defend_R+1","Defend_R+1","Defend_R+1","Defend_R+1","Bash+1","Wild Strike","Twin Strike","Flex","Headbutt","Reaper","Perfected Strike","Doubt","Infernal Blade","Seeing Red","Anger","Limit Break","Clothesline","RitualDagger"],"relics":["Burning Blood","Boot","Nunchaku","Odd Mushroom","Sling","Philosopher\u0027s Stone","Enchiridion","Red Mask"],"acts_visited":["Exordium","TheCity"],"potions_floor_usage":[16,16,18],"damage_taken":[{"damage":3,"enemies":"2 Louse","floor":1,"turns":4},{"damage":6,"enemies":"Cultist","floor":3,"turns":4},{"damage":0,"enemies":"Small Slimes","floor":7,"turns":2},{"damage":10,"enemies":"2 Fungi Beasts","floor":10,"turns":3},{"damage":21,"enemies":"The Mushroom Lair","floor":12,"turns":5},{"damage":21,"enemies":"Large Slime","floor":14,"turns":4},{"damage":78,"enemies":"Hexaghost","floor":16,"turns":10},{"damage":30,"enemies":"Spheric Guardian","floor":18,"turns":4},{"damage":22,"enemies":"Masked Bandits","floor":21,"turns":4},{"damage":39,"enemies":"Book of Stabbing","floor":23,"turns":4}],"seed_played":"4343066547985180815","potions_obtained":[{"floor":7,"key":"LiquidMemories"},{"floor":12,"key":"EssenceOfSteel"},{"floor":14,"key":"Strength Potion"},{"floor":18,"key":"Fruit Juice"}],"is_trial":false,"path_per_floor":["M","?","M","?","$","R","M","?","T","M","?","?","$","M","R","B",null,"M","?","?","?","?","E"],"character_chosen":"IRONCLAD","items_purchased":["Flex","Seeing Red","Sling","Anger"],"campfire_rested":1,"item_purchase_floors":[5,13,13,13],"current_hp_per_floor":[80,80,80,80,80,80,80,80,80,76,76,65,65,60,80,14,80,61,45,45,39,33,0,0],"gold":204,"neow_bonus":"RANDOM_COMMON_RELIC","is_daily":false,"chose_seed":false,"campfire_upgraded":1,"win_rate":0.0,"timestamp":1610902207,"path_taken":["M","?","?","?","$","R","M","?","T","M","?","?","$","M","R","BOSS","M","?","?","?","?","E"],"items_purchased_type":["Card","Card","Relic","Card"],"build_version":"2020-12-22","purchased_purges":0,"victory":false,"max_hp_per_floor":[80,80,80,80,80,80,80,80,80,80,80,80,80,80,80,80,80,85,85,85,85,85,85,85],"card_choices":[{"not_picked":["Clothesline","Searing Blow"],"picked":"Wild Strike","floor":1},{"not_picked":["Iron Wave","Metallicize"],"picked":"Twin Strike","floor":3},{"not_picked":["Havoc","Blood for Blood"],"picked":"Headbutt","floor":7},{"not_picked":["Uppercut","Heavy Blade"],"picked":"Perfected Strike","floor":10},{"not_picked":["Clash","Fiend Fire"],"picked":"Infernal Blade","floor":12},{"not_picked":["Dropkick","Pummel","Entrench"],"picked":"SKIP","floor":14},{"not_picked":["Reaper","Brutality"],"picked":"Limit Break","floor":16},{"not_picked":["Dropkick","Iron Wave+1"],"picked":"Clothesline","floor":18}],"player_experience":268878,"relics_obtained":[{"floor":9,"key":"Nunchaku"},{"floor":12,"key":"Odd Mushroom"},{"floor":19,"key":"Enchiridion"},{"floor":21,"key":"Red Mask"}],"event_choices":[{"damage_healed":0,"gold_gain":0,"player_choice":"Bought 0 Potions","damage_taken":0,"max_hp_gain":0,"max_hp_loss":0,"event_name":"The Woman in Blue","floor":2,"gold_loss":0},{"damage_healed":0,"gold_gain":0,"player_choice":"Leave","damage_taken":0,"max_hp_gain":0,"max_hp_loss":0,"event_name":"The Cleric","floor":4,"gold_loss":0},{"damage_healed":0,"gold_gain":0,"cards_transformed":["Strike_R"],"player_choice":"Change","damage_taken":0,"max_hp_gain":0,"max_hp_loss":0,"event_name":"Living Wall","floor":8,"gold_loss":0,"cards_obtained":["Reaper"]},{"damage_healed":0,"gold_gain":175,"player_choice":"AGREE","damage_taken":0,"max_hp_gain":0,"max_hp_loss":0,"event_name":"Liars Game","floor":11,"gold_loss":0,"cards_obtained":["Doubt"]},{"damage_healed":0,"gold_gain":0,"player_choice":"Fought Mushrooms","damage_taken":0,"max_hp_gain":0,"max_hp_loss":0,"event_name":"Mushrooms","floor":12,"gold_loss":0},{"damage_healed":0,"gold_gain":0,"player_choice":"Obtained Book","damage_taken":16,"max_hp_gain":0,"max_hp_loss":0,"event_name":"Cursed Tome","floor":19,"gold_loss":0},{"damage_healed":0,"gold_gain":0,"player_choice":"Simplicity","damage_taken":0,"max_hp_gain":0,"max_hp_loss":0,"event_name":"Back to Basics","floor":20,"gold_loss":0,"cards_upgraded":["Strike_R","Strike_R","Strike_R","Strike_R","Defend_R","Defend_R","Defend_R","Defend_R"]},{"damage_healed":0,"gold_gain":0,"player_choice":"Fought Bandits","damage_taken":0,"max_hp_gain":0,"max_hp_loss":0,"event_name":"Masked Bandits","floor":21,"gold_loss":0},{"damage_healed":0,"gold_gain":0,"player_choice":"Joined the Cult","damage_taken":6,"max_hp_gain":0,"max_hp_loss":0,"event_name":"Nest","floor":22,"gold_loss":0,"cards_obtained":["RitualDagger"]}],"is_beta":false,"boss_relics":[{"not_picked":["Black Star","Mark of Pain"],"picked":"Philosopher\u0027s Stone"}],"items_purged_floors":[],"is_endless":false,"potions_floor_spawned":[7,12,14,18],"killed_by":"Book of Stabbing","ascension_level":4}}