{"host":"b995t17pt6d05w8c","time":1610901115,"event":{"mods":["AchievementEnabler","BaseMod","Colored Map","DeckTracker","Keyboard Shortcuts","Minty Spire (QoL Compilation)","Permanent Neow","SuperFastMode"],"gold_per_floor":[363,363,376,451,175,175,191,202,228,241,241,260,270,291,291,369,369,380,395,254,267,267,267,279,279,279,279,294,294,305,305,305,382,382,399,414,434,309,309,309,142,142,168,183,194,194,219,231,231,231],"floor_reached":51,"language":"KOR","playtime":1604,"items_purged":["Strike_G","Defend_G","Defend_G"],"score":1295,"play_id":"8232ed35-e5bf-4746-afa2-b1d8ec9e1e4b","local_time":"20210118013155","is_ascension_mode":true,"campfire_choices":[{"floor":6.0,"key":"REST"},{"floor":15.0,"key":"REST"},{"floor":23.0,"key":"REST"},{"floor":27.0,"key":"REST"},{"floor":29.0,"key":"REST"},{"data":"Well Laid Plans","floor":32.0,"key":"SMITH"},{"data":"Prepared","floor":40.0,"key":"SMITH"},{"data":"Footwork","floor":46,"key":"SMITH"},{"floor":49,"key":"REST"}],"circlet_count":0,"master_deck":["AscendersBane","Strike_G+1","Defend_G","Defend_G","Survivor","Neutralize","Predator","Grand Finale+1","Prepared+1","Acrobatics","Acrobatics","Escape Plan","Well Laid Plans+1","Backflip+1","Escape Plan","After Image","PiercingWail","Terror","Footwork+1"],"relics":["Ring of the Snake","Whetstone","Odd Mushroom","Sozu","Gremlin Horn","Runic Dome","Orrery","Centennial Puzzle","Bag of Marbles"],"acts_visited":["Exordium","TheCity","TheBeyond"],"potions_floor_usage":[],"damage_taken":[{"damage":4.0,"enemies":"Jaw Worm","floor":1.0,"turns":6.0},{"damage":8.0,"enemies":"Small Slimes","floor":3.0,"turns":5.0},{"damage":0.0,"enemies":"Cultist","floor":7.0,"turns":3.0},{"damage":7.0,"enemies":"3 Louse","floor":8.0,"turns":6.0},{"damage":8.0,"enemies":"Large Slime","floor":10.0,"turns":6.0},{"damage":7.0,"enemies":"Gremlin Gang","floor":12.0,"turns":2.0},{"damage":0.0,"enemies":"Blue Slaver","floor":13.0,"turns":3.0},{"damage":0.0,"enemies":"The Mushroom Lair","floor":14.0,"turns":2.0},{"damage":40.0,"enemies":"The Guardian","floor":16.0,"turns":14.0},{"damage":4.0,"enemies":"Chosen","floor":18.0,"turns":5.0},{"damage":24.0,"enemies":"3 Byrds","floor":19.0,"turns":6.0},{"damage":26.0,"enemies":"Cultist and Chosen","floor":21.0,"turns":4.0},{"damage":11.0,"enemies":"Snake Plant","floor":24.0,"turns":4.0},{"damage":18.0,"enemies":"Snecko","floor":28.0,"turns":7.0},{"damage":5.0,"enemies":"Shelled Parasite and Fungi","floor":30.0,"turns":2.0},{"damage":7.0,"enemies":"Champ","floor":33.0,"turns":6.0},{"damage":0.0,"enemies":"3 Shapes","floor":35.0,"turns":1.0},{"damage":0.0,"enemies":"Orb Walker","floor":36.0,"turns":3.0},{"damage":0.0,"enemies":"3 Darklings","floor":37.0,"turns":2.0},{"damage":0.0,"enemies":"Transient","floor":44.0,"turns":6.0},{"damage":3,"enemies":"Jaw Worm Horde","floor":45,"turns":2},{"damage":0,"enemies":"Giant Head","floor":47,"turns":4},{"damage":6,"enemies":"4 Shapes","floor":48,"turns":2},{"damage":15,"enemies":"Time Eater","floor":50,"turns":5}],"seed_played":"-8293819960188369305","potions_obtained":[{"floor":1.0,"key":"CunningPotion"},{"floor":8.0,"key":"EssenceOfSteel"},{"floor":13.0,"key":"Fruit Juice"},{"floor":14.0,"key":"Fruit Juice"}],"is_trial":false,"path_per_floor":["M","?","M","?","$","R","M","M","T","M","?","M","M","?","R","B",null,"M","M","$","M","?","R","M","?","T","R","M","R","M","?","R","B",null,"M","M","M","$","?","R","$","?","T","M","M","R","E","M","R","B",null],"character_chosen":"THE_SILENT","items_purchased":["Grand Finale","Prepared","Well Laid Plans","Orrery"],"campfire_rested":6,"item_purchase_floors":[5,5,20,41],"current_hp_per_floor":[40,33,25,14,14,33,33,26,26,18,18,11,11,16,43,3,58,54,30,30,4,4,26,15,15,15,37,19,41,36,36,36,29,64,64,64,64,64,64,64,64,64,64,64,61,61,61,55,76,61],"gold":231,"neow_bonus":"TWO_FIFTY_GOLD","is_daily":false,"chose_seed":false,"campfire_upgraded":3,"win_rate":0.0,"timestamp":1610901115,"path_taken":["M","?","M","?","$","R","M","M","T","M","?","M","?","?","R","BOSS","M","M","$","M","?","R","M","?","T","R","M","R","M","?","R","BOSS","M","M","?","$","?","R","$","?","T","M","?","R","E","M","R","BOSS"],"items_purchased_type":["Card","Card","Card","Relic"],"build_version":"2020-12-22","purchased_purges":3,"victory":true,"max_hp_per_floor":[66,66,66,66,66,66,66,66,66,66,66,66,66,71,76,76,76,76,76,76,76,76,76,76,76,76,76,76,76,76,76,76,76,76,76,76,76,76,76,76,76,76,76,76,76,76,76,76,76,76],"card_choices":[{"not_picked":["Concentrate","Leg Sweep"],"picked":"Predator","floor":1.0},{"not_picked":["Underhanded Strike","Flying Knee","Eviscerate"],"picked":"SKIP","floor":3.0},{"not_picked":["Endless Agony","Outmaneuver"],"picked":"Acrobatics","floor":7.0},{"not_picked":["Outmaneuver","Cloak And Dagger","Endless Agony"],"picked":"SKIP","floor":8.0},{"not_picked":["Cloak And Dagger","Bane"],"picked":"Acrobatics","floor":10.0},{"not_picked":["Dagger Throw","Heel Hook"],"picked":"Escape Plan","floor":12.0},{"not_picked":["Heel Hook","Cloak And Dagger","Quick Slash"],"picked":"SKIP","floor":13.0},{"not_picked":["Sucker Punch","Prepared","Deflect"],"picked":"SKIP","floor":18.0},{"not_picked":["Dash","Underhanded Strike+1","Dodge and Roll+1"],"picked":"SKIP","floor":19.0},{"not_picked":["Deadly Poison","Slice","Doppelganger"],"picked":"SKIP","floor":21.0},{"not_picked":["Crippling Poison+1","Endless Agony","Setup+1"],"picked":"SKIP","floor":24.0},{"not_picked":["Underhanded Strike","Cloak And Dagger+1"],"picked":"Backflip+1","floor":28.0},{"not_picked":["Backflip+1","Quick Slash","Sucker Punch"],"picked":"SKIP","floor":30.0},{"not_picked":["Envenom","Wraith Form v2"],"picked":"After Image","floor":33.0},{"not_picked":["Backstab","Quick Slash"],"picked":"PiercingWail","floor":35.0},{"not_picked":["Deflect","Crippling Poison"],"picked":"Terror","floor":36.0},{"not_picked":["Flechettes","Endless Agony","Outmaneuver+1"],"picked":"SKIP","floor":37.0},{"not_picked":["Underhanded Strike","Quick Slash"],"picked":"Footwork","floor":41.0},{"not_picked":["Leg Sweep","Flying Knee","PiercingWail"],"picked":"SKIP","floor":44.0},{"not_picked":["Crippling Poison","Deadly Poison","PiercingWail+1"],"picked":"SKIP","floor":45},{"not_picked":["Crippling Poison","Deadly Poison","PiercingWail+1"],"picked":"SKIP","floor":45},{"not_picked":["Crippling Poison","Deadly Poison","PiercingWail+1"],"picked":"SKIP","floor":45},{"not_picked":["Bouncing Flask","Outmaneuver","Endless Agony"],"picked":"SKIP","floor":47},{"not_picked":["Deadly Poison","Flying Knee+1","Deflect+1"],"picked":"SKIP","floor":48}],"player_experience":138419,"relics_obtained":[{"floor":9.0,"key":"Whetstone"},{"floor":14.0,"key":"Odd Mushroom"},{"floor":26.0,"key":"Gremlin Horn"},{"floor":43.0,"key":"Centennial Puzzle"},{"floor":47,"key":"Bag of Marbles"}],"event_choices":[{"cards_removed":["Strike_G"],"damage_healed":0.0,"max_hp_gain":0.0,"max_hp_loss":0.0,"gold_gain":0.0,"event_name":"Golden Wing","player_choice":"Card Removal","floor":2.0,"gold_loss":0.0,"damage_taken":7.0},{"damage_healed":0.0,"max_hp_gain":0.0,"max_hp_loss":0.0,"gold_gain":75.0,"event_name":"World of Goop","player_choice":"Gather Gold","floor":4.0,"gold_loss":0.0,"damage_taken":11.0},{"cards_removed":["Strike_G"],"damage_healed":0.0,"max_hp_gain":0.0,"max_hp_loss":0.0,"gold_gain":0.0,"event_name":"Purifier","player_choice":"Purged","floor":11.0,"gold_loss":0.0,"damage_taken":0.0},{"damage_healed":0.0,"max_hp_gain":0.0,"max_hp_loss":0.0,"gold_gain":0.0,"event_name":"Mushrooms","player_choice":"Fought Mushrooms","floor":14.0,"gold_loss":0.0,"damage_taken":0.0},{"cards_removed":["Defend_G"],"damage_healed":0.0,"max_hp_gain":0.0,"max_hp_loss":0.0,"gold_gain":0.0,"event_name":"Back to Basics","player_choice":"Elegance","floor":22.0,"gold_loss":0.0,"damage_taken":0.0},{"damage_healed":0.0,"max_hp_gain":0.0,"max_hp_loss":0.0,"gold_gain":0.0,"event_name":"The Mausoleum","player_choice":"Ignored","floor":25.0,"gold_loss":0.0,"damage_taken":0.0},{"damage_healed":0.0,"max_hp_gain":0.0,"max_hp_loss":0.0,"gold_gain":0.0,"cards_transformed":["Strike_G"],"event_name":"Transmorgrifier","player_choice":"Transformed","floor":31.0,"gold_loss":0.0,"damage_taken":0.0,"cards_obtained":["Escape Plan"]},{"damage_healed":0.0,"max_hp_gain":0.0,"max_hp_loss":0.0,"gold_gain":0.0,"event_name":"SensoryStone","player_choice":"Memory 1","floor":39.0,"gold_loss":0.0,"damage_taken":0.0},{"damage_healed":0.0,"max_hp_gain":0.0,"max_hp_loss":0.0,"gold_gain":0.0,"event_name":"Lab","player_choice":"Got Potions","floor":42.0,"gold_loss":0.0,"damage_taken":0.0}],"is_beta":false,"boss_relics":[{"not_picked":["Coffee Dripper","Tiny House"],"picked":"Sozu"},{"not_picked":["Ring of the Serpent","Snecko Eye"],"picked":"Runic Dome"}],"items_purged_floors":[5,20,38],"is_endless":false,"potions_floor_spawned":[1,8,13,14,18,21,30,35,44,47,48],"ascension_level":17}}