{"host":"2pkirg8lp2j2yw4c","time":1610912016,"event":{"mods":["AchievementEnabler","BaseMod","BetterRewards","Colored Map","Colored Powertips","Googly Eyes","Hubris","Minty Spire (QoL Compilation)","Quick Restart","StSLib","slay the spire mod where everything is the same but ironclad has a cowboy hat"],"gold_per_floor":[113,132,142,102,121,149,149,178,178,193,206,281,297,312,312,408,408,420,420,420,432,443,477,106,106,187,287,321,321,321,331,331,435,485,501,501,512,305,305,330,330,361,414,414,431,42,59,59,59,59,59,59,7,39,39],"floor_reached":56,"language":"ENG","playtime":4031,"items_purged":["Writhe","Meteor Strike","Bite"],"score":1372,"play_id":"72b744c2-b603-4028-bca4-3a05652b1487","local_time":"20210117143336","is_ascension_mode":true,"campfire_choices":[{"data":"Conserve Battery","floor":7.0,"key":"SMITH"},{"data":"Turbo","floor":15.0,"key":"SMITH"},{"data":"Creative AI","floor":32.0,"key":"SMITH"},{"data":"Noxious Fumes","floor":41.0,"key":"SMITH"},{"floor":44.0,"key":"REST"},{"floor":49.0,"key":"RECALL"},{"data":"Noxious Fumes","floor":52.0,"key":"SMITH"}],"circlet_count":0,"master_deck":["Defend_B","Defend_B","Defend_B","Defend_B","Zap","Dualcast","Sunder","Ball Lightning","BootSequence","Capacitor+1","Conserve Battery+1","Glacier","Hologram","Turbo+1","Cold Snap","Creative AI+1","Coolheaded+1","Stack","Compile Driver+1","Bite","Bite","Bite","Bite","Noxious Fumes+1","Expertise","Noxious Fumes+1","Leap+1","Loop+1","Apotheosis","Leap","Barrage"],"relics":["Cracked Core","White Beast Statue","Pear","Toy Ornithopter","hubris:ScarierMask","Regal Pillow","Ice Cream","Lantern","Frozen Eye","hubris:DisguiseKit","Mango","Mummified Hand","Smiling Mask","Enchiridion","PreservedInsect","Tiny House","hubris:TinFlute","Toolbox","hubris:BottledRain","Cables","DataDisk","Lizard Tail"],"acts_visited":[],"potions_floor_usage":[55,55],"damage_taken":[{"damage":7.0,"enemies":"Jaw Worm","floor":1.0,"turns":3.0},{"damage":1.0,"enemies":"Cultist","floor":2.0,"turns":3.0},{"damage":0.0,"enemies":"2 Louse","floor":3.0,"turns":2.0},{"damage":0.0,"enemies":"2 Fungi Beasts","floor":5.0,"turns":3.0},{"damage":2.0,"enemies":"3 Sentries","floor":6.0,"turns":5.0},{"damage":7.0,"enemies":"Gremlin Nob","floor":8.0,"turns":3.0},{"damage":0.0,"enemies":"Large Slime","floor":10.0,"turns":4.0},{"damage":0.0,"enemies":"Looter","floor":11.0,"turns":3.0},{"damage":0.0,"enemies":"3 Louse","floor":13.0,"turns":3.0},{"damage":5.0,"enemies":"Red Slaver","floor":14.0,"turns":4.0},{"damage":4.0,"enemies":"Slime Boss","floor":16.0,"turns":10.0},{"damage":3.0,"enemies":"3 Byrds","floor":18.0,"turns":5.0},{"damage":19.0,"enemies":"Chosen","floor":21.0,"turns":9.0},{"damage":3.0,"enemies":"3 Cultists","floor":22.0,"turns":6.0},{"damage":11.0,"enemies":"Slavers","floor":23.0,"turns":8.0},{"damage":0.0,"enemies":"Colosseum Slavers","floor":27.0,"turns":2.0},{"damage":9.0,"enemies":"Colosseum Nobs","floor":27.0,"turns":4.0},{"damage":12.0,"enemies":"Book of Stabbing","floor":28.0,"turns":7.0},{"damage":2.0,"enemies":"Centurion and Healer","floor":31.0,"turns":4.0},{"damage":57.0,"enemies":"Collector","floor":33.0,"turns":11.0},{"damage":16.0,"enemies":"3 Darklings","floor":35.0,"turns":7.0},{"damage":3.0,"enemies":"3 Shapes","floor":37.0,"turns":7.0},{"damage":6.0,"enemies":"Reptomancer","floor":40.0,"turns":6.0},{"damage":63.0,"enemies":"Giant Head","floor":42.0,"turns":10.0},{"damage":25.0,"enemies":"Spire Growth","floor":45.0,"turns":6.0},{"damage":5.0,"enemies":"Jaw Worm Horde","floor":47.0,"turns":2.0},{"damage":38.0,"enemies":"Time Eater","floor":50.0,"turns":20.0},{"damage":16.0,"enemies":"Shield and Spear","floor":54.0,"turns":8.0},{"damage":108,"enemies":"The Heart","floor":55,"turns":15}],"seed_played":"-8855452418027460782","potions_obtained":[{"floor":4.0,"key":"Ancient Potion"},{"floor":4.0,"key":"PowerPotion"},{"floor":4.0,"key":"LiquidMemories"},{"floor":6.0,"key":"AttackPotion"},{"floor":8.0,"key":"LiquidMemories"},{"floor":10.0,"key":"FocusPotion"},{"floor":14.0,"key":"PotionOfCapacity"},{"floor":16.0,"key":"PowerPotion"},{"floor":18.0,"key":"BlessingOfTheForge"},{"floor":21.0,"key":"Fire Potion"},{"floor":22.0,"key":"DuplicationPotion"},{"floor":23.0,"key":"GamblersBrew"},{"floor":27.0,"key":"Dexterity Potion"},{"floor":28.0,"key":"GamblersBrew"},{"floor":31.0,"key":"Dexterity Potion"},{"floor":33.0,"key":"BlessingOfTheForge"},{"floor":34.0,"key":"SkillPotion"},{"floor":35.0,"key":"AttackPotion"},{"floor":37.0,"key":"SpeedPotion"},{"floor":40.0,"key":"Block Potion"},{"floor":42.0,"key":"Energy Potion"},{"floor":45.0,"key":"SneckoOil"},{"floor":47.0,"key":"Fire Potion"},{"floor":54.0,"key":"Dexterity Potion"}],"is_trial":false,"path_per_floor":["M","M","M","?","M","E","R","E","T","M","M","?","M","M","R","B",null,"M","?","?","M","M","E","$","?","T","?","E","?","T","M","R","B",null,"M","?","M","$","?","E","R","E","T","R","M","$","M","?","R","B",null,"R","$","E","B",null],"character_chosen":"DEFECT","items_purchased":["Lantern","Frozen Eye","Toolbox","Apotheosis","DataDisk","Fire Potion"],"campfire_rested":1,"item_purchase_floors":[24,24,38,46,46,53],"current_hp_per_floor":[68,67,67,67,67,65,65,68,68,68,68,57,57,52,52,63,85,82,82,82,63,65,59,59,59,59,69,71,55,55,61,61,34,78,70,70,69,69,69,68,68,21,21,59,41,41,43,43,43,12,78,78,78,64,25],"gold":39,"neow_bonus":"THREE_CARDS","is_daily":false,"chose_seed":false,"campfire_upgraded":5,"win_rate":0.0,"timestamp":1610912016,"path_taken":["M","M","M","?","?","E","R","E","T","M","M","?","M","M","R","BOSS","M","?","?","M","M","E","$","?","T","?","E","?","?","M","R","BOSS","M","?","?","$","?","E","R","E","T","R","M","$","?","?","R","BOSS","R","$","E","BOSS"],"items_purchased_type":["Relic","Relic","Relic","Card","Relic","Potion"],"build_version":"2020-12-22","purchased_purges":3,"victory":true,"max_hp_per_floor":[75,75,75,75,75,75,75,85,85,85,85,85,85,85,85,85,85,85,85,85,85,85,85,85,59,59,73,73,73,73,73,73,73,78,78,78,78,78,78,78,78,78,78,78,78,78,78,78,78,78,78,78,78,78,78],"card_choices":[{"not_picked":["Stack","Hologram"],"picked":"Sunder","floor":0.0},{"not_picked":["Sweeping Beam","Compile Driver"],"picked":"Ball Lightning","floor":1.0},{"not_picked":["Sunder","FTL"],"picked":"BootSequence","floor":2.0},{"not_picked":["Darkness","Rebound"],"picked":"Capacitor","floor":3.0},{"not_picked":["Stack","Capacitor"],"picked":"Conserve Battery","floor":5.0},{"not_picked":["Stack","Rebound"],"picked":"Glacier","floor":6.0},{"not_picked":["Barrage","Sunder"],"picked":"Hologram","floor":8.0},{"not_picked":["Conserve Battery","Double Energy"],"picked":"Turbo","floor":10.0},{"not_picked":["Redo","Steam","Hologram"],"picked":"SKIP","floor":11.0},{"not_picked":["Redo","Double Energy","Fission"],"picked":"SKIP","floor":13.0},{"not_picked":["Rebound","Conserve Battery"],"picked":"Cold Snap","floor":14.0},{"not_picked":["Fission","Echo Form"],"picked":"Creative AI","floor":16.0},{"not_picked":["Reinforced Body","Melter"],"picked":"Coolheaded+1","floor":18.0},{"not_picked":["Static Discharge","Redo","Coolheaded"],"picked":"SKIP","floor":21.0},{"not_picked":["Redo","Cold Snap"],"picked":"Compile Driver+1","floor":22.0},{"not_picked":["Redo","Coolheaded","Hologram"],"picked":"SKIP","floor":23.0},{"not_picked":["Conserve Battery","Lockon","Electrodynamics","Night Terror"],"picked":"SKIP","floor":28.0},{"not_picked":["Streamline+1","Undo","Underhanded Strike"],"picked":"Chaos","floor":31.0},{"not_picked":["Seek","Biased Cognition","Night Terror"],"picked":"Meteor Strike","floor":33.0},{"not_picked":["Stack+1","BootSequence","Rip and Tear+1"],"picked":"Noxious Fumes","floor":35.0},{"not_picked":["Reprogram","Tempest+1","Rebound+1"],"picked":"Expertise","floor":37.0},{"not_picked":["Chaos+1","Chill","Flechettes"],"picked":"Leap+1","floor":40.0},{"not_picked":["Steam","Darkness","Malaise"],"picked":"Loop+1","floor":42.0},{"not_picked":["Steam Power+1","Compile Driver","Doom and Gloom","Backflip"],"picked":"SKIP","floor":45.0},{"not_picked":["Redo+1","Leap+1","Beam Cell","All Out Attack"],"picked":"SKIP","floor":47.0},{"not_picked":["Conserve Battery","Beam Cell","Masterful Stab"],"picked":"Barrage","floor":54.0}],"player_experience":135293,"relics_obtained":[{"floor":6.0,"key":"White Beast Statue"},{"floor":8.0,"key":"Pear"},{"floor":9.0,"key":"Toy Ornithopter"},{"floor":23.0,"key":"Ice Cream"},{"floor":26.0,"key":"hubris:DisguiseKit"},{"floor":27.0,"key":"Mango"},{"floor":27.0,"key":"Mummified Hand"},{"floor":28.0,"key":"Smiling Mask"},{"floor":29.0,"key":"Enchiridion"},{"floor":30.0,"key":"PreservedInsect"},{"floor":40.0,"key":"hubris:BottledRain"},{"floor":42.0,"key":"Cables"},{"floor":54.0,"key":"Lizard Tail"}],"event_choices":[{"damage_healed":0.0,"max_hp_gain":0.0,"max_hp_loss":0.0,"gold_gain":0.0,"event_name":"The Woman in Blue","player_choice":"Bought 3 Potions","floor":4.0,"gold_loss":0.0,"damage_taken":0.0},{"damage_healed":0.0,"max_hp_gain":0.0,"max_hp_loss":0.0,"gold_gain":75.0,"event_name":"World of Goop","player_choice":"Gather Gold","floor":12.0,"gold_loss":0.0,"damage_taken":11.0},{"damage_healed":0.0,"max_hp_gain":0.0,"max_hp_loss":0.0,"gold_gain":0.0,"event_name":"The Mausoleum","player_choice":"Opened","floor":20.0,"gold_loss":0.0,"damage_taken":0.0,"relics_obtained":["Regal Pillow"],"cards_obtained":["Writhe"]},{"damage_healed":0.0,"max_hp_gain":0.0,"max_hp_loss":26.0,"gold_gain":0.0,"event_name":"Vampires","player_choice":"Became a vampire","floor":25.0,"gold_loss":0.0,"damage_taken":0.0,"cards_obtained":["Bite","Bite","Bite","Bite","Bite"]},{"damage_healed":0.0,"max_hp_gain":0.0,"max_hp_loss":0.0,"gold_gain":0.0,"event_name":"Colosseum","player_choice":"Fight","floor":27.0,"gold_loss":0.0,"damage_taken":0.0},{"damage_healed":0.0,"max_hp_gain":0.0,"max_hp_loss":0.0,"gold_gain":0.0,"event_name":"Colosseum","player_choice":"Fought Nobs","floor":27.0,"gold_loss":0.0,"damage_taken":0.0},{"damage_healed":0.0,"max_hp_gain":0.0,"max_hp_loss":0.0,"gold_gain":0.0,"event_name":"Cursed Tome","player_choice":"Obtained Book","floor":29.0,"gold_loss":0.0,"damage_taken":16.0},{"damage_healed":0.0,"max_hp_gain":0.0,"max_hp_loss":0.0,"gold_gain":0.0,"event_name":"WeMeetAgain","player_choice":"Gave Potion","floor":36.0,"gold_loss":0.0,"damage_taken":0.0,"relics_obtained":["hubris:TinFlute"]},{"damage_healed":0.0,"max_hp_gain":0.0,"max_hp_loss":0.0,"gold_gain":0.0,"event_name":"Duplicator","player_choice":"Copied","floor":39.0,"gold_loss":0.0,"damage_taken":0.0,"cards_obtained":["Noxious Fumes"]},{"damage_healed":0.0,"max_hp_gain":0.0,"max_hp_loss":0.0,"gold_gain":0.0,"cards_transformed":["Chaos"],"event_name":"Transmorgrifier","player_choice":"Transformed","floor":48.0,"gold_loss":0.0,"damage_taken":0.0,"cards_obtained":["Leap"]}],"is_beta":false,"boss_relics":[{"not_picked":["Ectoplasm","Sozu"],"picked":"hubris:ScarierMask"},{"not_picked":["Black Star","hubris:TerracottaHorce"],"picked":"Tiny House"}],"items_purged_floors":[24,38,46],"is_endless":false,"potions_floor_spawned":[5,6,8,10,11,13,14,16,18,21,22,23,27,27,28,31,33,35,37,40,42,45,47,54],"ascension_level":3}}