{"host":"qljev0q3rb9h3k1a","time":1610913049,"event":{"mods":["AchievementEnabler","Ascension Unlocker","BaseMod","Colored Map","Minty Spire (QoL Compilation)","Permanent Neow","Quick Restart","Relic Filter","StSLib","SuperFastMode"],"gold_per_floor":[113,126,201,167,186,186,213,213,213,163,227,239,251,283,295,307,307],"floor_reached":16,"language":"ENG","playtime":512,"items_purged":[],"score":98,"play_id":"e3c10a78-0eba-44a9-9ea7-b29cb2307af6","local_time":"20210117145049","is_ascension_mode":false,"campfire_choices":[{"data":"Venomology","floor":6,"key":"SMITH"},{"data":"Neutralize","floor":8,"key":"SMITH"},{"data":"Slice","floor":12,"key":"SMITH"},{"data":"Footwork","floor":15,"key":"SMITH"}],"circlet_count":0,"master_deck":["Strike_G","Strike_G","Strike_G","Defend_G","Defend_G","Defend_G","Defend_G","Survivor","Neutralize+1","Venomology+1","All Out Attack","Calculated Gamble","After Image","Slice+1","Footwork+1"],"relics":["Ring of the Snake","Toy Ornithopter","Calipers","MawBank"],"acts_visited":["Exordium"],"potions_floor_usage":[7,7,11,14,16,16],"damage_taken":[{"damage":1,"enemies":"Cultist","floor":1,"turns":5},{"damage":3,"enemies":"Small Slimes","floor":2,"turns":4},{"damage":6,"enemies":"2 Louse","floor":5,"turns":2},{"damage":23,"enemies":"Gremlin Nob","floor":7,"turns":5},{"damage":2,"enemies":"Gremlin Nob","floor":11,"turns":4},{"damage":0,"enemies":"Red Slaver","floor":14,"turns":3},{"damage":39,"enemies":"Hexaghost","floor":16,"turns":18}],"seed_played":"-9141841694750103671","potions_obtained":[{"floor":5,"key":"Poison Potion"},{"floor":11,"key":"Energy Potion"}],"is_trial":false,"path_per_floor":["M","M","?","$","M","R","E","R","T","?","?","R","$","M","R","B"],"character_chosen":"THE_SILENT","items_purchased":["All Out Attack"],"campfire_rested":0,"item_purchase_floors":[4],"current_hp_per_floor":[62,59,48,48,42,42,19,19,19,19,22,22,22,27,27,0,0],"gold":307,"neow_bonus":"REMOVE_TWO","is_daily":false,"chose_seed":false,"campfire_upgraded":4,"win_rate":0.0,"timestamp":1610913049,"path_taken":["M","M","?","$","M","R","E","R","T","?","?","R","$","M","R","BOSS"],"items_purchased_type":["Card"],"build_version":"2020-12-22","purchased_purges":0,"victory":false,"max_hp_per_floor":[63,63,63,63,63,63,63,63,63,63,63,63,63,63,63,63,63],"card_choices":[{"not_picked":["Prepared","Flying Knee","Dagger Spray"],"picked":"SKIP","floor":1},{"not_picked":["Flying Knee","Endless Agony"],"picked":"Venomology","floor":2},{"not_picked":["Prepared","Masterful Stab"],"picked":"Calculated Gamble","floor":5},{"not_picked":["Heel Hook","Poisoned Stab"],"picked":"After Image","floor":7},{"not_picked":["Acrobatics","Bane"],"picked":"Slice","floor":11},{"not_picked":["Crippling Poison","Cloak And Dagger"],"picked":"Footwork","floor":14}],"player_experience":23045,"relics_obtained":[{"floor":7,"key":"Toy Ornithopter"},{"floor":9,"key":"Calipers"},{"floor":11,"key":"MawBank"}],"event_choices":[{"damage_healed":0,"gold_gain":75,"player_choice":"Gather Gold","damage_taken":11,"max_hp_gain":0,"max_hp_loss":0,"event_name":"World of Goop","floor":3,"gold_loss":0},{"cards_removed":["Defend_G"],"damage_healed":0,"gold_gain":0,"player_choice":"Card Removal","damage_taken":0,"max_hp_gain":0,"max_hp_loss":0,"event_name":"The Cleric","floor":10,"gold_loss":50},{"damage_healed":0,"gold_gain":0,"player_choice":"Searched \u00271\u0027 times","damage_taken":0,"max_hp_gain":0,"max_hp_loss":0,"event_name":"Dead Adventurer","floor":11,"gold_loss":0}],"is_beta":false,"boss_relics":[],"items_purged_floors":[],"is_endless":false,"potions_floor_spawned":[5,11],"killed_by":"Hexaghost","ascension_level":0}}