{"host":"uyrebrj0204enqpc","time":1610895500,"event":{"mods":["Act Like it!","Bard","BaseMod","Block Reminder","Challenge The Spire","Colored Map","Colored Powertips","DeckTracker","Downfall","GifTheSpireLib","HexUI Lib","Highlight Path","Hubris","Infinite Spire","Minty Spire (QoL Compilation)","Pale of the Ancients","Quick Restart","Random Character Button","Relic Sorter","Relic Stats","Shop Mod","StSLib","The Blue Laboratory","The Bug Knight","The Cursed","The Jungle","The Marked","Wandering Minibosses"],"gold_per_floor":[13,27,27,44,44,77,77,2,2,2,2,35,35,35,35,130,130,145,160,160,179,179,179,193,193,219,219,234,252,265,279,279,380,380,398,398,408,425,445,445,461,461,461],"floor_reached":42,"language":"ENG","playtime":1721,"items_purged":["bronze:Strike"],"score":462,"play_id":"adeeca2e-9988-498f-a9b4-3c6edafbd2ec","local_time":"20210117095820","is_ascension_mode":false,"campfire_choices":[{"data":"bronze:ClassDefault","floor":7.0,"key":"SMITH"},{"data":"bronze:Replicate","floor":10.0,"key":"SMITH"},{"floor":15.0,"key":"REST"},{"data":"bronze:Safeguard","floor":23.0,"key":"SMITH"},{"data":"bronze:Boost","floor":25.0,"key":"SMITH"},{"data":"infinitespire:Gouge","floor":27.0,"key":"SMITH"},{"data":"bronze:ForceShield","floor":32.0,"key":"SMITH"},{"data":"bronze:Verify","floor":40.0,"key":"SMITH"}],"circlet_count":0,"master_deck":["bronze:Strike","bronze:Strike","bronze:Defend","bronze:Defend","bronze:Defend","bronze:Defend","bronze:Replicate+1","bronze:Goto","bronze:ChosenStrike","bronze:FollowUp+1","bronze:ClassDefault+1","infinitespire:Gouge+1","bronze:Optimize","bronze:Safeguard+1","bronze:Boost+1","bronze:Verify+1","bronze:ForceShield+1","bronze:Iterate","bronze:HyperBeam","bronze:Philosophize+1"],"relics":["bronze:BronzeCore","Torii","Omamori","HollowMod:PaleOreRelic","Anchor","Lantern","hubris:CrackedHourglass","bronze:BottledCode","Calling Bell","Vajra","bronze:CableSpool","hubris:GlazedTorus","wanderingMiniBosses:OtherGremlinHorn"],"acts_visited":["Exordium","TheCity","TheBeyond"],"potions_floor_usage":[],"damage_taken":[{"damage":13.0,"enemies":"Jaw Worm","floor":1.0,"turns":5.0},{"damage":0.0,"enemies":"Small Slimes","floor":2.0,"turns":3.0},{"damage":0.0,"enemies":"Cultist","floor":4.0,"turns":2.0},{"damage":16.0,"enemies":"Gremlin Nob","floor":6.0,"turns":4.0},{"damage":3.0,"enemies":"3 Sentries","floor":12.0,"turns":6.0},{"damage":0.0,"enemies":"Slime Boss","floor":16.0,"turns":6.0},{"damage":11.0,"enemies":"2 Thieves","floor":18.0,"turns":4.0},{"damage":0.0,"enemies":"Chosen","floor":19.0,"turns":3.0},{"damage":1.0,"enemies":"Snake Plant","floor":21.0,"turns":4.0},{"damage":1.0,"enemies":"Shelled Parasite and Fungi","floor":24.0,"turns":7.0},{"damage":0.0,"enemies":"Centurion and Healer","floor":28.0,"turns":4.0},{"damage":17.0,"enemies":"3 Cultists","floor":29.0,"turns":5.0},{"damage":0.0,"enemies":"Chosen and Byrds","floor":30.0,"turns":3.0},{"damage":1.0,"enemies":"Snake Plant","floor":31.0,"turns":3.0},{"damage":19.0,"enemies":"Champ","floor":33.0,"turns":5.0},{"damage":18.0,"enemies":"3 Shapes","floor":35.0,"turns":6.0},{"damage":10.0,"enemies":"3 Darklings","floor":37.0,"turns":6.0},{"damage":0.0,"enemies":"Maw","floor":38.0,"turns":4.0},{"damage":9.0,"enemies":"Sphere and 2 Shapes","floor":39.0,"turns":6.0},{"damage":8.0,"enemies":"Spire Growth","floor":41.0,"turns":3.0},{"damage":17,"enemies":"Nemesis","floor":42,"turns":4}],"seed_played":"716269263310209175","potions_obtained":[{"floor":4.0,"key":"LiquidBronze"},{"floor":6.0,"key":"blueLaboratory:PyrophylliteBrew"},{"floor":16.0,"key":"champ:CounterPotion"},{"floor":21.0,"key":"blueLaboratory:LouseDecoction"},{"floor":28.0,"key":"Swift Potion"},{"floor":31.0,"key":"blueLaboratory:FruitPunch"},{"floor":35.0,"key":"Block Potion"},{"floor":38.0,"key":"blueLaboratory:FruitPunch"}],"is_trial":false,"path_per_floor":["M","M","?","M","$","E","R","$","T","R","?","E","T","?","R","B",null,"M","M","?","M","?","R","M","R","T","R","M","M","M","M","R","B",null,"M","?","M","M","M","R","M","E"],"character_chosen":"THE_AUTOMATON","items_purchased":[],"campfire_rested":1,"item_purchase_floors":[],"current_hp_per_floor":[57,57,57,57,57,41,41,41,41,41,24,21,21,21,42,42,70,59,59,59,58,58,58,57,57,57,57,57,40,40,39,39,20,60,44,44,34,34,25,25,17,0,0],"gold":461,"neow_bonus":"ONE_RARE_RELIC","is_daily":false,"chose_seed":false,"campfire_upgraded":7,"win_rate":0.0,"timestamp":1610895500,"path_taken":["M","M","?","M","$","E","R","$","T","R","?","E","?","?","R","BOSS","M","?","?","?","?","R","M","R","T","R","M","M","M","M","R","BOSS","M","?","M","M","M","R","M","E"],"items_purchased_type":[],"build_version":"2020-12-22","purchased_purges":1,"victory":false,"max_hp_per_floor":[70,70,70,70,70,70,70,70,70,70,70,70,70,70,70,70,70,70,70,70,70,60,60,60,60,60,60,60,60,60,60,60,60,60,62,62,62,62,62,62,62,62,62],"relic_stats":{"Torii":29,"counters":[21,93],"obtain_stats":[{"Lantern":13,"bronze:BronzeCore":0,"Torii":0,"Vajra":34,"Omamori":6,"wanderingMiniBosses:OtherGremlinHorn":37,"bronze:CableSpool":34,"bronze:BottledCode":22,"Calling Bell":34,"Anchor":12,"HollowMod:PaleOreRelic":9,"hubris:CrackedHourglass":17,"hubris:GlazedTorus":34},{"Lantern":5,"bronze:BronzeCore":0,"Torii":0,"Vajra":15,"Omamori":4,"wanderingMiniBosses:OtherGremlinHorn":17,"bronze:CableSpool":15,"bronze:BottledCode":9,"Calling Bell":15,"Anchor":5,"HollowMod:PaleOreRelic":4,"hubris:CrackedHourglass":6,"hubris:GlazedTorus":15},{"Lantern":20,"bronze:BronzeCore":0,"Torii":0,"Vajra":64,"Omamori":14,"wanderingMiniBosses:OtherGremlinHorn":76,"bronze:CableSpool":64,"bronze:BottledCode":37,"Calling Bell":64,"Anchor":20,"HollowMod:PaleOreRelic":14,"hubris:CrackedHourglass":26,"hubris:GlazedTorus":64}]},"card_choices":[{"not_picked":["bronze:CutThrough","bronze:BronzeOrb"],"picked":"bronze:ChosenStrike","floor":1.0},{"not_picked":["bronze:Shell","bronze:Deprecate"],"picked":"bronze:FollowUp","floor":2.0},{"not_picked":["bronze:OilSpill","bronze:GetLatest"],"picked":"bronze:ClassDefault","floor":4.0},{"not_picked":["bronze:DelayedGuard","bronze:Frontload","bronze:ChildClass"],"picked":"SKIP","floor":6.0},{"not_picked":["infinitespire:SevenWalls","infinitespire:FutureSight"],"picked":"infinitespire:Gouge","floor":11.0},{"not_picked":["bronze:Fortify","bronze:WhirlingStrike"],"picked":"bronze:Optimize","floor":12.0},{"not_picked":["bronze:CutThrough","bronze:GetLatest"],"picked":"bronze:Safeguard","floor":18.0},{"not_picked":["bronze:Flail","bronze:Overheat","bronze:WhirlingStrike"],"picked":"SKIP","floor":19.0},{"not_picked":["bronze:ItsAFeature","bronze:ShipIt","bronze:CutThrough"],"picked":"SKIP","floor":21.0},{"not_picked":["bronze:Turbo","bronze:DelayedSlice"],"picked":"bronze:Boost","floor":24.0},{"not_picked":["bronze:Branch","bronze:Deprecate","bronze:Allocate"],"picked":"SKIP","floor":28.0},{"not_picked":["bronze:FineTuning","bronze:WhirlingStrike"],"picked":"bronze:Verify","floor":29.0},{"not_picked":["bronze:BitShift","bronze:DigitalCarnage"],"picked":"bronze:ForceShield","floor":30.0},{"not_picked":["bronze:Invalidate","bronze:WhirlingStrike+1"],"picked":"bronze:Iterate","floor":31.0},{"not_picked":["bronze:HardenedForm","bronze:SpaghettiCode"],"picked":"bronze:HyperBeam","floor":33.0},{"not_picked":["bronze:BugBarrage+1","bronze:DelayedSlice+1","bronze:BitShift"],"picked":"SKIP","floor":35.0},{"not_picked":["bronze:Invalidate+1","bronze:ChosenStrike+1","bronze:OilSpill+1"],"picked":"SKIP","floor":37.0},{"not_picked":["bronze:Deprecate","bronze:DelayedGuard+1","bronze:Branch+1"],"picked":"SKIP","floor":38.0},{"not_picked":["bronze:ForceShield","bronze:BitShift+1"],"picked":"bronze:Philosophize+1","floor":39.0},{"not_picked":["bronze:CutThrough","bronze:WhirlingStrike+1","bronze:Boost+1"],"picked":"SKIP","floor":41.0}],"player_experience":1052427,"relics_obtained":[{"floor":6.0,"key":"Omamori"},{"floor":9.0,"key":"HollowMod:PaleOreRelic"},{"floor":12.0,"key":"Anchor"},{"floor":13.0,"key":"Lantern"},{"floor":34.0,"key":"Vajra"},{"floor":34.0,"key":"bronze:CableSpool"},{"floor":34.0,"key":"hubris:GlazedTorus"},{"floor":37.0,"key":"wanderingMiniBosses:OtherGremlinHorn"}],"event_choices":[{"damage_healed":0.0,"max_hp_gain":0.0,"max_hp_loss":0.0,"gold_gain":0.0,"event_name":"Match and Keep!","player_choice":"0 cards matched","floor":14.0,"gold_loss":0.0,"damage_taken":0.0,"cards_obtained":[]},{"cards_removed":["bronze:Strike"],"damage_healed":0.0,"max_hp_gain":0.0,"max_hp_loss":0.0,"gold_gain":0.0,"event_name":"Bonfire Elementals","player_choice":"Offered Basic","floor":20.0,"gold_loss":0.0,"damage_taken":0.0},{"damage_healed":0.0,"max_hp_gain":0.0,"max_hp_loss":0.0,"gold_gain":0.0,"event_name":"Tomb of Lord Red Mask","player_choice":"Ignored","floor":36.0,"gold_loss":0.0,"damage_taken":0.0}],"is_beta":false,"boss_relics":[{"not_picked":["Black Star","Cursed Key"],"picked":"hubris:CrackedHourglass"},{"not_picked":["hubris:ScarierMask","Empty Cage"],"picked":"Calling Bell"}],"items_purged_floors":[8],"is_endless":false,"potions_floor_spawned":[4,6,16,21,28,29,30,31,35,38],"killed_by":"Nemesis","ascension_level":0}}