{"host":"nyoujqdnxu3hxf6v","time":1610856984,"event":{"mods":["BaseMod","MarisaÅiñ∂âJÅ@ñÇóùçπÅj","Minty Spire (QoL Compilation)","StSLib","The Servant 0.9.4"],"gold_per_floor":[111,127,127,127,147,147,72,72,72,83,98,118,147,158,158,261,261,276,28,39,39,339,365,365,383,383,383,430,441,167,179,179,279,329,339,339,339,389,7,42,42,54,54,105,105,134,152,169,169,169],"floor_reached":51,"language":"ENG","playtime":2267,"items_purged":["Regret","Zap","Dualcast","Defend_B"],"score":827,"play_id":"8ea95c40-1c7c-4f5e-844f-c9010601d0ca","local_time":"20210116231624","is_ascension_mode":false,"campfire_choices":[{"data":"Go for the Eyes","floor":6.0,"key":"SMITH"},{"data":"Steam Power","floor":15.0,"key":"SMITH"},{"data":"Machine Learning","floor":24.0,"key":"SMITH"},{"data":"FTL","floor":27.0,"key":"SMITH"},{"data":"Go for the Eyes","floor":32.0,"key":"SMITH"},{"data":"Beam Cell","floor":41,"key":"SMITH"},{"data":"Impatience","floor":45,"key":"SMITH"},{"data":"FTL","floor":49,"key":"SMITH"}],"circlet_count":0,"master_deck":["Defend_B","Defend_B+1","Defend_B","Gash+1","Go for the Eyes+1","FTL+1","Steam Power+1","Chill","Machine Learning+1","Gash","Go for the Eyes+1","Bite","Bite","Bite","Bite","Bite","Gash+1","Beam Cell+1","Compile Driver","All For One","Gash","Sweeping Beam+1","Impatience+1","Sweeping Beam+1","Coolheaded+1","FTL+1","Gash"],"relics":["Cracked Core","NeowsBlessing","Nunchaku","Mercury Hourglass","Eternal Feather","Coffee Dripper","Vajra","Old Coin","TungstenRod","Ginger","Potion Belt","Bag of Preparation","Tiny House","Incense Burner","Lee\u0027s Waffle","CaptainsWheel","Meat on the Bone","Torii","Pen Nib"],"acts_visited":["Exordium","TheCity","TheBeyond"],"potions_floor_usage":[],"damage_taken":[{"damage":0.0,"enemies":"2 Louse","floor":1.0,"turns":1.0},{"damage":0.0,"enemies":"Jaw Worm","floor":2.0,"turns":1.0},{"damage":0.0,"enemies":"Cultist","floor":5.0,"turns":1.0},{"damage":5.0,"enemies":"Looter","floor":10.0,"turns":3.0},{"damage":8.0,"enemies":"Gremlin Gang","floor":11.0,"turns":3.0},{"damage":0.0,"enemies":"2 Fungi Beasts","floor":12.0,"turns":2.0},{"damage":19.0,"enemies":"3 Sentries","floor":13.0,"turns":5.0},{"damage":0.0,"enemies":"Large Slime","floor":14.0,"turns":4.0},{"damage":39.0,"enemies":"Hexaghost","floor":16.0,"turns":12.0},{"damage":17.0,"enemies":"Spheric Guardian","floor":18.0,"turns":4.0},{"damage":0.0,"enemies":"3 Byrds","floor":20.0,"turns":4.0},{"damage":36.0,"enemies":"Slavers","floor":23.0,"turns":7.0},{"damage":6.0,"enemies":"Snake Plant","floor":25.0,"turns":4.0},{"damage":0.0,"enemies":"Cultist and Chosen","floor":29.0,"turns":4.0},{"damage":0.0,"enemies":"Snecko","floor":31.0,"turns":4.0},{"damage":63.0,"enemies":"Automaton","floor":33.0,"turns":7.0},{"damage":0.0,"enemies":"Orb Walker","floor":35.0,"turns":2.0},{"damage":53.0,"enemies":"Orin","floor":36.0,"turns":10.0},{"damage":33.0,"enemies":"Mind Bloom Boss Battle","floor":38.0,"turns":3.0},{"damage":40.0,"enemies":"Nemesis","floor":40.0,"turns":5.0},{"damage":2,"enemies":"3 Shapes","floor":42,"turns":2},{"damage":13,"enemies":"2 Orb Walkers","floor":44,"turns":3},{"damage":0,"enemies":"Reptomancer","floor":46,"turns":2},{"damage":6,"enemies":"Jaw Worm Horde","floor":47,"turns":2},{"damage":11,"enemies":"Spire Growth","floor":48,"turns":3},{"damage":31,"enemies":"Awakened One","floor":50,"turns":6}],"seed_played":"-524529642073029806","potions_obtained":[{"floor":2.0,"key":"Swift Potion"},{"floor":10.0,"key":"SmokeBomb"},{"floor":11.0,"key":"SkillPotion"},{"floor":16.0,"key":"FairyPotion"},{"floor":18.0,"key":"SmokeBomb"},{"floor":23.0,"key":"FearPotion"},{"floor":31.0,"key":"DistilledChaos"},{"floor":33.0,"key":"EssenceOfSteel"},{"floor":34.0,"key":"DuplicationPotion"},{"floor":38.0,"key":"Block Potion"},{"floor":40.0,"key":"GamblersBrew"},{"floor":42,"key":"Swift Potion"},{"floor":46,"key":"GamblersBrew"}],"is_trial":false,"path_per_floor":["M","M","?","?","M","R","$","?","T","M","M","M","E","M","R","B",null,"M","$","M","?","?","E","R","M","T","R","T","M","$","M","R","B",null,"M","?","?","?","$","E","R","M","T","?","R","E","M","M","R","B",null],"character_chosen":"DEFECT","items_purchased":["Vajra","Bag of Preparation","Impatience","Lee\u0027s Waffle"],"campfire_rested":0,"item_purchase_floors":[19,30,39,39],"current_hp_per_floor":[75,75,75,75,75,75,75,75,75,70,62,62,43,43,49,10,75,58,58,58,52,52,24,33,37,37,49,49,52,52,52,52,11,57,57,18,18,13,64,30,42,46,46,43,58,64,62,55,64,43],"gold":169,"neow_bonus":"THREE_ENEMY_KILL","is_daily":false,"chose_seed":false,"campfire_upgraded":8,"win_rate":0.0,"timestamp":1610856984,"path_taken":["M","M","?","?","?","R","$","?","T","M","M","?","E","M","R","BOSS","M","$","M","?","?","E","R","M","T","R","?","M","$","M","R","BOSS","M","?","?","?","$","E","R","M","T","?","R","E","M","M","R","BOSS"],"items_purchased_type":["Relic","Relic","Card","Relic"],"build_version":"2020-12-22","purchased_purges":4,"victory":true,"max_hp_per_floor":[75,75,75,75,75,75,75,75,75,75,75,75,75,75,75,75,75,75,75,75,52,52,52,52,52,52,52,52,52,52,52,52,52,57,57,57,57,57,64,64,64,64,64,64,64,64,64,64,64,64],"card_choices":[{"not_picked":["Cold Snap","Self Repair"],"picked":"Gash","floor":1.0},{"not_picked":["Ball Lightning","Stack","Fission"],"picked":"SKIP","floor":2.0},{"not_picked":["Chill","Turbo"],"picked":"Go for the Eyes","floor":5.0},{"not_picked":["Loop","Steam"],"picked":"Steam Power","floor":10.0},{"not_picked":["Rebound","Conserve Battery","Darkness"],"picked":"SKIP","floor":11.0},{"not_picked":["Doom and Gloom","Capacitor","Auto Shields"],"picked":"SKIP","floor":12.0},{"not_picked":["Thunder Strike","Coolheaded","Compile Driver"],"picked":"SKIP","floor":13.0},{"not_picked":["Auto Shields","Conserve Battery"],"picked":"Chill","floor":14.0},{"not_picked":["Thunder Strike","Amplify"],"picked":"Machine Learning","floor":16.0},{"not_picked":["Self Repair+1","Leap"],"picked":"Gash","floor":18.0},{"not_picked":["Steam","Melter"],"picked":"Go for the Eyes","floor":20.0},{"not_picked":["Turbo+1","Rebound"],"picked":"Gash+1","floor":23.0},{"not_picked":["Echo Form","Ball Lightning"],"picked":"Beam Cell","floor":25.0},{"not_picked":["Go for the Eyes","Loop","Rebound+1"],"picked":"SKIP","floor":29.0},{"not_picked":["Auto Shields+1","Turbo"],"picked":"Compile Driver","floor":31.0},{"not_picked":["Machine Learning","Electrodynamics"],"picked":"All For One","floor":33.0},{"not_picked":["Consume","Hello World"],"picked":"Gash","floor":34.0},{"not_picked":["Doom and Gloom","Leap+1"],"picked":"Sweeping Beam+1","floor":35.0},{"not_picked":["Scrape","Biased Cognition"],"picked":"Sweeping Beam+1","floor":40.0},{"not_picked":["Fusion","Undo+1"],"picked":"Coolheaded+1","floor":42},{"not_picked":["Hologram","Steam+1"],"picked":"FTL","floor":44},{"not_picked":["Self Repair","Stack+1","Skim"],"picked":"SKIP","floor":46},{"not_picked":["Melter","Consume"],"picked":"Gash","floor":47},{"not_picked":["Fission","Redo+1","Turbo"],"picked":"SKIP","floor":48}],"player_experience":37048,"relics_obtained":[{"floor":9.0,"key":"Mercury Hourglass"},{"floor":13.0,"key":"Eternal Feather"},{"floor":23.0,"key":"TungstenRod"},{"floor":26.0,"key":"Ginger"},{"floor":28.0,"key":"Potion Belt"},{"floor":38.0,"key":"Incense Burner"},{"floor":40.0,"key":"CaptainsWheel"},{"floor":43,"key":"Meat on the Bone"},{"floor":44,"key":"Torii"},{"floor":46,"key":"Pen Nib"}],"event_choices":[{"damage_healed":0.0,"max_hp_gain":0.0,"max_hp_loss":0.0,"gold_gain":0.0,"event_name":"Big Fish","player_choice":"Box","floor":3.0,"gold_loss":0.0,"damage_taken":0.0,"relics_obtained":["Nunchaku"],"cards_obtained":["Regret"]},{"damage_healed":0.0,"max_hp_gain":0.0,"max_hp_loss":0.0,"gold_gain":0.0,"event_name":"Accursed Blacksmith","player_choice":"Forge","floor":4.0,"gold_loss":0.0,"damage_taken":0.0,"cards_upgraded":["Gash"]},{"damage_healed":0.0,"max_hp_gain":0.0,"max_hp_loss":0.0,"gold_gain":0.0,"cards_transformed":["Strike_B"],"event_name":"Transmorgrifier","player_choice":"Transformed","floor":8.0,"gold_loss":0.0,"damage_taken":0.0,"cards_obtained":["FTL"]},{"damage_healed":0.0,"max_hp_gain":0.0,"max_hp_loss":23.0,"gold_gain":0.0,"event_name":"Vampires","player_choice":"Became a vampire","floor":21.0,"gold_loss":0.0,"damage_taken":0.0,"cards_obtained":["Bite","Bite","Bite","Bite","Bite"]},{"damage_healed":0.0,"max_hp_gain":0.0,"max_hp_loss":0.0,"gold_gain":0.0,"event_name":"The Mausoleum","player_choice":"Opened","floor":22.0,"gold_loss":0.0,"damage_taken":0.0,"relics_obtained":["Old Coin"]},{"damage_healed":0.0,"max_hp_gain":0.0,"max_hp_loss":0.0,"gold_gain":0.0,"event_name":"OrinTheCat","player_choice":"Fight","floor":36.0,"gold_loss":0.0,"damage_taken":0.0},{"damage_healed":0.0,"max_hp_gain":0.0,"max_hp_loss":0.0,"gold_gain":0.0,"event_name":"The Moai Head","player_choice":"Ignored","floor":37.0,"gold_loss":0.0,"damage_taken":0.0},{"damage_healed":0.0,"max_hp_gain":0.0,"max_hp_loss":0.0,"gold_gain":0.0,"event_name":"MindBloom","player_choice":"Fight","floor":38.0,"gold_loss":0.0,"damage_taken":0.0},{"damage_healed":0,"gold_gain":0,"player_choice":"Fight","damage_taken":0,"max_hp_gain":0,"max_hp_loss":0,"event_name":"Mysterious Sphere","floor":44,"gold_loss":0}],"is_beta":false,"boss_relics":[{"not_picked":["Cursed Key","FrozenCore"],"picked":"Coffee Dripper"},{"not_picked":["Runic Dome","SlaversCollar"],"picked":"Tiny House"}],"items_purged_floors":[7,19,30,39],"is_endless":false,"potions_floor_spawned":[2,10,11,16,18,23,31,33,38,40,42,46],"ascension_level":0}}