{"host":"ex6y92ceh6h0mo7k","time":1610899033,"event":{"mods":["BaseMod","Minty Spire (QoL Compilation)","Quick Restart","StSLib","SuperFastMode"],"gold_per_floor":[111,122,122,142,160,160,190,190,269,269,302,302,302,327,327,327,327],"floor_reached":16,"language":"ENG","playtime":610,"items_purged":[],"score":224,"play_id":"7b15b0c7-1f90-4318-902c-6c420948beca","local_time":"20210117235713","is_ascension_mode":true,"campfire_choices":[{"data":"Conclude","floor":6.0,"key":"SMITH"},{"floor":8.0,"key":"REST"},{"data":"Meditate","floor":12.0,"key":"SMITH"},{"data":"BowlingBash","floor":15,"key":"SMITH"}],"circlet_count":0,"master_deck":["AscendersBane","Strike_P","Strike_P","Strike_P","Defend_P","Defend_P+1","Defend_P","Defend_P","Eruption","Vigilance","Conclude+1","ClearTheMind","Meditate+1","BowlingBash+1","LessonLearned","WaveOfTheHand"],"relics":["SlaversCollar","Ice Cream","Frozen Egg 2","Toy Ornithopter","Golden Idol"],"acts_visited":["Exordium"],"potions_floor_usage":[],"damage_taken":[{"damage":6.0,"enemies":"Small Slimes","floor":1.0,"turns":4.0},{"damage":0.0,"enemies":"Cultist","floor":2.0,"turns":2.0},{"damage":0.0,"enemies":"2 Louse","floor":4.0,"turns":2.0},{"damage":18.0,"enemies":"2 Fungi Beasts","floor":5.0,"turns":2.0},{"damage":17.0,"enemies":"3 Sentries","floor":7.0,"turns":6.0},{"damage":0.0,"enemies":"Exordium Thugs","floor":10.0,"turns":1.0},{"damage":6.0,"enemies":"Gremlin Nob","floor":11.0,"turns":3.0},{"damage":0,"enemies":"Blue Slaver","floor":14,"turns":6},{"damage":28,"enemies":"Slime Boss","floor":16,"turns":8}],"seed_played":"3050452544367154350","potions_obtained":[{"floor":1.0,"key":"LiquidBronze"},{"floor":4.0,"key":"SmokeBomb"}],"is_trial":false,"path_per_floor":["M","M","?","M","M","R","E","R","T","M","E","R","?","M","R","B"],"character_chosen":"WATCHER","items_purchased":[],"campfire_rested":1,"item_purchase_floors":[],"current_hp_per_floor":[55,55,48,48,30,30,13,33,33,33,27,27,27,27,27,0,0],"gold":327,"neow_bonus":"BOSS_RELIC","is_daily":false,"chose_seed":false,"campfire_upgraded":3,"win_rate":0.0,"timestamp":1610899033,"path_taken":["M","M","?","M","M","R","E","R","T","M","E","R","?","M","R","BOSS"],"items_purchased_type":[],"build_version":"2020-12-22","purchased_purges":0,"victory":false,"max_hp_per_floor":[68,68,68,68,68,68,68,68,68,68,68,68,62,62,62,62,62],"card_choices":[{"not_picked":["Wireheading","Wallop"],"picked":"Conclude","floor":1.0},{"not_picked":["Evaluate","BowlingBash"],"picked":"ClearTheMind","floor":2.0},{"not_picked":["Prostrate","Sanctity"],"picked":"Meditate","floor":4.0},{"not_picked":["JustLucky","InnerPeace"],"picked":"BowlingBash","floor":5.0},{"not_picked":["BowlingBash","CutThroughFate"],"picked":"LessonLearned","floor":7.0},{"not_picked":["SashWhip","Conclude","Prostrate"],"picked":"SKIP","floor":11.0},{"not_picked":["Wallop","Consecrate"],"picked":"WaveOfTheHand","floor":14}],"player_experience":917016,"relics_obtained":[{"floor":7.0,"key":"Ice Cream"},{"floor":9.0,"key":"Frozen Egg 2"},{"floor":11.0,"key":"Toy Ornithopter"}],"event_choices":[{"cards_removed":["Strike_P"],"damage_healed":0.0,"max_hp_gain":0.0,"max_hp_loss":0.0,"gold_gain":0.0,"event_name":"Golden Wing","player_choice":"Card Removal","floor":3.0,"gold_loss":0.0,"damage_taken":7.0},{"damage_healed":0.0,"max_hp_gain":0.0,"max_hp_loss":6.0,"gold_gain":0.0,"event_name":"Golden Idol","player_choice":"Lose Max HP","floor":13.0,"gold_loss":0.0,"damage_taken":0.0,"relics_obtained":["Golden Idol"]}],"is_beta":false,"boss_relics":[],"items_purged_floors":[],"is_endless":false,"potions_floor_spawned":[1,4],"killed_by":"Slime Boss","ascension_level":20}}