{"host":"vwbv8761kql87467","time":1610858412,"event":{"mods":["100% Spire Juice","BaseMod","Bestiary","Block Reminder","Colored Map","Colored Powertips","Dark Map","DeckTracker","Hubris","KinomotoSakuraMod(????)","Koishi","Marisa????????","Minty Spire (QoL Compilation)","MostiFishMod","Quick Restart","Rare Cards Sparkle","Relic Stats","RumiaBox-????????","StSLib","The Alterego","The Animator","The Blue Laboratory","The Cursed","The Gatherer","The IronCluck","The Marked","The Mystic","The Runesmith","The Servant 0.9.4","TheSwordswoman","Thieving Mod","Uncapped","Waifu the Spire","Yuri Mod","Yuyuko","??????REMEMod"],"gold_per_floor":[119,138,157,10,10,10,28,43,43,43,61,16,16,16,16],"floor_reached":14,"language":"ENG","playtime":741,"items_purged":[],"score":81,"play_id":"4e3d3ac6-ee87-4799-9b4f-9ea8cbc31236","local_time":"20210116214012","is_ascension_mode":false,"campfire_choices":[{"data":"Moonworks:MetallicMonocoque","floor":6,"key":"SMITH"}],"circlet_count":0,"master_deck":["Moonworks:Strike","Moonworks:Strike","Moonworks:Strike","Moonworks:Strike","Moonworks:Defend","Moonworks:Defend","Moonworks:Defend","Moonworks:Defend","Moonworks:Ambush","Moonworks:LongDistanceShot","Moonworks:ImOnFire","Moonworks:DeployBits","Moonworks:MetallicMonocoque+1","Moonworks:FullSpeedAlicianrone","Moonworks:BigBangBell","Moonworks:LulusLuckyEgg+1"],"relics":["Moonworks:BrokenBomb","Moonworks:Homemark","REME_ComplimentaryCards","DaveBox","NeowsBlessing","Blood Vial","Centennial Puzzle","hubris:SlimyHat","Spirit Poop"],"acts_visited":["Exordium"],"potions_floor_usage":[14],"damage_taken":[{"damage":0,"enemies":"Small Slimes","floor":1,"turns":1},{"damage":0,"enemies":"Jaw Worm","floor":2,"turns":1},{"damage":0,"enemies":"Cultist","floor":3,"turns":2},{"damage":7,"enemies":"3 Louse","floor":7,"turns":4},{"damage":11,"enemies":"2 Fungi Beasts","floor":8,"turns":4},{"damage":1,"enemies":"Gremlin Gang","floor":11,"turns":6},{"damage":20,"enemies":"Gremlin Nob","floor":14,"turns":5}],"seed_played":"-5328461704592292226","potions_obtained":[{"floor":2,"key":"Regen Potion"},{"floor":3,"key":"LiquidMemories"}],"is_trial":false,"path_per_floor":["M","M","M","$","?","R","M","M","T","?","M","?","?","E"],"character_chosen":"THE_STARBREAKER","items_purchased":["Blood Vial"],"campfire_rested":0,"item_purchase_floors":[4],"current_hp_per_floor":[60,60,60,60,60,60,53,44,44,44,45,34,34,28,28],"gold":16,"neow_bonus":"THREE_ENEMY_KILL","is_daily":false,"chose_seed":false,"campfire_upgraded":1,"win_rate":0.0,"timestamp":1610858412,"path_taken":["M","M","M","$","?","R","M","M","T","?","?","?","?","E"],"items_purchased_type":["Relic"],"build_version":"2020-12-22","purchased_purges":0,"victory":false,"max_hp_per_floor":[60,60,60,60,60,60,60,60,60,60,60,60,60,60,60],"relic_stats":{"Blood Vial":6,"Centennial Puzzle":[12],"counters":[7,23],"obtain_stats":[{"Blood Vial":4,"Centennial Puzzle":5,"DaveBox":0,"NeowsBlessing":0,"Moonworks:Homemark":0,"Spirit Poop":10,"hubris:SlimyHat":9,"Moonworks:BrokenBomb":0,"REME_ComplimentaryCards":0},{"Blood Vial":3,"Centennial Puzzle":3,"DaveBox":0,"NeowsBlessing":0,"Moonworks:Homemark":0,"Spirit Poop":5,"hubris:SlimyHat":5,"Moonworks:BrokenBomb":0,"REME_ComplimentaryCards":0},{"Blood Vial":4,"Centennial Puzzle":4,"DaveBox":0,"NeowsBlessing":0,"Moonworks:Homemark":0,"Spirit Poop":12,"hubris:SlimyHat":12,"Moonworks:BrokenBomb":0,"REME_ComplimentaryCards":0}]},"card_choices":[{"not_picked":["Moonworks:Dash","Moonworks:CloudOfSeagulls"],"picked":"Moonworks:ImOnFire","floor":1},{"not_picked":["Moonworks:JonathanRush","Moonworks:TacticalRetreat"],"picked":"Moonworks:DeployBits","floor":2},{"not_picked":["Moonworks:JonathanRush","Moonworks:Assault"],"picked":"Moonworks:MetallicMonocoque","floor":3},{"not_picked":["Moonworks:CloudOfSeagulls","Moonworks:LulusLuckyEgg"],"picked":"Moonworks:FullSpeedAlicianrone","floor":7},{"not_picked":["Moonworks:ImOnFire","Moonworks:LulusLuckyEgg"],"picked":"Moonworks:BigBangBell","floor":8},{"not_picked":["Moonworks:DeployBits","Moonworks:SakisCookie"],"picked":"Moonworks:LulusLuckyEgg","floor":11}],"player_experience":142402,"relics_obtained":[{"floor":9,"key":"hubris:SlimyHat"}],"event_choices":[{"damage_healed":0,"gold_gain":0,"player_choice":"Box","damage_taken":0,"relics_obtained":["Centennial Puzzle"],"max_hp_gain":0,"max_hp_loss":0,"event_name":"Big Fish","floor":5,"gold_loss":0,"cards_obtained":["Regret"]},{"cards_removed":["Regret"],"damage_healed":0,"gold_gain":0,"player_choice":"Offered Curse","damage_taken":0,"relics_obtained":["Spirit Poop"],"max_hp_gain":0,"max_hp_loss":0,"event_name":"Bonfire Elementals","floor":10,"gold_loss":0},{"damage_healed":0,"gold_gain":75,"player_choice":"Gather Gold","damage_taken":11,"max_hp_gain":0,"max_hp_loss":0,"event_name":"World of Goop","floor":12,"gold_loss":0},{"damage_healed":0,"gold_gain":0,"player_choice":"Grow","damage_taken":0,"max_hp_gain":0,"max_hp_loss":0,"event_name":"Living Wall","floor":13,"gold_loss":0,"cards_upgraded":["Moonworks:LulusLuckyEgg"]}],"is_beta":false,"boss_relics":[],"items_purged_floors":[],"is_endless":false,"potions_floor_spawned":[1,2,3],"killed_by":"Gremlin Nob","ascension_level":0}}