{"host":"ebj6lkgm8suah319","time":1610903408,"event":{"mods":["2.2 Compatiblity","AchievementEnabler","BaseMod","Block Reminder","Colored Map","Colored Powertips","Minty Spire (QoL Compilation)","Quick Restart","Rare Cards Sparkle","Relic Stats","SuperFastMode"],"gold_per_floor":[109,109,122,137,155,155,187,187,235,66,101,101,101,111,111,211,211,226,241,257,257,268,296,4,4,4],"floor_reached":25,"language":"ENG","playtime":1245,"items_purged":["Strike_R","Strike_R"],"score":291,"play_id":"21b123cf-f316-4990-a030-3740705a15f4","local_time":"20210117121008","is_ascension_mode":true,"campfire_choices":[{"data":"Bash","floor":6.0,"key":"SMITH"},{"data":"Uppercut","floor":12.0,"key":"SMITH"},{"data":"Pommel Strike","floor":15.0,"key":"SMITH"}],"circlet_count":0,"master_deck":["Strike_R","Defend_R","Defend_R","Defend_R","Defend_R","Bash+1","Armaments+1","Pommel Strike+1","Headbutt","Flame Barrier","Dark Embrace","Impervious","Uppercut+1","Shrug It Off","Offering","True Grit","Rage","Carnage","Burning Pact","Fire Breathing"],"relics":["Burning Blood","Mango","InkBottle","Red Skull","Dream Catcher","Philosopher\u0027s Stone","StoneCalendar","Bronze Scales"],"acts_visited":["Exordium","TheCity"],"potions_floor_usage":[23],"damage_taken":[{"damage":5.0,"enemies":"2 Louse","floor":1.0,"turns":4.0},{"damage":1.0,"enemies":"Cultist","floor":3.0,"turns":3.0},{"damage":0.0,"enemies":"Jaw Worm","floor":4.0,"turns":3.0},{"damage":1.0,"enemies":"2 Fungi Beasts","floor":5.0,"turns":3.0},{"damage":22.0,"enemies":"3 Sentries","floor":7.0,"turns":10.0},{"damage":39.0,"enemies":"Lagavulin","floor":11.0,"turns":8.0},{"damage":0.0,"enemies":"Exordium Thugs","floor":14.0,"turns":4.0},{"damage":23.0,"enemies":"Slime Boss","floor":16.0,"turns":7.0},{"damage":12.0,"enemies":"2 Thieves","floor":18.0,"turns":4.0},{"damage":44.0,"enemies":"3 Byrds","floor":19.0,"turns":7.0},{"damage":14.0,"enemies":"Snake Plant","floor":20.0,"turns":4.0},{"damage":16.0,"enemies":"Snecko","floor":22.0,"turns":6.0},{"damage":25,"enemies":"Book of Stabbing","floor":23,"turns":8},{"damage":17,"enemies":"Slavers","floor":25,"turns":1}],"seed_played":"9193509803198162641","potions_obtained":[{"floor":4.0,"key":"LiquidBronze"},{"floor":5.0,"key":"EntropicBrew"},{"floor":16.0,"key":"Strength Potion"},{"floor":20.0,"key":"FearPotion"}],"is_trial":false,"path_per_floor":["M","?","M","M","M","R","E","?","T","$","E","R","?","M","R","B",null,"M","M","M","?","M","E","$","E"],"character_chosen":"IRONCLAD","items_purchased":["Uppercut","Shrug It Off","Bronze Scales","Fire Breathing"],"campfire_rested":0,"item_purchase_floors":[10,10,24,24],"current_hp_per_floor":[86,86,86,86,86,86,70,70,70,70,37,37,30,36,36,19,69,63,25,17,45,35,16,16,0,0],"gold":4,"neow_bonus":"ONE_RARE_RELIC","is_daily":false,"chose_seed":false,"campfire_upgraded":3,"win_rate":0.0,"timestamp":1610903408,"path_taken":["M","?","M","M","?","R","E","?","T","$","E","R","?","?","R","BOSS","M","?","M","?","M","E","?","E"],"items_purchased_type":["Card","Card","Relic","Card"],"build_version":"2020-12-22","purchased_purges":2,"victory":false,"max_hp_per_floor":[86,86,86,86,86,86,86,86,86,86,86,86,86,86,86,86,86,86,86,86,86,86,86,86,86,86],"relic_stats":{"Dream Catcher":0,"counters":[14,72],"Bronze Scales":[3],"StoneCalendar":[0],"obtain_stats":[{"Dream Catcher":11,"Bronze Scales":24,"Mango":0,"Philosopher\u0027s Stone":17,"StoneCalendar":23,"Burning Blood":0,"InkBottle":7,"Red Skull":9},{"Dream Catcher":6,"Bronze Scales":13,"Mango":0,"Philosopher\u0027s Stone":8,"StoneCalendar":13,"Burning Blood":0,"InkBottle":5,"Red Skull":5},{"Dream Catcher":31,"Bronze Scales":71,"Mango":0,"Philosopher\u0027s Stone":42,"StoneCalendar":71,"Burning Blood":0,"InkBottle":23,"Red Skull":23}],"Burning Blood":61,"InkBottle":[13]},"card_choices":[{"not_picked":["Clash","Havoc"],"picked":"Armaments","floor":1.0},{"not_picked":["Exhume","Iron Wave"],"picked":"Pommel Strike","floor":3.0},{"not_picked":["Clash","Sword Boomerang"],"picked":"Headbutt","floor":4.0},{"not_picked":["Clash","Intimidate"],"picked":"Flame Barrier","floor":5.0},{"not_picked":["Dropkick","Bloodletting"],"picked":"Dark Embrace","floor":7.0},{"not_picked":["Searing Blow","Flex","Sword Boomerang"],"picked":"SKIP","floor":11.0},{"not_picked":["Headbutt","Havoc","Perfected Strike"],"picked":"SKIP","floor":14.0},{"not_picked":["Exhume","Brutality"],"picked":"Offering","floor":16.0},{"not_picked":["Seeing Red","Armaments+1"],"picked":"True Grit","floor":18.0},{"not_picked":["Power Through+1","Body Slam"],"picked":"Rage","floor":19.0},{"not_picked":["Clash","Iron Wave"],"picked":"Carnage","floor":20.0},{"not_picked":["Bloodletting+1","Heavy Blade+1"],"picked":"Burning Pact","floor":22.0},{"not_picked":["Rupture","Warcry","Armaments"],"picked":"SKIP","floor":23}],"player_experience":13139,"relics_obtained":[{"floor":7.0,"key":"InkBottle"},{"floor":9.0,"key":"Red Skull"},{"floor":11.0,"key":"Dream Catcher"},{"floor":23,"key":"StoneCalendar"}],"event_choices":[{"damage_healed":0.0,"max_hp_gain":0.0,"max_hp_loss":0.0,"gold_gain":0.0,"event_name":"Upgrade Shrine","player_choice":"Upgraded","floor":2.0,"gold_loss":0.0,"damage_taken":0.0,"cards_upgraded":["Armaments"]},{"damage_healed":0.0,"max_hp_gain":0.0,"max_hp_loss":0.0,"gold_gain":0.0,"cards_transformed":["Strike_R"],"event_name":"Living Wall","player_choice":"Change","floor":8.0,"gold_loss":0.0,"damage_taken":0.0,"cards_obtained":["Impervious"]},{"cards_removed":["Strike_R"],"damage_healed":0.0,"max_hp_gain":0.0,"max_hp_loss":0.0,"gold_gain":0.0,"event_name":"Golden Wing","player_choice":"Card Removal","floor":13.0,"gold_loss":0.0,"damage_taken":7.0},{"damage_healed":28.0,"max_hp_gain":0.0,"max_hp_loss":0.0,"gold_gain":0.0,"event_name":"The Library","player_choice":"Heal","floor":21.0,"gold_loss":0.0,"damage_taken":0.0}],"is_beta":false,"boss_relics":[{"not_picked":["Empty Cage","Busted Crown"],"picked":"Philosopher\u0027s Stone"}],"items_purged_floors":[10,24],"is_endless":false,"potions_floor_spawned":[4,5,16,20,22],"killed_by":"Slavers","ascension_level":5}}