{"host":"y76clbnovzmw9ubx","time":1610897420,"event":{"mods":["AchievementEnabler","BaseMod","Minty Spire (QoL Compilation)","Permanent Neow","Relic Stats"],"gold_per_floor":[110,130,147,163,243,271,283,301,301,301,301,237,237,253,253,253,253],"floor_reached":16,"language":"ENG","playtime":795,"items_purged":[],"score":232,"play_id":"f4ab5daa-3864-4a05-ab81-43ead888b4c4","local_time":"20210117103020","is_ascension_mode":true,"campfire_choices":[{"floor":13,"key":"REST"},{"floor":15,"key":"REST"}],"circlet_count":0,"master_deck":["AscendersBane","Strike_G","Strike_G","Strike_G","Strike_G","Defend_G","Defend_G","Defend_G","Defend_G","Survivor","Neutralize","Envenom","Cloak And Dagger","Dodge and Roll","Blade Dance","Skewer","All Out Attack","Catalyst+1","Catalyst","Caltrops","Catalyst"],"relics":["Ring of the Snake","Anchor","Akabeko"],"acts_visited":["Exordium"],"potions_floor_usage":[5,6,11,14],"damage_taken":[{"damage":0,"enemies":"2 Louse","floor":1,"turns":3},{"damage":6,"enemies":"Jaw Worm","floor":2,"turns":6},{"damage":0,"enemies":"Cultist","floor":3,"turns":4},{"damage":4,"enemies":"Looter","floor":4,"turns":4},{"damage":8,"enemies":"Gremlin Gang","floor":5,"turns":7},{"damage":22,"enemies":"Gremlin Nob","floor":6,"turns":4},{"damage":0,"enemies":"Red Slaver","floor":7,"turns":4},{"damage":2,"enemies":"2 Fungi Beasts","floor":8,"turns":4},{"damage":7,"enemies":"3 Sentries","floor":11,"turns":6},{"damage":15,"enemies":"Large Slime","floor":14,"turns":6},{"damage":37,"enemies":"Hexaghost","floor":16,"turns":8}],"seed_played":"3846082868820271904","potions_obtained":[{"floor":1,"key":"BlessingOfTheForge"},{"floor":3,"key":"ColorlessPotion"},{"floor":6,"key":"SmokeBomb"},{"floor":7,"key":"SpeedPotion"}],"is_trial":false,"path_per_floor":["M","M","M","M","M","E","M","M","T","?","E","?","R","M","R","B"],"character_chosen":"THE_SILENT","items_purchased":[],"campfire_rested":2,"item_purchase_floors":[],"current_hp_per_floor":[59,53,53,49,41,19,19,17,17,17,10,10,28,13,31,0,0],"gold":253,"neow_bonus":"TRANSFORM_TWO_CARDS","is_daily":false,"chose_seed":false,"campfire_upgraded":0,"win_rate":0.0,"timestamp":1610897420,"path_taken":["M","M","M","M","M","E","M","M","T","?","E","?","R","?","R","BOSS"],"items_purchased_type":[],"build_version":"2020-12-22","purchased_purges":0,"victory":false,"max_hp_per_floor":[60,60,60,60,60,60,60,60,60,60,60,60,60,60,60,60,60],"relic_stats":{"counters":[11,56],"obtain_stats":[{"Anchor":6,"Akabeko":9,"Ring of the Snake":0},{"Anchor":6,"Akabeko":8,"Ring of the Snake":0},{"Anchor":28,"Akabeko":36,"Ring of the Snake":0}],"Ring of the Snake":[22]},"card_choices":[{"not_picked":["Eviscerate","Heel Hook","Tactician"],"picked":"SKIP","floor":1},{"not_picked":["Dagger Throw","Quick Slash"],"picked":"Dodge and Roll","floor":2},{"not_picked":["Quick Slash","Heel Hook"],"picked":"Blade Dance","floor":3},{"not_picked":["Flying Knee","Underhanded Strike"],"picked":"Skewer","floor":4},{"not_picked":["Predator","Dodge and Roll"],"picked":"All Out Attack","floor":5},{"not_picked":["Adrenaline","Setup"],"picked":"Catalyst","floor":6},{"not_picked":["Dodge and Roll","Escape Plan"],"picked":"Catalyst","floor":7},{"not_picked":["Cloak And Dagger","Blur"],"picked":"Caltrops","floor":8},{"not_picked":["Bouncing Flask","Caltrops"],"picked":"Catalyst","floor":14}],"player_experience":3076740,"relics_obtained":[{"floor":6,"key":"Anchor"},{"floor":9,"key":"Akabeko"}],"event_choices":[{"damage_healed":0,"gold_gain":0,"player_choice":"Grow","damage_taken":0,"max_hp_gain":0,"max_hp_loss":0,"event_name":"Living Wall","floor":10,"gold_loss":0,"cards_upgraded":["Catalyst"]},{"damage_healed":0,"gold_gain":0,"player_choice":"Left Gold","damage_taken":0,"max_hp_gain":0,"max_hp_loss":0,"event_name":"World of Goop","floor":12,"gold_loss":64}],"is_beta":false,"boss_relics":[],"items_purged_floors":[],"is_endless":false,"potions_floor_spawned":[1,3,6,7],"killed_by":"Hexaghost","ascension_level":20}}