{"host":"3h5qf14xt40jhha0","time":1610856701,"event":{"mods":["AlwaysNeverKeys","BaseMod","Colored Powertips","Minty Spire (QoL Compilation)","Permanent Neow","Relic Stats","StSLib"],"gold_per_floor":[119,130,147,163,174,199,199,217,299,328,328,328,340,305,305,379,379,394,62,62,62,62,62,87,105,105,105,134,134,168,0,0,74,74,89,102,153,166,185,220,220,254,334,334,368,368,396,414,414,414,414,414,414,54,88,88,88],"floor_reached":56,"language":"ENG","playtime":4106,"items_purged":["Strike_G","Strike_G"],"score":2266,"play_id":"70cedcbf-13be-49e0-8271-78c677119d9f","local_time":"20210116231141","is_ascension_mode":true,"campfire_choices":[{"floor":7.0,"key":"REST"},{"data":"Glass Knife","floor":11.0,"key":"SMITH"},{"data":"Blade Dance","floor":15.0,"key":"SMITH"},{"data":"Venomology","floor":23.0,"key":"SMITH"},{"data":"Terror","floor":27.0,"key":"SMITH"},{"data":"Accuracy","floor":29.0,"key":"SMITH"},{"data":"Storm of Steel","floor":32.0,"key":"SMITH"},{"floor":41.0,"key":"RECALL"},{"floor":49.0,"key":"REST"},{"data":"Well Laid Plans","floor":53.0,"key":"SMITH"}],"circlet_count":0,"master_deck":["AscendersBane","Strike_G","Strike_G","Strike_G+1","Defend_G","Defend_G","Defend_G","Defend_G","Defend_G","Survivor","Neutralize","Blade Dance+1","Choke+1","Backflip","Glass Knife+1","Venomology+1","Footwork","Storm of Steel+1","Accuracy+1","Shame","Terror+1","Deflect+1","Grand Finale","Cloak And Dagger+1","Well Laid Plans+1","Outmaneuver+1","Escape Plan+1","Escape Plan+1","Footwork","Escape Plan+1","Madness+1","Flash of Steel","Backflip+1","Escape Plan+1","Finisher","Acrobatics+1","Panacea+1"],"relics":["Ring of the Snake","Bag of Preparation","Bird Faced Urn","InkBottle","Tough Bandages","Blue Candle","SacredBark","Anchor","Thread and Needle","Meat on the Bone","Lantern","Mercury Hourglass","Whetstone","Toxic Egg 2","Oddly Smooth Stone","Black Star","StoneCalendar","Akabeko","Calipers","MealTicket","Sundial","Kunai","Potion Belt","Unceasing Top","Bottled Lightning","Membership Card","Ice Cream","StrikeDummy"],"acts_visited":["Exordium","TheCity","TheBeyond","TheEnding"],"potions_floor_usage":[56,56],"damage_taken":[{"damage":1.0,"enemies":"Cultist","floor":1.0,"turns":4.0},{"damage":0.0,"enemies":"Jaw Worm","floor":2.0,"turns":4.0},{"damage":0.0,"enemies":"Small Slimes","floor":3.0,"turns":4.0},{"damage":3.0,"enemies":"Looter","floor":4.0,"turns":2.0},{"damage":0.0,"enemies":"Blue Slaver","floor":5.0,"turns":2.0},{"damage":39.0,"enemies":"Lagavulin","floor":6.0,"turns":9.0},{"damage":0.0,"enemies":"2 Fungi Beasts","floor":8.0,"turns":3.0},{"damage":0.0,"enemies":"Gremlin Nob","floor":10.0,"turns":2.0},{"damage":6.0,"enemies":"Exordium Wildlife","floor":13.0,"turns":3.0},{"damage":41.0,"enemies":"Slime Boss","floor":16.0,"turns":14.0},{"damage":0.0,"enemies":"Shell Parasite","floor":18.0,"turns":4.0},{"damage":5.0,"enemies":"Slavers","floor":24.0,"turns":4.0},{"damage":2.0,"enemies":"2 Thieves","floor":25.0,"turns":4.0},{"damage":3.0,"enemies":"Gremlin Leader","floor":28.0,"turns":4.0},{"damage":2.0,"enemies":"Book of Stabbing","floor":30.0,"turns":3.0},{"damage":59.0,"enemies":"Collector","floor":33.0,"turns":7.0},{"damage":0.0,"enemies":"3 Shapes","floor":35.0,"turns":2.0},{"damage":0.0,"enemies":"Orb Walker","floor":36.0,"turns":2.0},{"damage":0.0,"enemies":"2 Orb Walkers","floor":37.0,"turns":2.0},{"damage":15.0,"enemies":"Jaw Worm Horde","floor":38.0,"turns":5.0},{"damage":8.0,"enemies":"Transient","floor":39.0,"turns":6.0},{"damage":1.0,"enemies":"Nemesis","floor":40.0,"turns":3.0},{"damage":21.0,"enemies":"Reptomancer","floor":42.0,"turns":6.0},{"damage":6.0,"enemies":"Nemesis","floor":45.0,"turns":3.0},{"damage":7.0,"enemies":"Reptomancer","floor":47.0,"turns":7.0},{"damage":1.0,"enemies":"Writhing Mass","floor":48.0,"turns":4.0},{"damage":53.0,"enemies":"Time Eater","floor":50.0,"turns":11.0},{"damage":26.0,"enemies":"Awakened One","floor":51.0,"turns":29.0},{"damage":51.0,"enemies":"Shield and Spear","floor":55.0,"turns":8.0},{"damage":33,"enemies":"The Heart","floor":56,"turns":3}],"seed_played":"-548456073467877922","potions_obtained":[{"floor":4.0,"key":"Poison Potion"},{"floor":8.0,"key":"BlessingOfTheForge"},{"floor":16.0,"key":"Ancient Potion"},{"floor":24.0,"key":"FairyPotion"},{"floor":30.0,"key":"PowerPotion"},{"floor":39.0,"key":"Swift Potion"},{"floor":42.0,"key":"LiquidMemories"},{"floor":45.0,"key":"Block Potion"},{"floor":48.0,"key":"GhostInAJar"}],"is_trial":false,"path_per_floor":["M","M","M","M","M","E","R","M","T","E","R","T","M","?","R","B",null,"M","$","?","?","T","R","E","M","T","R","E","R","E","$","R","B",null,"M","M","?","M","M","E","R","E","T","?","E","?","E","M","R","B","B",null,"R","$","E","B"],"character_chosen":"THE_SILENT","items_purchased":["Accuracy","Anchor","Oddly Smooth Stone","Membership Card","Acrobatics+1","Dexterity Potion","Poison Potion","Poison Potion","Panacea+1"],"campfire_rested":2,"item_purchase_floors":[19,19,31,54,54,54,54,54,54],"current_hp_per_floor":[58,58,58,55,55,16,35,35,35,35,35,35,29,45,45,6,51,51,51,51,51,51,51,50,52,52,52,53,53,55,55,55,16,54,56,60,62,51,49,54,54,45,45,40,40,40,39,46,65,28,22,55,55,66,32,0,0],"gold":88,"neow_bonus":"RANDOM_COMMON_RELIC","is_daily":false,"chose_seed":false,"campfire_upgraded":7,"win_rate":0.0,"timestamp":1610856701,"path_taken":["M","M","?","M","M","E","R","M","T","E","R","?","M","?","R","BOSS","M","$","?","?","?","R","E","M","T","R","E","R","E","$","R","BOSS","M","M","?","M","M","E","R","E","T","?","E","?","E","M","R","BOSS","BOSS","R","$","E","BOSS"],"items_purchased_type":["Card","Relic","Relic","Relic","Card","Potion","Potion","Potion","Card"],"build_version":"2020-12-22","purchased_purges":2,"victory":false,"max_hp_per_floor":[66,66,66,66,66,66,66,66,66,66,66,66,66,66,66,66,66,66,66,66,66,66,66,66,66,66,66,66,66,66,66,66,66,66,66,66,66,66,66,66,66,66,66,66,66,66,66,66,66,66,66,66,66,66,66,66,66],"relic_stats":{"counters":[30,164],"Blue Candle":[16],"StoneCalendar":[104],"Bag of Preparation":[60],"Whetstone":["Strike_G","Choke"],"Mercury Hourglass":[413],"Tough Bandages":[429],"Sundial":[6],"Bird Faced Urn":[99],"MealTicket":11,"Black Star":5,"Kunai":[46],"obtain_stats":[{"Ice Cream":55,"Lantern":24,"Calipers":40,"SacredBark":17,"StoneCalendar":37,"Bag of Preparation":0,"Whetstone":28,"Tough Bandages":10,"Sundial":42,"MealTicket":42,"Kunai":45,"Toxic Egg 2":30,"InkBottle":9,"Ring of the Snake":0,"Potion Belt":45,"Blue Candle":12,"Oddly Smooth Stone":31,"Thread and Needle":20,"Akabeko":40,"Mercury Hourglass":26,"Anchor":19,"Bird Faced Urn":6,"Black Star":34,"Bottled Lightning":47,"Membership Card":54,"StrikeDummy":55,"Unceasing Top":47,"Meat on the Bone":22},{"Ice Cream":29,"Lantern":12,"Calipers":22,"SacredBark":10,"StoneCalendar":19,"Bag of Preparation":0,"Whetstone":14,"Tough Bandages":8,"Sundial":23,"MealTicket":23,"Kunai":24,"Toxic Egg 2":15,"InkBottle":7,"Ring of the Snake":0,"Potion Belt":24,"Blue Candle":8,"Oddly Smooth Stone":15,"Thread and Needle":11,"Akabeko":22,"Mercury Hourglass":13,"Anchor":11,"Bird Faced Urn":6,"Black Star":16,"Bottled Lightning":25,"Membership Card":28,"StrikeDummy":29,"Unceasing Top":25,"Meat on the Bone":11},{"Ice Cream":161,"Lantern":55,"Calipers":93,"SacredBark":47,"StoneCalendar":79,"Bag of Preparation":0,"Whetstone":63,"Tough Bandages":30,"Sundial":99,"MealTicket":99,"Kunai":102,"Toxic Egg 2":66,"InkBottle":28,"Ring of the Snake":0,"Potion Belt":102,"Blue Candle":30,"Oddly Smooth Stone":66,"Thread and Needle":51,"Akabeko":93,"Mercury Hourglass":59,"Anchor":51,"Bird Faced Urn":25,"Black Star":73,"Bottled Lightning":109,"Membership Card":153,"StrikeDummy":161,"Unceasing Top":109,"Meat on the Bone":51}],"InkBottle":[88],"Unceasing Top":[11],"Ring of the Snake":[60],"Meat on the Bone":48},"card_choices":[{"not_picked":["Bane","Prepared"],"picked":"Blade Dance","floor":1.0},{"not_picked":["Flechettes","Calculated Gamble"],"picked":"Choke","floor":2.0},{"not_picked":["Dagger Spray","Backflip"],"picked":"Masterful Stab","floor":3.0},{"not_picked":["Bane","Reflex"],"picked":"Backflip","floor":4.0},{"not_picked":["Sucker Punch","PiercingWail","Outmaneuver"],"picked":"SKIP","floor":5.0},{"not_picked":["Deflect","Distraction"],"picked":"Glass Knife","floor":6.0},{"not_picked":["Bane","Heel Hook","Backflip"],"picked":"SKIP","floor":8.0},{"not_picked":["Bouncing Flask","Deflect"],"picked":"Venomology","floor":10.0},{"not_picked":["Underhanded Strike","Flying Knee"],"picked":"Footwork","floor":13.0},{"not_picked":["Grand Finale","After Image"],"picked":"Storm of Steel","floor":16.0},{"not_picked":["Flying Knee","Dagger Spray","Bane"],"picked":"SKIP","floor":18.0},{"not_picked":["Quick Slash","Glass Knife","Dagger Spray"],"picked":"SKIP","floor":24.0},{"not_picked":["Eviscerate","Heel Hook"],"picked":"Terror","floor":25.0},{"not_picked":["Terror","PiercingWail","All Out Attack"],"picked":"SKIP","floor":28.0},{"not_picked":["Concentrate+1","Endless Agony"],"picked":"Deflect+1","floor":30.0},{"not_picked":["Storm of Steel+1","Wraith Form v2"],"picked":"Grand Finale","floor":33.0},{"not_picked":["Riddle With Holes","Dagger Spray"],"picked":"Cloak And Dagger+1","floor":35.0},{"not_picked":["Riddle With Holes+1","Dagger Spray"],"picked":"Well Laid Plans","floor":36.0},{"not_picked":["Bane+1","All Out Attack+1"],"picked":"Outmaneuver+1","floor":37.0},{"not_picked":["Expertise+1","Masterful Stab+1"],"picked":"Escape Plan+1","floor":38.0},{"not_picked":["Slice","Noxious Fumes"],"picked":"Escape Plan+1","floor":39.0},{"not_picked":["Setup+1","Underhanded Strike"],"picked":"Footwork","floor":40.0},{"not_picked":["Deflect+1","Die Die Die"],"picked":"Escape Plan+1","floor":42.0},{"not_picked":["Metamorphosis+1","Swift Strike"],"picked":"Madness+1","floor":44.0},{"not_picked":["Forethought+1","Deep Breath+1"],"picked":"Flash of Steel","floor":44.0},{"not_picked":["Dagger Throw+1","Deflect+1"],"picked":"Backflip+1","floor":45.0},{"not_picked":["Caltrops","Underhanded Strike"],"picked":"Escape Plan+1","floor":47.0},{"not_picked":["Quick Slash+1","Heel Hook"],"picked":"Finisher","floor":48.0},{"not_picked":["Noxious Fumes+1","Underhanded Strike","Heel Hook"],"picked":"SKIP","floor":55.0}],"player_experience":1345265,"relics_obtained":[{"floor":6.0,"key":"Bird Faced Urn"},{"floor":9.0,"key":"InkBottle"},{"floor":10.0,"key":"Tough Bandages"},{"floor":12.0,"key":"Blue Candle"},{"floor":22.0,"key":"Meat on the Bone"},{"floor":24.0,"key":"Lantern"},{"floor":26.0,"key":"Mercury Hourglass"},{"floor":28.0,"key":"Whetstone"},{"floor":30.0,"key":"Toxic Egg 2"},{"floor":37.0,"key":"StoneCalendar"},{"floor":40.0,"key":"Akabeko"},{"floor":40.0,"key":"Calipers"},{"floor":42.0,"key":"MealTicket"},{"floor":42.0,"key":"Sundial"},{"floor":45.0,"key":"Kunai"},{"floor":45.0,"key":"Potion Belt"},{"floor":47.0,"key":"Unceasing Top"},{"floor":47.0,"key":"Bottled Lightning"},{"floor":55.0,"key":"Ice Cream"},{"floor":55.0,"key":"StrikeDummy"}],"event_choices":[{"damage_healed":16.0,"max_hp_gain":0.0,"max_hp_loss":0.0,"gold_gain":0.0,"event_name":"The Cleric","player_choice":"Healed","floor":14.0,"gold_loss":35.0,"damage_taken":0.0},{"damage_healed":0.0,"max_hp_gain":0.0,"max_hp_loss":0.0,"gold_gain":0.0,"event_name":"Addict","player_choice":"Stole Relic","floor":20.0,"gold_loss":0.0,"damage_taken":0.0,"relics_obtained":["Thread and Needle"],"cards_obtained":["Shame"]},{"damage_healed":0.0,"max_hp_gain":0.0,"max_hp_loss":0.0,"gold_gain":0.0,"event_name":"Vampires","player_choice":"Ignored","floor":21.0,"gold_loss":0.0,"damage_taken":0.0},{"damage_healed":0.0,"max_hp_gain":0.0,"max_hp_loss":0.0,"gold_gain":0.0,"event_name":"Mysterious Sphere","player_choice":"Fight","floor":37.0,"gold_loss":0.0,"damage_taken":0.0},{"damage_healed":0.0,"max_hp_gain":0.0,"max_hp_loss":0.0,"gold_gain":0.0,"event_name":"SensoryStone","player_choice":"Memory 2","floor":44.0,"gold_loss":0.0,"damage_taken":5.0},{"cards_removed":["Masterful Stab"],"damage_healed":0.0,"max_hp_gain":0.0,"max_hp_loss":0.0,"gold_gain":0.0,"event_name":"Falling","player_choice":"Removed Attack","floor":46.0,"gold_loss":0.0,"damage_taken":0.0}],"is_beta":false,"boss_relics":[{"not_picked":["Pandora\u0027s Box","Velvet Choker"],"picked":"SacredBark"},{"not_picked":["Calling Bell","Empty Cage"],"picked":"Black Star"}],"items_purged_floors":[19,54],"is_endless":false,"potions_floor_spawned":[4,8,16,24,28,30,38,39,42,45,48],"killed_by":"The Heart","ascension_level":20}}