{"host":"g01l53quoe6lrer0","time":1610848500,"event":{"mods":["2.2 Compatiblity","AchievementEnabler","BaseMod","Colored Map","Highlight Path","Keyboard Shortcuts","Minty Spire (QoL Compilation)","Permanent Neow","StSLib","SuperFastMode","everything is the same but u backflip on backflip"],"gold_per_floor":[13,26,41,52,71,71,71],"floor_reached":6,"language":"KOR","playtime":199,"items_purged":[],"score":76,"play_id":"e745b1f1-9d9d-44a6-9fe6-ea1ec0ae4328","local_time":"20210117105500","is_ascension_mode":true,"campfire_choices":[],"circlet_count":0,"master_deck":["AscendersBane","Strike_B","Strike_B","Strike_B","Strike_B","Defend_B","Defend_B","Defend_B","Defend_B","Zap","Dualcast","Master of Strategy","Cold Snap","Streamline","Aggregate","Consume","Go for the Eyes"],"relics":["Cracked Core"],"acts_visited":["Exordium"],"potions_floor_usage":[6],"damage_taken":[{"damage":8.0,"enemies":"Small Slimes","floor":1.0,"turns":3.0},{"damage":11.0,"enemies":"2 Louse","floor":2.0,"turns":2.0},{"damage":1.0,"enemies":"Cultist","floor":3.0,"turns":3.0},{"damage":21.0,"enemies":"Lots of Slimes","floor":4.0,"turns":6.0},{"damage":6.0,"enemies":"Exordium Wildlife","floor":5.0,"turns":2.0},{"damage":15,"enemies":"Lagavulin","floor":6,"turns":4}],"seed_played":"-519158661940774601","potions_obtained":[{"floor":1.0,"key":"SmokeBomb"},{"floor":3.0,"key":"Fruit Juice"},{"floor":4.0,"key":"LiquidBronze"}],"is_trial":false,"path_per_floor":["M","M","M","M","M","E"],"character_chosen":"DEFECT","items_purchased":[],"campfire_rested":0,"item_purchase_floors":[],"current_hp_per_floor":[56,45,49,28,22,7,7],"gold":71,"neow_bonus":"RANDOM_COLORLESS_2","is_daily":false,"chose_seed":false,"campfire_upgraded":0,"win_rate":0.0,"timestamp":1610848500,"path_taken":["M","M","M","M","M","E"],"items_purchased_type":[],"build_version":"2020-12-22","purchased_purges":0,"victory":false,"max_hp_per_floor":[71,71,76,76,76,76,76],"card_choices":[{"not_picked":["Metamorphosis","Panache"],"picked":"Master of Strategy","floor":0.0},{"not_picked":["Skim","Beam Cell"],"picked":"Cold Snap","floor":1.0},{"not_picked":["Skim","Auto Shields"],"picked":"Streamline","floor":2.0},{"not_picked":["Rebound","Undo"],"picked":"Aggregate","floor":3.0},{"not_picked":["Doom and Gloom","Echo Form"],"picked":"Consume","floor":4.0},{"not_picked":["Cold Snap","Beam Cell"],"picked":"Go for the Eyes","floor":5.0}],"player_experience":213070,"relics_obtained":[],"event_choices":[],"is_beta":false,"boss_relics":[],"items_purged_floors":[],"is_endless":false,"potions_floor_spawned":[1,3,4],"killed_by":"Lagavulin","ascension_level":18}}