{"host":"08t08ld674si40tv","time":1610854693,"event":{"mods":["AchievementEnabler","BaseMod","Colored Map","Minty Spire (QoL Compilation)","StSLib","SuperFastMode"],"gold_per_floor":[119,119,13,13,27,27,45,85,85,85,85,111,111,142,142,268,268,289,314,141,156,179,179,213,213,213,213,10,10,40,68,68,168,168,184,202,250,267,217,217,167,192,192,192,207,207,225,258,258,258,258,258,130,162,162],"floor_reached":56,"language":"KOR","playtime":1544,"items_purged":["Defend_P","Defend_P","Strike_P","Defend_P","Strike_P"],"score":2087,"play_id":"e50ea77e-3a9a-4b7c-9ba6-700483cc37e7","local_time":"20210117123813","is_ascension_mode":true,"campfire_choices":[{"data":"Eruption","floor":6.0,"key":"SMITH"},{"floor":11.0,"key":"REST"},{"data":"Adaptation","floor":13.0,"key":"SMITH"},{"data":"TalkToTheHand","floor":15.0,"key":"SMITH"},{"data":"MentalFortress","floor":23.0,"key":"SMITH"},{"data":"Tantrum","floor":32.0,"key":"SMITH"},{"floor":40,"key":"DIG"},{"floor":44,"key":"DIG"},{"floor":46,"key":"DIG"},{"floor":49,"key":"RECALL"},{"floor":52,"key":"DIG"}],"circlet_count":0,"master_deck":["Strike_P+1","Eruption+1","Vigilance+1","Consecrate+1","Adaptation+1","TalkToTheHand+1","Tantrum+1","InnerPeace+1","MentalFortress+1","WheelKick","FlurryOfBlows","Vault+1","FearNoEvil"],"relics":["PureWater","NeowsBlessing","Membership Card","Bloody Idol","Medical Kit","Darkstone Periapt","Eternal Feather","Bag of Marbles","Omamori","Calling Bell","Pen Nib","Matryoshka","Gambling Chip","PreservedInsect","Whetstone","WingedGreaves","Smiling Mask","Toxic Egg 2","Sling","Toy Ornithopter","Bag of Preparation","TeardropLocket","Nunchaku","War Paint","Fusion Hammer","Shovel","Happy Flower","Oddly Smooth Stone","Damaru","Meat on the Bone","Molten Egg 2","Gremlin Horn","HandDrill","StrikeDummy"],"acts_visited":["Exordium","TheCity","TheBeyond","TheEnding"],"potions_floor_usage":[33,55,55,55],"damage_taken":[{"damage":0.0,"enemies":"Jaw Worm","floor":1.0,"turns":1.0},{"damage":0.0,"enemies":"Small Slimes","floor":5.0,"turns":1.0},{"damage":0.0,"enemies":"2 Louse","floor":7.0,"turns":1.0},{"damage":23.0,"enemies":"Gremlin Nob","floor":8.0,"turns":4.0},{"damage":14.0,"enemies":"3 Sentries","floor":14.0,"turns":4.0},{"damage":11.0,"enemies":"Hexaghost","floor":16.0,"turns":6.0},{"damage":0.0,"enemies":"Spheric Guardian","floor":18.0,"turns":3.0},{"damage":3.0,"enemies":"3 Byrds","floor":19.0,"turns":4.0},{"damage":14.0,"enemies":"Centurion and Healer","floor":21.0,"turns":4.0},{"damage":18.0,"enemies":"Shelled Parasite and Fungi","floor":22.0,"turns":3.0},{"damage":3.0,"enemies":"Book of Stabbing","floor":24.0,"turns":3.0},{"damage":0.0,"enemies":"Gremlin Leader","floor":30.0,"turns":2.0},{"damage":0.0,"enemies":"Book of Stabbing","floor":31.0,"turns":1.0},{"damage":53,"enemies":"Automaton","floor":33,"turns":6},{"damage":0,"enemies":"3 Shapes","floor":35,"turns":4},{"damage":0,"enemies":"Orb Walker","floor":36,"turns":2},{"damage":0,"enemies":"2 Orb Walkers","floor":37,"turns":2},{"damage":0,"enemies":"3 Darklings","floor":38,"turns":2},{"damage":0,"enemies":"Reptomancer","floor":42,"turns":2},{"damage":0,"enemies":"Maw","floor":45,"turns":3},{"damage":0,"enemies":"Jaw Worm Horde","floor":47,"turns":1},{"damage":0,"enemies":"Nemesis","floor":48,"turns":2},{"damage":0,"enemies":"Donu and Deca","floor":50,"turns":3},{"damage":0,"enemies":"Shield and Spear","floor":54,"turns":1},{"damage":41,"enemies":"The Heart","floor":55,"turns":5}],"seed_played":"8160169881781648153","potions_obtained":[{"floor":5.0,"key":"BlessingOfTheForge"},{"floor":18.0,"key":"FearPotion"},{"floor":19.0,"key":"Fire Potion"},{"floor":22.0,"key":"FearPotion"},{"floor":31.0,"key":"Dexterity Potion"},{"floor":35,"key":"LiquidBronze"},{"floor":36,"key":"DuplicationPotion"},{"floor":47,"key":"Regen Potion"}],"is_trial":false,"path_per_floor":["M","?","$","?","M","R","M","E","T","?","R","T","R","E","R","B",null,"M","M","$","M","M","R","E","?","T","?","$","T","E","E","R","B",null,"M","M","?","M","$","R","$","E","T","R","M","R","M","E","R","B",null,"R","$","E","B",null],"character_chosen":"WATCHER","items_purchased":["Adaptation","Medical Kit","MentalFortress","PreservedInsect","WheelKick","Sling","Toy Ornithopter","HandDrill"],"campfire_rested":1,"item_purchase_floors":[3,3,20,20,20,28,28,53],"current_hp_per_floor":[65,47,47,40,40,40,40,17,17,17,44,44,50,36,42,31,62,62,59,59,45,27,36,33,33,33,33,33,33,38,43,49,6,56,61,66,71,72,72,72,72,72,72,72,72,72,72,72,72,72,72,72,72,72,43],"gold":162,"neow_bonus":"THREE_ENEMY_KILL","is_daily":false,"chose_seed":false,"campfire_upgraded":5,"win_rate":0.0,"timestamp":1610854693,"path_taken":["M","?","$","?","M","R","M","E","T","?","R","?","R","E","R","BOSS","M","?","$","M","M","R","E","?","T","?","$","?","E","E","R","BOSS","M","M","?","M","$","R","$","E","T","R","M","R","M","E","R","BOSS","R","$","E","BOSS"],"items_purchased_type":["Card","Relic","Card","Relic","Card","Relic","Relic","Relic"],"build_version":"2020-12-22","purchased_purges":5,"victory":true,"max_hp_per_floor":[72,72,72,72,72,72,72,72,72,72,72,72,72,72,72,72,72,72,72,72,72,72,72,72,72,72,72,72,72,72,72,72,72,72,72,72,72,72,72,72,72,72,72,72,72,72,72,72,72,72,72,72,72,72,72],"card_choices":[{"not_picked":["FlyingSleeves","SashWhip"],"picked":"Consecrate","floor":1.0},{"not_picked":["ReachHeaven","CrushJoints","Nirvana"],"picked":"SKIP","floor":5.0},{"not_picked":["BowlingBash","Evaluate"],"picked":"TalkToTheHand","floor":7.0},{"not_picked":["SashWhip","Devotion"],"picked":"Tantrum","floor":8.0},{"not_picked":["ClearTheMind","BowlingBash"],"picked":"InnerPeace","floor":14.0},{"not_picked":["BowlingBash","Consecrate","InnerPeace"],"picked":"SKIP","floor":18.0},{"not_picked":["Conclude","Consecrate+1","SashWhip"],"picked":"SKIP","floor":19.0},{"not_picked":["Sanctity","Meditate","Crescendo"],"picked":"SKIP","floor":21.0},{"not_picked":["Worship","Evaluate"],"picked":"FlurryOfBlows","floor":22.0},{"not_picked":["ForeignInfluence+1","Crescendo","Weave+1"],"picked":"SKIP","floor":24.0},{"not_picked":["Crescendo+1","FlyingSleeves","Blasphemy+1"],"picked":"SKIP","floor":30.0},{"not_picked":["MasterReality","Consecrate+1","JustLucky"],"picked":"SKIP","floor":31.0},{"not_picked":["DevaForm","Alpha+1"],"picked":"Vault+1","floor":33},{"not_picked":["WindmillStrike","CrushJoints+1","Wireheading"],"picked":"SKIP","floor":35},{"not_picked":["Crescendo+1","Prostrate+1","BowlingBash"],"picked":"SKIP","floor":36},{"not_picked":["CrushJoints","PathToVictory+1"],"picked":"FearNoEvil","floor":37},{"not_picked":["ClearTheMind+1","SashWhip","Crescendo+1"],"picked":"SKIP","floor":38},{"not_picked":["ForeignInfluence+1","WindmillStrike","Sanctity+1"],"picked":"SKIP","floor":42},{"not_picked":["ThirdEye+1","ClearTheMind+1","SashWhip+1"],"picked":"SKIP","floor":45},{"not_picked":["Evaluate+1","SashWhip+1","PathToVictory+1"],"picked":"SKIP","floor":47},{"not_picked":["MentalFortress+1","CrushJoints+1","Tantrum+1"],"picked":"SKIP","floor":48},{"not_picked":["CrushJoints+1","Wireheading","ThirdEye+1"],"picked":"SKIP","floor":54}],"player_experience":235080,"relics_obtained":[{"floor":8.0,"key":"Darkstone Periapt"},{"floor":9.0,"key":"Eternal Feather"},{"floor":12.0,"key":"Bag of Marbles"},{"floor":14.0,"key":"Omamori"},{"floor":17.0,"key":"Pen Nib"},{"floor":17.0,"key":"Matryoshka"},{"floor":17.0,"key":"Gambling Chip"},{"floor":24.0,"key":"Whetstone"},{"floor":26.0,"key":"Smiling Mask"},{"floor":26.0,"key":"Toxic Egg 2"},{"floor":29.0,"key":"Bag of Preparation"},{"floor":29.0,"key":"TeardropLocket"},{"floor":30.0,"key":"Nunchaku"},{"floor":31.0,"key":"War Paint"},{"floor":37,"key":"Shovel"},{"floor":40,"key":"Happy Flower"},{"floor":42,"key":"Oddly Smooth Stone"},{"floor":44,"key":"Damaru"},{"floor":46,"key":"Meat on the Bone"},{"floor":48,"key":"Molten Egg 2"},{"floor":52,"key":"Gremlin Horn"},{"floor":54,"key":"StrikeDummy"}],"event_choices":[{"damage_healed":0.0,"max_hp_gain":0.0,"max_hp_loss":0.0,"gold_gain":0.0,"event_name":"Golden Idol","player_choice":"Take Damage","floor":2.0,"gold_loss":0.0,"damage_taken":18.0,"relics_obtained":["Golden Idol"]},{"cards_removed":["Defend_P"],"damage_healed":0.0,"max_hp_gain":0.0,"max_hp_loss":0.0,"gold_gain":0.0,"event_name":"Golden Wing","player_choice":"Card Removal","floor":4.0,"gold_loss":0.0,"damage_taken":7.0},{"cards_removed":["Strike_P"],"damage_healed":0.0,"max_hp_gain":0.0,"max_hp_loss":0.0,"gold_gain":0.0,"event_name":"Living Wall","player_choice":"Forget","floor":10.0,"gold_loss":0.0,"damage_taken":0.0},{"damage_healed":0.0,"max_hp_gain":0.0,"max_hp_loss":0.0,"gold_gain":0.0,"event_name":"The Mausoleum","player_choice":"Opened","floor":25.0,"gold_loss":0.0,"damage_taken":0.0,"relics_obtained":["WingedGreaves"]},{"damage_healed":0.0,"max_hp_gain":0.0,"max_hp_loss":0.0,"gold_gain":0.0,"event_name":"Forgotten Altar","player_choice":"Gave Idol","floor":27.0,"relics_lost":["Golden Idol"],"gold_loss":0.0,"damage_taken":0.0,"relics_obtained":["Bloody Idol"]},{"damage_healed":0,"gold_gain":0,"player_choice":"Fight","damage_taken":0,"max_hp_gain":0,"max_hp_loss":0,"event_name":"Mysterious Sphere","floor":37,"gold_loss":0}],"is_beta":false,"boss_relics":[{"not_picked":["Busted Crown","Runic Pyramid"],"picked":"Calling Bell"},{"not_picked":["Empty Cage","Philosopher\u0027s Stone"],"picked":"Fusion Hammer"}],"items_purged_floors":[20,28,39,41,53],"is_endless":false,"potions_floor_spawned":[5,18,19,22,31,35,36,42,47],"ascension_level":8}}