{"host":"5xv4ucgq6smxtrnj","time":1610902281,"event":{"mods":["AchievementEnabler","BaseMod","Better Note","BetterRewards","Colored Map","Colored Powertips","Curses Come First","DeckTracker","Good Game Mod","Highlight Path","Minty Spire (QoL Compilation)","Permanent Neow","Quick Restart","Rare Cards Sparkle","StSLib","The Bug Knight","[IsaacMod]ÒÔÈö¼âËþ"],"gold_per_floor":[112,122,156,156,175,175,185,185,210,210,210,210,224,22,22,127,127,141,141,154,77,77,77,141,141,166,180,180,180,180,196,196,315,315,374,374,374,400,416,416,426,426,451,451,451,532,553,560,560,613],"floor_reached":51,"language":"ZHS","playtime":3738,"items_purged":["Defend_R","Strike_R","Strike_R","Strike_R","Defend_R","Writhe","Secret Technique"],"score":705,"play_id":"7f90a77f-1e26-4367-9856-01c8f25e480a","local_time":"20210118005121","is_ascension_mode":false,"campfire_choices":[{"data":"EpicFetus","floor":6,"key":"SMITH"},{"data":"Magnetism","floor":8,"key":"SMITH"},{"data":"Pommel Strike","floor":10,"key":"SMITH"},{"data":"Pommel Strike","floor":15,"key":"SMITH"},{"floor":23,"key":"REST"},{"data":"Anger","floor":25,"key":"SMITH"},{"data":"Reaper","floor":30,"key":"SMITH"},{"data":"Whirlwind","floor":32,"key":"SMITH"},{"data":"Enlightenment","floor":40,"key":"SMITH"},{"data":"Demon Form","floor":42,"key":"SMITH"},{"data":"Master of Strategy","floor":45,"key":"SMITH"},{"data":"Transmutation","floor":49,"key":"SMITH"}],"circlet_count":0,"master_deck":["Strike_R","Strike_R","Defend_R","Defend_R","EpicFetus+1","Anger+1","Magnetism+1","Whirlwind+1","Pommel Strike+1","Parasite","Pommel Strike+1","Reaper+1","Master of Strategy","Master of Strategy+1","DeusExMachina","Demon Form+1","Enlightenment+1","Clash+1","Battle Trance+1","Transmutation+1"],"relics":["Burning Blood","REME:ComplimentaryCards","HushsDoor","Magic Flower","Lantern","DeathBook","Nunchaku","SteamSale","Runic Cube","Membership Card","MoneyPower","SalivaCoin","Ancient Tea Set","BookOfRevelations","AnarchistCookbook","NineVolt","HowToJump","Runic Pyramid","GuppysHead","Kunai","Regal Pillow","Cauldron","HollowMod:PaleOreRelic","Eternal Feather","Toy Ornithopter","Strange Spoon","Diplopia"],"acts_visited":["Exordium","TheCity","TheBeyond"],"potions_floor_usage":[2,16,16,24,24],"damage_taken":[{"damage":0,"enemies":"Small Slimes","floor":1,"turns":1},{"damage":1,"enemies":"Cultist","floor":2,"turns":3},{"damage":8,"enemies":"Jaw Worm","floor":3,"turns":3},{"damage":28,"enemies":"Exordium Thugs","floor":5,"turns":3},{"damage":11,"enemies":"2 Fungi Beasts","floor":7,"turns":3},{"damage":19,"enemies":"Blue Slaver","floor":13,"turns":3},{"damage":52,"enemies":"Hexaghost","floor":16,"turns":6},{"damage":33,"enemies":"3 Byrds","floor":18,"turns":6},{"damage":33,"enemies":"Shell Parasite","floor":20,"turns":5},{"damage":36,"enemies":"Gremlin Leader","floor":24,"turns":3},{"damage":0,"enemies":"Chosen and Byrds","floor":27,"turns":4},{"damage":0,"enemies":"Centurion and Healer","floor":31,"turns":2},{"damage":0,"enemies":"Automaton","floor":33,"turns":3},{"damage":41,"enemies":"3 Shapes","floor":35,"turns":3},{"damage":9,"enemies":"3 Darklings","floor":38,"turns":4},{"damage":0,"enemies":"Jaw Worm Horde","floor":39,"turns":2},{"damage":0,"enemies":"Transient","floor":41,"turns":5},{"damage":30,"enemies":"2 Orb Walkers","floor":46,"turns":3},{"damage":9,"enemies":"Writhing Mass","floor":47,"turns":3},{"damage":46,"enemies":"Donu and Deca","floor":50,"turns":5}],"seed_played":"-15985165749415674","potions_obtained":[{"floor":1,"key":"EntropicBrew"},{"floor":2,"key":"SkillPotion"},{"floor":5,"key":"BlessingOfTheForge"},{"floor":16,"key":"ColorlessPotion"}],"is_trial":false,"path_per_floor":["M","M","M","?","M","R","M","R","T","R","?","?","M","$","R","B",null,"M","?","M","$","?","R","E","R","T","M","?","$","R","M","R","B",null,"M","?","$","M","M","R","M","R","T","$","R","?","M","?","R","B",null],"character_chosen":"IRONCLAD","items_purchased":["Anger","SteamSale","Membership Card","MoneyPower","SalivaCoin","Master of Strategy","ColorlessPotion","AnarchistCookbook","NineVolt","DistilledChaos","DuplicationPotion","Secret Technique","HowToJump","GuppysHead","Enlightenment","Kunai","Regal Pillow","Cauldron","Eternal Feather","Toy Ornithopter","Strange Spoon"],"campfire_rested":1,"item_purchase_floors":[0,14,21,21,21,21,21,29,29,29,29,29,29,34,34,37,37,37,44,44,44],"current_hp_per_floor":[80,80,80,80,61,61,59,59,59,59,59,79,69,69,69,26,80,62,62,38,38,38,62,53,53,53,70,70,70,70,80,80,80,63,50,63,63,63,63,63,63,63,63,63,63,56,63,53,63,57],"gold":613,"neow_bonus":"","is_daily":false,"chose_seed":false,"campfire_upgraded":11,"win_rate":0.0,"timestamp":1610902281,"path_taken":["M","M","M","?","M","R","M","R","T","R","?","?","M","$","R","BOSS","M","?","M","$","?","R","E","R","T","?","?","$","R","M","R","BOSS","M","?","$","M","M","R","M","R","T","$","R","?","M","?","R","BOSS"],"items_purchased_type":["Card","Relic","Relic","Relic","Relic","Card","Potion","Relic","Relic","Potion","Potion","Card","Relic","Relic","Card","Relic","Relic","Relic","Relic","Relic","Relic"],"build_version":"2020-12-22","purchased_purges":7,"victory":true,"max_hp_per_floor":[80,80,80,80,80,80,80,80,80,80,80,80,80,80,80,80,80,80,80,80,80,80,80,80,80,80,80,80,80,80,80,80,80,63,63,63,63,63,63,63,63,63,63,63,63,63,63,63,63,63],"card_choices":[{"not_picked":[],"picked":"EpicFetus","floor":0},{"not_picked":["Cleave","Fire Breathing"],"picked":"Whirlwind","floor":1},{"not_picked":["Whirlwind","Pummel","Cleave"],"picked":"SKIP","floor":2},{"not_picked":["Entrench","Uppercut","Spot Weakness"],"picked":"SKIP","floor":3},{"not_picked":["Dual Wield","Headbutt","Feel No Pain"],"picked":"SKIP","floor":5},{"not_picked":["Warcry","Headbutt"],"picked":"Pommel Strike","floor":7},{"not_picked":["Cleave","Juggernaut"],"picked":"Pommel Strike","floor":13},{"not_picked":["Barricade","Limit Break"],"picked":"Reaper","floor":16},{"not_picked":["Disarm","Whirlwind","Clothesline"],"picked":"SKIP","floor":18},{"not_picked":["Twin Strike","Warcry+1","Thunderclap"],"picked":"SKIP","floor":20},{"not_picked":["Shrug It Off+1","Twin Strike","Warcry"],"picked":"SKIP","floor":24},{"not_picked":["Headbutt+1","Flame Barrier+1","Sever Soul+1"],"picked":"SKIP","floor":27},{"not_picked":["Anger","Thunderclap","Fire Breathing"],"picked":"SKIP","floor":31},{"not_picked":["Berserk","Barricade"],"picked":"Demon Form","floor":33},{"not_picked":["Searing Blow+1","Rupture","Headbutt"],"picked":"SKIP","floor":35},{"not_picked":["Twin Strike+1","Anger","Dropkick"],"picked":"SKIP","floor":38},{"not_picked":["Blood for Blood","Body Slam+1"],"picked":"Clash+1","floor":39},{"not_picked":["Rupture","Sword Boomerang"],"picked":"Battle Trance+1","floor":41},{"not_picked":["Disarm+1","Armaments","Clothesline"],"picked":"SKIP","floor":47},{"not_picked":["BettingIsNotGood","Flash of Steel"],"picked":"Transmutation","floor":48}],"player_experience":11960,"relics_obtained":[{"floor":9,"key":"Nunchaku"},{"floor":24,"key":"Ancient Tea Set"},{"floor":26,"key":"BookOfRevelations"},{"floor":43,"key":"HollowMod:PaleOreRelic"},{"floor":46,"key":"Diplopia"}],"event_choices":[{"damage_healed":0,"gold_gain":0,"player_choice":"Bought 0 Potions","damage_taken":0,"max_hp_gain":0,"max_hp_loss":0,"event_name":"The Woman in Blue","floor":11,"gold_loss":0},{"damage_healed":20,"gold_gain":0,"player_choice":"Healed and dodged fight","damage_taken":0,"max_hp_gain":0,"max_hp_loss":0,"event_name":"Mushrooms","floor":12,"gold_loss":0,"cards_obtained":["Parasite"]},{"cards_removed":["Bash"],"damage_healed":0,"gold_gain":0,"player_choice":"Offered Basic","damage_taken":0,"max_hp_gain":0,"max_hp_loss":0,"event_name":"Bonfire Elementals","floor":19,"gold_loss":0},{"damage_healed":0,"gold_gain":0,"player_choice":"Copied","damage_taken":0,"max_hp_gain":0,"max_hp_loss":0,"event_name":"Duplicator","floor":22,"gold_loss":0,"cards_obtained":["Master of Strategy"]},{"cards_removed":["Master of Strategy"],"damage_healed":0,"gold_gain":0,"player_choice":"Take \u0026 Give","damage_taken":0,"max_hp_gain":0,"max_hp_loss":0,"event_name":"betterNote:BetterNote","floor":28,"gold_loss":0,"cards_obtained":["DeusExMachina"]},{"damage_healed":16,"gold_gain":0,"player_choice":"Writhe","damage_taken":0,"max_hp_gain":0,"max_hp_loss":0,"event_name":"Winding Halls","floor":36,"gold_loss":0,"cards_obtained":["Writhe"]},{"damage_healed":0,"gold_gain":0,"player_choice":"Fight","damage_taken":0,"max_hp_gain":0,"max_hp_loss":0,"event_name":"Mysterious Sphere","floor":46,"gold_loss":0},{"damage_healed":0,"gold_gain":0,"player_choice":"Memory 3","damage_taken":10,"max_hp_gain":0,"max_hp_loss":0,"event_name":"SensoryStone","floor":48,"gold_loss":0}],"is_beta":false,"boss_relics":[{"not_picked":["Black Blood","Snecko Eye"],"picked":"Runic Cube"},{"not_picked":[]},{"not_picked":["Philosopher\u0027s Stone","Runic Dome"],"picked":"Runic Pyramid"},{"not_picked":[]}],"items_purged_floors":[0,14,21,29,34,37,44],"is_endless":false,"potions_floor_spawned":[1,2,5,13,16,18,31,33,39,41,46,47],"ascension_level":0}}