{"host":"37dk0reb6x0du8wx","time":1610874731,"event":{"mods":["BaseMod","Colored Map","DeckTracker","Minty Spire (QoL Compilation)","Quick Restart","StSLib"],"gold_per_floor":[115,1473,1486,1486,1486,1512,1512,1538,1588,1620,1631,1631,1642,1642,1642,1738,1738,1754,1679,1778,982,1001,1034,1034,1061,1061,1071,649,649,649],"floor_reached":29,"language":"KOR","playtime":1968,"items_purged":["Strike_G","Defend_G","Strike_G+1"],"score":307,"play_id":"bbd61f39-f94f-4bcb-873c-9d12067891d7","local_time":"20210117181211","is_ascension_mode":true,"campfire_choices":[{"data":"Deadly Poison","floor":7,"key":"SMITH"},{"floor":15,"key":"REST"},{"floor":24,"key":"REST"}],"circlet_count":0,"master_deck":["Strike_G+1","Defend_G+1","Defend_G","Defend_G","Survivor","Neutralize","Deadly Poison+1","Deadly Poison+1","Poisoned Stab","Footwork","Poisoned Stab","PiercingWail"],"relics":["Ring of the Snake","Bag of Preparation","Whetstone","Toy Ornithopter","Cauldron","Potion Belt","Shuriken","Lantern","War Paint","WristBlade","Vajra","Thread and Needle","HandDrill","Happy Flower","Blood Vial","Turnip","Strawberry","Nunchaku"],"acts_visited":["Exordium","TheCity"],"potions_floor_usage":[8,8,8,8,18,23],"damage_taken":[{"damage":1,"enemies":"2 Louse","floor":1,"turns":3},{"damage":1,"enemies":"Small Slimes","floor":3,"turns":3},{"damage":13,"enemies":"Gremlin Nob","floor":6,"turns":4},{"damage":3,"enemies":"Lagavulin","floor":8,"turns":4},{"damage":29,"enemies":"3 Sentries","floor":10,"turns":7},{"damage":4,"enemies":"Jaw Worm","floor":11,"turns":2},{"damage":0,"enemies":"Looter","floor":13,"turns":2},{"damage":8,"enemies":"The Guardian","floor":16,"turns":7},{"damage":7,"enemies":"3 Byrds","floor":18,"turns":4},{"damage":3,"enemies":"Shell Parasite","floor":22,"turns":4},{"damage":46,"enemies":"Slavers","floor":23,"turns":8},{"damage":22,"enemies":"Book of Stabbing","floor":25,"turns":5},{"damage":1,"enemies":"Centurion and Healer","floor":27,"turns":6},{"damage":32,"enemies":"3 Cultists","floor":29,"turns":5}],"seed_played":"-2049453406327302765","potions_obtained":[{"floor":1,"key":"AttackPotion"},{"floor":2,"key":"Ancient Potion"},{"floor":2,"key":"GhostInAJar"},{"floor":6,"key":"AttackPotion"},{"floor":11,"key":"CunningPotion"},{"floor":16,"key":"BlessingOfTheForge"},{"floor":22,"key":"GhostInAJar"},{"floor":23,"key":"Swift Potion"}],"is_trial":false,"path_per_floor":["M","$","M","?","?","E","R","E","T","E","M","?","M","?","R","B",null,"M","?","?","$","M","E","R","E","T","M","$","M"],"character_chosen":"THE_SILENT","items_purchased":["Deadly Poison","Whetstone","Toy Ornithopter","Cauldron","Vajra","Thread and Needle","HandDrill","Footwork","Strawberry","Nunchaku"],"campfire_rested":2,"item_purchase_floors":[2,2,2,2,21,21,21,21,28,28],"current_hp_per_floor":[69,69,68,68,61,48,48,65,65,36,32,55,55,55,70,62,70,66,66,66,66,63,22,43,21,21,22,29,0,0],"gold":649,"neow_bonus":"RANDOM_COMMON_RELIC","is_daily":false,"chose_seed":false,"campfire_upgraded":1,"win_rate":0.0,"timestamp":1610874731,"path_taken":["M","$","M","?","?","E","R","E","T","E","M","?","M","?","R","BOSS","M","?","?","$","M","E","R","E","T","M","$","M"],"items_purchased_type":["Card","Relic","Relic","Relic","Relic","Relic","Relic","Card","Relic","Relic"],"build_version":"2020-12-22","purchased_purges":3,"victory":false,"max_hp_per_floor":[70,70,70,70,70,70,70,70,70,70,70,70,70,70,70,70,70,70,70,70,70,70,70,70,70,70,70,77,77,77],"card_choices":[{"not_picked":["Dodge and Roll","Bane"],"picked":"Deadly Poison","floor":1},{"not_picked":["Calculated Gamble","Cloak And Dagger","Bane"],"picked":"SKIP","floor":3},{"not_picked":["Concentrate","A Thousand Cuts","Outmaneuver"],"picked":"SKIP","floor":6},{"not_picked":["Sucker Punch","PiercingWail"],"picked":"Poisoned Stab","floor":8},{"not_picked":["Finisher","Adrenaline","Outmaneuver"],"picked":"SKIP","floor":10},{"not_picked":["Reflex","Expertise","All Out Attack"],"picked":"SKIP","floor":11},{"not_picked":["Backflip","Dagger Throw","PiercingWail"],"picked":"SKIP","floor":13},{"not_picked":["Flechettes+1","Prepared","Sucker Punch+1"],"picked":"SKIP","floor":18},{"not_picked":["Sucker Punch+1","Underhanded Strike","Phantasmal Killer"],"picked":"SKIP","floor":22},{"not_picked":["Sucker Punch+1","Underhanded Strike","Phantasmal Killer"],"picked":"SKIP","floor":22},{"not_picked":["Dash","Escape Plan"],"picked":"Poisoned Stab","floor":23},{"not_picked":["Flechettes","Dagger Spray+1"],"picked":"PiercingWail","floor":25},{"not_picked":["Choke","Quick Slash","Terror"],"picked":"SKIP","floor":27}],"player_experience":213458,"relics_obtained":[{"floor":6,"key":"Potion Belt"},{"floor":8,"key":"Shuriken"},{"floor":9,"key":"Lantern"},{"floor":10,"key":"War Paint"},{"floor":23,"key":"Happy Flower"},{"floor":25,"key":"Blood Vial"},{"floor":26,"key":"Turnip"}],"event_choices":[{"damage_healed":0,"gold_gain":0,"player_choice":"Ignored","damage_taken":0,"max_hp_gain":0,"max_hp_loss":0,"event_name":"Liars Game","floor":4,"gold_loss":0},{"cards_removed":["Defend_G"],"damage_healed":0,"gold_gain":0,"player_choice":"Card Removal","damage_taken":7,"max_hp_gain":0,"max_hp_loss":0,"event_name":"Golden Wing","floor":5,"gold_loss":0},{"damage_healed":23,"gold_gain":0,"player_choice":"Banana","damage_taken":0,"max_hp_gain":0,"max_hp_loss":0,"event_name":"Big Fish","floor":12,"gold_loss":0},{"cards_removed":["Strike_G"],"damage_healed":0,"gold_gain":0,"player_choice":"Forget","damage_taken":0,"max_hp_gain":0,"max_hp_loss":0,"event_name":"Living Wall","floor":14,"gold_loss":0},{"cards_removed":["Strike_G"],"damage_healed":0,"gold_gain":0,"player_choice":"Gave Gold","damage_taken":0,"max_hp_gain":0,"max_hp_loss":0,"event_name":"Beggar","floor":19,"gold_loss":75},{"damage_healed":0,"gold_gain":99,"player_choice":"Stole From Cult","damage_taken":0,"max_hp_gain":0,"max_hp_loss":0,"event_name":"Nest","floor":20,"gold_loss":0}],"is_beta":false,"boss_relics":[{"not_picked":["Pandora\u0027s Box","Cursed Key"],"picked":"WristBlade"}],"items_purged_floors":[2,21,28],"is_endless":false,"potions_floor_spawned":[1,6,11,16,22,23],"killed_by":"3 Cultists","ascension_level":2}}