{"host":"dpbezu80jg8zk7un","time":1610895559,"event":{"mods":["BaseMod","Colored Map","Colored Powertips","Custom Start","DeckTracker","Minty Spire (QoL Compilation)","Quick Restart","StSLib","SuperFastMode"],"gold_per_floor":[117,42,42,42,122,148,148,178,178,189,199,199,199,219,219,294,294,313,324,340,265,265,265,293,293,372,107,107,107],"floor_reached":28,"language":"KOR","playtime":537,"items_purged":["Defend_P","Strike_P"],"score":588,"play_id":"c1466f02-f492-403d-8bf1-8946a00622ed","local_time":"20210117235919","is_ascension_mode":true,"campfire_choices":[{"data":"Eruption","floor":12.0,"key":"SMITH"},{"floor":15.0,"key":"REST"},{"data":"CrushJoints","floor":23,"key":"SMITH"},{"floor":25,"key":"REST"}],"circlet_count":0,"master_deck":["AscendersBane","Strike_P+1","Strike_P+1","Defend_P","Defend_P","Eruption+1","Vigilance","FlurryOfBlows+1","Blasphemy+1","MentalFortress","Meditate","DeusExMachina","CrushJoints+1","SandsOfTime+1"],"relics":["HolyWater","NeowsBlessing","Potion Belt","Whetstone","Mummified Hand","Damaru","Nunchaku","Blue Candle","Toy Ornithopter"],"acts_visited":["Exordium","TheCity"],"potions_floor_usage":[20,28],"damage_taken":[{"damage":0.0,"enemies":"Small Slimes","floor":1.0,"turns":1.0},{"damage":0.0,"enemies":"Lagavulin","floor":6.0,"turns":1.0},{"damage":0.0,"enemies":"3 Sentries","floor":8.0,"turns":2.0},{"damage":0.0,"enemies":"Jaw Worm","floor":10.0,"turns":3.0},{"damage":0.0,"enemies":"2 Louse","floor":11.0,"turns":1.0},{"damage":7.0,"enemies":"Gremlin Gang","floor":14.0,"turns":3.0},{"damage":15.0,"enemies":"The Guardian","floor":16.0,"turns":11.0},{"damage":0.0,"enemies":"Spheric Guardian","floor":18.0,"turns":3.0},{"damage":33.0,"enemies":"Shell Parasite","floor":19.0,"turns":5.0},{"damage":0,"enemies":"Centurion and Healer","floor":20,"turns":3},{"damage":17,"enemies":"Gremlin Leader","floor":24,"turns":4},{"damage":40,"enemies":"Slavers","floor":28,"turns":3}],"seed_played":"-1255264222142876070","potions_obtained":[{"floor":6.0,"key":"GamblersBrew"},{"floor":8.0,"key":"Strength Potion"},{"floor":16.0,"key":"PowerPotion"},{"floor":18.0,"key":"FearPotion"},{"floor":24,"key":"Block Potion"}],"is_trial":false,"path_per_floor":["M","$","?","?","T","E","?","E","T","M","M","R","?","M","R","B",null,"M","M","M","?","?","R","E","R","T","$","E"],"character_chosen":"WATCHER","items_purchased":["Toy Ornithopter"],"campfire_rested":2,"item_purchase_floors":[27],"current_hp_per_floor":[61,61,61,43,43,43,23,23,23,23,23,23,23,16,36,21,56,56,23,23,23,23,23,6,26,26,26,0,0],"gold":107,"neow_bonus":"THREE_ENEMY_KILL","is_daily":false,"chose_seed":false,"campfire_upgraded":2,"win_rate":0.0,"timestamp":1610895559,"path_taken":["M","$","?","?","?","E","?","E","T","?","M","R","?","M","R","BOSS","M","?","M","?","?","R","E","R","T","$","E"],"items_purchased_type":["Relic"],"build_version":"2020-12-22","purchased_purges":2,"victory":false,"max_hp_per_floor":[68,68,68,68,68,68,68,68,68,68,68,68,68,68,68,68,68,68,68,68,68,68,68,68,68,68,68,68,68],"card_choices":[{"not_picked":["CutThroughFate","FlyingSleeves"],"picked":"FlurryOfBlows","floor":1.0},{"not_picked":["Establishment","Prostrate"],"picked":"Blasphemy","floor":6.0},{"not_picked":["Study","Crescendo"],"picked":"MentalFortress","floor":8.0},{"not_picked":["TalkToTheHand","FlurryOfBlows","CutThroughFate"],"picked":"SKIP","floor":10.0},{"not_picked":["Indignation","FlyingSleeves","FollowUp"],"picked":"SKIP","floor":11.0},{"not_picked":["Halt","BowlingBash"],"picked":"Meditate","floor":14.0},{"not_picked":["ConjureBlade","Wish"],"picked":"DeusExMachina","floor":16.0},{"not_picked":["EmptyFist","Halt"],"picked":"CrushJoints","floor":18.0},{"not_picked":["CutThroughFate","ClearTheMind"],"picked":"SandsOfTime+1","floor":19.0},{"not_picked":["BowlingBash","Meditate","WaveOfTheHand"],"picked":"SKIP","floor":20},{"not_picked":["CrushJoints","ThirdEye","Wish"],"picked":"SKIP","floor":24}],"player_experience":2886804,"relics_obtained":[{"floor":6.0,"key":"Whetstone"},{"floor":8.0,"key":"Mummified Hand"},{"floor":9.0,"key":"Damaru"},{"floor":24,"key":"Nunchaku"},{"floor":26,"key":"Blue Candle"}],"event_choices":[{"damage_healed":0.0,"max_hp_gain":0.0,"max_hp_loss":0.0,"gold_gain":0.0,"event_name":"Liars Game","player_choice":"Ignored","floor":3.0,"gold_loss":0.0,"damage_taken":0.0},{"damage_healed":0.0,"max_hp_gain":0.0,"max_hp_loss":0.0,"gold_gain":0.0,"event_name":"Scrap Ooze","player_choice":"Success","floor":4.0,"gold_loss":0.0,"damage_taken":18.0,"relics_obtained":["Potion Belt"]},{"damage_healed":0.0,"max_hp_gain":0.0,"max_hp_loss":0.0,"gold_gain":0.0,"event_name":"Shining Light","player_choice":"Entered Light","floor":7.0,"gold_loss":0.0,"damage_taken":20.0,"cards_upgraded":["Strike_P","Blasphemy"]},{"cards_removed":["Strike_P"],"damage_healed":0.0,"max_hp_gain":0.0,"max_hp_loss":0.0,"gold_gain":0.0,"event_name":"Wheel of Change","player_choice":"Card Removal","floor":13.0,"gold_loss":0.0,"damage_taken":0.0},{"cards_removed":["Defend_P"],"damage_healed":0,"gold_gain":0,"player_choice":"Gave Gold","damage_taken":0,"max_hp_gain":0,"max_hp_loss":0,"event_name":"Beggar","floor":21,"gold_loss":75},{"damage_healed":0,"gold_gain":0,"player_choice":"Ignored","damage_taken":0,"max_hp_gain":0,"max_hp_loss":0,"event_name":"Vampires","floor":22,"gold_loss":0}],"is_beta":false,"boss_relics":[{"not_picked":["Runic Dome","SlaversCollar"],"picked":"HolyWater"}],"items_purged_floors":[2,27],"is_endless":false,"potions_floor_spawned":[6,8,16,18,24],"killed_by":"Slavers","ascension_level":20}}