{"host":"hmtuahrtrcu9fql1","time":1610860176,"event":{"mods":["AchievementEnabler","BaseMod","Colored Map","Minty Spire (QoL Compilation)","Rare Cards Sparkle","SuperFastMode"],"gold_per_floor":[111,111,124,124,124,124,158,158,158,172,172,195,46,67,67,67,67],"floor_reached":16,"language":"KOR","playtime":222,"items_purged":[],"score":138,"play_id":"8fc16c26-dc77-4b52-b32b-83ec3eae14c1","local_time":"20210117140936","is_ascension_mode":true,"campfire_choices":[{"data":"Heavy Blade","floor":6,"key":"SMITH"},{"data":"Bash","floor":8,"key":"SMITH"},{"data":"Strike_R","floor":15,"key":"SMITH"}],"circlet_count":0,"master_deck":["Strike_R","Strike_R","Strike_R","Strike_R","Strike_R+1","Defend_R","Defend_R","Defend_R","Defend_R","Bash+1","Heavy Blade+1"],"relics":["Burning Blood","NeowsBlessing","Golden Idol","Pocketwatch","Bag of Marbles","Incense Burner","Sling"],"acts_visited":["Exordium"],"potions_floor_usage":[16,16],"damage_taken":[{"damage":0,"enemies":"2 Louse","floor":1,"turns":1},{"damage":0,"enemies":"Small Slimes","floor":3,"turns":1},{"damage":0,"enemies":"3 Sentries","floor":7,"turns":1},{"damage":7,"enemies":"Jaw Worm","floor":10,"turns":3},{"damage":16,"enemies":"Blue Slaver","floor":12,"turns":3},{"damage":12,"enemies":"Exordium Thugs","floor":14,"turns":4},{"damage":56,"enemies":"Hexaghost","floor":16,"turns":9}],"seed_played":"-5280364291529826697","potions_obtained":[{"floor":1,"key":"Strength Potion"},{"floor":10,"key":"Swift Potion"},{"floor":12,"key":"SpeedPotion"}],"is_trial":false,"path_per_floor":["M","?","M","?","?","R","E","R","T","M","?","M","$","M","R","B"],"character_chosen":"IRONCLAD","items_purchased":["Sling"],"campfire_rested":0,"item_purchase_floors":[13],"current_hp_per_floor":[80,60,66,66,71,71,77,77,77,76,73,63,63,57,57,1,1],"gold":67,"neow_bonus":"THREE_ENEMY_KILL","is_daily":false,"chose_seed":false,"campfire_upgraded":3,"win_rate":0.0,"timestamp":1610860176,"path_taken":["M","?","M","?","?","R","E","R","T","M","?","M","?","M","R","BOSS"],"items_purchased_type":["Relic"],"build_version":"2020-12-22","purchased_purges":0,"victory":false,"max_hp_per_floor":[80,80,80,80,85,85,85,85,85,85,85,85,85,85,85,85,85],"card_choices":[{"not_picked":["Combust","Sword Boomerang"],"picked":"Heavy Blade","floor":1},{"not_picked":["Seeing Red","Clash","Searing Blow"],"picked":"SKIP","floor":3},{"not_picked":["True Grit","Fiend Fire","Rage"],"picked":"SKIP","floor":7},{"not_picked":["Clash","Heavy Blade","Shrug It Off"],"picked":"SKIP","floor":10},{"not_picked":["Reckless Charge","Headbutt","Pommel Strike"],"picked":"SKIP","floor":12},{"not_picked":["Headbutt","Warcry","True Grit"],"picked":"SKIP","floor":14}],"player_experience":8604,"relics_obtained":[{"floor":7,"key":"Pocketwatch"},{"floor":9,"key":"Bag of Marbles"}],"event_choices":[{"damage_healed":0,"gold_gain":0,"player_choice":"Take Damage","damage_taken":20,"relics_obtained":["Golden Idol"],"max_hp_gain":0,"max_hp_loss":0,"event_name":"Golden Idol","floor":2,"gold_loss":0},{"damage_healed":0,"gold_gain":0,"player_choice":"Ignored","damage_taken":0,"max_hp_gain":0,"max_hp_loss":0,"event_name":"Liars Game","floor":4,"gold_loss":0},{"damage_healed":0,"gold_gain":0,"player_choice":"Donut","damage_taken":0,"max_hp_gain":5,"max_hp_loss":0,"event_name":"Big Fish","floor":5,"gold_loss":0},{"damage_healed":0,"gold_gain":0,"player_choice":"Success","damage_taken":3,"relics_obtained":["Incense Burner"],"max_hp_gain":0,"max_hp_loss":0,"event_name":"Scrap Ooze","floor":11,"gold_loss":0}],"is_beta":false,"boss_relics":[],"items_purged_floors":[],"is_endless":false,"potions_floor_spawned":[1,10,12],"killed_by":"Hexaghost","ascension_level":2}}