{"host":"bycas0s5rx7l5h3x","time":1610866339,"event":{"mods":["100% Spire Juice","AchievementEnabler","Act Like it!","Arknights The Spire","BaseMod","Minty Spire (QoL Compilation)","Pale of the Ancients","StSLib"],"gold_per_floor":[118,131,37,37,50,50,63,63,87,87,98,98,23,42,42,141,141,127,8,8,8,20,20,32,42,42,61,61,79,79,97,97,97,97],"floor_reached":33,"language":"ZHS","playtime":2552,"items_purged":["ats:Strike G"],"score":241,"play_id":"43bf1599-25c8-4313-999d-8e96d662ee8a","local_time":"20210117145219","is_ascension_mode":false,"campfire_choices":[{"data":"ats:Automatic Cover","floor":6,"key":"SMITH"},{"data":"ats:Thermite Blade","floor":8,"key":"SMITH"},{"data":"ats:Powerful Strike","floor":10,"key":"SMITH"},{"data":"ats:Hammer On","floor":12,"key":"SMITH"},{"data":"ats:Thermite Blade","floor":15,"key":"SMITH"},{"data":"ats:Closed Bolt Burst Fire","floor":23,"key":"SMITH"},{"data":"ats:Sword Rain","floor":28,"key":"SMITH"},{"data":"ats:Healing Drone","floor":30,"key":"SMITH"},{"floor":32,"key":"REST"}],"circlet_count":0,"master_deck":["ats:Strike C","ats:Strike S","ats:Armor Crushing Shot","ats:Defend","ats:Defend","ats:Defend","ats:Defend","ats:Emotion Absorption","ats:Red Shift","ats:Powerful Strike+1","ats:Automatic Cover+1","ats:Hammer On+1","ats:Sword Rain+1","ats:Thermite Blade+1","ats:Thermite Blade+1","ats:Calcification","ats:Closed Bolt Burst Fire+1","ats:Shell Defense","ats:Healing Drone+1","ats:Beaten Up+1","ats:LN2 Cannon+1","ats:Thorns+1","ats:Assault Order"],"relics":["ats:Sanity Plus","Orichalcum","HornCleat"],"acts_visited":["Exordium","TheCity"],"potions_floor_usage":[14,27],"damage_taken":[{"damage":2,"enemies":"Cultist","floor":1,"turns":5},{"damage":8,"enemies":"Jaw Worm","floor":2,"turns":3},{"damage":0,"enemies":"2 Louse","floor":5,"turns":3},{"damage":3,"enemies":"Red Slaver","floor":7,"turns":3},{"damage":4,"enemies":"Large Slime","floor":11,"turns":4},{"damage":2,"enemies":"Exordium Wildlife","floor":14,"turns":4},{"damage":28,"enemies":"Hexaghost","floor":16,"turns":8},{"damage":11,"enemies":"2 Thieves","floor":18,"turns":4},{"damage":0,"enemies":"Spheric Guardian","floor":22,"turns":3},{"damage":16,"enemies":"Snecko","floor":24,"turns":5},{"damage":16,"enemies":"3 Cultists","floor":25,"turns":5},{"damage":0,"enemies":"Sentry and Sphere","floor":27,"turns":3},{"damage":15,"enemies":"Snake Plant","floor":29,"turns":2},{"damage":14,"enemies":"3 Cultists","floor":31,"turns":6},{"damage":80,"enemies":"Automaton","floor":33,"turns":10}],"seed_played":"2952418718589896247","potions_obtained":[{"floor":2,"key":"SneckoOil"},{"floor":5,"key":"PowerPotion"},{"floor":14,"key":"Fruit Juice"},{"floor":21,"key":"Regen Potion"},{"floor":21,"key":"Block Potion"},{"floor":27,"key":"Fruit Juice"},{"floor":31,"key":"Swift Potion"}],"is_trial":false,"path_per_floor":["M","M","$","?","M","R","M","R","T","R","M","R","$","M","R","B",null,"M","$","?","?","M","R","M","M","T","M","R","M","R","M","R","B"],"character_chosen":"DOCTOR_CLASS","items_purchased":["ats:Automatic Cover","ats:Hammer On","ats:Closed Bolt Burst Fire","ats:Shell Defense"],"campfire_rested":1,"item_purchase_floors":[3,3,19,19],"current_hp_per_floor":[70,62,62,62,62,62,59,59,59,59,55,55,55,58,58,30,77,67,67,67,67,68,68,55,40,40,45,45,30,30,28,52,0,0],"gold":97,"neow_bonus":"TRANSFORM_CARD","is_daily":false,"chose_seed":false,"campfire_upgraded":8,"win_rate":0.0,"timestamp":1610866339,"path_taken":["M","M","$","?","?","R","M","R","T","R","M","R","$","M","R","BOSS","M","$","?","?","M","R","?","M","T","M","R","M","R","M","R","BOSS"],"items_purchased_type":["Card","Card","Card","Card"],"build_version":"2020-12-22","purchased_purges":1,"victory":false,"max_hp_per_floor":[72,72,72,72,72,72,72,72,72,72,72,72,72,77,77,77,77,77,77,77,77,77,77,77,77,77,82,82,82,82,82,82,82,82],"card_choices":[{"not_picked":["ats:Apocalypse","ats:Demon Strength"],"picked":"ats:Powerful Strike","floor":1},{"not_picked":["ats:Counter Healing Mode","ats:Spore Proliferation"],"picked":"ats:Healing Strengthening","floor":2},{"not_picked":["ats:Explosion Area Strengthen","ats:Powerful Strike"],"picked":"ats:Sword Rain","floor":5},{"not_picked":["ats:Powerful Strike","ats:Consecutive Shot Auto"],"picked":"ats:Thermite Blade","floor":7},{"not_picked":["ats:Poison Spread","ats:Revitalization","ats:Shadow Assault"],"picked":"SKIP","floor":11},{"not_picked":["ats:Explosion Area Strengthen","ats:Song Of Battle"],"picked":"ats:Thermite Blade","floor":14},{"not_picked":["ats:Disruption Kick","ats:Wolf Pack"],"picked":"ats:Calcification","floor":16},{"not_picked":["ats:Guardian Obelisk","ats:Neurotoxin","ats:Leaping Hammer"],"picked":"SKIP","floor":18},{"not_picked":["ats:Explosion Area Strengthen","ats:Revitalization"],"picked":"ats:Beaten Up+1","floor":22},{"not_picked":["ats:Blood Oath","ats:Consecutive Shot Auto"],"picked":"ats:LN2 Cannon+1","floor":24},{"not_picked":["ats:Red Shift","ats:Healing Strengthening","ats:Consecutive Shot Auto+1"],"picked":"SKIP","floor":25},{"not_picked":["ats:Chain Hook","ats:Ignite","ats:LN2 Cannon"],"picked":"SKIP","floor":27},{"not_picked":["ats:Magnetic Hammer","ats:Overload"],"picked":"ats:Thorns+1","floor":29},{"not_picked":["ats:Shell Defense","ats:Neurotoxin"],"picked":"ats:Assault Order","floor":31}],"player_experience":33880,"relics_obtained":[{"floor":9,"key":"Orichalcum"},{"floor":26,"key":"HornCleat"}],"event_choices":[{"cards_removed":["ats:Healing Strengthening"],"damage_healed":0,"gold_gain":0,"player_choice":"Purged","damage_taken":0,"max_hp_gain":0,"max_hp_loss":0,"event_name":"Purifier","floor":4,"gold_loss":0},{"damage_healed":0,"gold_gain":0,"player_choice":"Read","damage_taken":0,"max_hp_gain":0,"max_hp_loss":0,"event_name":"The Library","floor":20,"gold_loss":0,"cards_obtained":["ats:Healing Drone"]},{"damage_healed":0,"gold_gain":0,"player_choice":"Got Potions","damage_taken":0,"max_hp_gain":0,"max_hp_loss":0,"event_name":"Lab","floor":21,"gold_loss":0}],"is_beta":false,"boss_relics":[{"not_picked":["Astrolabe","Sozu"],"picked":"ats:Sanity Plus"}],"items_purged_floors":[13],"is_endless":false,"potions_floor_spawned":[2,5,14,25,27,31],"killed_by":"Automaton","ascension_level":0}}