{"host":"2zw05eexjythz74b","time":1610889849,"event":{"mods":["AchievementEnabler","BaseMod","Better Altar","Colored Map","Minty Spire (QoL Compilation)","StSLib","everything is the same but u backflip on backflip"],"gold_per_floor":[119,119,137,312,262,262,306,321,321,337,362,25,38,38,38,38,38],"floor_reached":16,"language":"ENG","playtime":653,"items_purged":["Writhe"],"score":117,"play_id":"abf82d78-2af0-4206-a656-46911d4215c7","local_time":"20210117072409","is_ascension_mode":true,"campfire_choices":[{"data":"Envenom","floor":6.0,"key":"SMITH"},{"floor":15.0,"key":"REST"}],"circlet_count":0,"master_deck":["Strike_G","Strike_G","Strike_G","Strike_G","Defend_G","Defend_G","Defend_G","Defend_G","Survivor","Neutralize","Envenom+1","Storm of Steel","Cloak And Dagger","Backflip","Riddle With Holes","Cloak And Dagger","Dagger Spray"],"relics":["Ring of the Snake","Golden Idol","Du-Vu Doll","Pear","Kunai"],"acts_visited":["Exordium"],"potions_floor_usage":[16],"damage_taken":[{"damage":6.0,"enemies":"Jaw Worm","floor":1.0,"turns":4.0},{"damage":4.0,"enemies":"2 Louse","floor":3.0,"turns":2.0},{"damage":43.0,"enemies":"3 Sentries","floor":7.0,"turns":11.0},{"damage":0.0,"enemies":"Cultist","floor":8.0,"turns":2.0},{"damage":2.0,"enemies":"2 Fungi Beasts","floor":10.0,"turns":3.0},{"damage":10.0,"enemies":"Exordium Wildlife","floor":11.0,"turns":3.0},{"damage":10.0,"enemies":"Gremlin Gang","floor":13.0,"turns":7.0},{"damage":37,"enemies":"Slime Boss","floor":16,"turns":8}],"seed_played":"3210102439817220144","potions_obtained":[{"floor":1.0,"key":"SpeedPotion"},{"floor":7.0,"key":"CultistPotion"},{"floor":11.0,"key":"Fruit Juice"},{"floor":13.0,"key":"EssenceOfSteel"}],"is_trial":false,"path_per_floor":["M","?","M","?","?","R","E","M","T","M","M","$","M","?","R","B"],"character_chosen":"THE_SILENT","items_purchased":["Kunai"],"campfire_rested":1,"item_purchase_floors":[12],"current_hp_per_floor":[64,64,60,60,60,60,17,17,27,25,20,20,10,10,34,0,0],"gold":38,"neow_bonus":"TRANSFORM_TWO_CARDS","is_daily":false,"chose_seed":false,"campfire_upgraded":1,"win_rate":0.0,"timestamp":1610889849,"path_taken":["M","?","M","?","?","R","E","M","T","?","M","$","M","?","R","BOSS"],"items_purchased_type":["Relic"],"build_version":"2020-12-22","purchased_purges":1,"victory":false,"max_hp_per_floor":[70,65,65,65,65,65,65,65,75,75,80,80,80,80,80,80,80],"card_choices":[{"not_picked":["Underhanded Strike","PiercingWail"],"picked":"Cloak And Dagger","floor":1.0},{"not_picked":["Sucker Punch","Prepared"],"picked":"Backflip","floor":3.0},{"not_picked":["Quick Slash","Adrenaline"],"picked":"Riddle With Holes","floor":7.0},{"not_picked":["PiercingWail","Quick Slash","Catalyst"],"picked":"SKIP","floor":8.0},{"not_picked":["Underhanded Strike","Skewer","Dodge and Roll"],"picked":"SKIP","floor":10.0},{"not_picked":["Deadly Poison","Acrobatics"],"picked":"Cloak And Dagger","floor":11.0},{"not_picked":["PiercingWail","Distraction"],"picked":"Dagger Spray","floor":13.0}],"player_experience":231751,"relics_obtained":[{"floor":7.0,"key":"Du-Vu Doll"},{"floor":9.0,"key":"Pear"}],"event_choices":[{"damage_healed":0.0,"max_hp_gain":0.0,"max_hp_loss":5.0,"gold_gain":0.0,"event_name":"Golden Idol","player_choice":"Lose Max HP","floor":2.0,"gold_loss":0.0,"damage_taken":0.0,"relics_obtained":["Golden Idol"]},{"damage_healed":0.0,"max_hp_gain":0.0,"max_hp_loss":0.0,"gold_gain":175.0,"event_name":"Liars Game","player_choice":"AGREE","floor":4.0,"gold_loss":0.0,"damage_taken":0.0,"cards_obtained":["Doubt"]},{"cards_removed":["Doubt"],"damage_healed":0.0,"max_hp_gain":0.0,"max_hp_loss":0.0,"gold_gain":0.0,"event_name":"The Cleric","player_choice":"Card Removal","floor":5.0,"gold_loss":50.0,"damage_taken":0.0},{"damage_healed":0.0,"max_hp_gain":0.0,"max_hp_loss":0.0,"gold_gain":0.0,"event_name":"Shining Light","player_choice":"Ignored","floor":14.0,"gold_loss":0.0,"damage_taken":0.0}],"is_beta":false,"boss_relics":[],"items_purged_floors":[12],"is_endless":false,"potions_floor_spawned":[1,7,11,13],"killed_by":"Slime Boss","ascension_level":3}}