{"host":"z4nt7tdd4gjrinn7","time":1610912637,"event":{"mods":["100% Spire Juice","BaseMod","Minty Spire (QoL Compilation)","StSLib"],"gold_per_floor":[119,119,15,15,15,15,39,39,63,63,83,99,124,194,194,322,202,218,70,93,192,72,85,100,123,123,123,142,142,142,161,161,280,343,357,420,753,763,569,569,391,391,391,407,407,407,423,423,423],"floor_reached":48,"language":"ENG","playtime":2334,"items_purged":[],"score":522,"play_id":"005795d0-16b0-418d-b4cc-bdfa891a81aa","local_time":"20210117144357","is_ascension_mode":false,"campfire_choices":[{"floor":6,"key":"REST"},{"floor":8,"key":"REST"},{"data":"Moonworks:IndiscriminateFireSupport","floor":10,"key":"SMITH"},{"floor":15,"key":"REST"},{"floor":27,"key":"REST"},{"floor":30,"key":"REST"},{"floor":32,"key":"REST"},{"floor":40,"key":"REST"},{"data":"1","floor":42,"key":"LIFT"},{"floor":45,"key":"REST"}],"circlet_count":0,"master_deck":["Moonworks:Strike","Moonworks:Strike","Moonworks:Strike","Moonworks:Strike","Moonworks:Defend","Moonworks:Defend","Moonworks:Defend","Moonworks:Defend","Moonworks:Ambush","Moonworks:LongDistanceShot+1","Moonworks:IndiscriminateFireSupport","Injury","Moonworks:BigBangBell","Moonworks:RagingMadness","Moonworks:NicePresent","Moonworks:RedAndBlue","Moonworks:IndiscriminateFireSupport+1","Moonworks:EvilSpyWorkPreparation","Moonworks:Dinner","Moonworks:JonathanRush","Moonworks:DeployBits","Moonworks:GoAway","Moonworks:MiracleRedBeanIceCream","Moonworks:JonathanRush","Moonworks:IndiscriminateFireSupport","Moonworks:IndiscriminateFireSupport","Moonworks:IndiscriminateFireSupport+1","Moonworks:UnpaidWork","Moonworks:DeployBits","Moonworks:StarBlastingFuse","Moonworks:Dinner+1","Moonworks:DeployBits+1","Moonworks:Assault","Moonworks:IndiscriminateFireSupport+1","Moonworks:SealedMemories","Moonworks:EvilSpyWorkPreparation","Moonworks:AngelHand","Moonworks:LuckyCharm+1"],"relics":["Moonworks:SBBomb","Moonworks:Homemark","Bronze Scales","Oddly Smooth Stone","Girya","Lantern","Blood Vial","Bag of Preparation","Tiny House","Mango","MealTicket","Lee\u0027s Waffle","Vajra"],"acts_visited":["Exordium","TheCity","TheBeyond"],"potions_floor_usage":[16,16,16,23,33,47,47,47],"damage_taken":[{"damage":6,"enemies":"2 Louse","floor":1,"turns":2},{"damage":15,"enemies":"Jaw Worm","floor":7,"turns":3},{"damage":0,"enemies":"Cultist","floor":11,"turns":3},{"damage":20,"enemies":"Exordium Wildlife","floor":12,"turns":3},{"damage":16,"enemies":"Large Slime","floor":13,"turns":2},{"damage":6,"enemies":"Gremlin Nob","floor":14,"turns":3},{"damage":20,"enemies":"Slime Boss","floor":16,"turns":7},{"damage":16,"enemies":"Shell Parasite","floor":18,"turns":4},{"damage":33,"enemies":"2 Thieves","floor":20,"turns":3},{"damage":0,"enemies":"Shelled Parasite and Fungi","floor":23,"turns":4},{"damage":10,"enemies":"Cultist and Chosen","floor":24,"turns":3},{"damage":0,"enemies":"3 Cultists","floor":25,"turns":2},{"damage":0,"enemies":"Centurion and Healer","floor":28,"turns":2},{"damage":0,"enemies":"Snake Plant","floor":31,"turns":3},{"damage":48,"enemies":"Collector","floor":33,"turns":9},{"damage":9,"enemies":"3 Darklings","floor":35,"turns":2},{"damage":49,"enemies":"Mind Bloom Boss Battle","floor":36,"turns":6},{"damage":12,"enemies":"3 Shapes","floor":38,"turns":1},{"damage":71,"enemies":"Writhing Mass","floor":44,"turns":5},{"damage":29,"enemies":"Maw","floor":47,"turns":5},{"damage":44,"enemies":"Jaw Worm Horde","floor":48,"turns":4}],"seed_played":"-2802896390999061243","potions_obtained":[{"floor":7,"key":"LiquidMemories"},{"floor":11,"key":"LiquidMemories"},{"floor":14,"key":"CultistPotion"},{"floor":18,"key":"Fire Potion"},{"floor":20,"key":"ColorlessPotion"},{"floor":31,"key":"PowerPotion"},{"floor":34,"key":"Swift Potion"},{"floor":35,"key":"Strength Potion"},{"floor":44,"key":"DuplicationPotion"}],"is_trial":false,"path_per_floor":["M","?","$","?","$","R","M","R","T","R","M","M","M","?","R","B",null,"M","$","M","?","?","M","M","M","T","R","M","?","R","M","R","B",null,"M","?","?","M","$","R","$","R","T","M","R","?","M","M"],"character_chosen":"THE_STARBREAKER","items_purchased":["Moonworks:BigBangBell","Moonworks:RagingMadness","Lantern","MealTicket","Moonworks:SealedMemories","Lee\u0027s Waffle","Moonworks:EvilSpyWorkPreparation"],"campfire_rested":8,"item_purchase_floors":[3,3,19,39,39,41,41],"current_hp_per_floor":[54,54,54,54,54,60,45,60,60,60,60,40,24,18,36,16,60,44,44,11,11,11,16,11,11,11,29,31,31,49,56,60,12,65,56,28,28,23,23,46,86,86,86,20,45,45,23,0,0],"gold":423,"neow_bonus":"RANDOM_COMMON_RELIC","is_daily":false,"chose_seed":false,"campfire_upgraded":1,"win_rate":0.0,"timestamp":1610912637,"path_taken":["M","?","$","?","$","R","M","R","T","R","M","?","M","?","R","BOSS","M","$","M","?","?","M","M","M","T","R","M","?","R","?","R","BOSS","M","?","?","M","$","R","$","R","T","?","R","?","M","M"],"items_purchased_type":["Card","Card","Relic","Relic","Card","Relic","Card"],"build_version":"2020-12-22","purchased_purges":0,"victory":false,"max_hp_per_floor":[60,60,60,60,60,60,60,60,60,60,60,60,60,60,60,60,60,60,60,60,60,60,60,60,60,60,60,60,60,60,60,60,60,65,65,79,79,79,79,79,86,86,86,86,86,86,86,86,86],"card_choices":[{"not_picked":["Moonworks:SakisCookie","Moonworks:ImOnFire"],"picked":"Moonworks:IndiscriminateFireSupport","floor":1},{"not_picked":["Moonworks:CompletionReward","Moonworks:RedAndBlue"],"picked":"Moonworks:IndiscriminateFireSupport","floor":7},{"not_picked":["Moonworks:Assault","Moonworks:BigMagnum"],"picked":"Moonworks:EvilSpyWorkPreparation","floor":11},{"not_picked":["Moonworks:SakisCookie","Moonworks:DeployBits"],"picked":"Moonworks:Dinner","floor":12},{"not_picked":["Moonworks:WindyEnchantment","Moonworks:BigMagnum"],"picked":"Moonworks:JonathanRush","floor":13},{"not_picked":["Moonworks:CloudOfSeagulls","Moonworks:LulusLuckyEgg"],"picked":"Moonworks:DeployBits","floor":14},{"not_picked":["Moonworks:WeAreWaruda","Moonworks:LeapThroughSpace"],"picked":"Moonworks:GoAway","floor":16},{"not_picked":["Moonworks:JonathanRush","Moonworks:Assault+1"],"picked":"Moonworks:MiracleRedBeanIceCream","floor":18},{"not_picked":["Moonworks:ScrambledEve+1","Moonworks:LulusLuckyEgg"],"picked":"Moonworks:JonathanRush","floor":20},{"not_picked":["Moonworks:BeyondHell","Moonworks:BigMagnum"],"picked":"Moonworks:IndiscriminateFireSupport","floor":23},{"not_picked":["Moonworks:ImmovableObject+1","Moonworks:BigMagnum+1"],"picked":"Moonworks:IndiscriminateFireSupport","floor":24},{"not_picked":["Moonworks:Assault+1","Moonworks:AccelHyper"],"picked":"Moonworks:IndiscriminateFireSupport+1","floor":25},{"not_picked":["Moonworks:BigMagnum","Moonworks:Assault"],"picked":"Moonworks:UnpaidWork","floor":28},{"not_picked":["Moonworks:CloudOfSeagulls","Moonworks:Assault+1"],"picked":"Moonworks:DeployBits","floor":31},{"not_picked":["Moonworks:PlushieMaster","Moonworks:SinkOrSwim"],"picked":"Moonworks:StarBlastingFuse","floor":33},{"not_picked":["Moonworks:EvilSpyWorkPreparation","Moonworks:BigMagnum"],"picked":"Moonworks:Dinner+1","floor":34},{"not_picked":["Moonworks:IndiscriminateFireSupport","Moonworks:CompletionReward"],"picked":"Moonworks:DeployBits+1","floor":35},{"not_picked":["Moonworks:Bloodlust+1","Moonworks:ScrambledEve+1"],"picked":"Moonworks:Assault","floor":36},{"not_picked":["Moonworks:ExtendedPhotonRifle","Moonworks:NicePresent"],"picked":"Moonworks:IndiscriminateFireSupport+1","floor":38},{"not_picked":["Moonworks:LulusLuckyEgg+1","Moonworks:IndiscriminateFireSupport+1"],"picked":"Moonworks:AngelHand","floor":44},{"not_picked":["Moonworks:IndiscriminateFireSupport+1","Moonworks:BigBangBell"],"picked":"Moonworks:LuckyCharm+1","floor":47}],"player_experience":70043,"relics_obtained":[{"floor":9,"key":"Oddly Smooth Stone"},{"floor":14,"key":"Girya"},{"floor":26,"key":"Blood Vial"},{"floor":36,"key":"Mango"},{"floor":43,"key":"Vajra"}],"event_choices":[{"damage_healed":0,"gold_gain":0,"player_choice":"Take Wound","damage_taken":0,"relics_obtained":["Golden Idol"],"max_hp_gain":0,"max_hp_loss":0,"event_name":"Golden Idol","floor":2,"gold_loss":0,"cards_obtained":["Injury"]},{"damage_healed":0,"gold_gain":0,"player_choice":"2 cards matched","damage_taken":0,"max_hp_gain":0,"max_hp_loss":0,"event_name":"Match and Keep!","floor":4,"gold_loss":0,"cards_obtained":["Moonworks:NicePresent","Moonworks:RedAndBlue"]},{"damage_healed":0,"gold_gain":0,"player_choice":"Searched \u00271\u0027 times","damage_taken":0,"max_hp_gain":0,"max_hp_loss":0,"event_name":"Dead Adventurer","floor":14,"gold_loss":0},{"damage_healed":0,"gold_gain":99,"player_choice":"Stole From Cult","damage_taken":0,"max_hp_gain":0,"max_hp_loss":0,"event_name":"Nest","floor":21,"gold_loss":0},{"damage_healed":0,"gold_gain":0,"player_choice":"Ignored","damage_taken":0,"max_hp_gain":0,"max_hp_loss":0,"event_name":"Vampires","floor":22,"gold_loss":0},{"damage_healed":0,"gold_gain":0,"player_choice":"Gave Potion","damage_taken":0,"relics_obtained":["Bag of Preparation"],"max_hp_gain":0,"max_hp_loss":0,"event_name":"WeMeetAgain","floor":29,"gold_loss":0},{"damage_healed":0,"gold_gain":0,"player_choice":"Fight","damage_taken":0,"max_hp_gain":0,"max_hp_loss":0,"event_name":"MindBloom","floor":36,"gold_loss":0},{"damage_healed":0,"gold_gain":333,"player_choice":"Gave Idol","damage_taken":0,"max_hp_gain":0,"max_hp_loss":0,"event_name":"The Moai Head","floor":37,"relics_lost":["Golden Idol"],"gold_loss":0},{"damage_healed":0,"gold_gain":0,"player_choice":"Ignored","damage_taken":0,"max_hp_gain":0,"max_hp_loss":0,"event_name":"Tomb of Lord Red Mask","floor":46,"gold_loss":0}],"is_beta":false,"boss_relics":[{"not_picked":["Runic Dome","Coffee Dripper"],"picked":"Moonworks:SBBomb"},{"not_picked":["Cursed Key","Busted Crown"],"picked":"Tiny House"}],"items_purged_floors":[],"is_endless":false,"potions_floor_spawned":[7,11,14,18,20,31,35,44],"killed_by":"Jaw Worm Horde","ascension_level":0}}