{"host":"dl7h25vjpuplx29g","time":1610863699,"event":{"mods":["BaseMod","Colored Map","Minty Spire (QoL Compilation)","StSLib"],"gold_per_floor":[115,115,115,136,156,156,194,194,218,218,241,241,166,184,184,277,277,298,298,164,185,205,205,255,268,268,268,289,99,99,19,19,112,112,130,144,144,158,58,101,101,117,117,117,117,137,180,201,201,201,201,201,18,51,51],"floor_reached":56,"language":"JPN","playtime":5437,"items_purged":["Strike_B","Strike_B","Defend_B","Defend_B+1"],"score":1928,"play_id":"d7894f64-dd7e-4f33-b441-7725c1403bdd","local_time":"20210117150819","is_ascension_mode":true,"campfire_choices":[{"data":"Reprogram","floor":6.0,"key":"SMITH"},{"data":"Hologram","floor":8.0,"key":"SMITH"},{"data":"Machine Learning","floor":10.0,"key":"SMITH"},{"data":"Leap","floor":12.0,"key":"SMITH"},{"data":"Melter","floor":15.0,"key":"SMITH"},{"data":"Hologram","floor":23.0,"key":"SMITH"},{"data":"Strike_B","floor":27.0,"key":"PURGE"},{"data":"Defend_B","floor":30.0,"key":"PURGE"},{"data":"Strike_B","floor":32.0,"key":"PURGE"},{"data":"Defend_B","floor":41.0,"key":"PURGE"},{"data":"Recycle","floor":44.0,"key":"SMITH"},{"floor":49.0,"key":"RECALL"},{"data":"Madness","floor":52.0,"key":"SMITH"}],"circlet_count":0,"master_deck":["AscendersBane","Reprogram+1","Steam","Hologram+1","Machine Learning+1","Leap+1","Melter+1","All For One","Leap","Self Repair","Hologram+1","Gash","Beam Cell","Recycle+1","Turbo","Madness+1","Madness","Go for the Eyes"],"relics":["FrozenCore","NeowsBlessing","Golden Idol","War Paint","Blood Vial","Runic Pyramid","Enchiridion","The Courier","Peace Pipe","Medical Kit","Centennial Puzzle","Juzu Bracelet","Boot"],"acts_visited":["Exordium","TheCity","TheBeyond","TheEnding"],"potions_floor_usage":[55,55],"damage_taken":[{"damage":0.0,"enemies":"Cultist","floor":1.0,"turns":1.0},{"damage":0.0,"enemies":"Small Slimes","floor":4.0,"turns":1.0},{"damage":0.0,"enemies":"2 Louse","floor":5.0,"turns":1.0},{"damage":8.0,"enemies":"Lagavulin","floor":7.0,"turns":11.0},{"damage":0.0,"enemies":"Blue Slaver","floor":11.0,"turns":6.0},{"damage":8.0,"enemies":"Looter","floor":14.0,"turns":5.0},{"damage":19.0,"enemies":"Hexaghost","floor":16.0,"turns":12.0},{"damage":1.0,"enemies":"Shell Parasite","floor":18.0,"turns":6.0},{"damage":0.0,"enemies":"Spheric Guardian","floor":21.0,"turns":1.0},{"damage":20.0,"enemies":"Shelled Parasite and Fungi","floor":22.0,"turns":8.0},{"damage":0.0,"enemies":"Sentry and Sphere","floor":25.0,"turns":5.0},{"damage":3.0,"enemies":"Centurion and Healer","floor":28.0,"turns":9.0},{"damage":35.0,"enemies":"Collector","floor":33.0,"turns":16.0},{"damage":18.0,"enemies":"3 Darklings","floor":35.0,"turns":10.0},{"damage":1.0,"enemies":"3 Shapes","floor":36.0,"turns":10.0},{"damage":0.0,"enemies":"Maw","floor":38.0,"turns":9.0},{"damage":7.0,"enemies":"Giant Head","floor":40.0,"turns":11.0},{"damage":13.0,"enemies":"4 Shapes","floor":42.0,"turns":9.0},{"damage":0.0,"enemies":"Sphere and 2 Shapes","floor":46.0,"turns":2.0},{"damage":4.0,"enemies":"Reptomancer","floor":47.0,"turns":2.0},{"damage":0.0,"enemies":"Maw","floor":48.0,"turns":3.0},{"damage":7.0,"enemies":"Awakened One","floor":50.0,"turns":6.0},{"damage":0,"enemies":"Shield and Spear","floor":54,"turns":2},{"damage":50,"enemies":"The Heart","floor":55,"turns":7}],"seed_played":"4748202519983613983","potions_obtained":[{"floor":4.0,"key":"ColorlessPotion"},{"floor":5.0,"key":"PotionOfCapacity"},{"floor":11.0,"key":"Fruit Juice"},{"floor":21.0,"key":"PowerPotion"},{"floor":22.0,"key":"FocusPotion"},{"floor":33.0,"key":"SpeedPotion"},{"floor":38.0,"key":"PowerPotion"},{"floor":42.0,"key":"SmokeBomb"},{"floor":48.0,"key":"AttackPotion"}],"is_trial":false,"path_per_floor":["M","?","?","M","M","R","E","R","T","R","M","R","?","M","R","B",null,"M","?","?","M","M","R","?","M","T","R","M","$","R","$","R","B",null,"M","M","?","M","$","E","R","M","T","R","?","M","E","M","R","B",null,"R","$","E","B",null],"character_chosen":"DEFECT","items_purchased":["Medical Kit","Ancient Potion"],"campfire_rested":0,"item_purchase_floors":[29,53],"current_hp_per_floor":[64,57,57,57,57,57,49,49,49,49,56,56,56,50,50,33,60,61,40,40,42,38,38,38,47,47,47,53,53,53,53,53,27,59,50,58,58,67,67,69,69,63,63,63,51,60,65,69,69,69,69,69,69,69,19],"gold":51,"neow_bonus":"THREE_ENEMY_KILL","is_daily":false,"chose_seed":false,"campfire_upgraded":8,"win_rate":0.0,"timestamp":1610863699,"path_taken":["M","?","?","M","M","R","E","R","T","R","M","R","?","M","R","BOSS","M","?","?","?","M","R","?","M","T","R","M","?","R","$","R","BOSS","M","M","?","M","$","E","R","M","T","R","?","M","E","M","R","BOSS","R","$","E","BOSS"],"items_purchased_type":["Relic","Potion"],"build_version":"2020-12-22","purchased_purges":4,"victory":true,"max_hp_per_floor":[71,71,64,64,64,64,64,64,64,64,69,69,69,69,69,69,69,69,69,69,69,69,69,69,69,69,69,69,69,69,69,69,69,69,69,69,69,69,69,69,69,69,69,69,69,69,69,69,69,69,69,69,69,69,69],"card_choices":[{"not_picked":["Steam","Stack"],"picked":"Reprogram","floor":1.0},{"not_picked":["Self Repair","Coolheaded"],"picked":"Steam","floor":4.0},{"not_picked":["Cold Snap","Turbo"],"picked":"Hologram","floor":5.0},{"not_picked":["Consume","Stack"],"picked":"Machine Learning","floor":7.0},{"not_picked":["Self Repair","Ball Lightning"],"picked":"Leap","floor":11.0},{"not_picked":["Go for the Eyes","Barrage"],"picked":"Melter","floor":14.0},{"not_picked":["Fission","Machine Learning"],"picked":"All For One","floor":16.0},{"not_picked":["Blizzard+1","Sunder"],"picked":"Leap","floor":18.0},{"not_picked":["Leap","Barrage"],"picked":"Self Repair","floor":21.0},{"not_picked":["Redo","Self Repair"],"picked":"Hologram","floor":22.0},{"not_picked":["Barrage","Melter"],"picked":"Gash","floor":25.0},{"not_picked":["Sweeping Beam","Cold Snap"],"picked":"Beam Cell","floor":28.0},{"not_picked":["Thunder Strike","Electrodynamics"],"picked":"Buffer","floor":33.0},{"not_picked":["Coolheaded+1","Barrage","Glacier"],"picked":"SKIP","floor":35.0},{"not_picked":["Rebound","Sweeping Beam+1","Sunder"],"picked":"SKIP","floor":36.0},{"not_picked":["Chill+1","Rebound"],"picked":"Recycle","floor":38.0},{"not_picked":["Amplify","Chaos"],"picked":"Turbo","floor":40.0},{"not_picked":["Beam Cell","Consume","Skim"],"picked":"SKIP","floor":42.0},{"not_picked":["Melter","Hello World","Storm"],"picked":"SKIP","floor":46.0},{"not_picked":["Leap","Rebound","Genetic Algorithm+1"],"picked":"SKIP","floor":47.0},{"not_picked":["Compile Driver","Reprogram"],"picked":"Go for the Eyes","floor":48.0},{"not_picked":["Steam+1","Machine Learning","Coolheaded+1"],"picked":"SKIP","floor":54}],"player_experience":1632490,"relics_obtained":[{"floor":7.0,"key":"War Paint"},{"floor":9.0,"key":"Blood Vial"},{"floor":19.0,"key":"Enchiridion"},{"floor":26.0,"key":"Peace Pipe"},{"floor":40.0,"key":"Centennial Puzzle"},{"floor":47.0,"key":"Juzu Bracelet"},{"floor":54,"key":"Boot"}],"event_choices":[{"cards_removed":["Zap"],"damage_healed":0.0,"max_hp_gain":0.0,"max_hp_loss":0.0,"gold_gain":0.0,"event_name":"Golden Wing","player_choice":"Card Removal","floor":2.0,"gold_loss":0.0,"damage_taken":7.0},{"damage_healed":0.0,"max_hp_gain":0.0,"max_hp_loss":7.0,"gold_gain":0.0,"event_name":"Golden Idol","player_choice":"Lose Max HP","floor":3.0,"gold_loss":0.0,"damage_taken":0.0,"relics_obtained":["Golden Idol"]},{"cards_removed":["Dualcast"],"damage_healed":0.0,"max_hp_gain":0.0,"max_hp_loss":0.0,"gold_gain":0.0,"event_name":"The Cleric","player_choice":"Card Removal","floor":13.0,"gold_loss":75.0,"damage_taken":0.0},{"damage_healed":0.0,"max_hp_gain":0.0,"max_hp_loss":0.0,"gold_gain":0.0,"event_name":"Cursed Tome","player_choice":"Obtained Book","floor":19.0,"gold_loss":0.0,"damage_taken":21.0},{"damage_healed":0.0,"max_hp_gain":0.0,"max_hp_loss":0.0,"gold_gain":0.0,"event_name":"WeMeetAgain","player_choice":"Paid Gold","floor":20.0,"gold_loss":134.0,"damage_taken":0.0,"relics_obtained":["The Courier"]},{"damage_healed":0.0,"max_hp_gain":0.0,"max_hp_loss":0.0,"gold_gain":50.0,"event_name":"Golden Shrine","player_choice":"Pray","floor":24.0,"gold_loss":0.0,"damage_taken":0.0},{"cards_removed":["Buffer"],"damage_healed":0.0,"max_hp_gain":0.0,"max_hp_loss":0.0,"gold_gain":0.0,"event_name":"Falling","player_choice":"Removed Power","floor":37.0,"gold_loss":0.0,"damage_taken":0.0},{"damage_healed":0.0,"max_hp_gain":0.0,"max_hp_loss":0.0,"gold_gain":0.0,"event_name":"Winding Halls","player_choice":"Embrace Madness","floor":45.0,"gold_loss":0.0,"damage_taken":12.0,"cards_obtained":["Madness","Madness"]}],"is_beta":false,"boss_relics":[{"not_picked":["Sozu","Fusion Hammer"],"picked":"Runic Pyramid"},{"not_picked":["Runic Dome","Inserter"],"picked":"FrozenCore"}],"items_purged_floors":[29,31,39,53],"is_endless":false,"potions_floor_spawned":[4,5,11,21,22,33,38,42,46,48],"ascension_level":16}}