{"host":"2i1rjl87isetstuj","time":1610862576,"event":{"mods":["BaseMod","Better Vampires","Challenge The Spire","Luminous","Marked Mod","Minty Spire (QoL Compilation)","Quick Restart","Shop Mod","StSLib","Waifu the Spire","óô»ðÖ¸ÄÏ"],"gold_per_floor":[116,129,129,146,146,158,189,189,215,243,48,63,63,82,82,178,178,198,297,297,309,328,328,328],"floor_reached":23,"language":"ZHS","playtime":1064,"items_purged":[],"score":266,"play_id":"b0d17b62-e110-4dec-8d1d-7dd22e40fa8b","local_time":"20210117134936","is_ascension_mode":true,"campfire_choices":[{"data":"Scrawl","floor":8,"key":"SMITH"},{"floor":13,"key":"REST"},{"floor":15,"key":"REST"}],"circlet_count":0,"master_deck":["Strike_P","Strike_P","Strike_P","Strike_P","Defend_P","Defend_P","Defend_P","Defend_P","Eruption","Vigilance","MarkedMod:FirstStrike","Dark Shackles","Scrawl+1","Collect","FollowUp","SignatureMove","PathToVictory","FearNoEvil","DeusExMachina","MarkedMod:Acupuncture","SashWhip"],"relics":["PureWater","NeowsBlessing","Art of War","Omamori","Tiny Chest","MealTicket","Black Star","Gambling Chip"],"acts_visited":["Exordium","TheCity"],"potions_floor_usage":[18,18,21],"damage_taken":[{"damage":0,"enemies":"Small Slimes","floor":1,"turns":1},{"damage":0,"enemies":"Cultist","floor":2,"turns":1},{"damage":0,"enemies":"Jaw Worm","floor":4,"turns":1},{"damage":0,"enemies":"2 Fungi Beasts","floor":6,"turns":3},{"damage":27,"enemies":"Lagavulin","floor":7,"turns":6},{"damage":35,"enemies":"3 Sentries","floor":10,"turns":11},{"damage":3,"enemies":"Large Slime","floor":12,"turns":2},{"damage":14,"enemies":"Exordium Thugs","floor":14,"turns":2},{"damage":0,"enemies":"Slime Boss","floor":16,"turns":5},{"damage":36,"enemies":"2 Thieves","floor":18,"turns":4},{"damage":10,"enemies":"Shell Parasite","floor":21,"turns":4},{"damage":26,"enemies":"Chosen and Byrds","floor":22,"turns":5},{"damage":25,"enemies":"Book of Stabbing","floor":23,"turns":2}],"seed_played":"5866955025684082227","potions_obtained":[{"floor":6,"key":"BottledMiracle"},{"floor":7,"key":"FairyPotion"},{"floor":12,"key":"Weak Potion"},{"floor":18,"key":"BottledMiracle"}],"is_trial":false,"path_per_floor":["M","M","?","M","?","M","E","R","T","E","$","M","R","M","R","B",null,"M","?","?","M","M","E"],"character_chosen":"WATCHER","items_purchased":["PathToVictory","MealTicket"],"campfire_rested":2,"item_purchase_floors":[11,11],"current_hp_per_floor":[72,72,72,72,69,69,42,42,42,7,7,4,25,11,32,32,72,36,36,36,26,21,0,0],"gold":328,"neow_bonus":"THREE_ENEMY_KILL","is_daily":false,"chose_seed":false,"campfire_upgraded":1,"win_rate":0.0,"timestamp":1610862576,"path_taken":["M","M","?","?","?","M","E","R","T","E","$","M","R","M","R","BOSS","M","?","?","M","?","E"],"items_purchased_type":["Card","Relic"],"build_version":"2020-12-22","purchased_purges":0,"victory":false,"max_hp_per_floor":[72,72,72,72,72,72,72,72,72,72,72,72,72,72,72,72,72,72,72,72,72,72,72,72],"card_choices":[{"not_picked":["FlurryOfBlows","ThirdEye"],"picked":"MarkedMod:FirstStrike","floor":1},{"not_picked":["Prostrate","Halt","Wallop"],"picked":"SKIP","floor":2},{"not_picked":["SandsOfTime","Pray"],"picked":"Scrawl","floor":4},{"not_picked":["SashWhip","EmptyBody"],"picked":"Collect","floor":6},{"not_picked":["Halt","WreathOfFlame"],"picked":"FollowUp","floor":7},{"not_picked":["Prostrate","FollowUp"],"picked":"SignatureMove","floor":10},{"not_picked":["CarveReality","Wireheading","Prostrate"],"picked":"SKIP","floor":12},{"not_picked":["FollowUp","Crescendo"],"picked":"FearNoEvil","floor":14},{"not_picked":["Brilliance","SpiritShield"],"picked":"DeusExMachina","floor":16},{"not_picked":["Worship","FollowUp"],"picked":"MarkedMod:Acupuncture","floor":18},{"not_picked":["Consecrate","EmptyFist+1","WaveOfTheHand"],"picked":"SKIP","floor":21},{"not_picked":["Halt","Wireheading"],"picked":"SashWhip","floor":22}],"player_experience":102718,"relics_obtained":[{"floor":7,"key":"Omamori"},{"floor":10,"key":"Tiny Chest"}],"event_choices":[{"damage_healed":0,"gold_gain":0,"player_choice":"1 cards matched","damage_taken":0,"max_hp_gain":0,"max_hp_loss":0,"event_name":"Match and Keep!","floor":3,"gold_loss":0,"cards_obtained":["Dark Shackles"]},{"damage_healed":0,"gold_gain":0,"player_choice":"Success","damage_taken":3,"relics_obtained":["Art of War"],"max_hp_gain":0,"max_hp_loss":0,"event_name":"Scrap Ooze","floor":5,"gold_loss":0},{"damage_healed":0,"gold_gain":99,"player_choice":"Stole From Cult","damage_taken":0,"max_hp_gain":0,"max_hp_loss":0,"event_name":"Nest","floor":19,"gold_loss":0},{"damage_healed":0,"gold_gain":0,"player_choice":"Stole Relic","damage_taken":0,"relics_obtained":["Gambling Chip"],"max_hp_gain":0,"max_hp_loss":0,"event_name":"Addict","floor":20,"gold_loss":0,"cards_obtained":["Shame"]}],"is_beta":false,"boss_relics":[{"not_picked":["Tiny House","HolyWater"],"picked":"Black Star"}],"items_purged_floors":[],"is_endless":false,"potions_floor_spawned":[6,7,12,18],"killed_by":"Book of Stabbing","ascension_level":1}}