{"host":"0dsi8ju7ih3zb7n8","time":1610871346,"event":{"mods":["2.2 Compatiblity","Act Like it!","BaseMod","Downfall","Hermit","Minty Spire (QoL Compilation)","Robot Space Explorer","Spicy Shops","StSLib"],"gold_per_floor":[114,128,128,141,152,183,258,31,85,85,85,115,115,144,144,144,144,144],"floor_reached":16,"language":"ENG","playtime":892,"items_purged":[],"score":143,"play_id":"e0f5e3cf-6adb-41fd-b821-96f3c84862d4","local_time":"20210117091546","daily_mods":["SealedDeck","Heirloom","Flight"],"is_ascension_mode":false,"campfire_choices":[{"floor":10.0,"key":"REST"},{"data":"champ:Lariat","floor":11.0,"key":"SMITH"},{"floor":13.0,"key":"REST"},{"data":"champ:Duel","floor":15,"key":"SMITH"}],"circlet_count":0,"master_deck":["champ:StanceDance","champ:DefensiveStyle","champ:ShieldSigil","champ:PreemptiveStrike","champ:DeathBlow","champ:Lariat+1","champ:BerserkerStyle","champ:Endure","champ:Encircle","champ:Duel+1","champ:SetATrap","champ:RapidStrikes","Pride","champ:CrookedStrike","champ:EnchantCrown","champ:BerserkerStyle","champ:EnchantShield","champ:SwordSigil","champ:CrownThrow+1"],"relics":["champ:ChampionCrown","Prayer Wheel","Molten Egg 2","bronze:BronzeIdol","Orrery","Juzu Bracelet","Centennial Puzzle","Thread and Needle"],"acts_visited":["Exordium"],"potions_floor_usage":[],"damage_taken":[{"damage":16.0,"enemies":"Cultist","floor":1.0,"turns":3.0},{"damage":0.0,"enemies":"2 Louse","floor":2.0,"turns":1.0},{"damage":10.0,"enemies":"Small Slimes","floor":4.0,"turns":2.0},{"damage":0.0,"enemies":"Looter","floor":5.0,"turns":2.0},{"damage":64.0,"enemies":"3 Sentries","floor":6.0,"turns":6.0},{"damage":47.0,"enemies":"Gremlin Nob","floor":12.0,"turns":4.0},{"damage":40.0,"enemies":"Lagavulin","floor":14.0,"turns":5.0},{"damage":44,"enemies":"Hexaghost","floor":16,"turns":2}],"seed_played":"-5363887786581097224","potions_obtained":[{"floor":1.0,"key":"Guardian:BlockOnCardUsePotion"},{"floor":4.0,"key":"BlessingOfTheForge"},{"floor":5.0,"key":"DuplicationPotion"}],"is_trial":true,"path_per_floor":["M","M","?","M","M","E","?","$","T","R","R","E","R","E","R","B"],"character_chosen":"THE_CHAMP","items_purchased":["bronze:BronzeIdol","Orrery"],"campfire_rested":2,"item_purchase_floors":[8,8],"current_hp_per_floor":[84,84,49,49,49,22,11,11,11,38,38,14,41,41,41,0,0,0],"gold":144,"neow_bonus":"","is_daily":false,"chose_seed":false,"campfire_upgraded":2,"win_rate":0.0,"timestamp":1610871346,"path_taken":["M","?","?","?","M","E","?","$","T","R","R","E","R","E","R","BOSS"],"items_purchased_type":["Relic","Relic"],"build_version":"2020-12-22","purchased_purges":0,"victory":false,"max_hp_per_floor":[90,90,90,90,90,90,90,90,90,90,90,90,90,90,90,90,90,90],"card_choices":[{"not_picked":["champ:GutPunch","champ:DeathBlow"],"picked":"champ:SetATrap","floor":1.0},{"not_picked":["champ:FocusedDefense","champ:CrookedStrike","champ:CrownThrow"],"picked":"SKIP","floor":1.0},{"not_picked":["champ:GutPunch","champ:Haymaker"],"picked":"champ:RapidStrikes","floor":2.0},{"not_picked":["champ:BerserkersShout","champ:GutPunch","champ:TornadoPunch"],"picked":"SKIP","floor":2.0},{"not_picked":["champ:PreemptiveStrike","champ:PreciseThrust"],"picked":"champ:CrookedStrike","floor":4.0},{"not_picked":["champ:BringItOn","champ:EnGarde","champ:TornadoPunch"],"picked":"SKIP","floor":4.0},{"not_picked":["champ:AdrenalArmor","champ:EnGarde","champ:StanceDance"],"picked":"SKIP","floor":5.0},{"not_picked":["champ:HeartStrike","champ:Shatter","champ:FlashCut"],"picked":"SKIP","floor":5.0},{"not_picked":["champ:GutPunch+1","champ:Backstep"],"picked":"champ:EnchantCrown","floor":6.0},{"not_picked":["champ:FalseCounter","champ:DefensiveShout"],"picked":"champ:BerserkerStyle","floor":8.0},{"not_picked":["champ:ShieldSigil","champ:BerserkersShout"],"picked":"champ:EnchantShield","floor":8.0},{"not_picked":["champ:TornadoPunch+1","champ:IronFortress"],"picked":"champ:SwordSigil","floor":12.0},{"not_picked":["champ:TornadoPunch+1","champ:FlashCut+1"],"picked":"champ:CrownThrow+1","floor":14.0}],"player_experience":818251,"relics_obtained":[{"floor":6.0,"key":"Molten Egg 2"},{"floor":9.0,"key":"Juzu Bracelet"},{"floor":12.0,"key":"Centennial Puzzle"},{"floor":14.0,"key":"Thread and Needle"}],"event_choices":[{"damage_healed":0.0,"max_hp_gain":0.0,"max_hp_loss":0.0,"gold_gain":75.0,"event_name":"World of Goop","player_choice":"Gather Gold","floor":7.0,"gold_loss":0.0,"damage_taken":11.0}],"is_beta":false,"boss_relics":[],"items_purged_floors":[],"is_endless":false,"potions_floor_spawned":[1,4,5],"killed_by":"Hexaghost","ascension_level":0}}