{"host":"344lv32hnei0mdhu","time":1610858944,"event":{"mods":["Act Like it!","BaseMod","Better Match","Better Sensory Stone","Better Skull","Better Third Choice","Better Vampires","Colored Powertips","Highlight Path","Minty Spire (QoL Compilation)","Quick Restart","Random Character Button","Rare Cards Sparkle","StSLib"],"gold_per_floor":[119,119,41,54,54,87,99,129,167,193,223,235,272,327,339,470,482,515,345,345,174,189,227,227,243,312,312,331,331,331],"floor_reached":29,"language":"ENG","playtime":1880,"items_purged":["Strike_G","Strike_G"],"score":458,"play_id":"f4be5e73-dfbf-4a4b-9b28-d02775583683","local_time":"20210116224904","is_ascension_mode":true,"campfire_choices":[{"data":"Adrenaline","floor":7,"key":"SMITH"},{"floor":15,"key":"REST"},{"floor":24,"key":"REST"}],"circlet_count":0,"master_deck":["AscendersBane","Strike_G","Strike_G","Strike_G+1","Defend_G+1","Defend_G+1","Defend_G+1","Defend_G","Defend_G","Survivor","Neutralize","Noxious Fumes","Glass Knife","Masterful Stab","Injury","Adrenaline+1","Blade Dance","Deflect","Catalyst","A Thousand Cuts","After Image","Noxious Fumes","Dash","Accuracy","Leg Sweep","Blade Dance+1","PiercingWail+1"],"relics":["Ring of the Snake","NeowsBlessing","Golden Idol","MawBank","PreservedInsect","War Paint","WristBlade","Happy Flower"],"acts_visited":["Exordium","TheCity"],"potions_floor_usage":[14,14,16,23,23,25],"damage_taken":[{"damage":0,"enemies":"Small Slimes","floor":1,"turns":1},{"damage":0,"enemies":"2 Louse","floor":4,"turns":1},{"damage":0,"enemies":"Lagavulin","floor":6,"turns":1},{"damage":0,"enemies":"Cultist","floor":8,"turns":2},{"damage":3,"enemies":"2 Fungi Beasts","floor":10,"turns":4},{"damage":0,"enemies":"Looter","floor":11,"turns":3},{"damage":2,"enemies":"3 Louse","floor":13,"turns":3},{"damage":0,"enemies":"Gremlin Nob","floor":14,"turns":2},{"damage":42,"enemies":"The Guardian","floor":16,"turns":16},{"damage":1,"enemies":"Shell Parasite","floor":18,"turns":5},{"damage":7,"enemies":"Spheric Guardian","floor":22,"turns":4},{"damage":22,"enemies":"Slavers","floor":23,"turns":4},{"damage":28,"enemies":"Snake Plant","floor":25,"turns":4},{"damage":5,"enemies":"Centurion and Healer","floor":28,"turns":5},{"damage":41,"enemies":"Cultist and Chosen","floor":29,"turns":6}],"seed_played":"-2417575655777354113","potions_obtained":[{"floor":4,"key":"Poison Potion"},{"floor":6,"key":"Poison Potion"},{"floor":11,"key":"GhostInAJar"},{"floor":14,"key":"LiquidBronze"},{"floor":18,"key":"EssenceOfSteel"},{"floor":20,"key":"LiquidMemories"},{"floor":20,"key":"CunningPotion"},{"floor":28,"key":"Block Potion"}],"is_trial":false,"path_per_floor":["M","?","$","M","?","E","R","M","T","M","M","$","M","E","R","B",null,"M","$","?","$","M","E","R","M","T","?","M","M"],"character_chosen":"THE_SILENT","items_purchased":["Glass Knife","Noxious Fumes","Dash","Accuracy"],"campfire_rested":2,"item_purchase_floors":[3,19,19,21],"current_hp_per_floor":[63,49,49,49,49,49,49,49,49,46,46,46,44,44,65,23,58,57,57,57,57,50,28,49,21,21,21,16,0,0],"gold":331,"neow_bonus":"THREE_ENEMY_KILL","is_daily":false,"chose_seed":false,"campfire_upgraded":1,"win_rate":0.0,"timestamp":1610858944,"path_taken":["M","?","$","M","?","E","R","M","T","M","M","$","M","E","R","BOSS","M","$","?","$","?","E","R","M","T","?","M","M"],"items_purchased_type":["Card","Card","Card","Card"],"build_version":"2020-12-22","purchased_purges":2,"victory":false,"max_hp_per_floor":[70,70,70,70,70,70,70,70,70,70,70,70,70,70,70,70,70,70,70,70,70,70,70,70,70,70,70,70,70,70],"card_choices":[{"not_picked":["Outmaneuver","Bane"],"picked":"Noxious Fumes","floor":1},{"not_picked":["Dagger Throw","PiercingWail"],"picked":"Masterful Stab","floor":4},{"not_picked":["Storm of Steel","Catalyst"],"picked":"Adrenaline","floor":6},{"not_picked":["Concentrate","Sucker Punch"],"picked":"Blade Dance","floor":8},{"not_picked":["Dagger Spray","Dagger Throw","Poisoned Stab"],"picked":"SKIP","floor":10},{"not_picked":["Dagger Spray","Wraith Form v2"],"picked":"Deflect","floor":11},{"not_picked":["Distraction","Cloak And Dagger"],"picked":"Catalyst","floor":13},{"not_picked":["Dodge and Roll","Cloak And Dagger"],"picked":"A Thousand Cuts","floor":14},{"not_picked":["Grand Finale","Wraith Form v2"],"picked":"After Image","floor":16},{"not_picked":["Poisoned Stab","Deflect","Dagger Throw"],"picked":"SKIP","floor":18},{"not_picked":["Flying Knee","Deadly Poison","Predator"],"picked":"SKIP","floor":22},{"not_picked":["Endless Agony","Dagger Throw+1"],"picked":"Leg Sweep","floor":23},{"not_picked":["Adrenaline","Terror"],"picked":"Blade Dance+1","floor":25},{"not_picked":["All Out Attack","Prepared"],"picked":"PiercingWail+1","floor":28}],"player_experience":340474,"relics_obtained":[{"floor":6,"key":"MawBank"},{"floor":9,"key":"PreservedInsect"},{"floor":14,"key":"War Paint"},{"floor":23,"key":"Happy Flower"}],"event_choices":[{"damage_healed":63,"gold_gain":0,"player_choice":"Upgrade","damage_taken":14,"max_hp_gain":0,"max_hp_loss":70,"event_name":"betterThird:BetterShining","floor":2,"gold_loss":0,"cards_upgraded":["Strike_G","Defend_G"]},{"damage_healed":0,"gold_gain":0,"player_choice":"Take Wound","damage_taken":0,"relics_obtained":["Golden Idol"],"max_hp_gain":0,"max_hp_loss":0,"event_name":"Golden Idol","floor":5,"gold_loss":0,"cards_obtained":["Injury"]},{"damage_healed":0,"gold_gain":0,"player_choice":"Got Potions","damage_taken":0,"max_hp_gain":0,"max_hp_loss":0,"event_name":"Lab","floor":20,"gold_loss":0},{"damage_healed":0,"gold_gain":0,"player_choice":"Ignored","damage_taken":0,"max_hp_gain":0,"max_hp_loss":0,"event_name":"Ghosts","floor":27,"gold_loss":0}],"is_beta":false,"boss_relics":[{"not_picked":["Ring of the Serpent","SacredBark"],"picked":"WristBlade"}],"items_purged_floors":[19,21],"is_endless":false,"potions_floor_spawned":[4,6,11,14,18,28],"killed_by":"Cultist and Chosen","ascension_level":10}}