{"host":"fa35vd3kig5td25x","time":1610883144,"event":{"mods":["BaseMod","Colored Powertips","Minty Spire (QoL Compilation)","Relic Stats","Slay the Relics Exporter"],"gold_per_floor":[116,133,133,8,18,46,57,91,91,91,108,120,136,163,163,267,267,282,145,145,145,165,196,214,249,327,327,354,370,175,200,200,200,200,216,269,286,16,16,45,56,72,72,24,24,59,75,100,100,100,100,100,48,79,79],"floor_reached":56,"language":"ENG","playtime":3591,"items_purged":["Strike_B","Strike_B","Injury"],"score":1520,"play_id":"fd3fc18b-107d-4ebd-819a-e6e4f896f697","local_time":"20210117123224","is_ascension_mode":true,"campfire_choices":[{"data":"Doom and Gloom","floor":10,"key":"SMITH"},{"data":"Streamline","floor":15,"key":"SMITH"},{"data":"Electrodynamics","floor":27,"key":"SMITH"},{"data":"Skim","floor":32,"key":"SMITH"},{"floor":49,"key":"RECALL"},{"data":"Buffer","floor":52,"key":"SMITH"}],"circlet_count":0,"master_deck":["Zap","Dualcast","Glacier","Ball Lightning","Rebound","Skim+1","Streamline+1","Doom and Gloom+1","Hologram+1","Double Energy+1","Reinforced Body+1","Electrodynamics+1","Tempest+1","PanicButton+1","Hologram+1","Machine Learning","Capacitor+1","Coolheaded+1","Skim+1","Amplify+1","Hologram+1","Force Field+1","Undo+1","Compile Driver","Echo Form","Coolheaded+1","Heatsinks","Echo Form","Buffer+1","Turbo+1","Blind+1","Barrage+1","Coolheaded+1","Compile Driver+1","Compile Driver+1"],"relics":["Philosopher\u0027s Stone","Smiling Mask","Pantograph","Bottled Lightning","Toxic Egg 2","Unceasing Top","Cursed Key","PreservedInsect","War Paint","Lantern","Lee\u0027s Waffle","HornCleat","Pandora\u0027s Box","Emotion Chip","Runic Capacitor","Anchor","Kunai","Bottled Tornado"],"acts_visited":["Exordium","TheCity","TheBeyond","TheEnding"],"potions_floor_usage":[6,8,28,33,40,55,55,55],"damage_taken":[{"damage":2,"enemies":"Cultist","floor":1,"turns":4},{"damage":0,"enemies":"Small Slimes","floor":2,"turns":4},{"damage":1,"enemies":"Jaw Worm","floor":5,"turns":3},{"damage":7,"enemies":"3 Sentries","floor":6,"turns":8},{"damage":6,"enemies":"3 Louse","floor":7,"turns":5},{"damage":5,"enemies":"Lagavulin","floor":8,"turns":5},{"damage":0,"enemies":"Exordium Wildlife","floor":11,"turns":3},{"damage":0,"enemies":"Blue Slaver","floor":12,"turns":3},{"damage":0,"enemies":"Red Slaver","floor":13,"turns":4},{"damage":24,"enemies":"Gremlin Nob","floor":14,"turns":4},{"damage":25,"enemies":"Slime Boss","floor":16,"turns":8},{"damage":0,"enemies":"3 Byrds","floor":18,"turns":2},{"damage":0,"enemies":"Chosen","floor":22,"turns":3},{"damage":18,"enemies":"Book of Stabbing","floor":23,"turns":6},{"damage":1,"enemies":"Shelled Parasite and Fungi","floor":24,"turns":6},{"damage":14,"enemies":"Slavers","floor":25,"turns":3},{"damage":9,"enemies":"Book of Stabbing","floor":28,"turns":4},{"damage":1,"enemies":"Chosen and Byrds","floor":29,"turns":5},{"damage":0,"enemies":"Gremlin Leader","floor":31,"turns":5},{"damage":63,"enemies":"Collector","floor":33,"turns":12},{"damage":0,"enemies":"Orb Walker","floor":35,"turns":4},{"damage":11,"enemies":"2 Orb Walkers","floor":36,"turns":4},{"damage":0,"enemies":"3 Shapes","floor":37,"turns":4},{"damage":4,"enemies":"Reptomancer","floor":40,"turns":8},{"damage":11,"enemies":"Sphere and 2 Shapes","floor":41,"turns":5},{"damage":0,"enemies":"Maw","floor":42,"turns":8},{"damage":0,"enemies":"Giant Head","floor":46,"turns":10},{"damage":0,"enemies":"Jaw Worm Horde","floor":47,"turns":4},{"damage":0,"enemies":"Nemesis","floor":48,"turns":5},{"damage":0,"enemies":"Donu and Deca","floor":50,"turns":7},{"damage":10,"enemies":"Shield and Spear","floor":54,"turns":4},{"damage":41,"enemies":"The Heart","floor":55,"turns":9}],"seed_played":"-6960818265903025587","potions_obtained":[{"floor":1,"key":"SneckoOil"},{"floor":5,"key":"ColorlessPotion"},{"floor":7,"key":"FocusPotion"},{"floor":8,"key":"Strength Potion"},{"floor":12,"key":"Explosive Potion"},{"floor":29,"key":"Regen Potion"},{"floor":35,"key":"PowerPotion"}],"is_trial":false,"path_per_floor":["M","M","?","$","M","E","M","E","T","R","M","M","M","E","R","B",null,"M","$","?","?","M","E","M","E","T","R","E","M","$","E","R","B",null,"M","?","M","$","?","E","M","M","T","$","?","E","M","E","R","B",null,"R","$","E","B",null],"character_chosen":"DEFECT","items_purchased":["FocusPotion","DuplicationPotion","PanicButton+1","Lee\u0027s Waffle","Runic Capacitor","Heatsinks","FocusPotion","FocusPotion"],"campfire_rested":0,"item_purchase_floors":[4,4,19,30,38,38,44,53],"current_hp_per_floor":[73,73,73,73,72,65,59,54,54,54,54,54,54,30,30,30,75,75,75,75,75,75,57,56,42,42,42,33,32,82,82,82,34,82,82,71,71,71,71,67,56,56,56,56,56,56,56,56,56,81,82,82,82,72,41],"gold":79,"neow_bonus":"BOSS_RELIC","is_daily":false,"chose_seed":false,"campfire_upgraded":5,"win_rate":0.0,"timestamp":1610883144,"path_taken":["M","?","?","$","M","E","M","E","T","R","M","?","M","E","R","BOSS","M","$","?","?","M","E","M","E","T","R","E","M","$","E","R","BOSS","M","?","M","$","?","E","M","?","T","$","?","E","M","E","R","BOSS","R","$","E","BOSS"],"items_purchased_type":["Potion","Potion","Card","Relic","Relic","Card","Potion","Potion"],"build_version":"2020-12-22","purchased_purges":3,"victory":true,"max_hp_per_floor":[75,75,75,75,75,75,75,75,75,75,75,75,75,75,75,75,75,75,75,75,75,75,75,75,75,75,75,75,75,82,82,82,82,82,82,82,82,82,82,82,82,82,82,82,82,82,82,82,82,82,82,82,82,82,82],"relic_stats":{"Lee\u0027s Waffle":50,"Emotion Chip":[25,7,17,1,0],"counters":[32,169],"Pantograph":60,"Pandora\u0027s Box":["Force Field","Undo","Compile Driver","Echo Form"],"PreservedInsect":431,"Kunai":[8],"War Paint":["Defend_B","Defend_B"],"Smiling Mask":150,"Cursed Key":1,"obtain_stats":[{"Lantern":28,"Lee\u0027s Waffle":30,"PreservedInsect":23,"Runic Capacitor":38,"War Paint":25,"Bottled Tornado":54,"Smiling Mask":3,"Cursed Key":17,"Emotion Chip":36,"Anchor":40,"HornCleat":31,"Pantograph":6,"Philosopher\u0027s Stone":0,"Pandora\u0027s Box":34,"Bottled Lightning":8,"Kunai":48,"Toxic Egg 2":9,"Cracked Core":0,"Unceasing Top":14},{"Lantern":17,"Lee\u0027s Waffle":18,"PreservedInsect":14,"Runic Capacitor":23,"War Paint":16,"Bottled Tornado":31,"Smiling Mask":2,"Cursed Key":11,"Emotion Chip":22,"Anchor":24,"HornCleat":19,"Pantograph":4,"Philosopher\u0027s Stone":0,"Pandora\u0027s Box":20,"Bottled Lightning":6,"Kunai":29,"Toxic Egg 2":6,"Cracked Core":0,"Unceasing Top":10},{"Lantern":75,"Lee\u0027s Waffle":80,"PreservedInsect":62,"Runic Capacitor":109,"War Paint":71,"Bottled Tornado":160,"Smiling Mask":8,"Cursed Key":51,"Emotion Chip":105,"Anchor":117,"HornCleat":85,"Pantograph":19,"Philosopher\u0027s Stone":0,"Pandora\u0027s Box":97,"Bottled Lightning":29,"Kunai":149,"Toxic Egg 2":29,"Cracked Core":0,"Unceasing Top":43}],"Unceasing Top":[2]},"card_choices":[{"not_picked":["Go for the Eyes","Steam"],"picked":"Glacier","floor":1},{"not_picked":["Self Repair","Steam Power"],"picked":"Ball Lightning","floor":2},{"not_picked":["Turbo","Double Energy"],"picked":"Rebound","floor":5},{"not_picked":["Fusion","Steam"],"picked":"Skim","floor":6},{"not_picked":["Conserve Battery","Cold Snap"],"picked":"Streamline","floor":7},{"not_picked":["Steam","Beam Cell"],"picked":"Doom and Gloom","floor":8},{"not_picked":["Beam Cell","Gash"],"picked":"Hologram+1","floor":11},{"not_picked":["Chill+1","Redo+1"],"picked":"Double Energy+1","floor":12},{"not_picked":["Cold Snap","Heatsinks","All For One"],"picked":"SKIP","floor":13},{"not_picked":["Redo+1","Coolheaded+1"],"picked":"Reinforced Body+1","floor":14},{"not_picked":["Rainbow+1","Thunder Strike"],"picked":"Electrodynamics","floor":16},{"not_picked":["Heatsinks","Stack+1"],"picked":"Tempest+1","floor":18},{"not_picked":["Streamline","Reprogram+1","Go for the Eyes"],"picked":"SKIP","floor":22},{"not_picked":["Self Repair+1","Sweeping Beam"],"picked":"Capacitor+1","floor":23},{"not_picked":["Lockon","Storm+1"],"picked":"Coolheaded+1","floor":24},{"not_picked":["Leap+1","Go for the Eyes+1"],"picked":"Skim+1","floor":25},{"not_picked":["Redo+1","Cold Snap","Steam+1"],"picked":"SKIP","floor":28},{"not_picked":["Scrape+1","Go for the Eyes"],"picked":"Amplify+1","floor":29},{"not_picked":["Stack+1","Conserve Battery+1"],"picked":"Hologram+1","floor":31},{"not_picked":["Gash","Static Discharge","Streamline+1"],"picked":"SKIP","floor":35},{"not_picked":["Hologram+1","Go for the Eyes"],"picked":"Coolheaded+1","floor":37},{"not_picked":["FTL","Heatsinks+1"],"picked":"Buffer","floor":40},{"not_picked":["Cold Snap","Conserve Battery+1","Capacitor"],"picked":"SKIP","floor":41},{"not_picked":["Beam Cell","Undo+1"],"picked":"Turbo+1","floor":42},{"not_picked":["Trip+1","Apotheosis+1"],"picked":"Blind+1","floor":45},{"not_picked":["Steam+1","Sweeping Beam+1"],"picked":"Barrage+1","floor":46},{"not_picked":["Sweeping Beam","Go for the Eyes"],"picked":"Coolheaded+1","floor":47},{"not_picked":["Gash","Rebound"],"picked":"Compile Driver+1","floor":48},{"not_picked":["Streamline+1","Fusion+1"],"picked":"Compile Driver+1","floor":54}],"player_experience":2947793,"relics_obtained":[{"floor":6,"key":"Pantograph"},{"floor":8,"key":"Bottled Lightning"},{"floor":9,"key":"Toxic Egg 2"},{"floor":14,"key":"Unceasing Top"},{"floor":23,"key":"PreservedInsect"},{"floor":25,"key":"War Paint"},{"floor":28,"key":"Lantern"},{"floor":31,"key":"HornCleat"},{"floor":36,"key":"Emotion Chip"},{"floor":40,"key":"Anchor"},{"floor":48,"key":"Kunai"},{"floor":54,"key":"Bottled Tornado"}],"event_choices":[{"damage_healed":0,"gold_gain":0,"player_choice":"Gave Potion","damage_taken":0,"relics_obtained":["Smiling Mask"],"max_hp_gain":0,"max_hp_loss":0,"event_name":"WeMeetAgain","floor":3,"gold_loss":0},{"damage_healed":0,"gold_gain":0,"player_choice":"Ignored","damage_taken":0,"max_hp_gain":0,"max_hp_loss":0,"event_name":"Vampires","floor":20,"gold_loss":0},{"damage_healed":0,"gold_gain":0,"cards_transformed":["Strike_B","Strike_B"],"player_choice":"Became Test Subject","damage_taken":0,"max_hp_gain":0,"max_hp_loss":0,"event_name":"Drug Dealer","floor":21,"gold_loss":0,"cards_obtained":["Hologram","Machine Learning"]},{"damage_healed":0,"gold_gain":0,"player_choice":"Fight","damage_taken":0,"max_hp_gain":0,"max_hp_loss":0,"event_name":"Mysterious Sphere","floor":36,"gold_loss":0},{"damage_healed":0,"gold_gain":0,"player_choice":"Copied","damage_taken":0,"max_hp_gain":0,"max_hp_loss":0,"event_name":"Duplicator","floor":39,"gold_loss":0,"cards_obtained":["Echo Form"]},{"damage_healed":0,"gold_gain":0,"player_choice":"Memory 1","damage_taken":0,"max_hp_gain":0,"max_hp_loss":0,"event_name":"SensoryStone","floor":45,"gold_loss":0}],"is_beta":false,"boss_relics":[{"not_picked":["Busted Crown","Fusion Hammer"],"picked":"Cursed Key"},{"not_picked":["Nuclear Battery","Coffee Dripper"],"picked":"Pandora\u0027s Box"}],"items_purged_floors":[19,30,38],"is_endless":false,"potions_floor_spawned":[1,5,7,8,12,16,23,29,31,35,36,37,47],"ascension_level":1}}