{"host":"6bsan6hkua32tfq7","time":1610903859,"event":{"mods":["BaseMod","Better Third Choice","Colored Map","Highlight Path","Minty Spire (QoL Compilation)","StSLib"],"gold_per_floor":[115,142,67,84,84,84,84,84,108,108,108],"floor_reached":10,"language":"ENG","playtime":176,"items_purged":["Defend_R"],"score":108,"play_id":"0e2a4ccb-6005-4111-b696-b4ae96baae8d","local_time":"20210117181739","is_ascension_mode":true,"campfire_choices":[{"data":"Transmutation","floor":6,"key":"SMITH"},{"floor":8,"key":"REST"}],"circlet_count":0,"master_deck":["AscendersBane","Strike_R","Strike_R","Strike_R","Strike_R","Strike_R+1","Defend_R","Defend_R","Defend_R","Bash","Transmutation+1","Seeing Red+1","Inflame"],"relics":["Burning Blood","Blood Vial","Golden Idol","Nunchaku"],"acts_visited":["Exordium"],"potions_floor_usage":[],"damage_taken":[{"damage":28,"enemies":"Cultist","floor":1,"turns":6},{"damage":5,"enemies":"Small Slimes","floor":4,"turns":3},{"damage":41,"enemies":"Gremlin Nob","floor":10,"turns":3}],"seed_played":"4109933127191798878","potions_obtained":[],"is_trial":false,"path_per_floor":["M","T","$","M","?","R","?","R","T","E"],"character_chosen":"IRONCLAD","items_purchased":[],"campfire_rested":1,"item_purchase_floors":[],"current_hp_per_floor":[28,28,28,31,8,8,8,28,28,0,0],"gold":108,"neow_bonus":"RANDOM_COLORLESS_2","is_daily":false,"chose_seed":false,"campfire_upgraded":1,"win_rate":0.0,"timestamp":1610903859,"path_taken":["M","?","$","M","?","R","?","R","T","E"],"items_purchased_type":[],"build_version":"2020-12-22","purchased_purges":1,"victory":false,"max_hp_per_floor":[75,75,75,75,75,75,68,68,68,68,68],"card_choices":[{"not_picked":["Sadistic Nature","Thinking Ahead"],"picked":"Transmutation","floor":0},{"not_picked":["Intimidate","Havoc"],"picked":"Seeing Red","floor":1},{"not_picked":["Body Slam","Headbutt"],"picked":"Inflame","floor":4}],"player_experience":5288026,"relics_obtained":[{"floor":2,"key":"Blood Vial"},{"floor":9,"key":"Nunchaku"}],"event_choices":[{"damage_healed":31,"gold_gain":0,"player_choice":"Upgrade","damage_taken":23,"max_hp_gain":0,"max_hp_loss":75,"event_name":"betterThird:BetterShining","floor":5,"gold_loss":0,"cards_upgraded":["Seeing Red","Strike_R"]},{"damage_healed":0,"gold_gain":0,"player_choice":"Lose Max HP","damage_taken":0,"relics_obtained":["Golden Idol"],"max_hp_gain":0,"max_hp_loss":7,"event_name":"Golden Idol","floor":7,"gold_loss":0}],"is_beta":false,"boss_relics":[],"items_purged_floors":[3],"is_endless":false,"potions_floor_spawned":[],"killed_by":"Gremlin Nob","ascension_level":20}}