{"host":"tr12w2fixbnujl15","time":1610842823,"event":{"mods":["100% Spire Juice","2.2 Compatiblity","Arknights The Spire","BaseMod","Better Skull","BetterRewards","Clockwork Mod","Colored Powertips","Evolution","Hermit","Hubris","Infinite Spire","JesterMod","Koishi","Mad Scientist","Minty Spire (QoL Compilation)","Prisma Mod","Quick Restart","Replay The Spire","Shop Mod","StSLib","SuperFastMode","The Animator","The Bug Knight","The Construct","The Cursed","The Hierophant","The Mystic","The Necromancer","The Runesmith","The Sage","The Senshi","The Servant 0.9.4","The Spell Scribe","TheFirefly","WarShipGirlsR/????R mod","Yakumo Yukari mod"],"gold_per_floor":[116,291,291,309,321,321,321,321,321,341,41,60,78,94,94,94,94],"floor_reached":16,"language":"ENG","playtime":644,"items_purged":[],"score":94,"play_id":"57065f6a-0db3-43cb-bc05-26f0e905a824","local_time":"20210116192023","is_ascension_mode":false,"campfire_choices":[{"data":"mysticmod:MagicMissile","floor":6,"key":"SMITH"},{"floor":15,"key":"REST"}],"circlet_count":0,"master_deck":["mysticmod:Strike_Mystic","mysticmod:Strike_Mystic","mysticmod:Strike_Mystic","mysticmod:Strike_Mystic","mysticmod:Defend_Mystic","mysticmod:Defend_Mystic","mysticmod:Defend_Mystic","mysticmod:Defend_Mystic","mysticmod:ArcaneDodge","mysticmod:ShockingGrasp","mysticmod:DiviningBlow","Doubt","mysticmod:PureInstinct","mysticmod:ShockingGrasp","mysticmod:SpellCombat","mysticmod:MagicMissile+1","mysticmod:ComponentsPouch","mysticmod:Haste","mysticmod:TomeOfSpells","mysticmod:BulkUp"],"relics":["mysticmod:SpellBook","EVO:Axolotl","NeowsBlessing","Chameleon Ring","Ring of Hypnosis","Torii","MerchantsRug","Chemical X"],"acts_visited":["Exordium"],"potions_floor_usage":[10,16],"damage_taken":[{"damage":0,"enemies":"2 Louse","floor":1,"turns":1},{"damage":0,"enemies":"Cultist","floor":4,"turns":1},{"damage":0,"enemies":"Jaw Worm","floor":5,"turns":1},{"damage":16,"enemies":"Large Slime","floor":10,"turns":9},{"damage":14,"enemies":"Blue Slaver","floor":12,"turns":4},{"damage":11,"enemies":"Lots of Slimes","floor":13,"turns":5},{"damage":7,"enemies":"3 Louse","floor":14,"turns":4},{"damage":52,"enemies":"Slime Boss","floor":16,"turns":9}],"seed_played":"6408725662038578945","potions_obtained":[{"floor":5,"key":"LiquidMemories"},{"floor":13,"key":"BlessingOfTheForge"}],"is_trial":false,"path_per_floor":["M","?","?","M","M","R","T","?","T","M","$","M","M","M","R","B"],"character_chosen":"MYSTIC_CLASS","items_purchased":["MerchantsRug","Chemical X"],"campfire_rested":1,"item_purchase_floors":[11,11],"current_hp_per_floor":[77,77,77,77,77,77,77,77,77,61,61,47,36,29,52,0,0],"gold":94,"neow_bonus":"THREE_ENEMY_KILL","is_daily":false,"chose_seed":false,"campfire_upgraded":1,"win_rate":0.0,"timestamp":1610842823,"path_taken":["M","?","?","M","?","R","?","?","T","M","$","M","M","M","R","BOSS"],"items_purchased_type":["Relic","Relic"],"build_version":"2020-12-22","purchased_purges":0,"victory":false,"max_hp_per_floor":[77,77,77,77,77,77,77,77,77,77,77,77,77,77,77,77,77],"card_choices":[{"not_picked":["mysticmod:ChargedParry","mysticmod:Daze"],"picked":"mysticmod:DiviningBlow","floor":1},{"not_picked":["mysticmod:SuddenClarity","mysticmod:RapidCaster"],"picked":"mysticmod:SpellCombat","floor":4},{"not_picked":["mysticmod:Daze","mysticmod:LightningBolt"],"picked":"mysticmod:MagicMissile","floor":5},{"not_picked":["mysticmod:Flourish","mysticmod:Riposte"],"picked":"mysticmod:ComponentsPouch","floor":10},{"not_picked":["mysticmod:Snowball","mysticmod:Disengage"],"picked":"mysticmod:Haste","floor":12},{"not_picked":["mysticmod:Daze","mysticmod:Sideswipe"],"picked":"mysticmod:TomeOfSpells","floor":13},{"not_picked":["mysticmod:Sideswipe","mysticmod:Daze"],"picked":"mysticmod:BulkUp","floor":14}],"player_experience":62600,"relics_obtained":[{"floor":7,"key":"Chameleon Ring"},{"floor":8,"key":"Ring of Hypnosis"},{"floor":9,"key":"Torii"}],"event_choices":[{"damage_healed":0,"gold_gain":175,"player_choice":"AGREE","damage_taken":0,"max_hp_gain":0,"max_hp_loss":0,"event_name":"Liars Game","floor":2,"gold_loss":0,"cards_obtained":["Doubt"]},{"damage_healed":0,"gold_gain":0,"player_choice":"2 cards matched","damage_taken":0,"max_hp_gain":0,"max_hp_loss":0,"event_name":"Match and Keep!","floor":3,"gold_loss":0,"cards_obtained":["mysticmod:PureInstinct","mysticmod:ShockingGrasp"]}],"is_beta":false,"boss_relics":[],"items_purged_floors":[],"is_endless":false,"potions_floor_spawned":[5,13],"killed_by":"Slime Boss","ascension_level":0}}