{"host":"c5slkkw8hp42e20v","time":1610866601,"event":{"mods":["AchievementEnabler","BaseMod","Better Note","BetterRewards","Colored Powertips","DeckTracker","Friendly Minions","GifTheSpireLib","Hermit","Highlight Path","Minty Spire (QoL Compilation)","Quick Restart","Rare Cards Sparkle","Replay The Spire","Spicy Shops","StSLib","The Animator","The Hierophant","The Poker Player","????"],"gold_per_floor":[112,127,127,33,83,100,131,150,176,176,176],"floor_reached":10,"language":"ENG","playtime":553,"items_purged":["Looming Evil","Looming Evil"],"score":68,"play_id":"749eeed8-39c3-4c74-9cc6-f7244038fa78","local_time":"20210117005641","is_ascension_mode":false,"campfire_choices":[],"circlet_count":0,"master_deck":["Strike_G","Strike_G","Strike_G","Strike_G","Strike_G","Defend_G","Defend_G+1","Defend_G","Defend_G","Defend_G","Survivor","Neutralize","Cloak And Dagger","Cloak And Dagger+1","Finisher","Accuracy","Quick Slash","Noxious Fumes","Hallucinations","Dash","Outmaneuver","Reflex","Hidden Blade","Cloak And Dagger"],"relics":["Ring of the Snake","Prayer Wheel","CaptainsWheel","ReplayTheSpireMod:CursedCoin","Ring of Hypnosis","Ring of Greed","Membership Card","Blue Doll","Juzu Bracelet","Potion Belt"],"acts_visited":["Exordium"],"potions_floor_usage":[],"damage_taken":[{"damage":6,"enemies":"Cultist","floor":1,"turns":4},{"damage":3,"enemies":"2 Louse","floor":2,"turns":5},{"damage":0,"enemies":"Jaw Worm","floor":6,"turns":3},{"damage":7,"enemies":"3 Sentries","floor":7,"turns":8},{"damage":18,"enemies":"Large Slime","floor":8,"turns":5},{"damage":24,"enemies":"Lagavulin","floor":10,"turns":6}],"seed_played":"-2528915291147432581","potions_obtained":[{"floor":1,"key":"SpeedPotion"},{"floor":2,"key":"Elixir"}],"is_trial":false,"path_per_floor":["M","M","?","$","?","M","E","M","T","E"],"character_chosen":"THE_SILENT","items_purchased":["Prayer Wheel","Cloak And Dagger","ReplayTheSpireMod:CursedCoin","Noxious Fumes"],"campfire_rested":0,"item_purchase_floors":[0,0,4,4],"current_hp_per_floor":[64,61,47,47,47,47,40,22,22,0,0],"gold":176,"neow_bonus":"","is_daily":false,"chose_seed":false,"campfire_upgraded":0,"win_rate":0.0,"timestamp":1610866601,"path_taken":["M","?","?","$","?","M","E","M","T","E"],"items_purchased_type":["Relic","Card","Relic","Card"],"build_version":"2020-12-22","purchased_purges":2,"victory":false,"max_hp_per_floor":[70,70,70,70,70,70,70,70,70,70,70],"card_choices":[{"not_picked":["Bouncing Flask","Predator"],"picked":"Cloak And Dagger","floor":1},{"not_picked":["Catalyst","Prepared"],"picked":"Finisher","floor":1},{"not_picked":["PiercingWail","Slice"],"picked":"Accuracy","floor":2},{"not_picked":["Flying Knee","PiercingWail"],"picked":"Quick Slash","floor":2},{"not_picked":["Underhanded Strike","Deflect"],"picked":"Dash","floor":6},{"not_picked":["Masterful Stab","Prepared"],"picked":"Outmaneuver","floor":6},{"not_picked":["Flying Knee","Skewer"],"picked":"Reflex","floor":7},{"not_picked":["Distraction","Glass Knife"],"picked":"Hidden Blade","floor":8},{"not_picked":["Outmaneuver","Underhanded Strike"],"picked":"Cloak And Dagger","floor":8}],"player_experience":55326,"relics_obtained":[{"floor":5,"key":"Ring of Hypnosis"},{"floor":5,"key":"Ring of Greed"},{"floor":5,"key":"Membership Card"},{"floor":5,"key":"Blue Doll"},{"floor":7,"key":"Juzu Bracelet"},{"floor":9,"key":"Potion Belt"}],"event_choices":[{"damage_healed":0,"gold_gain":0,"player_choice":"Entered Light","damage_taken":14,"max_hp_gain":0,"max_hp_loss":0,"event_name":"Shining Light","floor":3,"gold_loss":0,"cards_upgraded":["Defend_G","Cloak And Dagger"]}],"is_beta":false,"boss_relics":[],"items_purged_floors":[4,4],"is_endless":false,"potions_floor_spawned":[1,2],"killed_by":"Lagavulin","ascension_level":0}}