{"host":"u19jhb6amotr3ucl","time":1610917936,"event":{"mods":["Act Like it!","Astrologer","BaseMod","Better Match","BetterRewards","Conspire","Duelist Mod","Hubris","Infinite Spire","Jorbs\u0027s Wanderer Trilogy","Marisa????????","Minty Spire (QoL Compilation)","Quick Restart","Replay The Spire","Spicy Shops","StSLib","The Animator"],"gold_per_floor":[110,120,137,147,147,147,165,165,165,165,181,181,200,375,375,495,495,516,539,539,560,584,584,584],"floor_reached":23,"language":"ENG","playtime":2275,"items_purged":[],"score":337,"play_id":"a1378d13-8eb5-43b1-92b3-6ec4c865af13","local_time":"20210117161216","is_ascension_mode":false,"campfire_choices":[{"floor":6,"key":"REST"},{"floor":15,"key":"RECALL"}],"circlet_count":0,"master_deck":["conspire:GhostlyStrike","conspire:GhostlyStrike","conspire:GhostlyStrike","conspire:GhostlyStrike","conspire:GhostlyDefend","conspire:GhostlyDefend","conspire:GhostlyDefend","conspire:GhostlyDefend","MasterSpark","UpSweep","PowerUp","ShootingEcho","IllusionStar","LuminesStrike","ChargeUpSpray","ChargingUp","IllusionStar","BlazingStar","Injury","AsteroidBelt","BinaryStars+1","MachineGunSpark","Doubt","BinaryStars","IllusionStar","Acceleration+1","JA","PropBag","WitchOfGreed+1"],"relics":["MiniHakkero","hubris:Spice","Orrery","Golden Idol","hubris:Towel","Mummified Hand","Blue Candle"],"acts_visited":["TheCity"],"potions_floor_usage":[16,21,23,23],"damage_taken":[{"damage":11,"enemies":"Jaw Worm","floor":1,"turns":2},{"damage":10,"enemies":"Small Slimes","floor":2,"turns":2},{"damage":0,"enemies":"2 Louse","floor":3,"turns":2},{"damage":6,"enemies":"2 Fungi Beasts","floor":4,"turns":3},{"damage":17,"enemies":"conspire:2 RoseBushes","floor":7,"turns":3},{"damage":0,"enemies":"Exordium Wildlife","floor":11,"turns":3},{"damage":1,"enemies":"Blue Slaver","floor":13,"turns":2},{"damage":9,"enemies":"The Guardian","floor":16,"turns":8},{"damage":0,"enemies":"Spheric Guardian","floor":18,"turns":3},{"damage":3,"enemies":"2 Thieves","floor":19,"turns":3},{"damage":8,"enemies":"Centurion and Healer","floor":21,"turns":4},{"damage":25,"enemies":"Snecko","floor":22,"turns":5},{"damage":47,"enemies":"Nightmare","floor":23,"turns":7}],"seed_played":"-7542154447273817532","potions_obtained":[{"floor":11,"key":"Block Potion"},{"floor":13,"key":"Fire Potion"},{"floor":16,"key":"LiquidMemories"},{"floor":19,"key":"BottledSpark"}],"is_trial":false,"path_per_floor":["M","M","M","M","?","R","M","?","T","?","M","?","M","?","R","B",null,"M","M","?","M","M","NM"],"character_chosen":"MARISA","items_purchased":["hubris:Spice","Orrery"],"campfire_rested":1,"item_purchase_floors":[0,0],"current_hp_per_floor":[47,37,37,31,31,55,38,38,46,46,46,46,45,45,45,36,83,83,80,80,72,47,0,0],"gold":584,"neow_bonus":"","is_daily":false,"chose_seed":false,"campfire_upgraded":0,"win_rate":0.0,"timestamp":1610917936,"path_taken":["M","M","M","M","?","R","M","?","T","?","M","?","?","?","R","BOSS","M","M","?","?","M","NM"],"items_purchased_type":["Relic","Relic"],"build_version":"2020-12-22","purchased_purges":0,"victory":false,"max_hp_per_floor":[83,83,83,83,83,83,83,83,91,91,91,91,83,83,83,83,83,83,83,83,83,83,83,83],"card_choices":[{"not_picked":["ChargingUp","OrrerysSun"],"picked":"PowerUp","floor":0},{"not_picked":["Acceleration","EarthLightRay"],"picked":"ShootingEcho","floor":0},{"not_picked":["Acceleration","ChargingUp"],"picked":"IllusionStar","floor":0},{"not_picked":["Robbery","GrandCross"],"picked":"LuminesStrike","floor":0},{"not_picked":["SporeBomb","GrandCross"],"picked":"ChargeUpSpray","floor":0},{"not_picked":["MeteoricShower","OrrerysSun"],"picked":"ChargingUp","floor":1},{"not_picked":["SporeBomb","PowerUp"],"picked":"IllusionStar","floor":2},{"not_picked":["WitchOfGreed","MeteoricShower"],"picked":"BlazingStar","floor":3},{"not_picked":["ShootingEcho","DoubleSpark"],"picked":"WitchLeyline","floor":4},{"not_picked":["6A","WitchOfGreed"],"picked":"AsteroidBelt","floor":7},{"not_picked":["EventHorizon","UnstableBomb"],"picked":"MachineGunSpark","floor":11},{"not_picked":["PulseMagic","UnstableBomb"],"picked":"hubris:SpiceAddiction","floor":13},{"not_picked":["UltimateShortwave","BigCrunch"],"picked":"BinaryStars","floor":16},{"not_picked":["GravityBeat","Orbital"],"picked":"IllusionStar","floor":18},{"not_picked":["hubris:SpiceAddiction","WitchOfGreed"],"picked":"Acceleration+1","floor":19},{"not_picked":["PowerUp","NonDirectionalLaser"],"picked":"PropBag","floor":21},{"not_picked":["hubris:SpiceAddiction","OpenUniverse"],"picked":"WitchOfGreed+1","floor":22}],"player_experience":323117,"relics_obtained":[{"floor":9,"key":"hubris:Spice"}],"event_choices":[{"damage_healed":0,"gold_gain":0,"player_choice":"Take Wound","damage_taken":0,"relics_obtained":["Golden Idol"],"max_hp_gain":0,"max_hp_loss":0,"event_name":"Golden Idol","floor":5,"gold_loss":0,"cards_obtained":["Injury"]},{"damage_healed":0,"gold_gain":0,"player_choice":"Agree","damage_taken":0,"max_hp_gain":0,"max_hp_loss":0,"event_name":"conspire:LoneGhost","floor":8,"gold_loss":0},{"damage_healed":0,"gold_gain":175,"player_choice":"AGREE","damage_taken":0,"max_hp_gain":0,"max_hp_loss":0,"event_name":"Liars Game","floor":14,"gold_loss":0,"cards_obtained":["Doubt"]},{"damage_healed":0,"gold_gain":0,"player_choice":"Read","damage_taken":0,"max_hp_gain":0,"max_hp_loss":0,"event_name":"The Library","floor":20,"gold_loss":0,"cards_obtained":["JA"]}],"is_beta":false,"boss_relics":[{"not_picked":["hubris:Spice","hubris:Spice","hubris:Spice"]}],"items_purged_floors":[],"is_endless":false,"potions_floor_spawned":[11,13,16,19],"killed_by":"Nightmare","ascension_level":0}}