{"host":"5gc11emcm5chfr5t","time":1610927774,"event":{"mods":["2.2 Compatiblity","AchievementEnabler","BaseMod","Bestiary","Better Note","Colored Map","Colored Powertips","Downfall","Googly Eyes","Minty Spire (QoL Compilation)","Rare Cards Sparkle","StSLib"],"gold_per_floor":[116,135,135,182,182,182,182,194,194,227,247,260,260,289,289,360,360,360,360,38,38,48,79,79,97,121,121,121],"floor_reached":27,"language":"ENG","playtime":738,"items_purged":["Regret"],"score":482,"play_id":"8a31bf72-4468-467c-b35f-ff289a980c93","local_time":"20210117185614","is_ascension_mode":true,"campfire_choices":[{"floor":6,"key":"RECALL"},{"floor":13,"key":"REST"},{"floor":15,"key":"REST"},{"floor":24,"key":"REST"}],"circlet_count":0,"master_deck":["AscendersBane","sneckomod:Strike","sneckomod:Strike","sneckomod:Strike","sneckomod:Defend","sneckomod:Defend","sneckomod:Defend","sneckomod:TailWhip","sneckomod:SnekBite+1","sneckomod:Unknown","sneckomod:Unknown","sneckomod:QuickMove","sneckomod:QuickMove","sneckomod:UnknownClassRED","sneckomod:QuickBite","sneckomod:MorePower","sneckomod:UnknownRarePower+1","sneckomod:ImprovisedAttack","sneckomod:UnknownUncommonAttack+1","sneckomod:UnknownBoss","sneckomod:UnknownClassPURPLE+1","sneckomod:SoulCleanse","sneckomod:UnknownUncommonAttack+1","sneckomod:UnknownRareSkill+1"],"relics":["sneckomod:SneckoSoul","NeowsBlessing","Smiling Mask","Bag of Marbles","Pen Nib","Orichalcum","Shuriken","Fusion Hammer","Singing Bowl","Frozen Egg 2","Dead Branch","Potion Belt"],"acts_visited":["Exordium","TheCity"],"potions_floor_usage":[10,14,18,23,23],"damage_taken":[{"damage":0,"enemies":"Cultist","floor":1,"turns":1},{"damage":0,"enemies":"Small Slimes","floor":2,"turns":1},{"damage":0,"enemies":"2 Louse","floor":8,"turns":1},{"damage":24,"enemies":"Gremlin Nob","floor":10,"turns":4},{"damage":4,"enemies":"Red Slaver","floor":11,"turns":2},{"damage":16,"enemies":"Exordium Thugs","floor":12,"turns":4},{"damage":14,"enemies":"3 Sentries","floor":14,"turns":9},{"damage":24,"enemies":"The Guardian","floor":16,"turns":8},{"damage":6,"enemies":"Spheric Guardian","floor":18,"turns":3},{"damage":14,"enemies":"3 Byrds","floor":22,"turns":6},{"damage":33,"enemies":"Book of Stabbing","floor":23,"turns":4},{"damage":49,"enemies":"Shelled Parasite and Fungi","floor":25,"turns":7},{"damage":15,"enemies":"Snake Plant","floor":27,"turns":1}],"seed_played":"2714715218428573448","potions_obtained":[{"floor":2,"key":"SteroidPotion"},{"floor":11,"key":"BlessingOfTheForge"},{"floor":12,"key":"SmokeBomb"},{"floor":21,"key":"sneckomod:DiceRollPotion"},{"floor":21,"key":"LiquidBronze"}],"is_trial":false,"path_per_floor":["M","M","$","T","?","R","?","M","T","E","M","M","R","E","R","B",null,"M","?","$","?","M","E","R","M","T","M"],"character_chosen":"THE_SNECKO","items_purchased":["Frozen Egg 2"],"campfire_rested":3,"item_purchase_floors":[20],"current_hp_per_floor":[75,75,75,75,75,75,75,75,75,51,47,31,55,41,65,41,73,67,67,67,67,53,32,57,10,10,0,0],"gold":121,"neow_bonus":"THREE_ENEMY_KILL","is_daily":false,"chose_seed":false,"campfire_upgraded":0,"win_rate":0.0,"timestamp":1610927774,"path_taken":["M","?","$","?","?","R","?","?","T","E","M","M","R","E","R","BOSS","M","?","?","?","M","E","R","?","T","M"],"items_purchased_type":["Relic"],"build_version":"2020-12-22","purchased_purges":1,"victory":false,"max_hp_per_floor":[83,83,83,83,83,83,83,83,83,83,83,83,83,83,83,83,83,83,83,83,83,83,85,85,87,87,87,87],"card_choices":[{"not_picked":["sneckomod:RainOfDice","sneckomod:UnknownDraw"],"picked":"sneckomod:SnakeSap","floor":1},{"not_picked":["sneckomod:UnknownStrike","sneckomod:UnknownClassHEXA_GHOST_PURPLE"],"picked":"sneckomod:QuickMove","floor":2},{"not_picked":["sneckomod:SoulCleanse","sneckomod:RainOfDice"],"picked":"sneckomod:QuickMove","floor":8},{"not_picked":["sneckomod:UnknownClassTHE_CHAMP_GRAY","sneckomod:Rotation"],"picked":"sneckomod:UnknownClassRED","floor":10},{"not_picked":["sneckomod:SoulDraw","sneckomod:SoulRoll"],"picked":"sneckomod:QuickBite","floor":11},{"not_picked":["sneckomod:CheapStock","sneckomod:QuickMove"],"picked":"sneckomod:MorePower","floor":12},{"not_picked":["sneckomod:UnknownClassTHE_BRONZE_AUTOMATON+1","sneckomod:UnknownClassRED+1"],"picked":"sneckomod:UnknownRarePower+1","floor":14},{"not_picked":["sneckomod:UnknownUncommonSkill","sneckomod:Unknown1Cost"],"picked":"sneckomod:ImprovisedAttack","floor":14},{"not_picked":["sneckomod:UnknownUncommonPower+1","sneckomod:UnknownWeak+1"],"picked":"sneckomod:UnknownUncommonAttack+1","floor":16},{"not_picked":["sneckomod:MorePower","sneckomod:UnlimitedRolls"],"picked":"sneckomod:UnknownBoss","floor":16},{"not_picked":["sneckomod:UnknownUncommonPower+1","sneckomod:UnknownDexterity+1"],"picked":"sneckomod:UnknownClassPURPLE+1","floor":22},{"not_picked":["sneckomod:UnknownClassPURPLE","sneckomod:UnknownClassHEXA_GHOST_PURPLE"],"picked":"sneckomod:SoulCleanse","floor":22},{"not_picked":["sneckomod:UnknownClassSLIMEBOUND+1","sneckomod:UnknownCommonAttack+1","sneckomod:UnknownDraw+1"],"picked":"Singing Bowl","floor":23},{"not_picked":["sneckomod:RainOfDice","sneckomod:UnknownBlock"],"picked":"sneckomod:UnknownUncommonAttack+1","floor":23},{"not_picked":["sneckomod:UnknownDraw+1","sneckomod:UnknownBlock+1"],"picked":"sneckomod:UnknownRareSkill+1","floor":25},{"not_picked":["sneckomod:UnknownUncommonSkill+1","sneckomod:DiceBoulder","sneckomod:UnknownUncommonAttack"],"picked":"Singing Bowl","floor":25}],"player_experience":554415,"relics_obtained":[{"floor":4,"key":"Smiling Mask"},{"floor":9,"key":"Pen Nib"},{"floor":10,"key":"Orichalcum"},{"floor":14,"key":"Shuriken"},{"floor":23,"key":"Dead Branch"},{"floor":26,"key":"Potion Belt"}],"event_choices":[{"damage_healed":0,"gold_gain":0,"player_choice":"Box","damage_taken":0,"relics_obtained":["Bag of Marbles"],"max_hp_gain":0,"max_hp_loss":0,"event_name":"Big Fish","floor":5,"gold_loss":0,"cards_obtained":["Regret"]},{"damage_healed":0,"gold_gain":0,"player_choice":"Upgraded","damage_taken":0,"max_hp_gain":0,"max_hp_loss":0,"event_name":"Upgrade Shrine","floor":7,"gold_loss":0,"cards_upgraded":["sneckomod:SnekBite"]},{"cards_removed":["sneckomod:SnakeSap"],"damage_healed":0,"gold_gain":0,"player_choice":"Gave Card","damage_taken":0,"relics_obtained":["Singing Bowl"],"max_hp_gain":0,"max_hp_loss":0,"event_name":"WeMeetAgain","floor":19,"gold_loss":0},{"damage_healed":0,"gold_gain":0,"player_choice":"Got Potions","damage_taken":0,"max_hp_gain":0,"max_hp_loss":0,"event_name":"Lab","floor":21,"gold_loss":0}],"is_beta":false,"boss_relics":[{"not_picked":["Velvet Choker","Empty Cage"],"picked":"Fusion Hammer"}],"items_purged_floors":[20],"is_endless":false,"potions_floor_spawned":[2,11,12,18,22],"killed_by":"Snake Plant","ascension_level":20}}