{"host":"lf8w6lk2ipwfzeol","time":1610885413,"event":{"mods":["ATMod(阿瑾Mod)","Act Like it!","BaseMod","BetterRewards","Downfall","Hermit","Minty Spire (QoL Compilation)","Quick Restart","Robot Space Explorer","StSLib","TestMod","The Cursed","The Hierophant","The Marked","The Runesmith","The Servant 0.9.4","Youmu（魂魄妖梦）"],"gold_per_floor":[112,287,287,287,302,332,352,352,352,363,363,313,331,341,341,341,341],"floor_reached":16,"language":"ZHS","playtime":1277,"items_purged":[],"score":107,"play_id":"7b5f5a32-2be6-488b-8baa-228a89434d4d","local_time":"20210117201013","is_ascension_mode":true,"campfire_choices":[{"floor":8,"key":"RECALL"},{"data":"Bane","floor":11,"key":"SMITH"},{"data":"Acrobatics","floor":15,"key":"SMITH"}],"circlet_count":0,"master_deck":["Strike_G","Strike_G","Strike_G","Strike_G","Strike_G","Defend_G","Defend_G","Defend_G","Defend_G","Defend_G","Survivor","Neutralize","AT_KingSlayer","AT_ArcaneSupremacy","Bane+1","Deadly Poison","Dagger Spray","Acrobatics+1","Poisoned Stab"],"relics":["Ring of the Snake","testmod-TestBox","testmod-MagicalMallet","testmod-TestBox","Lizard Tail"],"acts_visited":["Exordium"],"potions_floor_usage":[6,14,16,16,16],"damage_taken":[{"damage":4,"enemies":"2 Louse","floor":1,"turns":6},{"damage":0,"enemies":"Jaw Worm","floor":5,"turns":5},{"damage":26,"enemies":"Lagavulin","floor":6,"turns":8},{"damage":0,"enemies":"Cultist","floor":7,"turns":6},{"damage":20,"enemies":"2 Fungi Beasts","floor":10,"turns":7},{"damage":6,"enemies":"Large Slime","floor":13,"turns":5},{"damage":0,"enemies":"Blue Slaver","floor":14,"turns":3},{"damage":51,"enemies":"The Guardian","floor":16,"turns":11}],"seed_played":"5004739806370381107","potions_obtained":[{"floor":1,"key":"testmod-TestPotion"},{"floor":4,"key":"EssenceOfSteel"},{"floor":4,"key":"PowerPotion"},{"floor":4,"key":"DistilledChaos"},{"floor":6,"key":"Dexterity Potion"},{"floor":14,"key":"Guardian:BlockOnCardUsePotion"}],"is_trial":false,"path_per_floor":["M","?","?","?","M","E","M","R","T","M","R","?","M","M","R","B"],"character_chosen":"THE_SILENT","items_purchased":[],"campfire_rested":0,"item_purchase_floors":[],"current_hp_per_floor":[66,66,66,66,66,40,40,40,40,20,20,20,14,14,14,0,0],"gold":341,"neow_bonus":"ONE_RANDOM_RARE_CARD","is_daily":false,"chose_seed":false,"campfire_upgraded":2,"win_rate":0.0,"timestamp":1610885413,"path_taken":["M","?","?","?","M","E","?","R","T","M","R","?","M","M","R","BOSS"],"items_purchased_type":[],"build_version":"2020-12-22","purchased_purges":0,"victory":false,"max_hp_per_floor":[70,70,70,70,70,70,70,70,70,70,70,70,70,70,70,70,70],"card_choices":[{"not_picked":["Outmaneuver","Distraction"],"picked":"Bane","floor":1},{"not_picked":["Cloak And Dagger","Dagger Spray"],"picked":"Deadly Poison","floor":5},{"not_picked":["Escape Plan","Quick Slash"],"picked":"Dagger Spray","floor":6},{"not_picked":["Underhanded Strike","Dash"],"picked":"Acrobatics","floor":7},{"not_picked":["Bane","Leg Sweep"],"picked":"Poisoned Stab","floor":10},{"not_picked":["Heel Hook","AT_WindRun","AT_TinkerSharpsword"],"picked":"SKIP","floor":13},{"not_picked":["AT_ThistleTea","Unload","AT_WomanClash"],"picked":"SKIP","floor":14}],"player_experience":140316,"relics_obtained":[{"floor":6,"key":"Lizard Tail"}],"event_choices":[{"damage_healed":0,"gold_gain":175,"player_choice":"AGREE","damage_taken":0,"max_hp_gain":0,"max_hp_loss":0,"event_name":"Liars Game","floor":2,"gold_loss":0,"cards_obtained":["Doubt"]},{"damage_healed":0,"gold_gain":0,"player_choice":"Swap Relic","damage_taken":0,"relics_obtained":["testmod-TestBox"],"max_hp_gain":0,"max_hp_loss":0,"event_name":"给自己的盒子","floor":3,"relics_lost":["AT_ATBox"],"gold_loss":0},{"damage_healed":0,"gold_gain":0,"player_choice":"Got Potions","damage_taken":0,"max_hp_gain":0,"max_hp_loss":0,"event_name":"Lab","floor":4,"gold_loss":0},{"cards_removed":["Doubt"],"damage_healed":0,"gold_gain":0,"player_choice":"Card Removal","damage_taken":0,"max_hp_gain":0,"max_hp_loss":0,"event_name":"The Cleric","floor":12,"gold_loss":50}],"is_beta":false,"boss_relics":[],"items_purged_floors":[],"is_endless":false,"potions_floor_spawned":[1,6,14],"killed_by":"The Guardian","ascension_level":1}}