{"host":"wwo1kwxjf4eyz37q","time":1610889150,"event":{"mods":["AchievementEnabler","BaseMod","Colored Map","Minty Spire (QoL Compilation)","Quick Restart","SuperFastMode"],"gold_per_floor":[113,38,38,48,48,48,77,90,90,115,115,132,152,163,163,240,240,254,267,467,483,499,526,341,341,388,388,421,336,352,352,352,429,429,448,466,484,142,162,162,181,181,204,35,35,82,82,82,82,82],"floor_reached":51,"language":"KOR","playtime":1621,"items_purged":["Strike_R","Strike_R"],"score":1374,"play_id":"d32b97ed-64c4-47a0-89c1-41c02f0c0bd1","local_time":"20210117221230","is_ascension_mode":true,"campfire_choices":[{"data":"Bash","floor":6.0,"key":"SMITH"},{"data":"Anger","floor":11.0,"key":"SMITH"},{"data":"Demon Form","floor":15.0,"key":"SMITH"},{"data":"Limit Break","floor":25.0,"key":"SMITH"},{"data":"Heavy Blade","floor":32.0,"key":"SMITH"},{"data":"Heavy Blade","floor":40,"key":"SMITH"},{"data":"Shockwave","floor":45,"key":"SMITH"},{"data":"Disarm","floor":47,"key":"SMITH"},{"data":"Pummel","floor":49,"key":"SMITH"}],"circlet_count":0,"master_deck":["AscendersBane","Defend_R","Defend_R","Defend_R","Defend_R","Bash+1","Anger+1","Demon Form+1","Spot Weakness","Shrug It Off","Twin Strike","Cleave","Pummel+1","Sword Boomerang","Reaper","Disarm+1","Limit Break+1","Twin Strike+1","Pummel+1","Clothesline","Shockwave+1","Heavy Blade+1","Reaper","Offering","Heavy Blade+1","Secret Weapon"],"relics":["Burning Blood","NeowsBlessing","Eternal Feather","Prayer Wheel","Red Skull","Busted Crown","Omamori","Blood Vial","Bag of Marbles","Pen Nib","MutagenicStrength","Runic Pyramid","Potion Belt","Ice Cream"],"acts_visited":["Exordium","TheCity","TheBeyond"],"potions_floor_usage":[50,50],"damage_taken":[{"damage":0.0,"enemies":"Jaw Worm","floor":1.0,"turns":1.0},{"damage":0.0,"enemies":"2 Louse","floor":4.0,"turns":1.0},{"damage":0.0,"enemies":"Gremlin Nob","floor":7.0,"turns":1.0},{"damage":0.0,"enemies":"Cultist","floor":8.0,"turns":3.0},{"damage":15.0,"enemies":"Lagavulin","floor":10.0,"turns":5.0},{"damage":9.0,"enemies":"Looter","floor":12.0,"turns":3.0},{"damage":8.0,"enemies":"Blue Slaver","floor":13.0,"turns":3.0},{"damage":9.0,"enemies":"Red Slaver","floor":14.0,"turns":2.0},{"damage":19.0,"enemies":"Hexaghost","floor":16.0,"turns":6.0},{"damage":0.0,"enemies":"Chosen","floor":18.0,"turns":3.0},{"damage":25.0,"enemies":"3 Byrds","floor":19.0,"turns":4.0},{"damage":28.0,"enemies":"Centurion and Healer","floor":21.0,"turns":5.0},{"damage":27.0,"enemies":"Snake Plant","floor":22.0,"turns":5.0},{"damage":12.0,"enemies":"Gremlin Leader","floor":23.0,"turns":4.0},{"damage":36.0,"enemies":"Slavers","floor":28.0,"turns":4.0},{"damage":20.0,"enemies":"3 Cultists","floor":30.0,"turns":4.0},{"damage":37.0,"enemies":"Automaton","floor":33.0,"turns":6.0},{"damage":84.0,"enemies":"3 Shapes","floor":35.0,"turns":7.0},{"damage":1.0,"enemies":"Orb Walker","floor":36.0,"turns":2.0},{"damage":65.0,"enemies":"Sphere and 2 Shapes","floor":37.0,"turns":4.0},{"damage":15,"enemies":"Writhing Mass","floor":39,"turns":2},{"damage":44,"enemies":"3 Darklings","floor":41,"turns":4},{"damage":42,"enemies":"2 Orb Walkers","floor":46,"turns":4},{"damage":109,"enemies":"Awakened One","floor":50,"turns":9}],"seed_played":"-5989481487663822659","potions_obtained":[{"floor":8.0,"key":"SneckoOil"},{"floor":10.0,"key":"Dexterity Potion"},{"floor":14.0,"key":"Strength Potion"},{"floor":19.0,"key":"Strength Potion"},{"floor":21.0,"key":"Energy Potion"},{"floor":28.0,"key":"Regen Potion"},{"floor":33.0,"key":"Fire Potion"},{"floor":36.0,"key":"Block Potion"}],"is_trial":false,"path_per_floor":["M","?","?","M","?","R","E","M","T","E","R","M","M","M","R","B",null,"M","M","?","M","M","E","$","R","T","?","E","?","M","?","R","B",null,"M","M","M","$","M","R","M","?","T","$","R","?","R","?","R","B",null],"character_chosen":"IRONCLAD","items_purchased":["SteroidPotion","Energy Potion","Heavy Blade","Secret Weapon","EntropicBrew","Energy Potion"],"campfire_rested":0,"item_purchase_floors":[24,24,38,38,44,44],"current_hp_per_floor":[74,74,74,75,68,68,74,75,75,66,72,69,67,64,73,60,71,75,71,71,49,28,22,22,34,34,34,46,46,43,43,55,75,75,75,75,65,65,72,75,75,71,71,71,71,68,71,71,71,29],"gold":82,"neow_bonus":"THREE_ENEMY_KILL","is_daily":false,"chose_seed":false,"campfire_upgraded":9,"win_rate":0.0,"timestamp":1610889150,"path_taken":["M","?","?","?","?","R","E","M","T","E","R","M","M","M","R","BOSS","M","M","?","M","?","E","$","R","T","?","E","?","M","?","R","BOSS","M","M","M","$","M","R","M","?","T","$","R","?","R","?","R","BOSS"],"items_purchased_type":["Potion","Potion","Card","Card","Potion","Potion"],"build_version":"2020-12-22","purchased_purges":2,"victory":true,"max_hp_per_floor":[75,75,75,75,75,75,75,75,75,75,75,75,75,75,75,75,75,75,75,75,75,75,75,75,75,75,75,75,75,75,75,75,75,75,75,75,75,75,75,75,75,71,71,71,71,71,71,71,71,71],"card_choices":[{"not_picked":["Headbutt","Perfected Strike"],"picked":"Anger","floor":1.0},{"not_picked":["Intimidate","Heavy Blade","Perfected Strike"],"picked":"SKIP","floor":4.0},{"not_picked":["Thunderclap","Clash"],"picked":"Demon Form","floor":7.0},{"not_picked":["Infernal Blade","Sever Soul"],"picked":"Spot Weakness","floor":8.0},{"not_picked":["Heavy Blade","Rupture"],"picked":"Shrug It Off","floor":10.0},{"not_picked":["Rage","Shrug It Off"],"picked":"Twin Strike","floor":12.0},{"not_picked":["Cleave","Body Slam","Intimidate"],"picked":"SKIP","floor":12.0},{"not_picked":["Body Slam","Intimidate"],"picked":"Cleave","floor":12.0},{"not_picked":["Clothesline","Twin Strike"],"picked":"Pummel","floor":13.0},{"not_picked":["Perfected Strike","Thunderclap"],"picked":"Sword Boomerang","floor":13.0},{"not_picked":["Dropkick","Twin Strike"],"picked":"Reaper","floor":14.0},{"not_picked":["Blood for Blood","Perfected Strike","Disarm"],"picked":"SKIP","floor":14.0},{"not_picked":["Blood for Blood","Perfected Strike"],"picked":"Disarm","floor":14.0},{"not_picked":["Double Tap","Reaper"],"picked":"Limit Break","floor":16.0},{"not_picked":[],"picked":"Twin Strike+1","floor":18.0},{"not_picked":[],"picked":"Pummel","floor":18.0},{"not_picked":["Anger"],"picked":"SKIP","floor":19.0},{"not_picked":["Searing Blow"],"picked":"SKIP","floor":19.0},{"not_picked":["Fire Breathing"],"picked":"SKIP","floor":21.0},{"not_picked":["Thunderclap"],"picked":"SKIP","floor":21.0},{"not_picked":[],"picked":"Clothesline","floor":22.0},{"not_picked":["Wild Strike"],"picked":"SKIP","floor":22.0},{"not_picked":[],"picked":"Shockwave","floor":23.0},{"not_picked":["Entrench"],"picked":"SKIP","floor":28.0},{"not_picked":[],"picked":"Heavy Blade","floor":30.0},{"not_picked":[],"picked":"Reaper","floor":30.0},{"not_picked":[],"picked":"Offering","floor":33.0},{"not_picked":["Anger"],"picked":"SKIP","floor":35.0},{"not_picked":["Pommel Strike"],"picked":"SKIP","floor":35.0},{"not_picked":["Blood for Blood"],"picked":"SKIP","floor":36.0},{"not_picked":["Body Slam"],"picked":"SKIP","floor":36.0},{"not_picked":["Sentinel"],"picked":"SKIP","floor":37.0},{"not_picked":["Perfected Strike+1"],"picked":"SKIP","floor":37.0},{"not_picked":["Perfected Strike"],"picked":"SKIP","floor":39},{"not_picked":["Feel No Pain"],"picked":"SKIP","floor":39},{"not_picked":["Clothesline+1"],"picked":"SKIP","floor":41},{"not_picked":["Spot Weakness"],"picked":"SKIP","floor":41}],"player_experience":237838,"relics_obtained":[{"floor":7.0,"key":"Eternal Feather"},{"floor":9.0,"key":"Prayer Wheel"},{"floor":10.0,"key":"Red Skull"},{"floor":23.0,"key":"Omamori"},{"floor":26.0,"key":"Blood Vial"},{"floor":28.0,"key":"Bag of Marbles"},{"floor":43,"key":"Potion Belt"},{"floor":46,"key":"Ice Cream"}],"event_choices":[{"cards_removed":["Strike_R"],"damage_healed":0.0,"max_hp_gain":0.0,"max_hp_loss":0.0,"gold_gain":0.0,"event_name":"The Cleric","player_choice":"Card Removal","floor":2.0,"gold_loss":75.0,"damage_taken":0.0},{"cards_removed":["Strike_R"],"damage_healed":0.0,"max_hp_gain":0.0,"max_hp_loss":0.0,"gold_gain":0.0,"event_name":"Purifier","player_choice":"Purged","floor":3.0,"gold_loss":0.0,"damage_taken":0.0},{"cards_removed":["Strike_R"],"damage_healed":0.0,"max_hp_gain":0.0,"max_hp_loss":0.0,"gold_gain":0.0,"event_name":"Golden Wing","player_choice":"Card Removal","floor":5.0,"gold_loss":0.0,"damage_taken":7.0},{"damage_healed":0.0,"max_hp_gain":0.0,"max_hp_loss":0.0,"gold_gain":200.0,"event_name":"Wheel of Change","player_choice":"Gold","floor":20.0,"gold_loss":0.0,"damage_taken":0.0},{"damage_healed":0.0,"max_hp_gain":0.0,"max_hp_loss":0.0,"gold_gain":0.0,"event_name":"Vampires","player_choice":"Ignored","floor":27.0,"gold_loss":0.0,"damage_taken":0.0},{"damage_healed":0.0,"max_hp_gain":0.0,"max_hp_loss":0.0,"gold_gain":0.0,"event_name":"Addict","player_choice":"Obtained Relic","floor":29.0,"gold_loss":85.0,"damage_taken":0.0,"relics_obtained":["Pen Nib"]},{"damage_healed":0.0,"max_hp_gain":0.0,"max_hp_loss":0.0,"gold_gain":0.0,"event_name":"Drug Dealer","player_choice":"Inject Mutagens","floor":31.0,"gold_loss":0.0,"damage_taken":0.0,"relics_obtained":["MutagenicStrength"]},{"damage_healed":0,"gold_gain":0,"player_choice":"Max HP","damage_taken":0,"max_hp_gain":0,"max_hp_loss":4,"event_name":"Winding Halls","floor":42,"gold_loss":0},{"damage_healed":0,"gold_gain":0,"player_choice":"Fight","damage_taken":0,"max_hp_gain":0,"max_hp_loss":0,"event_name":"Mysterious Sphere","floor":46,"gold_loss":0},{"damage_healed":0,"gold_gain":0,"player_choice":"Upgraded","damage_taken":0,"max_hp_gain":0,"max_hp_loss":0,"event_name":"Upgrade Shrine","floor":48,"gold_loss":0,"cards_upgraded":["Pummel"]}],"is_beta":false,"boss_relics":[{"not_picked":["Black Star","Tiny House"],"picked":"Busted Crown"},{"not_picked":["SlaversCollar","Black Blood"],"picked":"Runic Pyramid"}],"items_purged_floors":[24,38],"is_endless":false,"potions_floor_spawned":[8,10,14,19,21,22,28,33,36,37,41],"ascension_level":18}}