{"host":"h4qgcirtxz6qax9j","time":1610866555,"event":{"mods":["AchievementEnabler","Astrologer","BaseMod","Colored Powertips","Lobotomy","Minty Spire (QoL Compilation)","StSLib","SuperFastMode","The Cursed"],"gold_per_floor":[272,285,285,237,249,249,249,249],"floor_reached":7,"language":"KOR","playtime":133,"items_purged":[],"score":55,"play_id":"5058167c-fa40-4d12-a4ba-19d9501d0793","local_time":"20210117155555","is_ascension_mode":true,"campfire_choices":[],"circlet_count":0,"master_deck":["SpecialBullet","SpecialBullet","SpecialBullet","SpecialBullet","SpecialBullet","SpecialBullet","SpecialBullet","SpecialBullet","ExtractionCode","SecurityCode","InformationCode","CherryBlossom","Gaze+1","OldLady","DaCapo+1","Loneliness","PunishingBird","Regret_ego"],"relics":["CogitoBucket","Ginger"],"acts_visited":["Exordium"],"potions_floor_usage":[],"damage_taken":[{"damage":19.0,"enemies":"Jaw Worm","floor":1.0,"turns":3.0},{"damage":0.0,"enemies":"Cultist","floor":2.0,"turns":3.0},{"damage":0.0,"enemies":"Small Slimes","floor":5.0,"turns":2.0},{"damage":55,"enemies":"Lagavulin","floor":7,"turns":5}],"seed_played":"-7935794304024396649","potions_obtained":[],"is_trial":false,"path_per_floor":["M","M","?","$","M","R","E"],"character_chosen":"Angela","items_purchased":["Loneliness"],"campfire_rested":0,"item_purchase_floors":[4],"current_hp_per_floor":[34,42,28,28,36,36,0,0],"gold":249,"neow_bonus":"ONE_RARE_RELIC","is_daily":false,"chose_seed":false,"campfire_upgraded":0,"win_rate":0.0,"timestamp":1610866555,"path_taken":["M","M","?","$","M","R","E"],"items_purchased_type":["Card"],"build_version":"2020-12-22","purchased_purges":0,"victory":false,"max_hp_per_floor":[70,70,70,70,70,70,70,70],"card_choices":[{"not_picked":["Spore"],"picked":"CherryBlossom","floor":1.0},{"not_picked":["Soda"],"picked":"Gaze","floor":1.0},{"not_picked":["SpiderBud","Bloodbath"],"picked":"OldLady","floor":2.0},{"not_picked":["Heaven"],"picked":"DaCapo","floor":2.0},{"not_picked":["LittlePrince","Wellcheers"],"picked":"PunishingBird","floor":5.0},{"not_picked":["Lantern"],"picked":"Regret_ego","floor":5.0}],"player_experience":164614,"relics_obtained":[],"event_choices":[{"damage_healed":0.0,"max_hp_gain":0.0,"max_hp_loss":0.0,"gold_gain":0.0,"event_name":"Shining Light","player_choice":"Entered Light","floor":3.0,"gold_loss":0.0,"damage_taken":14.0,"cards_upgraded":["Gaze","DaCapo"]}],"is_beta":false,"boss_relics":[],"items_purged_floors":[],"is_endless":false,"potions_floor_spawned":[],"killed_by":"Lagavulin","ascension_level":7}}