{"host":"qswkx8hggytna0kc","time":1610887895,"event":{"mods":["Aspiration","BaseMod","BetterRewards","Colored Map","Colored Powertips","Highlight Path","Hubris","Mimic Mod","Minty Spire (QoL Compilation)","MostiFishMod","Quick Restart","Replay The Spire","StSLib","SuperFastMode"],"gold_per_floor":[112,37,47,69,79,110,129,161,191,201,217,248,148,179,179,274,274,288,288,304,314,314,314,324,358,384,419,55,85,99,118,118,222,-1178,-1167,-1154,-1154,-1138,-1128,-1097,-1072,-1028,-992,-950,-938,-926,-899,-887,-875,-863,-851,-839,-827,-780,-768],"floor_reached":56,"language":"ZHS","playtime":1591,"items_purged":["Strike_R","Strike_R","Strike_R"],"score":1882,"play_id":"15e93062-f250-48bb-b081-b96ee4760bcb","local_time":"20210117205135","is_ascension_mode":true,"campfire_choices":[{"data":"MostiFishMod:Mania","floor":15.0,"key":"SMITH"},{"data":"ReplayTheSpireMod:LeadingStrike","floor":23,"key":"SMITH"},{"data":"Havoc","floor":32,"key":"SMITH"},{"floor":49,"key":"RECALL"},{"data":"Fiend Fire","floor":52,"key":"SMITH"}],"circlet_count":0,"master_deck":["Strike_R","Strike_R","Defend_R","Defend_R","Defend_R","Defend_R","Bash","Battle Trance","Second Wind","Shrug It Off","Entrench","Fiend Fire+1","ReplayTheSpireMod:Strike From Hell","Pot Of Greed","Pot Of Greed","Offering","Burning Pact","Wild Strike","MostiFishMod:Mania+1","Offering+1","MostiFishMod:Chiaki+1","ReplayTheSpireMod:LeadingStrike+1","Clash","Pot Of Greed","Sentinel+1","Forethought","Trip","MostiFishMod:ChineseTea+1","Blood for Blood","Clash+1","Defy Death","Havoc+1","MostiFishMod:404NotFound+1","Warcry+1","ReplayTheSpireMod:Strike From Hell+1","Dual Wield+1","Pot Of Greed","Immolate+1","Replay:Undeath\u0027s Touch+1","Crow Ritual+1","Havoc+1"],"relics":["Burning Blood","DaveBox","SentryEyes","ReplayFunnel","SynthV:TestCard","Boot","Grinning Jar","Akabeko","HornCleat","Golden Egg","Mark of Pain","aspiration:RitualStick","aspiration:FetidBarrel","Blood Vial","Anchor","hubris:Reverence","aspiration:FrozenJewel","SynthV:MejaisSoulstealer","Omamori","MawBank","Magic Flower","Snack Pack","Happy Flower"],"acts_visited":["Exordium","TheCity","TheBeyond","TheEnding"],"potions_floor_usage":[21,27,27,39,55,55],"damage_taken":[{"damage":0.0,"enemies":"Jaw Worm","floor":1.0,"turns":2.0},{"damage":0.0,"enemies":"Small Slimes","floor":3.0,"turns":2.0},{"damage":0.0,"enemies":"Cultist","floor":5.0,"turns":2.0},{"damage":0.0,"enemies":"3 Sentries","floor":6.0,"turns":3.0},{"damage":9.0,"enemies":"Red Slaver","floor":7.0,"turns":3.0},{"damage":8.0,"enemies":"Gremlin Nob","floor":8.0,"turns":3.0},{"damage":0.0,"enemies":"Blue Slaver","floor":9.0,"turns":4.0},{"damage":0.0,"enemies":"Blue Slaver","floor":10.0,"turns":1.0},{"damage":0.0,"enemies":"Looter","floor":11.0,"turns":2.0},{"damage":0.0,"enemies":"3 Sentries","floor":12.0,"turns":3.0},{"damage":0.0,"enemies":"Gremlin Nob","floor":14.0,"turns":3.0},{"damage":14.0,"enemies":"Fading Forest","floor":16.0,"turns":11.0},{"damage":0.0,"enemies":"Chosen","floor":18.0,"turns":3.0},{"damage":16.0,"enemies":"Shell Parasite","floor":20.0,"turns":2.0},{"damage":0,"enemies":"Snake Plant","floor":21,"turns":1},{"damage":7,"enemies":"Chosen and Byrds","floor":24,"turns":3},{"damage":31,"enemies":"Replay:Snechameleon","floor":25,"turns":5},{"damage":14,"enemies":"Slavers","floor":27,"turns":3},{"damage":12,"enemies":"Gremlin Leader","floor":29,"turns":2},{"damage":9,"enemies":"Snecko","floor":30,"turns":4},{"damage":0,"enemies":"Snake Plant","floor":31,"turns":2},{"damage":20,"enemies":"Automaton","floor":33,"turns":6},{"damage":0,"enemies":"Orb Walker","floor":35,"turns":2},{"damage":0,"enemies":"3 Darklings","floor":36,"turns":3},{"damage":6,"enemies":"Spire Growth","floor":38,"turns":3},{"damage":1,"enemies":"Writhing Mass","floor":39,"turns":2},{"damage":0,"enemies":"Nemesis","floor":40,"turns":3},{"damage":0,"enemies":"Sphere and 2 Shapes","floor":41,"turns":1},{"damage":6,"enemies":"R_Hoarder","floor":42,"turns":3},{"damage":6,"enemies":"Giant Head","floor":44,"turns":3},{"damage":6,"enemies":"Spire Growth","floor":47,"turns":2},{"damage":6,"enemies":"Time Eater","floor":50,"turns":1},{"damage":18,"enemies":"Shield and Spear","floor":54,"turns":3},{"damage":86,"enemies":"The Heart","floor":55,"turns":8}],"seed_played":"7998707755747216428","potions_obtained":[{"floor":1.0,"key":"BloodPotion"},{"floor":3.0,"key":"BloodPotion"},{"floor":4.0,"key":"Fire Potion"},{"floor":21,"key":"ColorlessPotion"},{"floor":29,"key":"SpeedPotion"},{"floor":33,"key":"HeartOfIron"},{"floor":41,"key":"FearPotion"}],"is_trial":false,"path_per_floor":["M","$","M","?","M","E","M","E","MIM","M","M","E","$","E","R","B",null,"M","?","M","M","?","R","M","E","T","E","$","E","M","M","R","B",null,"M","M","?","M","M","E","M","E","T","E","$","?","M","?","R","B",null,"R","$","E","B",null],"character_chosen":"IRONCLAD","items_purchased":["hubris:Reverence"],"campfire_rested":0,"item_purchase_floors":[28],"current_hp_per_floor":[80,80,80,60,66,72,69,67,73,79,80,80,80,80,80,72,80,80,64,54,60,41,41,40,23,23,41,41,45,52,60,60,56,80,80,80,80,80,80,80,80,80,80,80,80,80,80,80,80,80,80,80,80,77,48],"gold":-756,"neow_bonus":"RANDOM_COMMON_RELIC","is_daily":false,"chose_seed":false,"campfire_upgraded":4,"win_rate":0.0,"timestamp":1610887895,"path_taken":["M","$","M","?","M","E","M","E","MIM","M","?","E","?","E","R","BOSS","M","?","M","M","?","R","M","E","T","E","$","E","M","?","R","BOSS","M","M","?","M","M","E","M","E","T","E","?","?","?","?","R","BOSS","R","$","E","BOSS"],"items_purchased_type":["Relic"],"build_version":"2020-12-22","purchased_purges":3,"victory":true,"max_hp_per_floor":[80,80,80,80,80,80,80,80,80,80,80,80,80,80,80,80,80,80,80,80,80,80,80,80,80,80,80,80,80,80,80,80,80,80,80,80,80,80,80,80,80,80,80,80,80,80,80,80,80,80,80,80,80,80,80],"card_choices":[{"not_picked":["Uppercut","Heavy Blade"],"picked":"Battle Trance","floor":1.0},{"not_picked":["Inflame","Spot Weakness","Pommel Strike","Disarm"],"picked":"Second Wind","floor":3.0},{"not_picked":["Iron Wave","Rampage","Body Slam","Rage"],"picked":"Shrug It Off","floor":4.0},{"not_picked":["Heavy Blade","Thunderclap","Whirlwind","Flex"],"picked":"Entrench","floor":5.0},{"not_picked":["Sword Boomerang","Pommel Strike","hubris:ReadiedAction","Hemokinesis"],"picked":"Fiend Fire","floor":6.0},{"not_picked":["Cleave","Run Through","Heavy Blade","Havoc"],"picked":"ReplayTheSpireMod:Strike From Hell","floor":7.0},{"not_picked":["Shrug It Off","Rampage","Twin Strike","Pommel Strike"],"picked":"Offering","floor":8.0},{"not_picked":["Run Through","Iron Wave","Clothesline","Inflame"],"picked":"Burning Pact","floor":9.0},{"not_picked":["Flex","Run Through","Headbutt","Bloodletting"],"picked":"Wild Strike","floor":10.0},{"not_picked":["Burning Pact","Anger","Entrench","Havoc"],"picked":"MostiFishMod:Mania","floor":11.0},{"not_picked":["Bludgeon","Clothesline","True Grit","Replay:Undeath\u0027s Touch"],"picked":"Reckless Charge","floor":12.0},{"not_picked":["Twin Strike","Perfected Strike","Disarm","ReplayTheSpireMod:LeadingStrike"],"picked":"Offering","floor":14.0},{"not_picked":["Bludgeon","MostiFishMod:KnuckleDown","MostiFishMod:ChineseTea","Eclipse"],"picked":"MostiFishMod:Chiaki","floor":16.0},{"not_picked":["Headbutt","Twin Strike+1","Replay:Undeath\u0027s Touch","Shockwave"],"picked":"ReplayTheSpireMod:LeadingStrike","floor":18.0},{"not_picked":["ReplayTheSpireMod:Corrosion Curse","Havoc","Sever Soul","Ghostly Armor"],"picked":"Clash","floor":20.0},{"not_picked":["Iron Wave","Flex+1","Armaments","Searing Blow"],"picked":"Sentinel+1","floor":21},{"not_picked":["Shrug It Off","True Grit","Clash","Inflame"],"picked":"MostiFishMod:ChineseTea","floor":24},{"not_picked":["Replay:Undeath\u0027s Touch+1","Entrench","Perfected Strike","Heavy Blade","Massacre"],"picked":"SKIP","floor":25},{"not_picked":["Clothesline","Twin Strike+1","Cleave","Juggernaut"],"picked":"Blood for Blood","floor":27},{"not_picked":["Double Tap","MostiFishMod:#F4004","Entrench","Twin Strike+1"],"picked":"Clash+1","floor":29},{"not_picked":["Heavy Blade","Life Link+1","ReplayTheSpireMod:Limb From Limb","Wild Strike"],"picked":"Defy Death","floor":30},{"not_picked":["Cleave","Offering","Pommel Strike","Inflame"],"picked":"Havoc","floor":31},{"not_picked":["Bludgeon","MostiFishMod:NewArrival","Barricade","Limit Break"],"picked":"MostiFishMod:404NotFound","floor":33},{"not_picked":["Heavy Blade+1","True Grit","Massacre","Searing Blow"],"picked":"Warcry+1","floor":35},{"not_picked":["Abandon","Metallicize+1","Clash","Life Link"],"picked":"ReplayTheSpireMod:Strike From Hell+1","floor":36},{"not_picked":["Thunderclap","Rupture","Anger","Feel No Pain+1"],"picked":"Dual Wield+1","floor":38},{"not_picked":["Cleave","Anger","Iron Wave","Dual Wield+1","Wild Strike"],"picked":"SKIP","floor":39},{"not_picked":["Rampage","Havoc","Headbutt","hubris:CleavingFinish"],"picked":"Immolate","floor":40},{"not_picked":["hubris:ReadiedAction","Dual Wield+1","Sword Boomerang","Hemokinesis","Replay:Undeath\u0027s Touch"],"picked":"SKIP","floor":41},{"not_picked":["Flame Barrier+1","Power Through+1","ReplayTheSpireMod:Stacked+1","hubris:SharpeningStone+1","Rupture+1"],"picked":"SKIP","floor":42},{"not_picked":["ReplayTheSpireMod:Corrosion Curse","MostiFishMod:#F4004+1","Iron Wave+1","Clothesline"],"picked":"Replay:Undeath\u0027s Touch+1","floor":44},{"not_picked":["Intimidate+1","Carnage","Heavy Blade+1","Clothesline+1","Replay:Undeath\u0027s Touch+1"],"picked":"SKIP","floor":47},{"not_picked":["Replay:Parry","Purity","ReplayTheSpireMod:Brewmster","MostiFishMod:StoryBook"],"picked":"Crow Ritual","floor":48},{"not_picked":["Sword Boomerang+1","Abandon","Evolve+1","ReplayReversal+1"],"picked":"Havoc+1","floor":54}],"player_experience":340968,"relics_obtained":[{"floor":1.0,"key":"SynthV:TestCard"},{"floor":6.0,"key":"Boot"},{"floor":8.0,"key":"Grinning Jar"},{"floor":9.0,"key":"Akabeko"},{"floor":12.0,"key":"HornCleat"},{"floor":14.0,"key":"Golden Egg"},{"floor":25,"key":"aspiration:FetidBarrel"},{"floor":26,"key":"Blood Vial"},{"floor":27,"key":"Anchor"},{"floor":29,"key":"aspiration:FrozenJewel"},{"floor":40,"key":"MawBank"},{"floor":42,"key":"Magic Flower"},{"floor":44,"key":"Snack Pack"},{"floor":54,"key":"Happy Flower"}],"event_choices":[{"damage_healed":0,"gold_gain":0,"player_choice":"CARD CARD ","damage_taken":19,"max_hp_gain":0,"max_hp_loss":0,"event_name":"Knowing Skull","floor":22,"potions_obtained":[],"gold_loss":0,"cards_obtained":["Forethought","Trip"]},{"cards_removed":["Reckless Charge"],"damage_healed":0,"gold_gain":0,"player_choice":"Gave Card","damage_taken":0,"relics_obtained":["Omamori"],"max_hp_gain":0,"max_hp_loss":0,"event_name":"WeMeetAgain","floor":37,"gold_loss":0},{"damage_healed":0,"gold_gain":0,"player_choice":"Got Potions","damage_taken":0,"max_hp_gain":0,"max_hp_loss":0,"event_name":"Lab","floor":46,"gold_loss":0},{"damage_healed":0,"gold_gain":0,"player_choice":"Memory 1","damage_taken":0,"max_hp_gain":0,"max_hp_loss":0,"event_name":"SensoryStone","floor":48,"gold_loss":0}],"is_beta":false,"boss_relics":[{"not_picked":["xbg","Replay:Drink Me"],"picked":"Mark of Pain"},{"not_picked":["hubris:HollowSoul","Velvet Choker"],"picked":"SynthV:MejaisSoulstealer"}],"items_purged_floors":[2,13,28],"is_endless":false,"potions_floor_spawned":[1,3,6,8,10,12,20,21,29,33,35,41,44],"ascension_level":4}}