{"host":"umc2kcp6syiz6ck1","time":1610909747,"event":{"mods":["Act Like it!","BaseMod","Colored Map","Colored Powertips","Friendly Minions","Gensokyo","Hallownest","Koishi","Marisa????????","Minty Spire (QoL Compilation)","Prisma Mod","Quick Restart","Remilia??????","StSLib","Td1madao Mod","The Administrix","The Bug Knight","The Servant 0.9.4"],"gold_per_floor":[109,122,142,161,174,174,174,174,249,280,53,53,53],"floor_reached":12,"language":"ENG","playtime":609,"items_purged":["HollowMod:NailStrikeStart"],"score":105,"play_id":"16a68db9-e98f-4d46-8892-4e9608902ff8","local_time":"20210117125547","is_ascension_mode":false,"campfire_choices":[{"floor":6,"key":"REST"},{"floor":8,"key":"REST"}],"circlet_count":0,"master_deck":["HollowMod:NailStrikeStart","HollowMod:NailStrikeStart","HollowMod:NailStrikeStart","HollowMod:PogoStrike","HollowMod:RecoilStrike","HollowMod:InfectedCysts","HollowMod:InfectedAttack","HollowMod:TaintedHusks","HollowMod:InfectedAttack","Hallownest:skillLeafShield","Hallownest:skillLeafShield","Hallownest:skillLeafShield","Hallownest:skillLeafShield","Hallownest:skillLeafShield"],"relics":["HollowMod:VesselMask","Kunai","Ginger","Strawberry"],"acts_visited":["Exordium"],"potions_floor_usage":[12,12],"damage_taken":[{"damage":3,"enemies":"Hallownest:2_MossCreeps","floor":1,"turns":6},{"damage":2,"enemies":"2_ Uuma","floor":2,"turns":4},{"damage":5,"enemies":"Hallownest:2_Tiktiks_and_1_Crawlid","floor":3,"turns":1},{"damage":25,"enemies":"Hallownest:1_Baldur_1_Crawlid_1_Warrior","floor":4,"turns":5},{"damage":25,"enemies":"Hallownest:monsterFoolEater","floor":5,"turns":4},{"damage":43,"enemies":"Hallownest:eliteCrystalGuardian","floor":10,"turns":5},{"damage":23,"enemies":"Hallownest:eliteMossKnight","floor":12,"turns":3}],"seed_played":"2838443632714395510","potions_obtained":[{"floor":3,"key":"DuplicationPotion"},{"floor":4,"key":"Explosive Potion"}],"is_trial":false,"path_per_floor":["M","M","M","M","M","R","?","R","T","E","$","E"],"character_chosen":"THE_BUGKNIGHT","items_purchased":["Strawberry"],"campfire_rested":2,"item_purchase_floors":[11],"current_hp_per_floor":[72,70,65,40,15,37,37,59,59,16,23,0,0],"gold":53,"neow_bonus":"REMOVE_CARD","is_daily":false,"chose_seed":false,"campfire_upgraded":0,"win_rate":0.0,"timestamp":1610909747,"path_taken":["M","M","M","M","M","R","?","R","T","E","$","E"],"items_purchased_type":["Relic"],"build_version":"2020-12-22","purchased_purges":1,"victory":false,"max_hp_per_floor":[75,75,75,75,75,75,75,75,75,75,82,82,82],"card_choices":[{"not_picked":["HollowMod:GoodIntentions","HollowMod:CloakDash"],"picked":"HollowMod:RecoilStrike","floor":1},{"not_picked":["HollowMod:VengefulVoid","HollowMod:NewLittleFool"],"picked":"HollowMod:InfectedCysts","floor":2},{"not_picked":["HollowMod:SoulShaman","HollowMod:CornifersMapStart"],"picked":"HollowMod:InfectedAttack","floor":3},{"not_picked":["HollowMod:MantisMark","HollowMod:CycloneSlash"],"picked":"HollowMod:TaintedHusks","floor":4},{"not_picked":["HollowMod:SoulSplash","HollowMod:LifebloodCocoon"],"picked":"HollowMod:InfectedAttack","floor":5},{"not_picked":["HollowMod:HowlingWraiths","HollowMod:VengefulVoid","HollowMod:SoulSplash"],"picked":"SKIP","floor":10}],"player_experience":66584,"relics_obtained":[{"floor":9,"key":"Kunai"},{"floor":10,"key":"Ginger"}],"event_choices":[],"is_beta":false,"boss_relics":[],"items_purged_floors":[11],"is_endless":false,"potions_floor_spawned":[3,4],"killed_by":"Hallownest:eliteMossKnight","ascension_level":0}}