{"host":"cwd5s03r1oaxs6mx","time":1610888673,"event":{"mods":["Act Like it!","BaseMod","Better Third Choice","BetterRewards","CapriCore","Card Filter","Colored Map","Custom Start","DeckTracker","Friendly Minions","Hubris","Infinite Spire","Marisa£¨Ùöéë¡¡Øª×âÞÞ£©","Minty Spire (QoL Compilation)","Quick Restart","Relic Stats","Shop Mod","Spicy Shops","StSLib","SuperFastMode"],"gold_per_floor":[110,110,110,32,48,82,82,82,82,82,82,98,98,98],"floor_reached":13,"language":"KOR","playtime":247,"items_purged":["Strike_B","Strike_B"],"score":162,"play_id":"b8ee69da-1926-4243-81ce-2499a27d84f9","local_time":"20210117220433","is_ascension_mode":true,"campfire_choices":[{"floor":8,"key":"REST"},{"data":"Defragment","floor":11,"key":"SMITH"}],"circlet_count":0,"master_deck":["AscendersBane","Strike_B","Defend_B","Defend_B","Defend_B","Defend_B","Zap","Dualcast","Ball Lightning","Defragment+1","Redo","Static Discharge","Barrage"],"relics":["Cracked Core","infinitespire:SolderingIron","Runic Capacitor","Membership Card","Bronze Scales","Golden Idol","Art of War"],"acts_visited":["Exordium"],"potions_floor_usage":[5],"damage_taken":[{"damage":7.0,"enemies":"Small Slimes","floor":1.0,"turns":3.0},{"damage":7,"enemies":"Jaw Worm","floor":5,"turns":2},{"damage":24,"enemies":"Lagavulin","floor":6,"turns":5},{"damage":4,"enemies":"2 Louse","floor":12,"turns":2},{"damage":20,"enemies":"3 Sentries","floor":13,"turns":3}],"seed_played":"-1238751442608512333","potions_obtained":[{"floor":5,"key":"Fruit Juice"},{"floor":6,"key":"DuplicationPotion"},{"floor":12,"key":"PotionOfCapacity"}],"is_trial":false,"path_per_floor":["M","?","T","$","M","E","?","R","T","?","R","M","E"],"character_chosen":"DEFECT","items_purchased":["Ball Lightning","infinitespire:SolderingIron","Runic Capacitor","Membership Card","Defragment","Redo","Static Discharge"],"campfire_rested":1,"item_purchase_floors":[0,0,0,0,0,0,4],"current_hp_per_floor":[57,57,57,57,55,31,5,27,27,23,23,19,0,0],"gold":98,"neow_bonus":"","is_daily":false,"chose_seed":false,"campfire_upgraded":1,"win_rate":0.0,"timestamp":1610888673,"path_taken":["M","?","?","$","M","E","?","R","T","?","R","M","E"],"items_purchased_type":["Card","Relic","Relic","Relic","Card","Card","Card"],"build_version":"2020-12-22","purchased_purges":2,"victory":false,"max_hp_per_floor":[71,71,71,71,76,76,76,76,76,76,76,76,76,76],"relic_stats":{"counters":[11,39],"Golden Idol":3,"Bronze Scales":[15],"Art of War":[2],"obtain_stats":[{"Golden Idol":7,"Oddly Smooth Stone":0,"infinitespire:Cubic Diamond":5,"Runic Capacitor":0,"Boot":0,"Smiling Mask":5,"infinitespire:DarkRift":5,"infinitespire:SolderingIron":0,"Shuriken":0,"Bronze Scales":6,"Art of War":9,"Membership Card":0,"Cracked Core":0,"hubris:TinFlute":6},{"Golden Idol":9,"Oddly Smooth Stone":0,"infinitespire:Cubic Diamond":2,"Runic Capacitor":3,"Boot":0,"Smiling Mask":5,"infinitespire:DarkRift":2,"infinitespire:SolderingIron":6,"Shuriken":0,"Bronze Scales":9,"Art of War":9,"Membership Card":6,"Cracked Core":0,"hubris:TinFlute":3},{"Golden Idol":34,"Oddly Smooth Stone":0,"infinitespire:Cubic Diamond":5,"Runic Capacitor":12,"Boot":0,"Smiling Mask":19,"infinitespire:DarkRift":5,"infinitespire:SolderingIron":24,"Shuriken":0,"Bronze Scales":34,"Art of War":34,"Membership Card":24,"Cracked Core":0,"hubris:TinFlute":12}]},"card_choices":[{"not_picked":["Sunder","Turbo","Force Field"],"picked":"SKIP","floor":1.0},{"not_picked":["Ball Lightning","Streamline","Go for the Eyes"],"picked":"SKIP","floor":5},{"not_picked":["Chaos","Hologram","Barrage"],"picked":"SKIP","floor":6},{"not_picked":["Chaos","Hologram"],"picked":"Barrage","floor":6},{"not_picked":["Coolheaded","Sweeping Beam","Reprogram"],"picked":"SKIP","floor":12}],"player_experience":1059519,"relics_obtained":[{"floor":6,"key":"Bronze Scales"},{"floor":9,"key":"Art of War"}],"event_choices":[{"cards_removed":["Strike_B"],"damage_healed":0.0,"max_hp_gain":0.0,"max_hp_loss":0.0,"gold_gain":0.0,"event_name":"Living Wall","player_choice":"Forget","floor":2.0,"gold_loss":0.0,"damage_taken":0.0},{"damage_healed":0,"gold_gain":0,"player_choice":"Take Damage","damage_taken":26,"relics_obtained":["Golden Idol"],"max_hp_gain":0,"max_hp_loss":0,"event_name":"Golden Idol","floor":7,"gold_loss":0},{"damage_healed":0,"gold_gain":0,"player_choice":"Bought 0 Potions","damage_taken":0,"max_hp_gain":0,"max_hp_loss":0,"event_name":"The Woman in Blue","floor":10,"gold_loss":0}],"is_beta":false,"boss_relics":[],"items_purged_floors":[0,4],"is_endless":false,"potions_floor_spawned":[5,6,12],"killed_by":"3 Sentries","ascension_level":20}}