{"host":"g8ufh7m4frdlkxwv","time":1610907660,"event":{"mods":["AchievementEnabler","BaseMod","Colored Map","Dark Map","Minty Spire (QoL Compilation)","Relic Stats","StSLib","ojb\u0027s Info Mod"],"gold_per_floor":[112,127,127,127,127,127,139,165,165,165,203,36,36,56,56,56,56],"floor_reached":16,"language":"ENG","playtime":721,"items_purged":[],"score":216,"play_id":"99492116-ef3e-4721-afb1-b63034e57fc1","local_time":"20210117192100","is_ascension_mode":true,"campfire_choices":[{"data":"Calculated Gamble","floor":6.0,"key":"SMITH"},{"data":"Calculated Gamble","floor":15,"key":"SMITH"}],"circlet_count":0,"master_deck":["AscendersBane","Strike_G","Strike_G","Strike_G","Defend_G","Defend_G","Defend_G","Survivor","Neutralize","Dash","Dodge and Roll","Calculated Gamble+1","Backstab","Night Terror","PiercingWail","Acrobatics","Phantasmal Killer","Calculated Gamble+1"],"relics":["Ring of the Snake","Letter Opener","Gremlin Horn","Dead Branch","Golden Idol","Du-Vu Doll","TheAbacus","Unceasing Top"],"acts_visited":["Exordium"],"potions_floor_usage":[11,16],"damage_taken":[{"damage":0.0,"enemies":"2 Louse","floor":1.0,"turns":5.0},{"damage":0.0,"enemies":"Jaw Worm","floor":2.0,"turns":6.0},{"damage":0.0,"enemies":"Small Slimes","floor":7.0,"turns":2.0},{"damage":2.0,"enemies":"Lagavulin","floor":8.0,"turns":6.0},{"damage":24,"enemies":"Gremlin Nob","floor":11,"turns":4},{"damage":0,"enemies":"Exordium Wildlife","floor":14,"turns":3},{"damage":6,"enemies":"Hexaghost","floor":16,"turns":7}],"seed_played":"4666613553790405501","potions_obtained":[{"floor":2.0,"key":"Energy Potion"},{"floor":7.0,"key":"Strength Potion"},{"floor":11,"key":"FearPotion"},{"floor":14,"key":"AttackPotion"}],"is_trial":false,"path_per_floor":["M","M","?","?","T","R","M","E","T","?","E","$","?","M","R","B"],"character_chosen":"THE_SILENT","items_purchased":["TheAbacus"],"campfire_rested":0,"item_purchase_floors":[12],"current_hp_per_floor":[59,59,59,52,52,52,52,50,50,29,5,5,5,5,5,0,0],"gold":56,"neow_bonus":"TRANSFORM_TWO_CARDS","is_daily":false,"chose_seed":false,"campfire_upgraded":2,"win_rate":0.0,"timestamp":1610907660,"path_taken":["M","M","?","?","?","R","M","E","T","?","E","$","?","M","R","BOSS"],"items_purchased_type":["Relic"],"build_version":"2020-12-22","purchased_purges":0,"victory":false,"max_hp_per_floor":[60,60,60,60,60,60,60,60,60,60,60,60,60,60,60,60,60],"relic_stats":{"TheAbacus":[24],"Gremlin Horn":[1,1],"counters":[7,33],"Golden Idol":12,"Dead Branch":[6],"Letter Opener":[15],"obtain_stats":[{"Du-Vu Doll":11,"TheAbacus":12,"Gremlin Horn":8,"Golden Idol":10,"Dead Branch":9,"Letter Opener":5,"Unceasing Top":13,"Ring of the Snake":0},{"Du-Vu Doll":5,"TheAbacus":5,"Gremlin Horn":4,"Golden Idol":4,"Dead Branch":4,"Letter Opener":2,"Unceasing Top":5,"Ring of the Snake":0},{"Du-Vu Doll":23,"TheAbacus":23,"Gremlin Horn":19,"Golden Idol":19,"Dead Branch":19,"Letter Opener":11,"Unceasing Top":23,"Ring of the Snake":0}],"Unceasing Top":[1],"Ring of the Snake":[14]},"card_choices":[{"not_picked":["Deadly Poison","Prepared"],"picked":"Calculated Gamble","floor":1.0},{"not_picked":["Masterful Stab","Underhanded Strike"],"picked":"Backstab","floor":2.0},{"not_picked":["Accuracy","Prepared"],"picked":"PiercingWail","floor":7.0},{"not_picked":["Doppelganger","Deflect"],"picked":"Acrobatics","floor":8.0},{"not_picked":["Deflect","Riddle With Holes"],"picked":"Phantasmal Killer","floor":11},{"not_picked":["Sucker Punch","Flechettes"],"picked":"Calculated Gamble","floor":14}],"player_experience":1038668,"relics_obtained":[{"floor":5.0,"key":"Letter Opener"},{"floor":8.0,"key":"Gremlin Horn"},{"floor":9.0,"key":"Dead Branch"},{"floor":11,"key":"Du-Vu Doll"}],"event_choices":[{"damage_healed":0.0,"max_hp_gain":0.0,"max_hp_loss":0.0,"gold_gain":0.0,"cards_transformed":["Strike_G"],"event_name":"Living Wall","player_choice":"Change","floor":3.0,"gold_loss":0.0,"damage_taken":0.0,"cards_obtained":["Night Terror"]},{"cards_removed":["Defend_G"],"damage_healed":0.0,"max_hp_gain":0.0,"max_hp_loss":0.0,"gold_gain":0.0,"event_name":"Golden Wing","player_choice":"Card Removal","floor":4.0,"gold_loss":0.0,"damage_taken":7.0},{"damage_healed":0.0,"max_hp_gain":0.0,"max_hp_loss":0.0,"gold_gain":0.0,"event_name":"Golden Idol","player_choice":"Take Damage","floor":10.0,"gold_loss":0.0,"damage_taken":21.0,"relics_obtained":["Golden Idol"]},{"damage_healed":0,"gold_gain":0,"player_choice":"Searched \u00271\u0027 times","damage_taken":0,"relics_obtained":["Unceasing Top"],"max_hp_gain":0,"max_hp_loss":0,"event_name":"Dead Adventurer","floor":13,"gold_loss":0}],"is_beta":false,"boss_relics":[],"items_purged_floors":[],"is_endless":false,"potions_floor_spawned":[2,7,11,14],"killed_by":"Hexaghost","ascension_level":20}}