{"host":"8d3fefv2347kqkpz","time":1610855502,"event":{"mods":["100% Spire Juice","BaseMod","Better Vampires","Colored Map","Minty Spire (QoL Compilation)","Quick Restart","Replay The Spire","StSLib","The Gatherer","Waifu the Spire"],"gold_per_floor":[115,0,0,10,28,54,54,54,134,159,169,169,179,129,129,231,231,247,91,106,106,120,148,158,158,158,58,58,58,78,78,78,181,231,243,243,288,494,494,494,494,494],"floor_reached":41,"language":"ZHS","playtime":1897,"items_purged":["Strike_R","Strike_R"],"score":442,"play_id":"6bb7d9dd-7279-4afb-8d91-746b49ee6932","local_time":"20210117115142","is_ascension_mode":false,"campfire_choices":[{"data":"Rupture","floor":7,"key":"SMITH"},{"floor":12,"key":"REST"},{"floor":15,"key":"REST"},{"floor":25,"key":"REST"},{"floor":32,"key":"REST"},{"floor":40,"key":"REST"}],"circlet_count":0,"master_deck":["Strike_R","Defend_R","Defend_R","Defend_R","Defend_R","Bash","Heavy Blade","Rupture+1","Spot Weakness","Hemokinesis+1","Offering","Spot Weakness","Warcry","Flex","Exhume","Sword Boomerang+1","Inflame","Pot Of Greed","Pot Of Greed","ReplayTheSpireMod:Private Reserves","Reaper+1","Metallicize","Replay:Undeath\u0027s Touch+1","Rupture","ReplayTheSpireMod:Muscle Training+1","Pot Of Greed"],"relics":["Burning Blood","Bronze Scales","Molten Egg 2","Nunchaku","SlaversCollar","Grinning Jar","Regal Pillow","Tiny House","Mango"],"acts_visited":["Exordium","TheCity","TheBeyond"],"potions_floor_usage":[16,16,16,20,30,37],"damage_taken":[{"damage":1,"enemies":"Cultist","floor":1,"turns":3},{"damage":0,"enemies":"2 Louse","floor":4,"turns":3},{"damage":11,"enemies":"Small Slimes","floor":5,"turns":5},{"damage":40,"enemies":"Lagavulin","floor":6,"turns":5},{"damage":24,"enemies":"Gremlin Nob","floor":10,"turns":3},{"damage":33,"enemies":"Exordium Thugs","floor":11,"turns":5},{"damage":2,"enemies":"3 Louse","floor":13,"turns":3},{"damage":52,"enemies":"Hexaghost","floor":16,"turns":5},{"damage":22,"enemies":"2 Thieves","floor":18,"turns":3},{"damage":18,"enemies":"Chosen","floor":20,"turns":4},{"damage":44,"enemies":"Sentry and Sphere","floor":22,"turns":5},{"damage":29,"enemies":"Book of Stabbing","floor":23,"turns":3},{"damage":21,"enemies":"Shelled Parasite and Fungi","floor":24,"turns":3},{"damage":34,"enemies":"3 Cultists","floor":30,"turns":4},{"damage":27,"enemies":"Champ","floor":33,"turns":7},{"damage":19,"enemies":"3 Shapes","floor":35,"turns":5},{"damage":58,"enemies":"2 Orb Walkers","floor":37,"turns":4},{"damage":102,"enemies":"Reptomancer","floor":41,"turns":4}],"seed_played":"-7371457118833313328","potions_obtained":[{"floor":5,"key":"FearPotion"},{"floor":6,"key":"SteroidPotion"},{"floor":11,"key":"LiquidBronze"},{"floor":16,"key":"AttackPotion"},{"floor":22,"key":"FairyPotion"},{"floor":24,"key":"Adrenaline Potion"},{"floor":33,"key":"Languid Potion"},{"floor":34,"key":"Milkshake"}],"is_trial":false,"path_per_floor":["M","$","$","M","M","E","R","?","T","E","M","R","M","?","R","B",null,"M","$","M","?","M","E","M","R","T","$","?","$","M","?","R","B",null,"M","?","?","?","?","R","E"],"character_chosen":"IRONCLAD","items_purchased":["Rupture","Spot Weakness","Inflame"],"campfire_rested":5,"item_purchase_floors":[2,2,19],"current_hp_per_floor":[88,88,88,88,83,49,49,78,78,60,33,59,63,63,88,42,88,72,72,60,60,22,26,11,37,37,37,37,37,9,9,50,29,93,93,93,82,56,56,101,0,0],"gold":494,"neow_bonus":"TEN_PERCENT_HP_BONUS","is_daily":false,"chose_seed":false,"campfire_upgraded":1,"win_rate":0.0,"timestamp":1610855502,"path_taken":["M","?","$","M","?","E","R","?","T","E","M","R","M","?","R","BOSS","M","$","M","?","M","E","M","R","T","?","?","$","?","?","R","BOSS","M","?","?","?","?","R","E"],"items_purchased_type":["Card","Card","Card"],"build_version":"2020-12-22","purchased_purges":2,"victory":false,"max_hp_per_floor":[88,88,88,88,88,88,88,88,88,88,88,88,88,88,88,88,88,88,88,88,88,88,88,88,88,88,88,88,88,88,88,88,88,93,93,93,107,107,102,102,102,102],"card_choices":[{"not_picked":["Perfected Strike","Carnage"],"picked":"Heavy Blade","floor":1},{"not_picked":["Flame Barrier","ReplayTheSpireMod:Strike From Hell","Havoc"],"picked":"SKIP","floor":4},{"not_picked":["Clothesline","Pommel Strike"],"picked":"Hemokinesis","floor":5},{"not_picked":["Clothesline","Thunderclap"],"picked":"Offering","floor":6},{"not_picked":["ReplayReversal","Intimidate"],"picked":"Spot Weakness","floor":10},{"not_picked":["Clothesline+1","Body Slam+1"],"picked":"Warcry","floor":11},{"not_picked":["True Grit","Sentinel"],"picked":"Flex","floor":13},{"not_picked":["Bludgeon+1","Double Tap"],"picked":"Exhume","floor":16},{"not_picked":["Flex+1","Clash+1"],"picked":"Sword Boomerang+1","floor":18},{"not_picked":["Entrench","Iron Wave+1","Dropkick+1"],"picked":"SKIP","floor":20},{"not_picked":["Iron Wave+1","Wild Strike+1","Entrench"],"picked":"SKIP","floor":22},{"not_picked":["Second Wind","Double Tap","True Grit"],"picked":"SKIP","floor":23},{"not_picked":["Run Through+1","Sword Boomerang+1","Burning Pact+1"],"picked":"SKIP","floor":24},{"not_picked":["Flex+1","Thunderclap+1","Pommel Strike+1"],"picked":"SKIP","floor":30},{"not_picked":["Replay:Many Hands","Impervious"],"picked":"Reaper+1","floor":33},{"not_picked":["Pommel Strike+1","Warcry"],"picked":"Metallicize","floor":34},{"not_picked":["Infernal Blade+1","Armaments"],"picked":"Replay:Undeath\u0027s Touch+1","floor":35},{"not_picked":["Iron Wave+1","True Grit"],"picked":"Rupture","floor":37},{"not_picked":["Armaments+1","Shrug It Off+1"],"picked":"ReplayTheSpireMod:Muscle Training+1","floor":38}],"player_experience":66464,"relics_obtained":[{"floor":6,"key":"Bronze Scales"},{"floor":9,"key":"Molten Egg 2"},{"floor":10,"key":"Nunchaku"},{"floor":23,"key":"Grinning Jar"},{"floor":26,"key":"Regal Pillow"},{"floor":37,"key":"Mango"}],"event_choices":[{"damage_healed":29,"gold_gain":0,"player_choice":"Banana","damage_taken":0,"max_hp_gain":0,"max_hp_loss":0,"event_name":"Big Fish","floor":8,"gold_loss":0},{"cards_removed":["Strike_R"],"damage_healed":0,"gold_gain":0,"player_choice":"Card Removal","damage_taken":0,"max_hp_gain":0,"max_hp_loss":0,"event_name":"The Cleric","floor":14,"gold_loss":50},{"cards_removed":["Strike_R"],"damage_healed":0,"gold_gain":0,"player_choice":"Purged","damage_taken":0,"max_hp_gain":0,"max_hp_loss":0,"event_name":"Purifier","floor":21,"gold_loss":0},{"damage_healed":0,"gold_gain":0,"player_choice":"1 cards matched","damage_taken":0,"max_hp_gain":0,"max_hp_loss":0,"event_name":"Match and Keep!","floor":28,"gold_loss":0,"cards_obtained":["ReplayTheSpireMod:Private Reserves"]},{"damage_healed":0,"gold_gain":0,"player_choice":"Memory 1","damage_taken":0,"max_hp_gain":0,"max_hp_loss":0,"event_name":"SensoryStone","floor":36,"gold_loss":0},{"damage_healed":0,"gold_gain":0,"player_choice":"Fight","damage_taken":0,"max_hp_gain":0,"max_hp_loss":0,"event_name":"Mysterious Sphere","floor":37,"gold_loss":0},{"damage_healed":0,"gold_gain":0,"player_choice":"Max HP","damage_taken":0,"max_hp_gain":0,"max_hp_loss":5,"event_name":"Winding Halls","floor":39,"gold_loss":0}],"is_beta":false,"boss_relics":[{"not_picked":["Empty Cage","Replay:Wanted Poster"],"picked":"SlaversCollar"},{"not_picked":["ReplayTheSpireMod:DimensionalGlitch","Astrolabe"],"picked":"Tiny House"}],"items_purged_floors":[19,27],"is_endless":false,"potions_floor_spawned":[5,6,11,16,22,24,33],"killed_by":"Reptomancer","ascension_level":0}}