{"host":"d5i1qeb9dejicw1z","time":1610904664,"event":{"mods":["AchievementEnabler","BaseMod","Better Note","BetterRewards","Downfall","Gold Saver","Hermit","Minty Spire (QoL Compilation)","StSLib"],"gold_per_floor":[249,249,259,259,271,271,291,306,358,376,393,416,443,146,146,243,243,254,270,270,270,53,53,88,7,7,19,35,53,73,92,92,92,92],"floor_reached":33,"language":"ENG","playtime":34102,"items_purged":["hermit:Strike_Hermit"],"score":298,"play_id":"02c6f0ed-c311-4aa7-bdec-1e72f5ce33f6","local_time":"20210117093104","is_ascension_mode":false,"campfire_choices":[{"data":"hermit:Vantage","floor":6,"key":"SMITH"},{"floor":15,"key":"REST"},{"data":"hermit:BigShot","floor":23,"key":"SMITH"},{"floor":32,"key":"REST"}],"circlet_count":0,"master_deck":["hermit:Strike_Hermit","hermit:Defend_Hermit","hermit:Defend_Hermit","hermit:Defend_Hermit","hermit:Defend_Hermit","hermit:Snapshot","hermit:Covet","hermit:WideOpen+1","hermit:Horror","hermit:Vantage+1","hermit:Headshot","hermit:LuckOfTheDraw","hermit:Enervate","hermit:FatalDesire","hermit:Misfire+1","hermit:BigShot+1","hermit:Enervate","hermit:SprayPray+1","hermit:ShadowCloak","hermit:Grudge","hermit:TrackingShot","hermit:BodyArmor+1"],"relics":["hermit:Momento","Tiny Chest","Anchor","Toy Ornithopter","Mummified Hand","Lantern","Bag of Preparation","hermit:BartenderGlass","hermit:RyeStalk","The Courier"],"acts_visited":["Exordium","TheCity"],"potions_floor_usage":[8,13,16,18,24,24,24,27,27,27,27,31,31,31,33,33,33],"damage_taken":[{"damage":4,"enemies":"2 Louse","floor":1,"turns":3},{"damage":2,"enemies":"Cultist","floor":3,"turns":5},{"damage":6,"enemies":"Jaw Worm","floor":5,"turns":2},{"damage":1,"enemies":"2 Fungi Beasts","floor":7,"turns":3},{"damage":1,"enemies":"Large Slime","floor":8,"turns":6},{"damage":7,"enemies":"Blue Slaver","floor":10,"turns":3},{"damage":0,"enemies":"Red Slaver","floor":11,"turns":2},{"damage":26,"enemies":"Lagavulin","floor":13,"turns":6},{"damage":38,"enemies":"Hexaghost","floor":16,"turns":8},{"damage":9,"enemies":"Spheric Guardian","floor":18,"turns":6},{"damage":0,"enemies":"2 Thieves","floor":19,"turns":3},{"damage":0,"enemies":"Slavers","floor":24,"turns":3},{"damage":0,"enemies":"Centurion and Healer","floor":27,"turns":3},{"damage":3,"enemies":"Snecko","floor":28,"turns":5},{"damage":25,"enemies":"Shelled Parasite and Fungi","floor":29,"turns":6},{"damage":44,"enemies":"3 Cultists","floor":30,"turns":6},{"damage":2,"enemies":"Cultist and Chosen","floor":31,"turns":5},{"damage":90,"enemies":"Collector","floor":33,"turns":7}],"seed_played":"7454846269333188700","potions_obtained":[{"floor":3,"key":"LiquidMemories"},{"floor":5,"key":"bronze:BurnAndBuffPotion"},{"floor":10,"key":"PowerPotion"},{"floor":13,"key":"hermit:Tonic"},{"floor":16,"key":"Block Potion"},{"floor":18,"key":"SpeedPotion"},{"floor":19,"key":"Strength Potion"},{"floor":30,"key":"BlessingOfTheForge"},{"floor":31,"key":"champ:CounterPotion"}],"is_trial":false,"path_per_floor":["M","?","M","?","M","R","M","M","T","M","M","T","E","$","R","B",null,"M","M","?","?","$","R","E","$","T","M","M","M","M","M","R","B"],"character_chosen":"HERMIT","items_purchased":["Lantern","Bag of Preparation","hermit:BigShot","hermit:Enervate","hermit:ShadowCloak"],"campfire_rested":2,"item_purchase_floors":[14,14,22,22,25],"current_hp_per_floor":[71,71,69,69,63,63,62,61,61,54,54,54,33,33,55,22,75,66,66,66,66,66,66,75,75,75,75,72,47,3,16,38,0,0],"gold":92,"neow_bonus":"RANDOM_COMMON_RELIC","is_daily":false,"chose_seed":false,"campfire_upgraded":2,"win_rate":0.0,"timestamp":1610904664,"path_taken":["M","?","?","?","M","R","M","M","T","M","M","?","E","$","R","BOSS","M","M","?","?","$","R","E","$","T","?","M","M","M","M","R","BOSS"],"items_purchased_type":["Relic","Relic","Card","Card","Card"],"build_version":"2020-12-22","purchased_purges":1,"victory":false,"max_hp_per_floor":[75,75,75,75,75,75,75,75,75,75,75,75,75,75,75,75,75,75,75,75,75,75,75,75,75,75,75,75,75,75,75,75,75,75],"card_choices":[{"not_picked":["hermit:Manifest","hermit:ItchyTrigger"],"picked":"hermit:WideOpen","floor":1},{"not_picked":["hermit:Desperado","hermit:HighCaliber"],"picked":"hermit:Horror","floor":3},{"not_picked":["hermit:BodyArmor","hermit:Combo"],"picked":"hermit:Vantage","floor":5},{"not_picked":["hermit:Misfire","hermit:NoHoldsBarred"],"picked":"hermit:Headshot","floor":7},{"not_picked":["hermit:DeadMansHand","hermit:EternalForm"],"picked":"hermit:LuckOfTheDraw","floor":8},{"not_picked":["hermit:SprayPray","hermit:Spite"],"picked":"hermit:Enervate","floor":10},{"not_picked":["hermit:Determination","hermit:HoleUp","hermit:Vantage"],"picked":"SKIP","floor":11},{"not_picked":["hermit:Coalescence","hermit:Reprieve","hermit:BodyArmor"],"picked":"SKIP","floor":13},{"not_picked":["hermit:RoundhouseKick","hermit:Gambit"],"picked":"hermit:FatalDesire","floor":16},{"not_picked":["hermit:LowProfile","hermit:NoHoldsBarred","hermit:Snipe"],"picked":"SKIP","floor":18},{"not_picked":["hermit:HoleUp","hermit:TakeCover"],"picked":"hermit:Misfire+1","floor":19},{"not_picked":["hermit:EternalForm","hermit:LowProfile"],"picked":"hermit:SprayPray+1","floor":24},{"not_picked":["hermit:DeadMansHand+1","hermit:ItchyTrigger","hermit:Vantage"],"picked":"SKIP","floor":27},{"not_picked":["hermit:Roulette","hermit:Feint"],"picked":"hermit:Grudge","floor":28},{"not_picked":["hermit:Combo","hermit:ItchyTrigger"],"picked":"hermit:TrackingShot","floor":29},{"not_picked":["hermit:Ricochet","hermit:Virtue+1","hermit:BodyArmor"],"picked":"SKIP","floor":30},{"not_picked":["hermit:WideOpen","hermit:Ricochet"],"picked":"hermit:BodyArmor+1","floor":31}],"player_experience":1218172,"relics_obtained":[{"floor":9,"key":"Anchor"},{"floor":12,"key":"Toy Ornithopter"},{"floor":13,"key":"Mummified Hand"},{"floor":24,"key":"hermit:RyeStalk"},{"floor":26,"key":"The Courier"}],"event_choices":[{"cards_removed":["hermit:Strike_Hermit"],"damage_healed":0,"gold_gain":0,"player_choice":"Offered Basic","damage_taken":0,"max_hp_gain":0,"max_hp_loss":0,"event_name":"Bonfire Elementals","floor":2,"gold_loss":0},{"damage_healed":0,"gold_gain":0,"player_choice":"Grow","damage_taken":0,"max_hp_gain":0,"max_hp_loss":0,"event_name":"Living Wall","floor":4,"gold_loss":0,"cards_upgraded":["hermit:WideOpen"]},{"cards_removed":["hermit:Strike_Hermit"],"damage_healed":0,"gold_gain":0,"player_choice":"Purged","damage_taken":0,"max_hp_gain":0,"max_hp_loss":0,"event_name":"Purifier","floor":20,"gold_loss":0},{"damage_healed":0,"gold_gain":0,"player_choice":"Bought 0 Potions","damage_taken":0,"max_hp_gain":0,"max_hp_loss":0,"event_name":"The Woman in Blue","floor":21,"gold_loss":0}],"is_beta":false,"boss_relics":[{"not_picked":["Philosopher\u0027s Stone","Snecko Eye"],"picked":"hermit:BartenderGlass"}],"items_purged_floors":[22],"is_endless":false,"potions_floor_spawned":[3,5,10,13,16,18,19,30,31],"killed_by":"Collector","ascension_level":0}}