{"host":"dlyy4wv9zatha4f7","time":1610904885,"event":{"mods":["BaseMod","Better Third Choice","Colored Map","GifTheSpireLib","Minty Spire (QoL Compilation)","Spicy Shops","StSLib","SuperFastMode","Unceasing Turn Reminder"],"gold_per_floor":[363,197,208,7,7,39,39,56,56,86,14,14,33,33,33,133,133,144,159,176,190,202,202,202],"floor_reached":23,"language":"ENG","playtime":1081,"items_purged":[],"score":331,"play_id":"39a304c5-971c-4bc9-be8b-85f761bbb3da","local_time":"20210117193445","is_ascension_mode":true,"campfire_choices":[{"data":"Beam Cell","floor":7,"key":"SMITH"},{"data":"Static Discharge","floor":12,"key":"SMITH"},{"floor":15,"key":"REST"}],"circlet_count":0,"master_deck":["Strike_B","Strike_B","Strike_B","Defend_B","Defend_B","Defend_B","Defend_B","Zap","Dualcast","Sweeping Beam","Beam Cell+1","Steam","Ball Lightning","Cold Snap","Static Discharge+1","Genetic Algorithm","Reboot","Ball Lightning+1","Steam Power","Glacier+1","Buffer"],"relics":["Cracked Core","Ice Cream","Runic Capacitor","Mummified Hand","Question Card","Bottled Flame","TheAbacus","Nuclear Battery"],"acts_visited":["Exordium","TheCity"],"potions_floor_usage":[10,10,16,16,16,20],"damage_taken":[{"damage":1.0,"enemies":"2 Louse","floor":1.0,"turns":3.0},{"damage":0,"enemies":"Cultist","floor":3,"turns":2},{"damage":19,"enemies":"3 Sentries","floor":6,"turns":6},{"damage":1,"enemies":"Jaw Worm","floor":8,"turns":3},{"damage":0,"enemies":"Gremlin Nob","floor":10,"turns":3},{"damage":14,"enemies":"Lots of Slimes","floor":13,"turns":3},{"damage":22,"enemies":"Hexaghost","floor":16,"turns":5},{"damage":6,"enemies":"Spheric Guardian","floor":18,"turns":4},{"damage":0,"enemies":"Chosen","floor":19,"turns":3},{"damage":1,"enemies":"Centurion and Healer","floor":20,"turns":5},{"damage":13,"enemies":"3 Cultists","floor":21,"turns":4},{"damage":6,"enemies":"Snake Plant","floor":22,"turns":4},{"damage":36,"enemies":"Gremlin Leader","floor":23,"turns":5}],"seed_played":"-258232385407859058","potions_obtained":[{"floor":6,"key":"GamblersBrew"},{"floor":8,"key":"Block Potion"},{"floor":14,"key":"EntropicBrew"},{"floor":14,"key":"LiquidBronze"},{"floor":16,"key":"DuplicationPotion"}],"is_trial":false,"path_per_floor":["M","$","M","$","?","E","R","M","T","E","$","R","M","?","R","B",null,"M","M","M","M","M","E"],"character_chosen":"DEFECT","items_purchased":["Ice Cream","Beam Cell","Runic Capacitor","Ball Lightning","TheAbacus"],"campfire_rested":1,"item_purchase_floors":[2,2,4,4,11],"current_hp_per_floor":[49,49,49,49,49,30,30,29,29,29,29,29,15,15,37,15,60,54,54,53,40,34,0,0],"gold":202,"neow_bonus":"TWO_FIFTY_GOLD","is_daily":false,"chose_seed":false,"campfire_upgraded":2,"win_rate":0.0,"timestamp":1610904885,"path_taken":["M","$","M","$","?","E","R","M","T","E","$","R","?","?","R","BOSS","M","M","M","?","M","E"],"items_purchased_type":["Relic","Card","Relic","Card","Relic"],"build_version":"2020-12-22","purchased_purges":0,"victory":false,"max_hp_per_floor":[75,75,75,75,75,75,75,75,75,75,75,75,75,75,75,75,75,75,75,75,75,75,75,75],"card_choices":[{"not_picked":["Leap","Hologram"],"picked":"Sweeping Beam","floor":1.0},{"not_picked":["Gash","Turbo"],"picked":"Steam","floor":3},{"not_picked":["Turbo","Darkness","Hello World"],"picked":"SKIP","floor":6},{"not_picked":["Melter","Scrape"],"picked":"Cold Snap","floor":8},{"not_picked":["Leap","Doom and Gloom","Cold Snap"],"picked":"Static Discharge","floor":10},{"not_picked":["Sweeping Beam","Barrage","FTL"],"picked":"Genetic Algorithm","floor":13},{"not_picked":["Multi-Cast","Thunder Strike","Fission"],"picked":"Reboot","floor":16},{"not_picked":["Conserve Battery","Reprogram+1","Gash","Doom and Gloom"],"picked":"SKIP","floor":18},{"not_picked":["Cold Snap","Go for the Eyes","Lockon"],"picked":"Ball Lightning+1","floor":19},{"not_picked":["Tempest","Steam","Hologram+1"],"picked":"Steam Power","floor":20},{"not_picked":["Chaos+1","Conserve Battery","Rip and Tear"],"picked":"Glacier+1","floor":21},{"not_picked":["Auto Shields","Redo+1","Consume"],"picked":"Buffer","floor":22}],"player_experience":2248538,"relics_obtained":[{"floor":6,"key":"Mummified Hand"},{"floor":9,"key":"Question Card"},{"floor":10,"key":"Bottled Flame"}],"event_choices":[{"cards_removed":["Strike_B"],"damage_healed":0,"gold_gain":0,"player_choice":"Offered Basic","damage_taken":0,"max_hp_gain":0,"max_hp_loss":0,"event_name":"Bonfire Elementals","floor":5,"gold_loss":0},{"damage_healed":0,"gold_gain":0,"player_choice":"Got Potions","damage_taken":0,"max_hp_gain":0,"max_hp_loss":0,"event_name":"Lab","floor":14,"gold_loss":0}],"is_beta":false,"boss_relics":[{"not_picked":["Snecko Eye","Busted Crown"],"picked":"Nuclear Battery"}],"items_purged_floors":[],"is_endless":false,"potions_floor_spawned":[6,8,16,18],"killed_by":"Gremlin Leader","ascension_level":9}}