{"host":"a3oe3gstxz77c7qu","time":1610880938,"event":{"mods":["2.2 Compatiblity","Act Like it!","Astrologer","BaseMod","Bestiary","Better Altar","Better Match","Better Note","Better Skull","Better Third Choice","Block Reminder","Curses Come First","Custom Start","Dark Map","Downfall","Fox Events","Friendly Minions","GifTheSpireLib","Hallownest","Hermit","Jorbs\u0027s Wanderer Trilogy","Lobotomy","LobotomyExtend","Marisa????????","Minty Spire (QoL Compilation)","Permanent Neow","Quick Restart","Relic Stats","StSLib","The Bug Knight","The Cursed","The Disciple","The Jungle","Uncapped","Unknown Chances","Wandering Minibosses"],"gold_per_floor":[99,154,164,164,178,178,229,248,329,356,366,381,281,309,321,321,321],"floor_reached":16,"language":"ENG","playtime":975,"items_purged":[],"score":137,"play_id":"d41b3df3-538e-4bf7-b2bf-962efbff4f7e","local_time":"20210117105538","is_ascension_mode":false,"campfire_choices":[{"floor":1,"key":"RECALL"},{"floor":13,"key":"REST"}],"circlet_count":0,"master_deck":["bronze:Strike","bronze:Strike","bronze:Strike","bronze:Strike","bronze:Defend","bronze:Defend","bronze:Defend","bronze:Defend","bronze:Replicate","bronze:Goto+1","bronze:DelayedSlice+1","bronze:Fortify+1","Dazed","bronze:Invalidate+1","bronze:WhirlingStrike","bronze:Branch","bronze:ChosenStrike"],"relics":["bronze:BronzeCore","InkBottle","LetterFromLob","Thread and Needle","Bronze Scales","Frozen Egg 2","Smiling Mask","downfall:HeartBlessingRed","HollowMod:LifeEnderRelic"],"acts_visited":["Exordium"],"potions_floor_usage":[],"damage_taken":[{"damage":21,"enemies":"3 Sentries","floor":2,"turns":10},{"damage":0,"enemies":"Jaw Worm","floor":3,"turns":4},{"damage":4,"enemies":"2 Louse","floor":5,"turns":2},{"damage":0,"enemies":"Small Slimes","floor":8,"turns":1},{"damage":13,"enemies":"3 Sentries","floor":10,"turns":5},{"damage":3,"enemies":"2 Fungi Beasts","floor":11,"turns":2},{"damage":4,"enemies":"Lots of Slimes","floor":12,"turns":2},{"damage":0,"enemies":"HollowMod:MossKnight","floor":14,"turns":4},{"damage":0,"enemies":"Large Slime","floor":15,"turns":2},{"damage":35,"enemies":"WA_ARCHETYPE_RETAIN","floor":16,"turns":6}],"seed_played":"5970020587347644266","potions_obtained":[{"floor":3,"key":"Ancient Potion"},{"floor":8,"key":"bronze:FreeFunctionsPotion"},{"floor":12,"key":"CultistPotion"}],"is_trial":false,"path_per_floor":["R","?","M","?","M","$","T","M","T","E","M","M","R","E","M","B"],"character_chosen":"THE_AUTOMATON","items_purchased":[],"campfire_rested":1,"item_purchase_floors":[],"current_hp_per_floor":[70,49,49,29,25,25,25,25,25,12,9,5,26,26,26,0,0],"gold":321,"neow_bonus":"UPGRADE_CARD","is_daily":false,"chose_seed":false,"campfire_upgraded":0,"win_rate":0.0,"timestamp":1610880938,"path_taken":["R","?","M","?","M","$","T","M","?","E","M","M","R","E","M","BOSS"],"items_purchased_type":[],"build_version":"2020-12-22","purchased_purges":0,"victory":false,"max_hp_per_floor":[70,70,70,70,70,70,70,70,70,70,70,70,70,70,70,70,70],"relic_stats":{"counters":[10,38],"Bronze Scales":[41],"Smiling Mask":0,"obtain_stats":[{"bronze:BronzeCore":0,"HollowMod:LifeEnderRelic":14,"downfall:HeartBlessingRed":13,"Bronze Scales":7,"Thread and Needle":4,"LetterFromLob":3,"Frozen Egg 2":9,"Smiling Mask":10,"InkBottle":2},{"bronze:BronzeCore":0,"HollowMod:LifeEnderRelic":8,"downfall:HeartBlessingRed":7,"Bronze Scales":3,"Thread and Needle":2,"LetterFromLob":2,"Frozen Egg 2":4,"Smiling Mask":5,"InkBottle":1},{"bronze:BronzeCore":0,"HollowMod:LifeEnderRelic":30,"downfall:HeartBlessingRed":26,"Bronze Scales":16,"Thread and Needle":14,"LetterFromLob":14,"Frozen Egg 2":17,"Smiling Mask":22,"InkBottle":10}],"InkBottle":[10]},"card_choices":[{"not_picked":["bronze:BitShift","bronze:Fortify"],"picked":"bronze:DelayedSlice","floor":2},{"not_picked":["bronze:Backtrace","bronze:BronzeArmor"],"picked":"bronze:Fortify","floor":3},{"not_picked":["bronze:BuggyMess","bronze:DelayedGuard"],"picked":"bronze:Invalidate","floor":5},{"not_picked":["bronze:DelayedGuard","bronze:BuggyMess","bronze:DigitalCarnage"],"picked":"SKIP","floor":8},{"not_picked":["bronze:BugBarrage","bronze:Repair"],"picked":"bronze:WhirlingStrike","floor":10},{"not_picked":["bronze:CloningBeam","bronze:Deprecate","bronze:Shell"],"picked":"SKIP","floor":11},{"not_picked":["bronze:FineTuning","bronze:Philosophize"],"picked":"bronze:Branch","floor":12},{"not_picked":["bronze:Philosophize","bronze:CleanCode+1"],"picked":"bronze:ChosenStrike","floor":14},{"not_picked":["bronze:BitShift","bronze:Turbo","bronze:ItsAFeature+1"],"picked":"SKIP","floor":15}],"player_experience":1040565,"relics_obtained":[{"floor":2,"key":"InkBottle"},{"floor":3,"key":"LetterFromLob"},{"floor":7,"key":"Bronze Scales"},{"floor":9,"key":"Frozen Egg 2"},{"floor":10,"key":"Smiling Mask"},{"floor":14,"key":"HollowMod:LifeEnderRelic"}],"event_choices":[],"is_beta":false,"boss_relics":[],"items_purged_floors":[],"is_endless":false,"potions_floor_spawned":[3,8,12],"killed_by":"WA_ARCHETYPE_RETAIN","ascension_level":0}}