{"host":"mku5fdaoqz3qihec","time":1610865226,"event":{"mods":["2.2 Compatiblity","AchievementEnabler","Arknights The Spire","BaseMod","Colored Map","Colored Powertips","Minty Spire (QoL Compilation)","Rare Cards Sparkle","StSLib","SuperFastMode"],"gold_per_floor":[11,11,34,49,49,49,64,84,84,99,129,142,67,67,67,191,191,207,222,222,70,86,107,22,22,22,22,22,0,0,20,20,20,20],"floor_reached":33,"language":"KOR","playtime":797,"items_purged":["ats:Durian"],"score":239,"play_id":"456b47ac-99ec-4285-9d5c-3ae331d9e3e2","local_time":"20210117153346","is_ascension_mode":false,"campfire_choices":[{"data":"ats:Emotion Absorption","floor":6.0,"key":"SMITH"},{"data":"ats:Powerful Strike","floor":15,"key":"SMITH"},{"data":"ats:True Silver Slash","floor":27,"key":"SMITH"},{"data":"ats:Demon Strength","floor":32,"key":"SMITH"}],"circlet_count":0,"master_deck":["ats:Strike C","ats:Strike S","ats:Strike V","ats:Armor Crushing Shot","ats:Defend+1","ats:Defend","ats:Defend+1","ats:Defend","ats:Emotion Absorption+1","ats:Explosion Area Strengthen","ats:Defend Order","ats:Poison Spread","ats:Powerful Strike+1","ats:True Silver Slash+1","ats:Demon Strength+1","ats:Cat Scratch"],"relics":["ats:Sanity","FossilizedHelix","Golden Idol","War Paint","Lantern","ats:Omniscience","Akabeko","Meat on the Bone","Happy Flower","Nilry\u0027s Codex"],"acts_visited":["Exordium","TheCity"],"potions_floor_usage":[16],"damage_taken":[{"damage":5.0,"enemies":"2 Louse","floor":1.0,"turns":3.0},{"damage":0.0,"enemies":"Cultist","floor":3.0,"turns":3.0},{"damage":0.0,"enemies":"Small Slimes","floor":4.0,"turns":2.0},{"damage":0.0,"enemies":"2 Fungi Beasts","floor":7.0,"turns":3.0},{"damage":7.0,"enemies":"Blue Slaver","floor":8.0,"turns":3.0},{"damage":0.0,"enemies":"Large Slime","floor":10.0,"turns":7.0},{"damage":6,"enemies":"Exordium Thugs","floor":12,"turns":5},{"damage":16,"enemies":"Slime Boss","floor":16,"turns":8},{"damage":0,"enemies":"Spheric Guardian","floor":18,"turns":4},{"damage":0,"enemies":"Chosen","floor":19,"turns":4},{"damage":0,"enemies":"3 Cultists","floor":22,"turns":3},{"damage":28,"enemies":"Shelled Parasite and Fungi","floor":23,"turns":6},{"damage":0,"enemies":"Snake Plant","floor":31,"turns":4},{"damage":58,"enemies":"Champ","floor":33,"turns":10}],"seed_played":"8046962248926570540","potions_obtained":[{"floor":4.0,"key":"Swift Potion"},{"floor":7.0,"key":"CultistPotion"},{"floor":19,"key":"ats:Emergency Sanity Potion"}],"is_trial":false,"path_per_floor":["M","?","M","M","?","R","M","M","T","M","?","M","$","?","R","B",null,"M","M","?","$","M","M","?","$","T","R","?","?","$","M","R","B"],"character_chosen":"DOCTOR_CLASS","items_purchased":["Akabeko"],"campfire_rested":0,"item_purchase_floors":[21],"current_hp_per_floor":[67,67,67,67,67,67,67,60,60,60,60,54,54,42,42,26,67,67,67,67,67,67,39,39,39,39,39,23,23,23,38,38,0,0],"gold":20,"neow_bonus":"ONE_RARE_RELIC","is_daily":false,"chose_seed":false,"campfire_upgraded":4,"win_rate":0.0,"timestamp":1610865226,"path_taken":["M","?","M","M","?","R","M","M","T","?","?","M","$","?","R","BOSS","M","M","?","$","M","M","?","$","T","R","?","?","?","?","R","BOSS"],"items_purchased_type":["Relic"],"build_version":"2020-12-22","purchased_purges":1,"victory":false,"max_hp_per_floor":[72,67,67,67,67,67,67,67,67,67,67,67,67,67,67,67,67,67,67,67,67,67,67,67,67,67,67,67,67,67,67,67,67,67],"card_choices":[{"not_picked":["ats:Leaping Hammer","ats:Ignite","ats:Assault Order"],"picked":"SKIP","floor":1.0},{"not_picked":["ats:Guardian Obelisk","ats:Spore Proliferation"],"picked":"ats:Explosion Area Strengthen","floor":3.0},{"not_picked":["ats:Support Order","ats:Apocalypse"],"picked":"ats:Defend Order","floor":4.0},{"not_picked":["ats:Revitalization","ats:Cat Scratch"],"picked":"ats:Poison Spread","floor":7.0},{"not_picked":["ats:Composite Medical Shells","ats:Ignite","ats:Cat Scratch"],"picked":"SKIP","floor":8.0},{"not_picked":["ats:Soul Absorption","ats:Explosion Area Strengthen","ats:Ignite"],"picked":"SKIP","floor":10.0},{"not_picked":["ats:Poison Spread","ats:Assault Order"],"picked":"ats:Powerful Strike","floor":12},{"not_picked":["ats:Soul Rend","ats:Roar Of Ursus"],"picked":"ats:True Silver Slash","floor":16},{"not_picked":["ats:Hammer On","ats:Leaping Hammer"],"picked":"ats:Demon Strength","floor":18},{"not_picked":["ats:Assault Order+1","ats:Hook Shot","ats:Shadow Raid+1"],"picked":"SKIP","floor":19},{"not_picked":["ats:Childhood Dance","ats:Flame Of Heaven","ats:Encircling Forest"],"picked":"SKIP","floor":22},{"not_picked":["ats:Shell Defense+1","ats:Revitalization","ats:Automatic Cover"],"picked":"SKIP","floor":23},{"not_picked":["ats:Ignite","ats:Powerful Strike"],"picked":"ats:Cat Scratch","floor":31}],"player_experience":249725,"relics_obtained":[{"floor":9.0,"key":"War Paint"},{"floor":26,"key":"Happy Flower"},{"floor":28,"key":"Nilry\u0027s Codex"}],"event_choices":[{"damage_healed":0.0,"max_hp_gain":0.0,"max_hp_loss":5.0,"gold_gain":0.0,"event_name":"Golden Idol","player_choice":"Lose Max HP","floor":2.0,"gold_loss":0.0,"damage_taken":0.0,"relics_obtained":["Golden Idol"]},{"damage_healed":0.0,"max_hp_gain":0.0,"max_hp_loss":0.0,"gold_gain":0.0,"cards_transformed":["ats:Strike G"],"event_name":"Transmorgrifier","player_choice":"Transformed","floor":5.0,"gold_loss":0.0,"damage_taken":0.0,"cards_obtained":["ats:Durian"]},{"damage_healed":0,"gold_gain":30,"player_choice":"Searched \u00271\u0027 times","damage_taken":0,"max_hp_gain":0,"max_hp_loss":0,"event_name":"Dead Adventurer","floor":11,"gold_loss":0},{"damage_healed":0,"gold_gain":0,"player_choice":"Success","damage_taken":12,"relics_obtained":["Lantern"],"max_hp_gain":0,"max_hp_loss":0,"event_name":"Scrap Ooze","floor":14,"gold_loss":0},{"damage_healed":0,"gold_gain":0,"player_choice":"Ignored","damage_taken":0,"max_hp_gain":0,"max_hp_loss":0,"event_name":"Vampires","floor":20,"gold_loss":0},{"damage_healed":0,"gold_gain":0,"player_choice":"Obtained Relic","damage_taken":0,"relics_obtained":["Meat on the Bone"],"max_hp_gain":0,"max_hp_loss":0,"event_name":"Addict","floor":24,"gold_loss":85},{"damage_healed":0,"gold_gain":0,"player_choice":"Obtained Book","damage_taken":16,"max_hp_gain":0,"max_hp_loss":0,"event_name":"Cursed Tome","floor":28,"gold_loss":0},{"damage_healed":0,"gold_gain":0,"player_choice":"Paid Fearfully","damage_taken":0,"max_hp_gain":0,"max_hp_loss":0,"event_name":"Masked Bandits","floor":29,"gold_loss":22}],"is_beta":false,"boss_relics":[{"not_picked":["Ectoplasm","Empty Cage"],"picked":"ats:Omniscience"}],"items_purged_floors":[13],"is_endless":false,"potions_floor_spawned":[4,7,19],"killed_by":"Champ","ascension_level":0}}