{"host":"04hh9gplt9wkfmr1","time":1610882482,"event":{"mods":["AchievementEnabler","BaseMod","Colored Map","KOR Keyword Fix","Minty Spire (QoL Compilation)","Rare Cards Sparkle","SuperFastMode"],"gold_per_floor":[119,137,137,151,171,171,210,240,240,275,275,316,337,362,362,362,362],"floor_reached":16,"language":"KOR","playtime":378,"items_purged":[],"score":159,"play_id":"ea833ea4-6312-41b5-aad5-1113b148782d","local_time":"20210117202122","is_ascension_mode":true,"campfire_choices":[{"data":"Armaments","floor":6.0,"key":"SMITH"},{"data":"Inflame","floor":11.0,"key":"SMITH"},{"data":"Armaments","floor":15,"key":"SMITH"}],"circlet_count":0,"master_deck":["Strike_R","Strike_R","Strike_R","Strike_R","Strike_R","Defend_R","Defend_R","Defend_R","Defend_R","Bash","Twin Strike","Evolve","Inflame+1","Armaments+1","Dark Embrace","Sentinel","Ghostly Armor","Armaments+1"],"relics":["Burning Blood","Golden Idol","Ice Cream","Mercury Hourglass","Pear","Prayer Wheel","Bag of Preparation"],"acts_visited":["Exordium"],"potions_floor_usage":[],"damage_taken":[{"damage":2.0,"enemies":"Small Slimes","floor":1.0,"turns":4.0},{"damage":7.0,"enemies":"Jaw Worm","floor":2.0,"turns":3.0},{"damage":1.0,"enemies":"Cultist","floor":4.0,"turns":3.0},{"damage":6.0,"enemies":"Exordium Thugs","floor":5.0,"turns":3.0},{"damage":24.0,"enemies":"Gremlin Nob","floor":7.0,"turns":5.0},{"damage":18.0,"enemies":"Lagavulin","floor":10.0,"turns":5.0},{"damage":6.0,"enemies":"Gremlin Nob","floor":12.0,"turns":3.0},{"damage":15.0,"enemies":"Large Slime","floor":13.0,"turns":4.0},{"damage":5,"enemies":"2 Fungi Beasts","floor":14,"turns":4},{"damage":42,"enemies":"Hexaghost","floor":16,"turns":10}],"seed_played":"-3749142059244095335","potions_obtained":[{"floor":2.0,"key":"Explosive Potion"},{"floor":4.0,"key":"EntropicBrew"},{"floor":10.0,"key":"SkillPotion"}],"is_trial":false,"path_per_floor":["M","M","?","M","M","R","E","?","T","E","R","E","M","M","R","B"],"character_chosen":"IRONCLAD","items_purchased":[],"campfire_rested":0,"item_purchase_floors":[],"current_hp_per_floor":[88,87,65,70,70,70,52,52,62,50,50,50,41,42,42,0,0],"gold":362,"neow_bonus":"TEN_PERCENT_HP_BONUS","is_daily":false,"chose_seed":false,"campfire_upgraded":3,"win_rate":0.0,"timestamp":1610882482,"path_taken":["M","M","?","M","M","R","E","?","T","E","R","E","M","M","R","BOSS"],"items_purchased_type":[],"build_version":"2020-12-22","purchased_purges":0,"victory":false,"max_hp_per_floor":[88,88,88,88,88,88,88,88,98,98,98,98,98,98,98,98,98],"card_choices":[{"not_picked":["Clothesline","Hemokinesis"],"picked":"Twin Strike","floor":1.0},{"not_picked":["Spot Weakness","Warcry"],"picked":"Evolve","floor":2.0},{"not_picked":["Ghostly Armor","Clash"],"picked":"Inflame","floor":4.0},{"not_picked":["Sword Boomerang","Heavy Blade"],"picked":"Armaments","floor":5.0},{"not_picked":["Impervious","Cleave"],"picked":"Dark Embrace","floor":7.0},{"not_picked":["Evolve","Rampage","Thunderclap"],"picked":"SKIP","floor":10.0},{"not_picked":["Dark Embrace","Fire Breathing","Evolve"],"picked":"SKIP","floor":12.0},{"not_picked":["Rampage","Fire Breathing"],"picked":"Sentinel","floor":13},{"not_picked":["Armaments","Combust"],"picked":"Ghostly Armor","floor":13},{"not_picked":["Heavy Blade","Burning Pact"],"picked":"Armaments","floor":14},{"not_picked":["Clothesline","Wild Strike","Cleave"],"picked":"SKIP","floor":14}],"player_experience":44009,"relics_obtained":[{"floor":7.0,"key":"Ice Cream"},{"floor":9.0,"key":"Pear"},{"floor":10.0,"key":"Prayer Wheel"},{"floor":12.0,"key":"Bag of Preparation"}],"event_choices":[{"damage_healed":0.0,"max_hp_gain":0.0,"max_hp_loss":0.0,"gold_gain":0.0,"event_name":"Golden Idol","player_choice":"Take Damage","floor":3.0,"gold_loss":0.0,"damage_taken":22.0,"relics_obtained":["Golden Idol"]},{"damage_healed":0.0,"max_hp_gain":0.0,"max_hp_loss":0.0,"gold_gain":30.0,"event_name":"Dead Adventurer","player_choice":"Searched \u00272\u0027 times","floor":8.0,"gold_loss":0.0,"damage_taken":0.0,"relics_obtained":["Mercury Hourglass"]}],"is_beta":false,"boss_relics":[],"items_purged_floors":[],"is_endless":false,"potions_floor_spawned":[2,4,10],"killed_by":"Hexaghost","ascension_level":2}}