{"host":"346rnf4ppo4s0s11","time":1610904216,"event":{"mods":["Aspiration","BaseMod","Energized Spire","Hubris","Minty Spire (QoL Compilation)","StSLib"],"gold_per_floor":[113,113,113,124,124,124,154,154,154,154,154,174,174,193,193,292,292,311,311,236,91,110,110,128,154,154,185,205,205,237,249,249,346,346,359,359,95,109,9,44,59,59,84,84,84,95,95,122,122,122,122],"floor_reached":50,"language":"ENG","playtime":4558,"items_purged":["Strike_G","Defend_G"],"score":606,"play_id":"8ec77cff-e864-484b-8d58-407e6bebebb6","local_time":"20210117172336","is_ascension_mode":false,"campfire_choices":[{"data":"Neutralize","floor":6,"key":"SMITH"},{"floor":11,"key":"REST"},{"floor":13,"key":"REST"},{"floor":15,"key":"REST"},{"data":"Burst","floor":23,"key":"SMITH"},{"floor":29,"key":"REST"},{"floor":32,"key":"REST"},{"floor":44,"key":"REST"},{"floor":47,"key":"REST"},{"floor":49,"key":"REST"}],"circlet_count":0,"master_deck":["Strike_G+1","Strike_G","Strike_G+1","Defend_G","Defend_G","Defend_G","Survivor","Neutralize+1","Escape Plan","Quick Slash","Heel Hook","Backflip","Quick Slash","Burst+1","Infinite Blades+1","Quick Slash+1","Deadly Poison","Backstab+1","Distraction","Underhanded Strike","Tactician","Deadly Poison","aspiration:Lunge","All Out Attack+1","Madness","Madness","Deadly Poison","Poisoned Stab+1","Dagger Throw+1","Noxious Fumes+1","Deadly Poison","Dagger Throw"],"relics":["Ring of the Snake","aspiration:Nostalgia","PureWater","Vajra","Mummified Hand","hubris:Spice","hubris:EvacipatedBox","Sozu","Letter Opener","InkBottle","aspiration:FetidBarrel","Juzu Bracelet","Fusion Hammer","HandDrill","hubris:ToyBattleship","Anchor","hubris:Towel"],"acts_visited":["Exordium","TheCity","TheBeyond"],"potions_floor_usage":[16],"damage_taken":[{"damage":2,"enemies":"Jaw Worm","floor":1,"turns":5},{"damage":2,"enemies":"Small Slimes","floor":4,"turns":5},{"damage":24,"enemies":"Gremlin Nob","floor":7,"turns":5},{"damage":0,"enemies":"2 Louse","floor":12,"turns":2},{"damage":0,"enemies":"Looter","floor":14,"turns":2},{"damage":67,"enemies":"Hexaghost","floor":16,"turns":15},{"damage":0,"enemies":"Chosen","floor":18,"turns":4},{"damage":0,"enemies":"2 Thieves","floor":22,"turns":3},{"damage":0,"enemies":"Centurion and Healer","floor":24,"turns":4},{"damage":21,"enemies":"Gremlin Leader","floor":25,"turns":5},{"damage":14,"enemies":"Book of Stabbing","floor":27,"turns":4},{"damage":24,"enemies":"Shelled Parasite and Fungi","floor":28,"turns":3},{"damage":15,"enemies":"Slavers","floor":30,"turns":3},{"damage":6,"enemies":"Snecko","floor":31,"turns":3},{"damage":52,"enemies":"hubris:MusketHawk","floor":33,"turns":7},{"damage":0,"enemies":"Orb Walker","floor":35,"turns":2},{"damage":0,"enemies":"3 Darklings","floor":38,"turns":3},{"damage":68,"enemies":"Nemesis","floor":40,"turns":5},{"damage":0,"enemies":"Transient","floor":41,"turns":5},{"damage":9,"enemies":"4 Shapes","floor":46,"turns":2},{"damage":0,"enemies":"Giant Head","floor":48,"turns":5},{"damage":81,"enemies":"Awakened One","floor":50,"turns":6}],"seed_played":"2517130206446498451","potions_obtained":[{"floor":1,"key":"Energy Potion"}],"is_trial":false,"path_per_floor":["M","?","?","M","?","R","E","?","T","$","R","M","R","M","R","B",null,"M","?","?","?","M","R","M","E","T","E","M","R","E","M","R","B",null,"M","?","$","M","$","E","M","?","T","R","?","M","R","E","R","B"],"character_chosen":"THE_SILENT","items_purchased":["hubris:EvacipatedBox","Deadly Poison","HandDrill"],"campfire_rested":8,"item_purchase_floors":[10,37,37],"current_hp_per_floor":[68,73,66,64,61,61,37,22,30,11,35,35,59,59,83,16,83,83,83,83,83,83,83,83,62,62,48,24,48,41,35,62,10,91,91,80,80,80,80,12,12,80,80,80,80,71,80,80,80,0,0],"gold":122,"neow_bonus":"NOSTALGIA","is_daily":false,"chose_seed":false,"campfire_upgraded":2,"win_rate":0.0,"timestamp":1610904216,"path_taken":["M","?","?","M","?","R","E","?","T","?","R","M","R","M","R","BOSS","M","?","?","?","M","R","M","E","T","E","M","R","E","M","R","BOSS","M","?","$","M","$","E","M","?","T","R","?","M","R","E","R","BOSS"],"items_purchased_type":["Relic","Card","Relic"],"build_version":"2020-12-22","purchased_purges":2,"victory":false,"max_hp_per_floor":[70,75,75,75,75,75,75,75,83,83,83,83,83,83,83,83,83,83,83,83,83,83,83,83,83,83,83,83,83,91,91,91,91,91,91,91,91,91,91,91,91,80,80,80,80,80,80,80,80,80,80],"card_choices":[{"not_picked":["Eviscerate","PiercingWail"],"picked":"Escape Plan","floor":1},{"not_picked":["Prepared","Flying Knee"],"picked":"Quick Slash","floor":4},{"not_picked":["Calculated Gamble","Slice"],"picked":"Heel Hook","floor":7},{"not_picked":["Dodge and Roll","Sucker Punch"],"picked":"Backflip","floor":12},{"not_picked":["Prepared","After Image"],"picked":"Quick Slash","floor":14},{"not_picked":["Wraith Form v2","A Thousand Cuts"],"picked":"Burst","floor":16},{"not_picked":["hubris:Counter+1","Sucker Punch"],"picked":"Infinite Blades","floor":18},{"not_picked":["Backflip","All Out Attack+1"],"picked":"Quick Slash+1","floor":22},{"not_picked":["Endless Agony+1","Flying Knee"],"picked":"Deadly Poison","floor":24},{"not_picked":["hubris:Sniper","Blade Dance+1"],"picked":"Backstab+1","floor":25},{"not_picked":["Choke","Flying Knee"],"picked":"Distraction","floor":27},{"not_picked":["Quick Slash","hubris:SlightOfHand+1"],"picked":"Underhanded Strike","floor":28},{"not_picked":["Terror","All Out Attack"],"picked":"Tactician","floor":30},{"not_picked":["PiercingWail+1","Outmaneuver"],"picked":"Deadly Poison","floor":31},{"not_picked":["Malaise","Wraith Form v2"],"picked":"aspiration:Lunge","floor":33},{"not_picked":["Acrobatics","Backflip"],"picked":"All Out Attack+1","floor":35},{"not_picked":["Escape Plan","hubris:Counter"],"picked":"Poisoned Stab+1","floor":38},{"not_picked":["Tactician","Quick Slash"],"picked":"Dagger Throw+1","floor":40},{"not_picked":["Finisher+1","A Thousand Cuts"],"picked":"Noxious Fumes+1","floor":41},{"not_picked":["Adrenaline","Backflip"],"picked":"Deadly Poison","floor":46},{"not_picked":["Skewer+1","Sucker Punch+1"],"picked":"Dagger Throw","floor":48}],"player_experience":8254,"relics_obtained":[{"floor":7,"key":"Mummified Hand"},{"floor":9,"key":"hubris:Spice"},{"floor":25,"key":"InkBottle"},{"floor":26,"key":"aspiration:FetidBarrel"},{"floor":27,"key":"Juzu Bracelet"},{"floor":30,"key":"hubris:Spice"},{"floor":40,"key":"hubris:ToyBattleship"},{"floor":43,"key":"Anchor"}],"event_choices":[{"damage_healed":0,"gold_gain":0,"player_choice":"Donut","damage_taken":0,"max_hp_gain":5,"max_hp_loss":0,"event_name":"Big Fish","floor":2,"gold_loss":0},{"cards_removed":["Strike_G"],"damage_healed":0,"gold_gain":0,"player_choice":"Card Removal","damage_taken":7,"max_hp_gain":0,"max_hp_loss":0,"event_name":"Golden Wing","floor":3,"gold_loss":0},{"damage_healed":0,"gold_gain":0,"player_choice":"Success","damage_taken":3,"relics_obtained":["Vajra"],"max_hp_gain":0,"max_hp_loss":0,"event_name":"Scrap Ooze","floor":5,"gold_loss":0},{"damage_healed":0,"gold_gain":0,"player_choice":"Entered Light","damage_taken":15,"max_hp_gain":0,"max_hp_loss":0,"event_name":"Shining Light","floor":8,"gold_loss":0,"cards_upgraded":["Strike_G","Strike_G"]},{"cards_removed":["Defend_G"],"damage_healed":0,"gold_gain":0,"player_choice":"Gave Gold","damage_taken":0,"max_hp_gain":0,"max_hp_loss":0,"event_name":"Beggar","floor":20,"gold_loss":75},{"damage_healed":0,"gold_gain":0,"player_choice":"Paid Gold","damage_taken":0,"relics_obtained":["Letter Opener"],"max_hp_gain":0,"max_hp_loss":0,"event_name":"WeMeetAgain","floor":21,"gold_loss":145},{"damage_healed":0,"gold_gain":0,"player_choice":"Embrace Madness","damage_taken":11,"max_hp_gain":0,"max_hp_loss":0,"event_name":"Winding Halls","floor":36,"gold_loss":0,"cards_obtained":["Madness","Madness"]},{"damage_healed":80,"gold_gain":0,"player_choice":"Heal","damage_taken":0,"max_hp_gain":0,"max_hp_loss":11,"event_name":"The Moai Head","floor":42,"gold_loss":0}],"is_beta":false,"boss_relics":[{"not_picked":["WristBlade","energizedSpire:OgreHead","Coffee Dripper"],"picked":"Sozu"},{"not_picked":["Snecko Eye","hubris:Stopwatch","hubris:Spice"],"picked":"Fusion Hammer"}],"items_purged_floors":[37,39],"is_endless":false,"potions_floor_spawned":[1,24,25,30,33,35,48],"killed_by":"Awakened One","ascension_level":0}}