{"host":"5fpb1gzflhq9886n","time":1610873897,"event":{"mods":["AchievementEnabler","BaseMod","Colored Map","Colored Powertips","Minty Spire (QoL Compilation)","Permanent Neow"],"gold_per_floor":[111,186,186,201,201,226,326,326,326,326,338,338,57,67,67,164,164,177,194,119,218,144,173,173,183,208,225,225,259,259,294,294,396,396,416,416,428,288,288,322,372,372,372,372,372,406,425,375,375,375,375],"floor_reached":50,"language":"ENG","playtime":5019,"items_purged":["Defend_P","Defend_P","Strike_P","Defend_P"],"score":782,"play_id":"fca3ae51-1e46-45c3-a2b9-8e07ef5e0bc4","local_time":"20210117035817","is_ascension_mode":true,"campfire_choices":[{"floor":8.0,"key":"REST"},{"floor":10.0,"key":"REST"},{"data":"Ragnarok","floor":12.0,"key":"SMITH"},{"data":"Apotheosis","floor":15.0,"key":"SMITH"},{"floor":24.0,"key":"REST"},{"floor":28.0,"key":"REST"},{"floor":32.0,"key":"REST"},{"floor":42.0,"key":"RECALL"},{"data":"TalkToTheHand","floor":44.0,"key":"SMITH"},{"floor":49,"key":"REST"}],"circlet_count":0,"master_deck":["Strike_P+1","Strike_P+1","Eruption+1","Vigilance","BowlingBash","Ragnarok+1","ClearTheMind","Swivel","Apotheosis+1","Adaptation+1","LessonLearned+1","Halt","ThirdEye+1","EmptyBody","TalkToTheHand+1","CutThroughFate","FearNoEvil+1","Conclude+1","FollowUp","Omniscience","Consecrate+1","Omniscience","Consecrate","JustLucky+1","Evaluate"],"relics":["PureWater","Sundial","Membership Card","Runic Pyramid","Blood Vial","PreservedInsect","StrikeDummy","MutagenicStrength","Akabeko","Busted Crown","Oddly Smooth Stone","Girya","Ginger","Mercury Hourglass","Smiling Mask"],"acts_visited":["Exordium","TheCity","TheBeyond"],"potions_floor_usage":[50],"damage_taken":[{"damage":4.0,"enemies":"Jaw Worm","floor":1.0,"turns":3.0},{"damage":0.0,"enemies":"2 Louse","floor":4.0,"turns":2.0},{"damage":35.0,"enemies":"3 Sentries","floor":6.0,"turns":9.0},{"damage":3.0,"enemies":"Small Slimes","floor":11.0,"turns":2.0},{"damage":6.0,"enemies":"Looter","floor":14.0,"turns":2.0},{"damage":0.0,"enemies":"Slime Boss","floor":16.0,"turns":4.0},{"damage":12.0,"enemies":"Shell Parasite","floor":18.0,"turns":2.0},{"damage":19.0,"enemies":"3 Byrds","floor":19.0,"turns":4.0},{"damage":2.0,"enemies":"Gremlin Leader","floor":23.0,"turns":4.0},{"damage":7.0,"enemies":"Centurion and Healer","floor":25.0,"turns":4.0},{"damage":16.0,"enemies":"Chosen and Byrds","floor":27.0,"turns":4.0},{"damage":32.0,"enemies":"Slavers","floor":29.0,"turns":6.0},{"damage":0.0,"enemies":"Gremlin Leader","floor":31.0,"turns":4.0},{"damage":56.0,"enemies":"Collector","floor":33.0,"turns":9.0},{"damage":30.0,"enemies":"3 Darklings","floor":35.0,"turns":4.0},{"damage":0.0,"enemies":"Orb Walker","floor":37.0,"turns":1.0},{"damage":0.0,"enemies":"Reptomancer","floor":40.0,"turns":2.0},{"damage":0.0,"enemies":"Mind Bloom Boss Battle","floor":41.0,"turns":3.0},{"damage":16,"enemies":"Giant Head","floor":46,"turns":6},{"damage":31,"enemies":"Sphere and 2 Shapes","floor":47,"turns":4},{"damage":29,"enemies":"Time Eater","floor":50,"turns":3}],"seed_played":"-4365142708802285603","potions_obtained":[{"floor":1.0,"key":"Weak Potion"},{"floor":11.0,"key":"BlessingOfTheForge"},{"floor":16.0,"key":"Strength Potion"},{"floor":19.0,"key":"BottledMiracle"},{"floor":25.0,"key":"Block Potion"},{"floor":27.0,"key":"StancePotion"},{"floor":33.0,"key":"SpeedPotion"},{"floor":41.0,"key":"GamblersBrew"}],"is_trial":false,"path_per_floor":["M","?","?","M","?","E","?","R","T","R","M","R","$","M","R","B",null,"M","M","?","?","$","E","R","M","T","M","R","E","?","E","R","B",null,"M","?","M","$","?","E","?","R","T","R","$","E","M","$","R","B"],"character_chosen":"WATCHER","items_purchased":["Membership Card","Apotheosis","EmptyBody","Oddly Smooth Stone"],"campfire_rested":6,"item_purchase_floors":[13,13,22,38],"current_hp_per_floor":[68,57,50,50,50,15,15,36,36,57,54,54,54,48,48,48,72,60,41,41,41,41,39,60,55,55,41,62,32,32,34,55,1,72,42,42,44,44,44,46,48,48,48,48,48,34,5,5,26,0,0],"gold":375,"neow_bonus":"UPGRADE_CARD","is_daily":false,"chose_seed":false,"campfire_upgraded":3,"win_rate":0.0,"timestamp":1610873897,"path_taken":["M","?","?","M","?","E","?","R","T","R","M","R","$","?","R","BOSS","M","M","?","?","$","E","R","M","T","M","R","E","?","E","R","BOSS","M","?","M","$","?","E","?","R","T","R","$","E","M","?","R","BOSS"],"items_purchased_type":["Relic","Card","Card","Relic"],"build_version":"2020-12-22","purchased_purges":4,"victory":false,"max_hp_per_floor":[72,72,72,72,72,72,72,72,72,72,72,72,72,72,72,72,72,72,72,72,72,72,72,72,72,72,72,72,72,72,72,72,72,72,72,72,72,72,72,72,72,72,72,72,72,72,72,72,72,72,72],"card_choices":[{"not_picked":["Protect","Crescendo"],"picked":"BowlingBash","floor":1.0},{"not_picked":["EmptyFist","Indignation"],"picked":"Ragnarok","floor":4.0},{"not_picked":["Evaluate","ConjureBlade"],"picked":"ClearTheMind","floor":6.0},{"not_picked":["CarveReality","JustLucky"],"picked":"Swivel","floor":11.0},{"not_picked":["PathToVictory","Evaluate"],"picked":"Adaptation","floor":14.0},{"not_picked":["Alpha","ConjureBlade"],"picked":"LessonLearned","floor":16.0},{"not_picked":["Collect","FollowUp"],"picked":"Halt","floor":18.0},{"not_picked":["InnerPeace","Prostrate"],"picked":"ThirdEye+1","floor":19.0},{"not_picked":["Evaluate","Wish"],"picked":"TalkToTheHand","floor":23.0},{"not_picked":["MentalFortress+1","BowlingBash"],"picked":"CutThroughFate","floor":25.0},{"not_picked":["FlurryOfBlows","CutThroughFate+1"],"picked":"FearNoEvil+1","floor":27.0},{"not_picked":["FlyingSleeves+1","ForeignInfluence+1"],"picked":"Conclude","floor":29.0},{"not_picked":["ClearTheMind","Wireheading+1"],"picked":"FollowUp","floor":31.0},{"not_picked":["MasterReality","Establishment"],"picked":"Omniscience","floor":33.0},{"not_picked":[],"picked":"Consecrate+1","floor":35.0},{"not_picked":[],"picked":"Consecrate","floor":37.0},{"not_picked":[],"picked":"JustLucky+1","floor":40.0},{"not_picked":[],"picked":"Evaluate","floor":46},{"not_picked":["TalkToTheHand"],"picked":"SKIP","floor":47}],"player_experience":706726,"relics_obtained":[{"floor":6.0,"key":"Sundial"},{"floor":23.0,"key":"Blood Vial"},{"floor":26.0,"key":"PreservedInsect"},{"floor":29.0,"key":"StrikeDummy"},{"floor":31.0,"key":"Akabeko"},{"floor":40.0,"key":"Girya"},{"floor":41.0,"key":"Ginger"},{"floor":43.0,"key":"Mercury Hourglass"},{"floor":46,"key":"Smiling Mask"}],"event_choices":[{"damage_healed":0.0,"max_hp_gain":0.0,"max_hp_loss":0.0,"gold_gain":75.0,"event_name":"World of Goop","player_choice":"Gather Gold","floor":2.0,"gold_loss":0.0,"damage_taken":11.0},{"cards_removed":["Strike_P"],"damage_healed":0.0,"max_hp_gain":0.0,"max_hp_loss":0.0,"gold_gain":0.0,"event_name":"Golden Wing","player_choice":"Card Removal","floor":3.0,"gold_loss":0.0,"damage_taken":7.0},{"damage_healed":0.0,"max_hp_gain":0.0,"max_hp_loss":0.0,"gold_gain":0.0,"event_name":"Liars Game","player_choice":"Ignored","floor":5.0,"gold_loss":0.0,"damage_taken":0.0},{"damage_healed":0.0,"max_hp_gain":0.0,"max_hp_loss":0.0,"gold_gain":100.0,"event_name":"Golden Shrine","player_choice":"Pray","floor":7.0,"gold_loss":0.0,"damage_taken":0.0},{"cards_removed":["Defend_P"],"damage_healed":0.0,"max_hp_gain":0.0,"max_hp_loss":0.0,"gold_gain":0.0,"event_name":"Beggar","player_choice":"Gave Gold","floor":20.0,"gold_loss":75.0,"damage_taken":0.0},{"damage_healed":0.0,"max_hp_gain":0.0,"max_hp_loss":0.0,"gold_gain":99.0,"event_name":"Nest","player_choice":"Stole From Cult","floor":21.0,"gold_loss":0.0,"damage_taken":0.0},{"damage_healed":0.0,"max_hp_gain":0.0,"max_hp_loss":0.0,"gold_gain":0.0,"event_name":"Drug Dealer","player_choice":"Inject Mutagens","floor":30.0,"gold_loss":0.0,"damage_taken":0.0,"relics_obtained":["MutagenicStrength"]},{"damage_healed":0.0,"max_hp_gain":0.0,"max_hp_loss":0.0,"gold_gain":0.0,"event_name":"Duplicator","player_choice":"Copied","floor":36.0,"gold_loss":0.0,"damage_taken":0.0,"cards_obtained":["Omniscience"]},{"damage_healed":0.0,"max_hp_gain":0.0,"max_hp_loss":0.0,"gold_gain":0.0,"event_name":"SensoryStone","player_choice":"Memory 1","floor":39.0,"gold_loss":0.0,"damage_taken":0.0},{"damage_healed":0.0,"max_hp_gain":0.0,"max_hp_loss":0.0,"gold_gain":0.0,"event_name":"MindBloom","player_choice":"Fight","floor":41.0,"gold_loss":0.0,"damage_taken":0.0}],"is_beta":false,"boss_relics":[{"not_picked":["SlaversCollar","VioletLotus"],"picked":"Runic Pyramid"},{"not_picked":["Velvet Choker","Tiny House"],"picked":"Busted Crown"}],"items_purged_floors":[13,22,38,48],"is_endless":false,"potions_floor_spawned":[1,11,16,19,25,27,33,41,47],"killed_by":"Time Eater","ascension_level":4}}