{"host":"ydg0vn0pu4pubmdt","time":1610918307,"event":{"mods":["AchievementEnabler","BaseMod","Colored Map","Gold Saver","Minty Spire (QoL Compilation)","Quick Restart","SuperFastMode"],"gold_per_floor":[471,471,488,163,40,40,65,65,65,97,11,31,31,63,63,161,161,179,94,193,206,206,206],"floor_reached":22,"language":"KOR","playtime":511,"items_purged":["Strike_B","Defend_B"],"score":300,"play_id":"7757c391-59c3-493f-b25e-80df6003f2ff","local_time":"20210118061827","is_ascension_mode":true,"campfire_choices":[{"data":"Darkness","floor":6.0,"key":"SMITH"},{"data":"Dualcast","floor":8.0,"key":"SMITH"},{"data":"Defragment","floor":13.0,"key":"SMITH"},{"data":"Zap","floor":15.0,"key":"SMITH"}],"circlet_count":0,"master_deck":["AscendersBane","Zap+1","Dualcast+1","Beam Cell","Darkness+1","Self Repair","Go for the Eyes","Streamline","Defragment+1","FTL","Double Energy","Hyperbeam","Reprogram","Double Energy","Hello World","Beam Cell","Beam Cell+1"],"relics":["Cracked Core","Du-Vu Doll","Membership Card","Singing Bowl","Chemical X","Nunchaku","Ornamental Fan","Eternal Feather","ClockworkSouvenir","Anchor","Pandora\u0027s Box","Blood Vial"],"acts_visited":["Exordium","TheCity"],"potions_floor_usage":[],"damage_taken":[{"damage":15.0,"enemies":"Small Slimes","floor":1.0,"turns":3.0},{"damage":2.0,"enemies":"Jaw Worm","floor":3.0,"turns":2.0},{"damage":7.0,"enemies":"Gremlin Nob","floor":7.0,"turns":3.0},{"damage":15.0,"enemies":"Lagavulin","floor":10.0,"turns":5.0},{"damage":4.0,"enemies":"2 Louse","floor":12.0,"turns":2.0},{"damage":30.0,"enemies":"3 Sentries","floor":14.0,"turns":6.0},{"damage":30.0,"enemies":"The Guardian","floor":16.0,"turns":8.0},{"damage":27,"enemies":"2 Thieves","floor":18,"turns":3},{"damage":31,"enemies":"3 Byrds","floor":21,"turns":4}],"seed_played":"-5657187877763570751","potions_obtained":[{"floor":1.0,"key":"SneckoOil"},{"floor":7.0,"key":"Block Potion"},{"floor":12.0,"key":"Regen Potion"},{"floor":18,"key":"DuplicationPotion"}],"is_trial":false,"path_per_floor":["M","?","M","$","$","R","E","R","T","E","$","M","R","E","R","B",null,"M","?","?","M","?"],"character_chosen":"DEFECT","items_purchased":["Membership Card","Singing Bowl","Chemical X","ClockworkSouvenir","Streamline"],"campfire_rested":0,"item_purchase_floors":[4,4,5,11,11],"current_hp_per_floor":[53,46,44,44,44,44,37,37,37,29,29,32,38,30,39,18,57,37,37,37,15,0,0],"gold":206,"neow_bonus":"ONE_RARE_RELIC","is_daily":false,"chose_seed":false,"campfire_upgraded":4,"win_rate":0.0,"timestamp":1610918307,"path_taken":["M","?","M","?","$","R","E","R","T","E","$","M","R","E","R","BOSS","M","?","?","M","?"],"items_purchased_type":["Relic","Relic","Relic","Relic","Card"],"build_version":"2020-12-22","purchased_purges":2,"victory":false,"max_hp_per_floor":[68,68,68,68,68,68,68,68,68,68,68,68,68,68,68,70,70,70,70,70,70,70,70],"card_choices":[{"not_picked":["Defragment","Cold Snap"],"picked":"Beam Cell","floor":1.0},{"not_picked":["Recycle","Barrage"],"picked":"Darkness","floor":3.0},{"not_picked":["Coolheaded","Rebound"],"picked":"Self Repair","floor":7.0},{"not_picked":["Conserve Battery","Turbo"],"picked":"Go for the Eyes","floor":10.0},{"not_picked":["Aggregate","Streamline"],"picked":"Defragment","floor":12.0},{"not_picked":["Compile Driver","Turbo"],"picked":"FTL","floor":14.0},{"not_picked":["Thunder Strike","Meteor Strike","Machine Learning"],"picked":"Singing Bowl","floor":16.0},{"not_picked":["Sweeping Beam","Skim"],"picked":"Beam Cell","floor":18},{"not_picked":["Stack","Barrage"],"picked":"Beam Cell+1","floor":21}],"player_experience":457544,"relics_obtained":[{"floor":7.0,"key":"Nunchaku"},{"floor":9.0,"key":"Ornamental Fan"},{"floor":10.0,"key":"Eternal Feather"},{"floor":14.0,"key":"Anchor"}],"event_choices":[{"cards_removed":["Defend_B"],"damage_healed":0.0,"max_hp_gain":0.0,"max_hp_loss":0.0,"gold_gain":0.0,"event_name":"Golden Wing","player_choice":"Card Removal","floor":2.0,"gold_loss":0.0,"damage_taken":7.0},{"damage_healed":0,"gold_gain":0,"player_choice":"Obtained Relic","damage_taken":0,"relics_obtained":["Blood Vial"],"max_hp_gain":0,"max_hp_loss":0,"event_name":"Addict","floor":19,"gold_loss":85},{"damage_healed":0,"gold_gain":99,"player_choice":"Stole From Cult","damage_taken":0,"max_hp_gain":0,"max_hp_loss":0,"event_name":"Nest","floor":20,"gold_loss":0}],"is_beta":false,"boss_relics":[{"not_picked":["Calling Bell","Velvet Choker"],"picked":"Pandora\u0027s Box"}],"items_purged_floors":[4,5],"is_endless":false,"potions_floor_spawned":[1,7,12,18],"ascension_level":10}}