{"host":"konjmgczbcns2r3g","time":1610850534,"event":{"mods":["AchievementEnabler","BaseMod","Chen","Colored Powertips","Hermit","Infinite Spire","Koishi","Marisa????????","Minty Spire (QoL Compilation)","Replay The Spire","StSLib","The Cursed","The Gatherer","The Necromancer","The Servant 0.9.4"],"gold_per_floor":[212,232,247,259,278,313,15,73,73,105,105,105,136,148,148,245,245,261,271,301,301,314,341,18,47,47,72,84,95,127,144,144,241,241,256,268,287,287,297,297,316,4,4,4,14,25,25,25,25,45,45,45,7,39,39],"floor_reached":56,"language":"ENG","playtime":5117,"items_purged":[],"score":1508,"play_id":"1356bf39-a013-421a-87ac-0addebacffec","local_time":"20210116212854","is_ascension_mode":true,"metric_token":977,"campfire_choices":[{"floor":11,"key":"REST"},{"floor":15,"key":"REST"},{"floor":32,"key":"RECALL"},{"data":"infinitespire:Menacing","floor":40,"key":"SMITH"},{"floor":49,"key":"DIG"},{"data":"Gatherer:FlowerBeam","floor":52,"key":"SMITH"}],"circlet_count":0,"master_deck":["Gatherer:Strike_Gatherer","Gatherer:Strike_Gatherer","Gatherer:Strike_Gatherer","Gatherer:Strike_Gatherer","Gatherer:Strike_Gatherer","Gatherer:Defend_Gatherer+1","Gatherer:Defend_Gatherer","Gatherer:Defend_Gatherer","Gatherer:Defend_Gatherer","Gatherer:Defend_Gatherer+1","Gatherer:Centralize","Gatherer:FlowerWhip","Gatherer:BambuSword","Gatherer:Pollute","Gatherer:Overflowing","Gatherer:GlowingPlant","Gatherer:Shadow","Gatherer:Light","Gatherer:AlchemyTrial","Gatherer:HeartToFruit","Gatherer:FlowerFalling","Gatherer:FruitForce","Gatherer:FragileHammer","Gatherer:SmartManeuver","Gatherer:Overflowing","Gatherer:FragileHammer","Gatherer:BlackTea","Gatherer:ScherryThrow","infinitespire:Punishment","infinitespire:Menacing+1","Gatherer:FlowerShield","Gatherer:RecipeChange","Gatherer:UpgradeBag","Gatherer:ScherryThrow","Gatherer:Misfortune+1","Gatherer:RecoveryHerb","Gatherer:VenomBarrier","Gatherer:WoolGloves","Gatherer:CollectorsShot+1","Gatherer:Photoscythe","Gatherer:BalancedGrowth","Gatherer:MiningStrike+1","Gatherer:AlchemyTrial","Gatherer:TreeGrowth+1","Gatherer:FlowerBeam+1","Gatherer:Solidify","HandOfGreed","Dark Shackles","Specialist","Gatherer:AromaProtection","Gatherer:FlowerFalling+1","Madness","Madness","Gatherer:OddSpoils","Gatherer:TacticalStrike"],"relics":["Gatherer:AlchemyBag","Divine Protection","Happy Flower","HandDrill","Peace Pipe","Onion Ring","Shuriken","Blue Doll","Philosopher\u0027s Stone","Red Mask","Strange Spoon","Replay:Ringing Soul","ReplayTheSpireMod:Ninjato","ReplayTheSpireMod:TigerMarble","Thread and Needle","Eternal Feather","ChewingGum","Membership Card","Letter Opener","Juzu Bracelet","ReplayTheSpireMod:ShopPack","Blue Candle","infinitespire:WardingShard"],"acts_visited":["Exordium","TheCity","TheBeyond","TheEnding"],"potions_floor_usage":[6,6,8,16,23,30,31,33,37,46,50,50,55],"damage_taken":[{"damage":0,"enemies":"Small Slimes","floor":1,"turns":4},{"damage":0,"enemies":"2 Louse","floor":2,"turns":3},{"damage":4,"enemies":"Cultist","floor":3,"turns":4},{"damage":12,"enemies":"Looter","floor":4,"turns":3},{"damage":6,"enemies":"Large Slime","floor":5,"turns":4},{"damage":21,"enemies":"Gremlin Nob","floor":6,"turns":5},{"damage":7,"enemies":"3 Sentries","floor":8,"turns":8},{"damage":0,"enemies":"Replay:BlueRogue","floor":10,"turns":4},{"damage":0,"enemies":"Gremlin Nob","floor":13,"turns":2},{"damage":0,"enemies":"Lots of Slimes","floor":14,"turns":3},{"damage":22,"enemies":"Hexaghost","floor":16,"turns":7},{"damage":0,"enemies":"2 Thieves","floor":18,"turns":3},{"damage":0,"enemies":"Shell Parasite","floor":19,"turns":4},{"damage":11,"enemies":"Masked Bandits","floor":20,"turns":4},{"damage":1,"enemies":"Chosen and Byrds","floor":22,"turns":3},{"damage":0,"enemies":"Gremlin Leader","floor":23,"turns":4},{"damage":22,"enemies":"Slavers","floor":25,"turns":5},{"damage":9,"enemies":"Book of Stabbing","floor":27,"turns":3},{"damage":0,"enemies":"3 Cultists","floor":28,"turns":2},{"damage":0,"enemies":"Shelled Parasite and Fungi","floor":29,"turns":2},{"damage":0,"enemies":"Slavers","floor":30,"turns":5},{"damage":0,"enemies":"Centurion and Healer","floor":31,"turns":3},{"damage":0,"enemies":"Champ","floor":33,"turns":5},{"damage":0,"enemies":"3 Shapes","floor":35,"turns":4},{"damage":0,"enemies":"Orb Walker","floor":36,"turns":3},{"damage":0,"enemies":"3 Darklings","floor":37,"turns":2},{"damage":0,"enemies":"4 Shapes","floor":39,"turns":3},{"damage":0,"enemies":"Writhing Mass","floor":41,"turns":2},{"damage":0,"enemies":"3 Darklings","floor":45,"turns":2},{"damage":0,"enemies":"Spire Growth","floor":46,"turns":4},{"damage":62,"enemies":"infinitespire:MassOfShapes","floor":50,"turns":8},{"damage":79,"enemies":"Shield and Spear","floor":54,"turns":5},{"damage":51,"enemies":"The Heart","floor":55,"turns":10}],"seed_played":"-5721090222985828976","potions_obtained":[{"floor":1,"key":"SteroidPotion"},{"floor":2,"key":"Languid Potion"},{"floor":5,"key":"BloodPotion"},{"floor":6,"key":"FairyPotion"},{"floor":14,"key":"Swift Potion"},{"floor":22,"key":"Adrenaline Potion"},{"floor":23,"key":"Elixir"},{"floor":25,"key":"Energy Potion"},{"floor":27,"key":"SpeedPotion"},{"floor":30,"key":"BottledMiracle"},{"floor":33,"key":"Block Potion"},{"floor":36,"key":"Adrenaline Potion"},{"floor":41,"key":"Regen Potion"},{"floor":47,"key":"infinitespire:BlackPotion"}],"is_trial":false,"path_per_floor":["M","M","M","M","M","E","$","?","T","E","R","?","E","M","R","B",null,"M","M","?","AVR","M","E","$","E","T","E","M","M","E","M","R","B",null,"M","M","M","?","M","R","M","$","T","AVR","M","M","?","?","R","B",null,"R","$","E","B",null],"character_chosen":"THE_GATHERER","items_purchased":["Happy Flower","HandDrill","Gatherer:UpgradeBag","Gatherer:ScherryThrow","ReplayTheSpireMod:Ninjato","Membership Card","Letter Opener","Gatherer:Solidify","Poison Potion","Gatherer:OddSpoils"],"campfire_rested":2,"item_purchase_floors":[7,7,24,24,24,42,42,42,53,53],"current_hp_per_floor":[72,72,68,56,50,29,29,40,40,44,68,52,55,58,83,61,86,89,89,81,81,83,86,89,70,70,64,72,75,82,82,103,108,119,122,125,128,128,131,131,134,137,137,140,143,149,149,133,152,109,152,152,155,79,37],"gold":39,"neow_bonus":"HUNDRED_GOLD","is_daily":false,"chose_seed":false,"campfire_upgraded":2,"win_rate":0.0,"timestamp":1610850534,"path_taken":["M","M","M","M","M","E","$","?","T","E","R","?","E","M","R","BOSS","M","M","?","AVR","M","E","$","E","T","E","M","M","E","M","R","BOSS","M","M","M","?","M","R","M","$","T","AVR","M","M","?","?","R","BOSS","R","$","E","BOSS"],"items_purchased_type":["Relic","Relic","Card","Card","Relic","Relic","Relic","Card","Potion","Card"],"build_version":"2020-12-22","purchased_purges":0,"victory":true,"max_hp_per_floor":[72,72,72,72,72,72,72,76,76,80,80,80,83,86,86,86,86,89,89,92,92,95,98,101,104,104,107,110,113,116,116,116,119,119,122,125,128,128,131,131,134,137,137,140,143,149,149,152,152,152,152,152,155,158,158],"card_choices":[{"not_picked":["Gatherer:Frenzy","Gatherer:VenomBarrier"],"picked":"Gatherer:BambuSword","floor":1},{"not_picked":["Gatherer:BambuSword","Gatherer:Frenzy"],"picked":"Gatherer:Pollute","floor":2},{"not_picked":["Gatherer:QuickSynthesis","Gatherer:TreeGrowth"],"picked":"Gatherer:Overflowing","floor":3},{"not_picked":["Gatherer:Convert","Gatherer:EnergyBasket"],"picked":"Gatherer:GlowingPlant","floor":4},{"not_picked":["Gatherer:Convert","Gatherer:EchoOfNature"],"picked":"Gatherer:AlchemyTrial","floor":5},{"not_picked":["Gatherer:CarefulStrike","Gatherer:WoolGloves"],"picked":"Gatherer:HeartToFruit","floor":6},{"not_picked":["Gatherer:TreeGrowth","Gatherer:SaveValuables"],"picked":"Gatherer:FlowerFalling","floor":8},{"not_picked":["Gatherer:CollectorsShot","Gatherer:FeelingFine"],"picked":"Gatherer:FruitForce","floor":10},{"not_picked":["Gatherer:Uplift","Gatherer:HeartToFruit"],"picked":"Gatherer:FragileHammer","floor":13},{"not_picked":["Gatherer:WoolGloves","Gatherer:Convert"],"picked":"Gatherer:SmartManeuver","floor":14},{"not_picked":["Gatherer:FlamingBottle","Gatherer:CursedBlade"],"picked":"Gatherer:Overflowing","floor":16},{"not_picked":["Gatherer:CarefulStrike","Gatherer:Convert"],"picked":"Gatherer:FragileHammer","floor":18},{"not_picked":["Gatherer:BambuSword+1","Gatherer:SaveValuables+1"],"picked":"Gatherer:BlackTea","floor":19},{"not_picked":["Gatherer:ScrollOfWall","Gatherer:Duplicator"],"picked":"Gatherer:ScherryThrow","floor":20},{"not_picked":["Gatherer:SaveValuables","Gatherer:AromaProtection"],"picked":"Gatherer:FlowerShield","floor":22},{"not_picked":["Gatherer:TreeGrowth+1","Gatherer:SaveValuables"],"picked":"Gatherer:RecipeChange","floor":23},{"not_picked":["Gatherer:Pollute+1","Gatherer:WoolGloves"],"picked":"Gatherer:Misfortune+1","floor":25},{"not_picked":["Gatherer:EnergyBasket","Gatherer:ScrollOfWall"],"picked":"Gatherer:RecoveryHerb","floor":27},{"not_picked":["Gatherer:ScherryThrow","Gatherer:GrowBook"],"picked":"Gatherer:VenomBarrier","floor":28},{"not_picked":["Gatherer:EnergyBasket","Gatherer:Convert"],"picked":"Gatherer:WoolGloves","floor":29},{"not_picked":["Gatherer:EnergyBasket","Gatherer:FlowerShield"],"picked":"Gatherer:CollectorsShot+1","floor":30},{"not_picked":["Gatherer:EnergyBasket","Gatherer:SmartManeuver","Gatherer:FeelingFine"],"picked":"SKIP","floor":31},{"not_picked":["Gatherer:HeartToFruit","Gatherer:FinishingStrike"],"picked":"Gatherer:Photoscythe","floor":33},{"not_picked":["Gatherer:CollectorsShot","Gatherer:Herbalism"],"picked":"Gatherer:BalancedGrowth","floor":35},{"not_picked":["Gatherer:BigPouch+1","Gatherer:CollectorsShot"],"picked":"Gatherer:MiningStrike+1","floor":36},{"not_picked":["Gatherer:PotentialSlash","Gatherer:WoolGloves"],"picked":"Gatherer:AlchemyTrial","floor":37},{"not_picked":["Gatherer:WoolGloves","Gatherer:FlowerPower+1"],"picked":"Gatherer:TreeGrowth+1","floor":39},{"not_picked":["Gatherer:AcidicSpray+1","Gatherer:Frenzy+1"],"picked":"Gatherer:FlowerBeam","floor":41},{"not_picked":["Apotheosis","Thinking Ahead"],"picked":"HandOfGreed","floor":44},{"not_picked":["ReplayTheSpireMod:Uncanny Aura","Deep Breath"],"picked":"Dark Shackles","floor":44},{"not_picked":["Finesse","Chrysalis"],"picked":"Specialist","floor":44},{"not_picked":["Gatherer:CarefulStrike+1","Gatherer:TreeGrowth"],"picked":"Gatherer:AromaProtection","floor":45},{"not_picked":["Gatherer:FlowerShield+1","Gatherer:TreeGrowth+1"],"picked":"Gatherer:FlowerFalling+1","floor":46},{"not_picked":["Gatherer:EnergyBasket+1","Gatherer:BalancedGrowth+1"],"picked":"Gatherer:TacticalStrike","floor":54}],"player_experience":335476,"relics_obtained":[{"floor":6,"key":"Divine Protection"},{"floor":8,"key":"Peace Pipe"},{"floor":9,"key":"Onion Ring"},{"floor":10,"key":"Shuriken"},{"floor":13,"key":"Blue Doll"},{"floor":20,"key":"Red Mask"},{"floor":23,"key":"Replay:Ringing Soul"},{"floor":25,"key":"ReplayTheSpireMod:TigerMarble"},{"floor":27,"key":"Thread and Needle"},{"floor":30,"key":"Eternal Feather"},{"floor":43,"key":"Juzu Bracelet"},{"floor":49,"key":"Blue Candle"},{"floor":54,"key":"infinitespire:WardingShard"}],"event_choices":[{"damage_healed":0,"gold_gain":0,"player_choice":"Searched \u00272\u0027 times","damage_taken":0,"max_hp_gain":0,"max_hp_loss":0,"event_name":"Dead Adventurer","floor":8,"gold_loss":0},{"damage_healed":0,"gold_gain":0,"player_choice":"Entered Light","damage_taken":16,"max_hp_gain":0,"max_hp_loss":0,"event_name":"Shining Light","floor":12,"gold_loss":0,"cards_upgraded":["Gatherer:Defend_Gatherer","Gatherer:Defend_Gatherer"]},{"damage_healed":0,"gold_gain":0,"player_choice":"Fought Bandits","damage_taken":0,"max_hp_gain":0,"max_hp_loss":0,"event_name":"Masked Bandits","floor":20,"gold_loss":0},{"damage_healed":0,"gold_gain":0,"player_choice":"Got Potions","damage_taken":0,"max_hp_gain":0,"max_hp_loss":0,"event_name":"Lab","floor":47,"gold_loss":0},{"damage_healed":0,"gold_gain":0,"player_choice":"Embrace Madness","damage_taken":19,"max_hp_gain":0,"max_hp_loss":0,"event_name":"Winding Halls","floor":48,"gold_loss":0,"cards_obtained":["Madness","Madness"]}],"is_beta":false,"boss_relics":[{"not_picked":["Replay:Drink Me","Runic Dome"],"picked":"Philosopher\u0027s Stone"},{"not_picked":["Busted Crown","Replay:Bronze Core"],"picked":"ChewingGum"}],"items_purged_floors":[],"is_endless":false,"potions_floor_spawned":[1,2,5,6,14,22,23,25,27,30,33,36,41,45],"ascension_level":1}}