{"host":"7xu95vgv3ii4fnvo","time":1610862042,"event":{"mods":["BaseMod","Challenge The Spire","Colored Powertips","Dota2Spire","Downfall","Minty Spire (QoL Compilation)","MostiFishMod","Quick Restart","Relic Stats","Spicy Shops","StSLib","¡¾ÒÅÎï¿¨ÅÆ¡¿REMEMod"],"gold_per_floor":[27,27,163,280,398,398,398,186,323,458,580,592,604,49,192,311,480,597],"floor_reached":19,"language":"ZHS","playtime":3910,"items_purged":["Guardian:Strike_Guardian","Guardian:Strike_Guardian","Guardian:Strike_Guardian"],"score":2540,"play_id":"94445da7-6bb7-40b1-a671-9ee0e2c3fb1a","local_time":"20210117134042","daily_mods":["challengethespire:Bronze Difficulty","challengethespire:Modded Boss Rush","Uncertain Future"],"is_ascension_mode":false,"campfire_choices":[{"data":"Guardian:TwinSlam","floor":2,"key":"SMITH"},{"data":"Guardian:CurlUp","floor":7,"key":"SMITH"}],"circlet_count":0,"master_deck":["Guardian:Strike_Guardian","Guardian:Defend_Guardian","Guardian:Defend_Guardian","Guardian:Defend_Guardian","Guardian:Defend_Guardian","Guardian:CurlUp+1","Guardian:TwinSlam+1","Guardian:CompilePackage+1","HandOfGreed+1","Guardian:SentryBeam+1","Guardian:FloatingOrbs+1","Guardian:PrismaticBeam+1","Guardian:TimeSifter+1","Guardian:BronzeOrb+1","Flash of Steel+1","Guardian:TimeCapacitor+1","Guardian:StasisField+1","Guardian:Preprogram+1","REME_ShortnessOfBreath+1","Guardian:EvasiveProtocol+1","REME_ProfessionalPlagiarism+1","Swift Strike+1","Guardian:Suspension+1","Guardian:Suspension+1","Guardian:Preprogram+1"],"relics":["Guardian:ModeShifter","The Courier","Molten Egg 2","Toxic Egg 2","Frozen Egg 2","DaveBox","REME_ComplimentaryCards","ArrowTower","DianDianMeat","Bag of Marbles","Ice Cream","Dota2Spire:ShadowBlade","Dota2Spire:Satanic","ImprovedEquipment","ShadowXiaoBlade","Dota2Spire:ArmletOfMordiggian","MawBank","Bottled Tornado","Cursed Key","Lee\u0027s Waffle","Dota2Spire:UrnOfShadows","Mummified Hand","Shovel","Dota2Spire:EchoSabre"],"acts_visited":["Exordium"],"potions_floor_usage":[],"damage_taken":[{"damage":0,"enemies":"Hexaghost","floor":3,"turns":7},{"damage":24,"enemies":"The Guardian","floor":4,"turns":7},{"damage":16,"enemies":"Slime Boss","floor":5,"turns":6},{"damage":13,"enemies":"Collector","floor":9,"turns":4},{"damage":29,"enemies":"Champ","floor":10,"turns":7},{"damage":37,"enemies":"Automaton","floor":11,"turns":7},{"damage":14,"enemies":"Donu and Deca","floor":15,"turns":6},{"damage":11,"enemies":"Time Eater","floor":16,"turns":4},{"damage":20,"enemies":"Awakened One","floor":17,"turns":6},{"damage":69,"enemies":"The Heart","floor":18,"turns":6}],"seed_played":"-4163785198831083533","potions_obtained":[{"floor":3,"key":"Block Potion"},{"floor":5,"key":"Fire Potion"},{"floor":10,"key":"PowerPotion"},{"floor":16,"key":"FairyPotion"}],"is_trial":true,"path_per_floor":["$","R","M","M","M","T","R","$","M","M","M","T","$","$","M","M","M","M",null],"character_chosen":"GUARDIAN","items_purchased":["HandOfGreed+1","DianDianMeat","Bag of Marbles","Ice Cream","Guardian:SentryBeam+1","Guardian:FloatingOrbs+1","Guardian:PrismaticBeam+1","Guardian:Gem_Red","Flash of Steel+1","REME_ShortnessOfBreath+1","Guardian:EvasiveProtocol+1","REME_ProfessionalPlagiarism+1","Swift Strike+1","Lee\u0027s Waffle"],"campfire_rested":0,"item_purchase_floors":[1,1,1,1,1,1,1,1,8,14,14,14,14,14],"current_hp_per_floor":[90,90,95,77,84,84,84,92,98,79,62,62,62,207,209,240,238,231],"gold":597,"neow_bonus":"","is_daily":false,"chose_seed":false,"campfire_upgraded":2,"win_rate":0.0,"timestamp":1610862042,"path_taken":["$","R","M","M","M","T","R","$","M","M","M","T","$","$","M","M","M","M"],"items_purchased_type":["Card","Relic","Relic","Relic","Card","Card","Card","Card","Card","Card","Card","Card","Card","Relic"],"build_version":"2020-12-22","purchased_purges":3,"victory":true,"max_hp_per_floor":[90,90,95,101,108,108,108,116,125,135,146,146,146,207,223,240,258,258],"relic_stats":{"Lee\u0027s Waffle":91,"Shovel":0,"counters":[10,58],"Mummified Hand":[12],"MawBank":48,"Cursed Key":0,"obtain_stats":[{"DianDianMeat":1,"Ice Cream":1,"Dota2Spire:EchoSabre":18,"Lee\u0027s Waffle":14,"Dota2Spire:UrnOfShadows":15,"DaveBox":0,"ImprovedEquipment":5,"Dota2Spire:ArmletOfMordiggian":9,"Guardian:ModeShifter":0,"ShadowXiaoBlade":6,"The Courier":0,"Dota2Spire:ShadowBlade":3,"Frozen Egg 2":0,"Bottled Tornado":11,"MawBank":10,"Cursed Key":12,"Dota2Spire:Satanic":4,"Shovel":17,"Mummified Hand":16,"Molten Egg 2":0,"Bag of Marbles":1,"Toxic Egg 2":0,"ArrowTower":0,"REME_ComplimentaryCards":0},{"DianDianMeat":0,"Ice Cream":0,"Dota2Spire:EchoSabre":10,"Lee\u0027s Waffle":6,"Dota2Spire:UrnOfShadows":7,"DaveBox":0,"ImprovedEquipment":3,"Dota2Spire:ArmletOfMordiggian":4,"Guardian:ModeShifter":0,"ShadowXiaoBlade":3,"The Courier":0,"Dota2Spire:ShadowBlade":1,"Frozen Egg 2":0,"Bottled Tornado":6,"MawBank":5,"Cursed Key":6,"Dota2Spire:Satanic":2,"Shovel":9,"Mummified Hand":8,"Molten Egg 2":0,"Bag of Marbles":0,"Toxic Egg 2":0,"ArrowTower":0,"REME_ComplimentaryCards":0},{"DianDianMeat":0,"Ice Cream":0,"Dota2Spire:EchoSabre":58,"Lee\u0027s Waffle":36,"Dota2Spire:UrnOfShadows":42,"DaveBox":0,"ImprovedEquipment":18,"Dota2Spire:ArmletOfMordiggian":22,"Guardian:ModeShifter":0,"ShadowXiaoBlade":18,"The Courier":0,"Dota2Spire:ShadowBlade":7,"Frozen Egg 2":0,"Bottled Tornado":36,"MawBank":29,"Cursed Key":36,"Dota2Spire:Satanic":13,"Shovel":52,"Mummified Hand":46,"Molten Egg 2":0,"Bag of Marbles":0,"Toxic Egg 2":0,"ArrowTower":0,"REME_ComplimentaryCards":0}]},"card_choices":[],"player_experience":100767,"relics_obtained":[{"floor":3,"key":"Dota2Spire:ShadowBlade"},{"floor":4,"key":"Dota2Spire:Satanic"},{"floor":5,"key":"ImprovedEquipment"},{"floor":9,"key":"Dota2Spire:ArmletOfMordiggian"},{"floor":10,"key":"MawBank"},{"floor":11,"key":"Bottled Tornado"},{"floor":15,"key":"Dota2Spire:UrnOfShadows"},{"floor":16,"key":"Mummified Hand"},{"floor":17,"key":"Shovel"},{"floor":18,"key":"Dota2Spire:EchoSabre"}],"event_choices":[],"is_beta":false,"boss_relics":[{"not_picked":["Dota2Spire:RefresherOrb","RhineFirstAidKit"],"picked":"ShadowXiaoBlade"},{"not_picked":["OneHitWonderSystem","BloodWine"],"picked":"Cursed Key"}],"items_purged_floors":[8,8,14],"is_endless":false,"potions_floor_spawned":[3,5,10,15,16],"ascension_level":0}}