{"host":"cv77zuuuekizn3ic","time":1610869724,"event":{"mods":["AchievementEnabler","Act Like it!","BaseMod","Gensokyo","Marisa£®ÏF”Í°°ƒß¿Ì…≥£©","Minty Spire (QoL Compilation)","StSLib","Waifu the Spire","everything is the same but u backflip on backflip","slay the spire mod where everything is the same but ironclad has a cowboy hat"],"gold_per_floor":[109,109,129,145,9,35,35,47,47,47,64,76,88,88,88,184,184,197,217,217,228,4,4,56,56,56,73,107,107,107,143,143,247,247,260,260,260,85,103,117,152,152,177,177,204,220,231,231,231,256,256,256,13,41,41],"floor_reached":56,"language":"ZHS","playtime":3363,"items_purged":["Strike_R","Strike_R"],"score":1424,"play_id":"5d976170-757d-4793-ab95-a5480e374c5a","local_time":"20210117154844","is_ascension_mode":false,"campfire_choices":[{"data":"Armaments","floor":7.0,"key":"SMITH"},{"data":"Juggernaut","floor":15.0,"key":"SMITH"},{"data":"Barricade","floor":23.0,"key":"SMITH"},{"data":"Feel No Pain","floor":29.0,"key":"SMITH"},{"data":"Madness","floor":32.0,"key":"SMITH"},{"floor":42,"key":"RECALL"},{"data":"Discovery","floor":49,"key":"SMITH"},{"data":"Battle Trance","floor":52,"key":"SMITH"}],"circlet_count":0,"master_deck":["Strike_R","Strike_R","Defend_R","Defend_R","Defend_R","Defend_R","Bash","Cleave","Pommel Strike+1","Impervious","Madness+1","Armaments+1","Feel No Pain+1","Second Wind","Flex","Impervious","Battle Trance+1","Reaper","Juggernaut+1","Shrug It Off","Barricade+1","True Grit","Warcry+1","Pommel Strike+1","Necronomicurse","Feel No Pain","Feed","Sentinel+1","Entrench+1","Chrysalis","Madness","Discovery+1","Body Slam","Havoc+1","Offering+1","Second Wind+1","Madness+1","Madness+1","Disarm+1"],"relics":["Burning Blood","Prayer Wheel","Bottled Tornado","Anchor","Philosopher\u0027s Stone","Toolbox","Gremlin Horn","Necronomicon","Juzu Bracelet","Sundial","Runic Pyramid","TheAbacus","Toxic Egg 2","Centennial Puzzle","Boot","Bag of Marbles"],"acts_visited":["Exordium","TheCity","TheBeyond","TheEnding"],"potions_floor_usage":[41,55,55],"damage_taken":[{"damage":6.0,"enemies":"Jaw Worm","floor":1.0,"turns":3.0},{"damage":6.0,"enemies":"Cultist","floor":3.0,"turns":3.0},{"damage":0.0,"enemies":"Small Slimes","floor":4.0,"turns":4.0},{"damage":31.0,"enemies":"Gremlin Nob","floor":6.0,"turns":5.0},{"damage":21.0,"enemies":"Gremlin Gang","floor":8.0,"turns":8.0},{"damage":1.0,"enemies":"Large Slime","floor":11.0,"turns":10.0},{"damage":0.0,"enemies":"3 Louse","floor":12.0,"turns":5.0},{"damage":17.0,"enemies":"Gremlin Gang","floor":13.0,"turns":5.0},{"damage":10.0,"enemies":"Slime Boss","floor":16.0,"turns":8.0},{"damage":11.0,"enemies":"Shell Parasite","floor":18.0,"turns":5.0},{"damage":12.0,"enemies":"Chosen","floor":19.0,"turns":6.0},{"damage":0.0,"enemies":"Snake Plant","floor":21.0,"turns":4.0},{"damage":0.0,"enemies":"Gremlin Leader","floor":24.0,"turns":7.0},{"damage":0.0,"enemies":"Shelled Parasite and Fungi","floor":27.0,"turns":5.0},{"damage":19.0,"enemies":"Book of Stabbing","floor":28.0,"turns":7.0},{"damage":0.0,"enemies":"Chosen and Byrds","floor":31.0,"turns":7.0},{"damage":22.0,"enemies":"Collector","floor":33.0,"turns":9.0},{"damage":8.0,"enemies":"3 Darklings","floor":35.0,"turns":5.0},{"damage":0.0,"enemies":"Orb Walker","floor":39.0,"turns":7.0},{"damage":0.0,"enemies":"4 Shapes","floor":40.0,"turns":5.0},{"damage":1,"enemies":"Reptomancer","floor":41,"turns":7},{"damage":0,"enemies":"Giant Head","floor":45,"turns":6},{"damage":6,"enemies":"3 Darklings","floor":46,"turns":4},{"damage":6,"enemies":"Writhing Mass","floor":47,"turns":4},{"damage":12,"enemies":"Donu and Deca","floor":50,"turns":14},{"damage":19,"enemies":"Shield and Spear","floor":54,"turns":6},{"damage":46,"enemies":"The Heart","floor":55,"turns":9}],"seed_played":"4686735849344600803","potions_obtained":[{"floor":6.0,"key":"Fruit Juice"},{"floor":11.0,"key":"SteroidPotion"},{"floor":12.0,"key":"SkillPotion"},{"floor":18.0,"key":"Energy Potion"},{"floor":24.0,"key":"Block Potion"},{"floor":46,"key":"SmokeBomb"}],"is_trial":false,"path_per_floor":["M","?","M","M","$","E","R","M","T","?","M","M","M","T","R","B",null,"M","M","$","M","$","R","E","?","T","M","E","R","?","M","R","B",null,"M","?","?","$","M","M","E","R","T","?","E","M","M","?","R","B",null,"R","$","E","B",null],"character_chosen":"IRONCLAD","items_purchased":["Madness","Armaments","Toolbox","TheAbacus","Body Slam","Boot"],"campfire_rested":0,"item_purchase_floors":[5,5,22,38,38,53],"current_hp_per_floor":[80,80,80,80,80,55,55,40,40,40,45,69,74,74,74,78,85,82,79,79,85,85,85,85,69,69,75,62,62,46,64,64,72,90,94,94,84,84,97,100,104,104,104,104,104,104,107,94,94,92,111,111,111,102,71],"gold":41,"neow_bonus":"THREE_CARDS","is_daily":false,"chose_seed":false,"campfire_upgraded":7,"win_rate":0.0,"timestamp":1610869724,"path_taken":["M","?","M","M","$","E","R","M","T","?","M","M","?","?","R","BOSS","M","M","$","M","$","R","E","?","T","M","E","R","?","M","R","BOSS","M","?","?","$","M","M","E","R","T","?","E","M","M","?","R","BOSS","R","$","E","BOSS"],"items_purchased_type":["Card","Card","Relic","Relic","Card","Relic"],"build_version":"2020-12-22","purchased_purges":2,"victory":true,"max_hp_per_floor":[80,80,80,80,80,80,80,80,80,80,80,80,80,80,80,80,85,85,85,85,85,85,85,85,85,85,85,85,85,90,90,90,90,90,94,94,94,94,97,100,104,104,104,104,104,104,107,107,107,111,111,111,111,115,119],"card_choices":[{"not_picked":["True Grit","Disarm"],"picked":"Cleave","floor":0.0},{"not_picked":["Clothesline","Anger","Headbutt"],"picked":"SKIP","floor":1.0},{"not_picked":["Disarm","Clash"],"picked":"Pommel Strike","floor":3.0},{"not_picked":["Entrench","Flex"],"picked":"Impervious","floor":4.0},{"not_picked":["Pummel","Inflame"],"picked":"Feel No Pain","floor":6.0},{"not_picked":["Hemokinesis","Wild Strike"],"picked":"Second Wind","floor":8.0},{"not_picked":["Havoc","Blood for Blood"],"picked":"Flex","floor":8.0},{"not_picked":["Iron Wave","Cleave"],"picked":"Battle Trance","floor":11.0},{"not_picked":["Spot Weakness","Shrug It Off"],"picked":"Reaper","floor":11.0},{"not_picked":["Thunderclap","Havoc","Clothesline"],"picked":"SKIP","floor":12.0},{"not_picked":["Armaments","True Grit","Sword Boomerang"],"picked":"SKIP","floor":12.0},{"not_picked":["Clash","Anger"],"picked":"Juggernaut","floor":13.0},{"not_picked":["Shrug It Off","Uppercut","Intimidate"],"picked":"SKIP","floor":13.0},{"not_picked":["Uppercut","Intimidate"],"picked":"Shrug It Off","floor":13.0},{"not_picked":["Juggernaut","Double Tap"],"picked":"Barricade","floor":16.0},{"not_picked":["Flex","Sword Boomerang","Cleave"],"picked":"SKIP","floor":18.0},{"not_picked":["Shockwave","Cleave","Sword Boomerang+1"],"picked":"SKIP","floor":18.0},{"not_picked":["Pummel","Pommel Strike"],"picked":"True Grit","floor":19.0},{"not_picked":["Inflame","Anger+1"],"picked":"Warcry+1","floor":19.0},{"not_picked":["Perfected Strike","True Grit"],"picked":"Pommel Strike+1","floor":21.0},{"not_picked":["Second Wind+1","Searing Blow+1","Sword Boomerang+1"],"picked":"SKIP","floor":21.0},{"not_picked":["Carnage+1","Disarm","Corruption"],"picked":"SKIP","floor":24.0},{"not_picked":["Shrug It Off+1","Anger"],"picked":"Feel No Pain","floor":27.0},{"not_picked":["Sever Soul","Rupture+1","Sword Boomerang"],"picked":"SKIP","floor":27.0},{"not_picked":["Heavy Blade","Armaments","Searing Blow"],"picked":"SKIP","floor":28.0},{"not_picked":["Shockwave+1","Carnage+1"],"picked":"Berserk","floor":31.0},{"not_picked":["Clash","Blood for Blood","Cleave"],"picked":"SKIP","floor":31.0},{"not_picked":["Corruption","Immolate"],"picked":"Feed","floor":33.0},{"not_picked":["Pommel Strike","Sword Boomerang"],"picked":"Sentinel+1","floor":35.0},{"not_picked":["True Grit","Heavy Blade+1"],"picked":"Entrench+1","floor":35.0},{"not_picked":["Purity","Blind"],"picked":"Chrysalis","floor":37.0},{"not_picked":["Mayhem","Sadistic Nature"],"picked":"Madness","floor":37.0},{"not_picked":["Madness","Secret Weapon"],"picked":"Discovery","floor":37.0},{"not_picked":["Pommel Strike+1","Hemokinesis"],"picked":"Havoc+1","floor":39.0},{"not_picked":["Whirlwind+1","Iron Wave+1","Spot Weakness+1"],"picked":"SKIP","floor":39.0},{"not_picked":["Iron Wave","Battle Trance","Flex"],"picked":"SKIP","floor":40.0},{"not_picked":["Pommel Strike","Rampage+1","Armaments+1"],"picked":"SKIP","floor":40.0},{"not_picked":["Headbutt+1","Blood for Blood"],"picked":"Offering+1","floor":41},{"not_picked":["Uppercut","Cleave+1","Headbutt+1"],"picked":"SKIP","floor":45},{"not_picked":["Clothesline+1","Whirlwind+1","Flame Barrier+1"],"picked":"SKIP","floor":46},{"not_picked":["Wild Strike+1","Blood for Blood","True Grit+1"],"picked":"SKIP","floor":46},{"not_picked":["Twin Strike","Pommel Strike"],"picked":"Second Wind+1","floor":47},{"not_picked":["Blood for Blood","Sword Boomerang","Double Tap+1"],"picked":"SKIP","floor":47},{"not_picked":["Limit Break+1","Second Wind+1"],"picked":"Disarm+1","floor":54}],"player_experience":939776,"relics_obtained":[{"floor":6.0,"key":"Prayer Wheel"},{"floor":9.0,"key":"Bottled Tornado"},{"floor":14.0,"key":"Anchor"},{"floor":24.0,"key":"Gremlin Horn"},{"floor":25.0,"key":"Necronomicon"},{"floor":26.0,"key":"Juzu Bracelet"},{"floor":28.0,"key":"Sundial"},{"floor":41,"key":"Toxic Egg 2"},{"floor":45,"key":"Centennial Puzzle"},{"floor":54,"key":"Bag of Marbles"}],"event_choices":[{"cards_removed":["Strike_R"],"damage_healed":0.0,"max_hp_gain":0.0,"max_hp_loss":0.0,"gold_gain":0.0,"event_name":"Living Wall","player_choice":"Forget","floor":2.0,"gold_loss":0.0,"damage_taken":0.0},{"damage_healed":0.0,"max_hp_gain":0.0,"max_hp_loss":0.0,"gold_gain":0.0,"event_name":"Match and Keep!","player_choice":"1 cards matched","floor":10.0,"gold_loss":0.0,"damage_taken":0.0,"cards_obtained":["Impervious"]},{"damage_healed":0.0,"max_hp_gain":0.0,"max_hp_loss":0.0,"gold_gain":0.0,"event_name":"Cursed Tome","player_choice":"Obtained Book","floor":25.0,"gold_loss":0.0,"damage_taken":16.0},{"damage_healed":0.0,"max_hp_gain":5.0,"max_hp_loss":0.0,"gold_gain":0.0,"event_name":"Forgotten Altar","player_choice":"Shed Blood","floor":30.0,"gold_loss":0.0,"damage_taken":21.0},{"cards_removed":["Berserk"],"damage_healed":0.0,"max_hp_gain":0.0,"max_hp_loss":0.0,"gold_gain":0.0,"event_name":"Falling","player_choice":"Removed Power","floor":36.0,"gold_loss":0.0,"damage_taken":0.0},{"damage_healed":0.0,"max_hp_gain":0.0,"max_hp_loss":0.0,"gold_gain":0.0,"event_name":"SensoryStone","player_choice":"Memory 3","floor":37.0,"gold_loss":0.0,"damage_taken":10.0},{"damage_healed":0,"gold_gain":0,"player_choice":"Forge","damage_taken":0,"max_hp_gain":0,"max_hp_loss":0,"event_name":"Accursed Blacksmith","floor":44,"gold_loss":0,"cards_upgraded":["Pommel Strike"]},{"damage_healed":0,"gold_gain":0,"player_choice":"Embrace Madness","damage_taken":13,"max_hp_gain":0,"max_hp_loss":0,"event_name":"Winding Halls","floor":48,"gold_loss":0,"cards_obtained":["Madness","Madness"]}],"is_beta":false,"boss_relics":[{"not_picked":["SacredBark","Empty Cage"],"picked":"Philosopher\u0027s Stone"},{"not_picked":["Black Blood","Velvet Choker"],"picked":"Runic Pyramid"}],"items_purged_floors":[22,53],"is_endless":false,"potions_floor_spawned":[6,11,12,18,24,28,31,33,39,46,54],"ascension_level":0}}