{"host":"st1kg310ms6sytc5","time":1610867282,"event":{"mods":["Act Like it!","BaseMod","CapriCore","Downfall","Minty Spire (QoL Compilation)","StSLib","SuperFastMode"],"gold_per_floor":[99,99,249,249,25,25,25,54,54,69,54,87,99,99,114,219,219,119,204,304,38,52,52,52,67,78,104,104,131,31,31,50,153,153,153,173,187,200,38,38,63,95,95,95,95,112,112,130,147,147],"floor_reached":51,"language":"ZHS","playtime":3174,"items_purged":["downfall:Icky","bronze:AlphaBuild","bronze:Defend"],"score":821,"play_id":"c40433ee-9721-4f13-8b8a-68f7775d28f6","local_time":"20210117150802","is_ascension_mode":false,"campfire_choices":[{"data":"bronze:Replicate","floor":1.0,"key":"SMITH"},{"data":"bronze:Goto","floor":9.0,"key":"SMITH"},{"data":"bronze:Terminator","floor":18.0,"key":"SMITH"},{"data":"bronze:Fortify","floor":30.0,"key":"SMITH"},{"data":"bronze:Boost","floor":35.0,"key":"SMITH"},{"floor":40.0,"key":"RECALL"},{"data":"bronze:MaxOutput","floor":45.0,"key":"SMITH"}],"circlet_count":0,"master_deck":["bronze:Defend","bronze:Defend","bronze:Defend","bronze:Replicate+1","bronze:Goto+1","bronze:Terminator+1","bronze:DelayedSlice+1","bronze:FineTuning","bronze:Repair","bronze:Optimize","bronze:DelayedSlice","bronze:Fortify+1","bronze:BitShift","bronze:Boost+1","bronze:ClassDefault","downfall:Haunted","bronze:FindAndReplace+1","bronze:Branch+1","bronze:Invalidate","Necronomicurse","bronze:Virus+1","bronze:FollowUp+1","bronze:Repulsor+1","bronze:MaxOutput+1","Doubt","Injury","bronze:ForceShield"],"relics":["bronze:PlatinumCore","downfall:HeartsMalice","White Beast Statue","Blood Vial","CaptainsWheel","downfall:HeartBlessingGreen","WingedGreaves","Singing Bowl","PreservedInsect","Matryoshka","Necronomicon","Happy Flower","downfall:HeartBlessingBlue","Cursed Key","champ:DuelingGlove","bronze:CableSpool","Boot","bronze:ProtectiveGoggles","Whetstone","Pantograph"],"acts_visited":["Exordium","TheCity","TheBeyond"],"potions_floor_usage":[],"damage_taken":[{"damage":0.0,"enemies":"Cultist","floor":2.0,"turns":1.0},{"damage":0.0,"enemies":"Jaw Worm","floor":4.0,"turns":1.0},{"damage":0.0,"enemies":"downfall:FleeingMerchant","floor":5.0,"turns":1.0},{"damage":27.0,"enemies":"Lagavulin","floor":8.0,"turns":9.0},{"damage":8.0,"enemies":"2 Louse","floor":10.0,"turns":2.0},{"damage":5.0,"enemies":"downfall:FleeingMerchant","floor":11.0,"turns":4.0},{"damage":14.0,"enemies":"3 Sentries","floor":12.0,"turns":10.0},{"damage":2.0,"enemies":"Exordium Thugs","floor":13.0,"turns":4.0},{"damage":0.0,"enemies":"3 Louse","floor":15.0,"turns":2.0},{"damage":4.0,"enemies":"SI_SHIV_ARCHETYPE","floor":16.0,"turns":10.0},{"damage":22.0,"enemies":"WA_ARCHETYPE_RETAIN","floor":20.0,"turns":7.0},{"damage":0.0,"enemies":"downfall:FleeingMerchant","floor":21.0,"turns":4.0},{"damage":2.0,"enemies":"Shell Parasite","floor":22.0,"turns":7.0},{"damage":1.0,"enemies":"Centurion and Healer","floor":25.0,"turns":4.0},{"damage":33.0,"enemies":"Chosen and Byrds","floor":26.0,"turns":7.0},{"damage":0.0,"enemies":"Gremlin Leader","floor":27.0,"turns":6.0},{"damage":14.0,"enemies":"Book of Stabbing","floor":29.0,"turns":3.0},{"damage":4.0,"enemies":"Sentry and Sphere","floor":32.0,"turns":4.0},{"damage":28.0,"enemies":"DF_ARCHETYPE_CLAW","floor":33.0,"turns":7.0},{"damage":8.0,"enemies":"Orb Walker","floor":36.0,"turns":4.0},{"damage":0.0,"enemies":"3 Darklings","floor":37.0,"turns":5.0},{"damage":0.0,"enemies":"Transient","floor":38.0,"turns":5.0},{"damage":2.0,"enemies":"downfall:FleeingMerchant","floor":39.0,"turns":4.0},{"damage":0.0,"enemies":"Giant Head","floor":42.0,"turns":4.0},{"damage":0.0,"enemies":"4 Shapes","floor":46.0,"turns":3.0},{"damage":0,"enemies":"Sphere and 2 Shapes","floor":48,"turns":2},{"damage":3,"enemies":"Writhing Mass","floor":49,"turns":3},{"damage":21,"enemies":"WA_ARCHETYPE_DIVINITY","floor":50,"turns":22}],"seed_played":"-4577423027977389336","potions_obtained":[{"floor":8.0,"key":"Fire Potion"},{"floor":10.0,"key":"LiquidBronze"},{"floor":11.0,"key":"Block Potion"},{"floor":12.0,"key":"Explosive Potion"},{"floor":15.0,"key":"Fruit Juice"},{"floor":16.0,"key":"bronze:CleanCodePotion"},{"floor":20.0,"key":"FearPotion"},{"floor":21.0,"key":"Strength Potion"},{"floor":26.0,"key":"bronze:CleanCodePotion"},{"floor":27.0,"key":"champ:CounterPotion"},{"floor":31.0,"key":"CultistPotion"},{"floor":33.0,"key":"GamblersBrew"},{"floor":38.0,"key":"SmokeBomb"},{"floor":39.0,"key":"BlessingOfTheForge"},{"floor":42.0,"key":"Dexterity Potion"},{"floor":46.0,"key":"CultistPotion"}],"is_trial":false,"path_per_floor":["R","M","?","M","$","?","T","E","R","M","$","E","M","?","M","B",null,"R","?","?","$","M","?","T","M","M","E","?","E","R","?","M","B",null,"R","M","M","M","$","R","T","E","?","?","R","M","?","M","M","B",null],"character_chosen":"THE_AUTOMATON","items_purchased":["bronze:Repair","bronze:Optimize","PreservedInsect","champ:DuelingGlove","bronze:MaxOutput"],"campfire_rested":0,"item_purchase_floors":[5,5,21,39,39],"current_hp_per_floor":[70,70,70,70,70,70,70,43,43,48,55,51,61,61,75,71,75,75,61,53,67,77,77,77,81,50,61,45,40,50,50,60,43,99,99,95,99,101,101,101,101,105,105,101,101,105,105,107,108,94],"gold":147,"neow_bonus":"THREE_ENEMY_KILL","is_daily":false,"chose_seed":false,"campfire_upgraded":6,"win_rate":0.0,"timestamp":1610867282,"path_taken":["R","?","?","M","$","?","T","E","R","M","$","E","?","?","M","BOSS","R","?","?","$","M","?","T","M","M","E","?","E","R","?","M","BOSS","R","M","M","M","$","R","T","E","?","?","R","M","?","?","M","BOSS"],"items_purchased_type":["Card","Card","Relic","Relic","Card"],"build_version":"2020-12-22","purchased_purges":3,"victory":true,"max_hp_per_floor":[70,70,70,70,70,70,70,70,70,70,70,70,70,70,75,75,75,75,75,75,77,79,79,79,81,83,85,85,85,95,95,97,99,99,99,99,99,101,103,103,103,105,105,111,111,113,113,113,115,115],"card_choices":[{"not_picked":["bronze:Constructor","bronze:DelayedGuard"],"picked":"bronze:Terminator","floor":2.0},{"not_picked":["bronze:CutThrough","bronze:Overheat"],"picked":"bronze:DelayedSlice","floor":4.0},{"not_picked":["bronze:Backtrace","bronze:Safeguard"],"picked":"bronze:FineTuning","floor":5.0},{"not_picked":["bronze:CutThrough","bronze:Allocate"],"picked":"bronze:Fortify","floor":8.0},{"not_picked":["bronze:Frontload","bronze:Overheat"],"picked":"bronze:BitShift","floor":10.0},{"not_picked":["bronze:DigitalCarnage","bronze:OilSpill"],"picked":"bronze:AlphaBuild","floor":11.0},{"not_picked":["bronze:WhirlingStrike","bronze:CutThrough"],"picked":"bronze:Boost","floor":12.0},{"not_picked":["bronze:OilSpill","bronze:BitShift"],"picked":"bronze:ClassDefault","floor":13.0},{"not_picked":["bronze:Shield","bronze:Flail","bronze:Backtrace"],"picked":"SKIP","floor":15.0},{"not_picked":["bronze:AlphaBuild","bronze:HardenedForm"],"picked":"bronze:FindAndReplace","floor":16.0},{"not_picked":["bronze:Shield","bronze:Deprecate"],"picked":"bronze:Branch+1","floor":20.0},{"not_picked":["bronze:Repair","bronze:Overheat","bronze:Invalidate"],"picked":"Singing Bowl","floor":21.0},{"not_picked":["bronze:Separator","bronze:Turbo","bronze:Iterate"],"picked":"Singing Bowl","floor":22.0},{"not_picked":["bronze:BitShift","bronze:DelayedSlice+1","bronze:Branch+1"],"picked":"Singing Bowl","floor":25.0},{"not_picked":["bronze:OilSpill+1","bronze:Frontload","bronze:Separator+1"],"picked":"Singing Bowl","floor":26.0},{"not_picked":["bronze:OilSpill","bronze:Invalidate","bronze:DigitalCarnage"],"picked":"Singing Bowl","floor":27.0},{"not_picked":["bronze:BitShift+1","bronze:RecursiveStrike"],"picked":"bronze:Virus","floor":29.0},{"not_picked":["bronze:WhirlingStrike+1","bronze:Allocate","bronze:ItsAFeature"],"picked":"Singing Bowl","floor":32.0},{"not_picked":["bronze:AlphaBuild","bronze:Mutator","bronze:FindAndReplace"],"picked":"Singing Bowl","floor":33.0},{"not_picked":["bronze:Backtrace","bronze:WhirlingStrike+1"],"picked":"bronze:FollowUp+1","floor":36.0},{"not_picked":["bronze:CloningBeam","bronze:Terminator"],"picked":"bronze:Repulsor+1","floor":37.0},{"not_picked":["bronze:Branch+1","bronze:WhirlingStrike+1","bronze:Allocate+1"],"picked":"Singing Bowl","floor":38.0},{"not_picked":["bronze:ChosenStrike","bronze:BugBarrage","bronze:Flail"],"picked":"Singing Bowl","floor":39.0},{"not_picked":["bronze:Frontload","bronze:Deprecate+1","bronze:Fortify+1"],"picked":"Singing Bowl","floor":42.0},{"not_picked":["expansioncontent:Chronoboost","expansioncontent:Hexaburn","expansioncontent:PolyBeam"],"picked":"Singing Bowl","floor":44.0},{"not_picked":["expansioncontent:YouAreMine","expansioncontent:PrepareCrush","expansioncontent:Chronoboost"],"picked":"Singing Bowl","floor":44.0},{"not_picked":["expansioncontent:LastStand","expansioncontent:PolyBeam","expansioncontent:Chronoboost"],"picked":"Singing Bowl","floor":44.0},{"not_picked":["bronze:Iterate","bronze:ClassDefault","bronze:Safeguard"],"picked":"Singing Bowl","floor":46.0},{"not_picked":["bronze:DelayedGuard","bronze:DigitalCarnage+1"],"picked":"bronze:ForceShield","floor":48},{"not_picked":["bronze:Invalidate","bronze:Shield","bronze:Iterate+1"],"picked":"Singing Bowl","floor":49}],"player_experience":1548706,"relics_obtained":[{"floor":7.0,"key":"White Beast Statue"},{"floor":8.0,"key":"Blood Vial"},{"floor":12.0,"key":"CaptainsWheel"},{"floor":20.0,"key":"WingedGreaves"},{"floor":20.0,"key":"Singing Bowl"},{"floor":27.0,"key":"Matryoshka"},{"floor":28.0,"key":"Necronomicon"},{"floor":29.0,"key":"Happy Flower"},{"floor":41.0,"key":"bronze:CableSpool"},{"floor":41.0,"key":"Boot"},{"floor":42.0,"key":"bronze:ProtectiveGoggles"},{"floor":43.0,"key":"Whetstone"},{"floor":43.0,"key":"Pantograph"}],"event_choices":[{"damage_healed":0.0,"max_hp_gain":0.0,"max_hp_loss":0.0,"gold_gain":0.0,"event_name":"The Library","player_choice":"Read","floor":23.0,"gold_loss":0.0,"damage_taken":0.0,"cards_obtained":["bronze:Invalidate"]}],"is_beta":false,"boss_relics":[{"not_picked":["Philosopher\u0027s Stone","Busted Crown"],"picked":"bronze:PlatinumCore"},{"not_picked":["Velvet Choker","Sozu"],"picked":"Cursed Key"}],"items_purged_floors":[5,21,39],"is_endless":false,"potions_floor_spawned":[8,10,11,12,13,15,16,20,21,22,25,26,27,29,32,33,36,37,38,39,42,46,48,49],"ascension_level":0}}