{"host":"9l1knhxfturzliqa","time":1610885302,"event":{"mods":["BaseMod","Colored Map","Colored Powertips","DeckTracker","Highlight Path","Keyboard Shortcuts","Minty Spire (QoL Compilation)","Random Character Button"],"gold_per_floor":[109,126,126,145,164,164,175,175,175,204,220,220,253,253,253,326,326,341,360,360,360,360],"floor_reached":21,"language":"KOR","playtime":775,"items_purged":[],"score":376,"play_id":"d22318a6-404f-458a-8f48-2b1ce165c50b","local_time":"20210117210822","is_ascension_mode":true,"campfire_choices":[{"data":"Noxious Fumes","floor":6.0,"key":"SMITH"},{"data":"Infinite Blades","floor":8.0,"key":"SMITH"},{"data":"Accuracy","floor":12.0,"key":"SMITH"},{"floor":15.0,"key":"REST"}],"circlet_count":0,"master_deck":["AscendersBane","Strike_G","Strike_G","Strike_G","Defend_G","Defend_G","Defend_G","Defend_G","Survivor","Neutralize","Cloak And Dagger","Infinite Blades+1","Slice","Blade Dance","Noxious Fumes+1","Tactician","Accuracy+1","Finisher","Choke","Finisher","A Thousand Cuts","Dagger Throw","Cloak And Dagger+1"],"relics":["Ring of the Snake","Ancient Tea Set","MealTicket","Pear"],"acts_visited":["Exordium","TheCity"],"potions_floor_usage":[18,20],"damage_taken":[{"damage":4.0,"enemies":"2 Louse","floor":1.0,"turns":4.0},{"damage":2.0,"enemies":"Cultist","floor":2.0,"turns":4.0},{"damage":4.0,"enemies":"Small Slimes","floor":4.0,"turns":3.0},{"damage":1.0,"enemies":"3 Louse","floor":5.0,"turns":5.0},{"damage":0.0,"enemies":"Looter","floor":7.0,"turns":3.0},{"damage":12.0,"enemies":"3 Sentries","floor":10.0,"turns":7.0},{"damage":2.0,"enemies":"2 Fungi Beasts","floor":11.0,"turns":4.0},{"damage":27.0,"enemies":"Lagavulin","floor":13.0,"turns":5.0},{"damage":26.0,"enemies":"Hexaghost","floor":16.0,"turns":9.0},{"damage":29,"enemies":"Shell Parasite","floor":18,"turns":4},{"damage":21,"enemies":"Spheric Guardian","floor":19,"turns":4},{"damage":0,"enemies":"Shelled Parasite and Fungi","floor":20,"turns":1},{"damage":16,"enemies":"Sentry and Sphere","floor":21,"turns":2}],"seed_played":"-5201944362178148115","potions_obtained":[{"floor":7.0,"key":"SpeedPotion"},{"floor":10.0,"key":"SmokeBomb"},{"floor":11.0,"key":"Swift Potion"},{"floor":16.0,"key":"Energy Potion"}],"is_trial":false,"path_per_floor":["M","M","?","M","M","R","M","R","T","E","M","R","E","?","R","B",null,"M","M","M","M"],"character_chosen":"THE_SILENT","items_purchased":[],"campfire_rested":1,"item_purchase_floors":[],"current_hp_per_floor":[55,53,53,49,48,48,48,48,48,36,34,34,17,17,38,12,56,27,6,6,0,0],"gold":360,"neow_bonus":"REMOVE_TWO","is_daily":false,"chose_seed":false,"campfire_upgraded":3,"win_rate":0.0,"timestamp":1610885302,"path_taken":["M","M","?","M","M","R","?","R","T","E","M","R","E","?","R","BOSS","M","M","M","?"],"items_purchased_type":[],"build_version":"2020-12-22","purchased_purges":0,"victory":false,"max_hp_per_floor":[60,60,60,60,60,60,60,60,60,60,60,60,70,70,70,70,70,70,70,70,70,70],"card_choices":[{"not_picked":["Sucker Punch","Accuracy"],"picked":"Cloak And Dagger","floor":1.0},{"not_picked":["Terror","All Out Attack"],"picked":"Infinite Blades","floor":2.0},{"not_picked":["Cloak And Dagger","Deflect"],"picked":"Blade Dance","floor":4.0},{"not_picked":["Sucker Punch","Leg Sweep"],"picked":"Noxious Fumes","floor":5.0},{"not_picked":["Blade Dance","Bane"],"picked":"Tactician","floor":7.0},{"not_picked":["Tactician","Deflect"],"picked":"Accuracy","floor":10.0},{"not_picked":["Unload","Flying Knee"],"picked":"Finisher","floor":11.0},{"not_picked":["Dodge and Roll","Quick Slash"],"picked":"Choke","floor":13.0},{"not_picked":["Unload","Tools of the Trade"],"picked":"A Thousand Cuts","floor":16.0},{"not_picked":["Flechettes","Accuracy"],"picked":"Dagger Throw","floor":18},{"not_picked":["Blade Dance","Predator"],"picked":"Cloak And Dagger+1","floor":19}],"player_experience":486381,"relics_obtained":[{"floor":9.0,"key":"Ancient Tea Set"},{"floor":10.0,"key":"MealTicket"},{"floor":13.0,"key":"Pear"}],"event_choices":[{"damage_healed":0.0,"max_hp_gain":0.0,"max_hp_loss":0.0,"gold_gain":0.0,"event_name":"Match and Keep!","player_choice":"1 cards matched","floor":3.0,"gold_loss":0.0,"damage_taken":0.0,"cards_obtained":["Slice"]},{"damage_healed":0.0,"max_hp_gain":0.0,"max_hp_loss":0.0,"gold_gain":0.0,"cards_transformed":["Strike_G"],"event_name":"Transmorgrifier","player_choice":"Transformed","floor":14.0,"gold_loss":0.0,"damage_taken":0.0,"cards_obtained":["Finisher"]}],"is_beta":false,"boss_relics":[{"not_picked":["Velvet Choker","Snecko Eye","Fusion Hammer"]}],"items_purged_floors":[],"is_endless":false,"potions_floor_spawned":[7,10,11,16],"killed_by":"Sentry and Sphere","ascension_level":19}}