{"host":"zzgvnd5w85j1s2e6","time":1610854119,"event":{"mods":["Act Like it!","BaseMod","Minty Spire (QoL Compilation)","Quick Restart","SIMod","StSLib","[IsaacMod]ÒÔÈö¼âËþ","vexMod"],"gold_per_floor":[114,114,153,153,153,153,216,216,241,294,382,382,382,435,435,585,585,604,648,648,98,117,155,193,231,281,293,305,317,373,510,522,659,671,721,858,1203,1190,1217,1259,701,731,781,811,206,206,106,151,151,151,151],"floor_reached":52,"language":"ZHS","playtime":4146,"items_purged":["Enlightenment","Strike_B"],"score":1349,"play_id":"8f4736a1-93cc-4d3e-9553-73045a460ce2","local_time":"20210117112839","daily_mods":["Allstar","Flight","Night Terrors"],"is_ascension_mode":false,"campfire_choices":[{"data":"HandOfGreed","floor":6.0,"key":"SMITH"},{"floor":8.0,"key":"REST"},{"data":"Defragment","floor":12.0,"key":"SMITH"},{"data":"DoctorFetus","floor":13.0,"key":"SMITH"},{"data":"White Noise","floor":15.0,"key":"SMITH"},{"data":"Machine Learning","floor":27.0,"key":"SMITH"},{"data":"Loop","floor":28.0,"key":"SMITH"},{"data":"Amplify","floor":29.0,"key":"SMITH"},{"data":"Biased Cognition","floor":32.0,"key":"SMITH"},{"data":"Thunder Strike","floor":49,"key":"SMITH"}],"circlet_count":0,"master_deck":["Strike_B","Strike_B+1","Strike_B","Defend_B","Defend_B+1","Defend_B","Defend_B","Zap","Dualcast","DoctorFetus+1","BettingIsNotGood","Discovery","Enlightenment","HandOfGreed+1","Sweeping Beam","Chill","Swift Strike","Electrodynamics","Biased Cognition+1","Defragment+1","Genetic Algorithm","White Noise+1","Machine Learning+1","Redo","Scrape","Conserve Battery+1","Loop+1","Auto Shields+1","Amplify+1","Recycle","Turbo+1","Thunder Strike+1","Ball Lightning","Ball Lightning","Mayhem","Mayhem","Mayhem","Reinforced Body+1"],"relics":["Cracked Core","HushsDoor","PokeGo","TheBean","Omamori","Lantern","Oddly Smooth Stone","Calling Bell","vexMod:MemoryStick","Gremlin Horn","vexMod:CardConverter","GuppysHairball","Nilry\u0027s Codex","GuppysHead","Matryoshka","Mercury Hourglass","Shuriken","Dream Catcher","Blood Vial","MawBank","Void","UnicornStump","ChampionBelt","GuppysPaw","EdensBlessing","Potion Belt","Juzu Bracelet","Runic Capacitor","vexMod:BarristanHead","HowToJump","Darkstone Periapt","NineVolt","Bottled Lightning","Cables","Lee\u0027s Waffle","Anchor","HornCleat","Vajra"],"acts_visited":["Exordium","TheCity","TheBeyond"],"potions_floor_usage":[50,50,50,50],"damage_taken":[{"damage":0.0,"enemies":"2 Louse","floor":1.0,"turns":1.0},{"damage":6.0,"enemies":"Small Slimes","floor":3.0,"turns":2.0},{"damage":32.0,"enemies":"Gremlin Nob","floor":7.0,"turns":4.0},{"damage":22.0,"enemies":"Lagavulin","floor":10.0,"turns":6.0},{"damage":7.0,"enemies":"3 Sentries","floor":11.0,"turns":5.0},{"damage":5.0,"enemies":"Lagavulin","floor":14.0,"turns":5.0},{"damage":3.0,"enemies":"Slime Boss","floor":16.0,"turns":5.0},{"damage":14.0,"enemies":"2 Thieves","floor":18.0,"turns":2.0},{"damage":1.0,"enemies":"Spheric Guardian","floor":19.0,"turns":3.0},{"damage":13.0,"enemies":"3 Cultists","floor":22.0,"turns":4.0},{"damage":8.0,"enemies":"Gremlin Leader","floor":23.0,"turns":5.0},{"damage":18.0,"enemies":"Book of Stabbing","floor":24.0,"turns":4.0},{"damage":0.0,"enemies":"Gremlin Leader","floor":25.0,"turns":2.0},{"damage":3.0,"enemies":"Cultist and Chosen","floor":30.0,"turns":4.0},{"damage":13.0,"enemies":"Colosseum Slavers","floor":31.0,"turns":2.0},{"damage":0.0,"enemies":"Colosseum Nobs","floor":31.0,"turns":3.0},{"damage":13.0,"enemies":"Collector","floor":33.0,"turns":6.0},{"damage":0,"enemies":"Reptomancer","floor":35,"turns":3},{"damage":4,"enemies":"3 Darklings","floor":39,"turns":3},{"damage":0,"enemies":"Nemesis","floor":40,"turns":3},{"damage":1,"enemies":"Reptomancer","floor":42,"turns":3},{"damage":3,"enemies":"Giant Head","floor":44,"turns":4},{"damage":0,"enemies":"Nemesis","floor":48,"turns":4},{"damage":3,"enemies":"Time Eater","floor":50,"turns":3},{"damage":36,"enemies":"Donu and Deca","floor":51,"turns":4}],"seed_played":"2700428786693623746","potions_obtained":[{"floor":3.0,"key":"Strength Potion"},{"floor":10.0,"key":"BlessingOfTheForge"},{"floor":11.0,"key":"DistilledChaos"},{"floor":16.0,"key":"DistilledChaos"},{"floor":25.0,"key":"FocusPotion"},{"floor":31.0,"key":"BlessingOfTheForge"},{"floor":35,"key":"SkillPotion"},{"floor":40,"key":"DuplicationPotion"},{"floor":44,"key":"DistilledChaos"}],"is_trial":false,"path_per_floor":["M","?","M","?","?","R","E","R","T","E","E","R","R","E","R","B",null,"M","M","?","$","M","E","E","E","T","R","R","R","M","?","R","B",null,"M","?","?","?","M","E","$","E","T","E","$","?","$","M","R","B","B",null],"character_chosen":"DEFECT","items_purchased":["GuppysHairball","GuppysHead","Matryoshka","GuppysPaw","Runic Capacitor","vexMod:BarristanHead","HowToJump","Lee\u0027s Waffle","Anchor","HornCleat"],"campfire_rested":1,"item_purchase_floors":[17,21,21,34,41,41,41,45,45,45],"current_hp_per_floor":[75,57,51,36,36,36,4,70,70,48,52,52,52,47,47,44,66,54,60,44,44,38,37,21,23,23,23,23,23,24,17,17,13,59,63,63,63,63,61,63,63,66,66,65,85,81,81,85,85,89,55],"gold":151,"neow_bonus":"","is_daily":true,"chose_seed":false,"campfire_upgraded":9,"win_rate":0.0,"timestamp":1610854119,"path_taken":["M","?","M","?","?","R","E","R","T","E","E","R","R","E","R","BOSS","M","M","?","$","M","E","E","E","T","R","R","R","M","?","R","BOSS","M","?","?","?","M","E","$","E","T","E","$","?","$","M","R","BOSS","BOSS"],"items_purchased_type":["Relic","Relic","Relic","Relic","Relic","Relic","Relic","Relic","Relic","Relic"],"build_version":"2020-12-22","purchased_purges":2,"victory":true,"max_hp_per_floor":[75,75,75,75,75,75,75,70,70,70,76,76,76,76,76,76,66,68,70,70,70,72,74,76,78,78,78,78,78,80,82,82,84,74,76,76,76,76,76,76,76,78,78,78,85,91,91,93,93,93,93],"card_choices":[{"not_picked":[],"picked":"DoctorFetus","floor":0.0},{"not_picked":["Hologram","Go for the Eyes"],"picked":"Sweeping Beam","floor":1.0},{"not_picked":["Beam Cell","Barrage"],"picked":"Chill","floor":3.0},{"not_picked":["Go for the Eyes","Steam Power"],"picked":"Biased Cognition","floor":7.0},{"not_picked":["Lockon","Conserve Battery"],"picked":"Defragment","floor":10.0},{"not_picked":["Pulse","Compile Driver"],"picked":"Genetic Algorithm","floor":11.0},{"not_picked":["Recycle","Steam"],"picked":"White Noise","floor":14.0},{"not_picked":["ElectricPowerLearning","Reboot"],"picked":"Machine Learning","floor":16.0},{"not_picked":["Redo","Compile Driver+1","Blizzard"],"picked":"SKIP","floor":18.0},{"not_picked":["Compile Driver+1","Blizzard"],"picked":"Redo","floor":18.0},{"not_picked":["Steam","Barrage"],"picked":"Scrape","floor":19.0},{"not_picked":["Ball Lightning","Barrage"],"picked":"Conserve Battery+1","floor":22.0},{"not_picked":["Force Field","Beam Cell"],"picked":"Loop","floor":23.0},{"not_picked":["Tempest+1","Redo"],"picked":"Auto Shields+1","floor":24.0},{"not_picked":["Reinforced Body+1","Hologram"],"picked":"Amplify","floor":25.0},{"not_picked":["Auto Shields","Sweeping Beam"],"picked":"Recycle","floor":30.0},{"not_picked":["Hologram","Distribution"],"picked":"Turbo+1","floor":31.0},{"not_picked":["Multi-Cast","Meteor Strike"],"picked":"Thunder Strike","floor":33.0},{"not_picked":["Reinforced Body","Redo"],"picked":"Ball Lightning","floor":35},{"not_picked":["Sweeping Beam","Leap","Go for the Eyes"],"picked":"SKIP","floor":39},{"not_picked":["Cancel+1","Coolheaded","Rebound"],"picked":"SKIP","floor":40},{"not_picked":["Turbo+1","BootSequence"],"picked":"Ball Lightning","floor":42},{"not_picked":["Rebound+1","Steam Power","ElectricPowerLearning"],"picked":"SKIP","floor":44},{"not_picked":["BettingIsNotGood","Bomb"],"picked":"Mayhem","floor":46},{"not_picked":["Trip","Bandage Up"],"picked":"Mayhem","floor":46},{"not_picked":["Finesse","BloodyBrimstone"],"picked":"Mayhem","floor":46},{"not_picked":["Doom and Gloom","Hologram"],"picked":"Reinforced Body+1","floor":48}],"player_experience":443238,"relics_obtained":[{"floor":7.0,"key":"TheBean"},{"floor":9.0,"key":"Omamori"},{"floor":10.0,"key":"Lantern"},{"floor":11.0,"key":"vexMod:BerryBomb"},{"floor":14.0,"key":"Oddly Smooth Stone"},{"floor":17.0,"key":"vexMod:MemoryStick"},{"floor":17.0,"key":"Gremlin Horn"},{"floor":17.0,"key":"vexMod:CardConverter"},{"floor":20.0,"key":"Nilry\u0027s Codex"},{"floor":23.0,"key":"Mercury Hourglass"},{"floor":24.0,"key":"Shuriken"},{"floor":25.0,"key":"Dream Catcher"},{"floor":26.0,"key":"Blood Vial"},{"floor":26.0,"key":"MawBank"},{"floor":31.0,"key":"Void"},{"floor":31.0,"key":"UnicornStump"},{"floor":35,"key":"EdensBlessing"},{"floor":40,"key":"Juzu Bracelet"},{"floor":42,"key":"Darkstone Periapt"},{"floor":43,"key":"NineVolt"},{"floor":43,"key":"Bottled Lightning"},{"floor":44,"key":"Cables"},{"floor":48,"key":"Vajra"}],"event_choices":[{"damage_healed":0.0,"max_hp_gain":0.0,"max_hp_loss":0.0,"gold_gain":0.0,"event_name":"Golden Idol","player_choice":"Take Damage","floor":2.0,"gold_loss":0.0,"damage_taken":18.0,"relics_obtained":["Golden Idol"]},{"damage_healed":0.0,"max_hp_gain":0.0,"max_hp_loss":0.0,"gold_gain":0.0,"event_name":"Shining Light","player_choice":"Entered Light","floor":4.0,"gold_loss":0.0,"damage_taken":15.0,"cards_upgraded":["Defend_B","Strike_B"]},{"damage_healed":0.0,"max_hp_gain":0.0,"max_hp_loss":0.0,"gold_gain":0.0,"event_name":"Match and Keep!","player_choice":"2 cards matched","floor":5.0,"gold_loss":0.0,"damage_taken":0.0,"cards_obtained":["Swift Strike","Electrodynamics"]},{"damage_healed":0.0,"max_hp_gain":0.0,"max_hp_loss":0.0,"gold_gain":0.0,"event_name":"Cursed Tome","player_choice":"Obtained Book","floor":20.0,"gold_loss":0.0,"damage_taken":16.0},{"damage_healed":0.0,"max_hp_gain":0.0,"max_hp_loss":0.0,"gold_gain":0.0,"event_name":"Colosseum","player_choice":"Fight","floor":31.0,"gold_loss":0.0,"damage_taken":0.0},{"damage_healed":0.0,"max_hp_gain":0.0,"max_hp_loss":0.0,"gold_gain":0.0,"event_name":"Colosseum","player_choice":"Fought Nobs","floor":31.0,"gold_loss":0.0,"damage_taken":0.0},{"damage_healed":0,"gold_gain":333,"player_choice":"Gave Idol","damage_taken":0,"max_hp_gain":0,"max_hp_loss":0,"event_name":"The Moai Head","floor":37,"relics_lost":["Golden Idol"],"gold_loss":0},{"damage_healed":0,"gold_gain":0,"player_choice":"Memory 3","damage_taken":10,"max_hp_gain":0,"max_hp_loss":0,"event_name":"SensoryStone","floor":46,"gold_loss":0}],"is_beta":false,"boss_relics":[{"not_picked":["vexMod:RockOfEvil","Pandora\u0027s Box"],"picked":"Calling Bell"},{"not_picked":[]},{"not_picked":["Sozu","vexMod:MysteryBossChallenge"],"picked":"ChampionBelt"},{"not_picked":[]}],"items_purged_floors":[41,47],"is_endless":false,"potions_floor_spawned":[3,10,11,16,19,24,25,31,31,35,40,44],"ascension_level":20}}