{"host":"Koishi","time":1610908420,"event":{"mods":["100% Spire Juice","2.2 Compatiblity","AchievementEnabler","Act Like it!","BaseMod","Better Match","Better Note","Better Sensory Stone","Better Third Choice","ChefMod","Chen","Colored Powertips","Conspire","Downfall","Gensokyo","Hermit","Hubris","Koishi","Lobotomy","LobotomyExtend","MarisaÅiñ∂âJÅ@ñÇóùçπÅj","Minty Spire (QoL Compilation)","Quick Restart","Rare Cards Sparkle","ReimuÅiîé??öÎÅj","Relic Stats","Robot Space Explorer","SCP261 Mod","Shedinja","Spicy Shops","StSLib","The Blue Laboratory","The Construct","The Disciple","The Forsaken","The Gatherer","The Problem Sleuth","everything is the same but u backflip on backflip","Åy?ï®?îvÅzREMEMod"],"gold_per_floor":[260,271,271,289,223,223,223],"floor_reached":6,"language":"ENG","playtime":341,"items_purged":[],"score":36,"play_id":"6429eee3-5c99-4cd0-9b11-22618bda7969","local_time":"20210117133340","is_ascension_mode":true,"campfire_choices":[],"circlet_count":0,"master_deck":["SpecialBullet","SpecialBullet","SpecialBullet","SpecialBullet","SpecialBullet","SpecialBullet","SpecialBullet","ExtractionCode","InformationCode","WelfareCode","hermit:OverwhelmingPower","Noise","OSAHOGD","Soda","DaCapo+1","Penitence","Gensokyo:ScrapIron","Gensokyo:TarnishedGold"],"relics":["CogitoBucket","REME_ComplimentaryCards","LetterFromLob"],"acts_visited":["Gensokyo:Gensokyo"],"potions_floor_usage":[],"damage_taken":[{"damage":24,"enemies":"Gensokyo:Gryphon","floor":2,"turns":4},{"damage":23,"enemies":"Gensokyo:Python","floor":4,"turns":5},{"damage":34,"enemies":"Gensokyo:Cirno","floor":6,"turns":6}],"seed_played":"-2504528939636432676","potions_obtained":[{"floor":2,"key":"blueLaboratory:BubblePotion"}],"is_trial":false,"path_per_floor":["R","M","?","M","COS","E"],"character_chosen":"Angela","items_purchased":[],"campfire_rested":0,"item_purchase_floors":[],"current_hp_per_floor":[70,46,46,28,28,0,0],"gold":223,"neow_bonus":"TRANSFORM_CARD","is_daily":false,"chose_seed":false,"campfire_upgraded":0,"win_rate":0.0,"timestamp":1610908420,"path_taken":["R","M","?","M","COS","E"],"items_purchased_type":[],"build_version":"2020-12-18","purchased_purges":0,"victory":false,"max_hp_per_floor":[70,70,70,70,70,70,70],"relic_stats":{"counters":[3,15],"obtain_stats":[{"CogitoBucket":0,"LetterFromLob":2,"REME_ComplimentaryCards":0},{"CogitoBucket":0,"LetterFromLob":1,"REME_ComplimentaryCards":0},{"CogitoBucket":0,"LetterFromLob":4,"REME_ComplimentaryCards":0}]},"card_choices":[{"not_picked":["SpiderBud","BeautyBeast"],"picked":"OSAHOGD","floor":2},{"not_picked":["Noise"],"picked":"Soda","floor":2},{"not_picked":["CUTE","Wingbeat"],"picked":"SKIP","floor":2},{"not_picked":["RapturousDream"],"picked":"Penitence","floor":4},{"not_picked":["CUTE","GreenStem"],"picked":"SKIP","floor":4}],"player_experience":245856,"relics_obtained":[{"floor":2,"key":"LetterFromLob"}],"event_choices":[],"is_beta":true,"boss_relics":[],"items_purged_floors":[],"is_endless":false,"potions_floor_spawned":[2],"killed_by":"Gensokyo:Cirno","ascension_level":1}}