{"host":"bf9sa99gaumonoeu","time":1610856480,"event":{"mods":["AchievementEnabler","Act Like it!","Aspiration","BaseMod","Better Note","Better Sensory Stone","Colored Map","Colored Powertips","Fox Events","Friendly Minions","Gensokyo","GifTheSpireLib","Googly Eyes","Hallownest","Hermit","Highlight Path","Hubris","Jorbs\u0027s Wanderer Trilogy","KinomotoSakuraMod(????)","Koishi","Lobotomy","Marisa????????","Minty Spire (QoL Compilation)","Rare Cards Sparkle","Reimu??????","Relic Stats","Remilia??????","Replay The Spire","StSLib","The Administrix","The Animator","The Bug Knight","The Construct","The Cursed","The Disciple","The Hierophant","The Mystic","The Necromancer","The Poker Player","The Runesmith","The Senshi","The Servant 0.9.4"],"gold_per_floor":[117,135,152,168,49,49,76,76,128,155,155,165,192,204,204,204,204],"floor_reached":16,"language":"ENG","playtime":731,"items_purged":[],"score":207,"play_id":"ee1f20cc-e27c-4225-8b28-71c5c5b42ba5","local_time":"20210117020800","is_ascension_mode":true,"campfire_choices":[{"data":"Rupture","floor":6,"key":"SMITH"},{"data":"ReplayTheSpireMod:Stacked","floor":15,"key":"SMITH"}],"circlet_count":0,"master_deck":["AscendersBane","Strike_R","Strike_R","Strike_R","Strike_R","Strike_R","Defend_R","Defend_R","Defend_R","Bash","Spot Weakness","Combust","Cleave","ReplayTheSpireMod:Stacked+1","Rupture+1","Shrug It Off","Anger","Injury","Battle Trance","Clothesline+1","Sword Boomerang+1","Clash+1"],"relics":["Burning Blood","Runesmith:Nanobots","Molten Egg 2","Happy Flower","Oddly Smooth Stone","ReplayTheSpireMod:TigerMarble"],"acts_visited":["Exordium"],"potions_floor_usage":[13],"damage_taken":[{"damage":8,"enemies":"Small Slimes","floor":1,"turns":3},{"damage":3,"enemies":"Cultist","floor":2,"turns":3},{"damage":5,"enemies":"2 Louse","floor":3,"turns":3},{"damage":4,"enemies":"Exordium Wildlife","floor":4,"turns":4},{"damage":20,"enemies":"3 Sentries","floor":7,"turns":5},{"damage":25,"enemies":"Gremlin Nob","floor":10,"turns":5},{"damage":1,"enemies":"Red Slaver","floor":12,"turns":2},{"damage":23,"enemies":"Lagavulin","floor":13,"turns":4},{"damage":0,"enemies":"Large Slime","floor":14,"turns":4},{"damage":33,"enemies":"The Guardian","floor":16,"turns":6}],"seed_played":"6475664432129501695","potions_obtained":[{"floor":7,"key":"Toxic Potion"},{"floor":10,"key":"Strength Potion"},{"floor":12,"key":"DuplicationPotion"}],"is_trial":false,"path_per_floor":["M","M","M","M","$","R","E","?","T","E","?","M","E","M","R","B"],"character_chosen":"IRONCLAD","items_purchased":["Rupture","Shrug It Off"],"campfire_rested":0,"item_purchase_floors":[5,5],"current_hp_per_floor":[66,69,70,72,72,72,58,58,58,39,39,44,27,33,33,0,0],"gold":204,"neow_bonus":"TRANSFORM_CARD","is_daily":false,"chose_seed":false,"campfire_upgraded":2,"win_rate":0.0,"timestamp":1610856480,"path_taken":["M","M","M","M","$","R","E","?","T","E","?","?","E","M","R","BOSS"],"items_purchased_type":["Card","Card"],"build_version":"2020-12-22","purchased_purges":0,"victory":false,"max_hp_per_floor":[75,75,75,75,75,75,75,75,75,75,75,75,75,75,75,75,75],"relic_stats":{"Happy Flower":[7],"counters":[10,39],"obtain_stats":[{"Runesmith:Nanobots":7,"Happy Flower":9,"Oddly Smooth Stone":10,"Molten Egg 2":8,"ReplayTheSpireMod:TigerMarble":13,"Burning Blood":0},{"Runesmith:Nanobots":5,"Happy Flower":5,"Oddly Smooth Stone":6,"Molten Egg 2":5,"ReplayTheSpireMod:TigerMarble":8,"Burning Blood":0},{"Runesmith:Nanobots":18,"Happy Flower":18,"Oddly Smooth Stone":23,"Molten Egg 2":18,"ReplayTheSpireMod:TigerMarble":29,"Burning Blood":0}],"Burning Blood":54},"card_choices":[{"not_picked":["Warcry","Perfected Strike"],"picked":"Combust","floor":1},{"not_picked":["Anger","Rupture"],"picked":"Cleave","floor":2},{"not_picked":["Thunderclap","Twin Strike"],"picked":"ReplayTheSpireMod:Stacked","floor":3},{"not_picked":["Havoc","Reckless Charge","Body Slam"],"picked":"SKIP","floor":4},{"not_picked":["Armaments","Body Slam"],"picked":"Anger","floor":7},{"not_picked":["Anger+1","True Grit"],"picked":"Battle Trance","floor":10},{"not_picked":["Entrench","Shrug It Off"],"picked":"Clothesline+1","floor":12},{"not_picked":["Run Through+1","Warcry"],"picked":"Sword Boomerang+1","floor":13},{"not_picked":["Clothesline+1","Bludgeon+1"],"picked":"Clash+1","floor":14}],"player_experience":954893,"relics_obtained":[{"floor":7,"key":"Runesmith:Nanobots"},{"floor":9,"key":"Happy Flower"},{"floor":10,"key":"Oddly Smooth Stone"},{"floor":13,"key":"ReplayTheSpireMod:TigerMarble"}],"event_choices":[{"cards_removed":["Spot Weakness"],"damage_healed":0,"gold_gain":0,"player_choice":"Give","damage_taken":0,"max_hp_gain":0,"max_hp_loss":0,"event_name":"betterNote:BetterNote","floor":11,"gold_loss":0,"cards_obtained":["AdministrixMod:Strike_Administrix"]}],"is_beta":false,"boss_relics":[],"items_purged_floors":[],"is_endless":false,"potions_floor_spawned":[7,10,12],"killed_by":"The Guardian","ascension_level":14}}