{"host":"rj1j8apb2x4vafcu","time":1610900527,"event":{"mods":["AchievementEnabler","Act Like it!","BaseMod","Colored Map","Colored Powertips","Minty Spire (QoL Compilation)","Rare Cards Sparkle","StSLib"],"gold_per_floor":[109,184,134,144,144,144,177,196,268,299,312,161,161,181,181,286,286,305,305,53,63,77,77,77],"floor_reached":23,"language":"ENG","playtime":1313,"items_purged":["Defend_B","Defend_B"],"score":226,"play_id":"429cd0b0-6358-4417-9342-dff1014d3516","local_time":"20210117142207","is_ascension_mode":false,"campfire_choices":[{"data":"Dualcast","floor":6,"key":"SMITH"},{"data":"Redo","floor":13,"key":"SMITH"},{"floor":15,"key":"REST"}],"circlet_count":0,"master_deck":["Strike_B","Strike_B","Defend_B","Defend_B","Zap","Dualcast+1","Defragment","Streamline","Redo+1","Conserve Battery","Go for the Eyes","Melter","Doom and Gloom","Beam Cell","Scrape","Biased Cognition","Loop","Scrape"],"relics":["Cracked Core","NeowsBlessing","Dream Catcher","Matryoshka","Meat on the Bone","Busted Crown","Medical Kit"],"acts_visited":["Exordium","TheCity"],"potions_floor_usage":[10,18,21,22,22],"damage_taken":[{"damage":0,"enemies":"Jaw Worm","floor":1,"turns":1},{"damage":0,"enemies":"2 Louse","floor":4,"turns":1},{"damage":0,"enemies":"Gremlin Nob","floor":7,"turns":1},{"damage":10,"enemies":"Small Slimes","floor":8,"turns":3},{"damage":34,"enemies":"3 Sentries","floor":10,"turns":8},{"damage":7,"enemies":"Blue Slaver","floor":11,"turns":4},{"damage":8,"enemies":"Large Slime","floor":14,"turns":4},{"damage":2,"enemies":"Slime Boss","floor":16,"turns":6},{"damage":5,"enemies":"Chosen","floor":18,"turns":4},{"damage":15,"enemies":"2 Thieves","floor":21,"turns":3},{"damage":19,"enemies":"3 Cultists","floor":22,"turns":4},{"damage":52,"enemies":"Gremlin Leader","floor":23,"turns":5}],"seed_played":"2667596156332488061","potions_obtained":[{"floor":1,"key":"Regen Potion"},{"floor":8,"key":"GamblersBrew"},{"floor":11,"key":"Swift Potion"},{"floor":14,"key":"SpeedPotion"},{"floor":16,"key":"Explosive Potion"},{"floor":18,"key":"ColorlessPotion"},{"floor":21,"key":"GamblersBrew"}],"is_trial":false,"path_per_floor":["M","?","?","M","?","R","E","M","T","E","M","$","R","M","R","B",null,"M","?","$","M","M","E"],"character_chosen":"DEFECT","items_purchased":["Doom and Gloom","Medical Kit"],"campfire_rested":1,"item_purchase_floors":[12,20],"current_hp_per_floor":[75,64,64,64,57,57,57,47,47,28,33,33,33,37,59,57,75,70,70,70,55,48,0,0],"gold":77,"neow_bonus":"THREE_ENEMY_KILL","is_daily":false,"chose_seed":false,"campfire_upgraded":2,"win_rate":0.0,"timestamp":1610900527,"path_taken":["M","?","?","M","?","R","E","M","T","E","M","$","R","M","R","BOSS","M","?","$","M","M","E"],"items_purchased_type":["Card","Relic"],"build_version":"2020-12-22","purchased_purges":2,"victory":false,"max_hp_per_floor":[75,75,75,75,75,75,75,75,75,75,75,75,75,75,75,75,75,75,75,75,75,75,75,75],"card_choices":[{"not_picked":["Self Repair","Stack"],"picked":"Defragment","floor":1},{"not_picked":["Ball Lightning","Reinforced Body"],"picked":"Streamline","floor":4},{"not_picked":["Stack","Static Discharge"],"picked":"Redo","floor":7},{"not_picked":["Stack","Steam"],"picked":"Conserve Battery","floor":8},{"not_picked":["Barrage","White Noise"],"picked":"Go for the Eyes","floor":10},{"not_picked":["FTL","Stack"],"picked":"Melter","floor":11},{"not_picked":["Compile Driver","Leap"],"picked":"Beam Cell","floor":14},{"not_picked":["Tempest","Streamline"],"picked":"Scrape","floor":15},{"not_picked":["Buffer","Reboot"],"picked":"Biased Cognition","floor":16},{"not_picked":[],"picked":"Loop","floor":18},{"not_picked":["Blizzard"],"picked":"SKIP","floor":21},{"not_picked":[],"picked":"Scrape","floor":22}],"player_experience":80556,"relics_obtained":[{"floor":7,"key":"Dream Catcher"},{"floor":9,"key":"Matryoshka"},{"floor":10,"key":"Meat on the Bone"}],"event_choices":[{"damage_healed":0,"gold_gain":75,"player_choice":"Gather Gold","damage_taken":11,"max_hp_gain":0,"max_hp_loss":0,"event_name":"World of Goop","floor":2,"gold_loss":0},{"cards_removed":["Strike_B"],"damage_healed":0,"gold_gain":0,"player_choice":"Card Removal","damage_taken":0,"max_hp_gain":0,"max_hp_loss":0,"event_name":"The Cleric","floor":3,"gold_loss":50},{"cards_removed":["Strike_B"],"damage_healed":0,"gold_gain":0,"player_choice":"Card Removal","damage_taken":7,"max_hp_gain":0,"max_hp_loss":0,"event_name":"Golden Wing","floor":5,"gold_loss":0},{"damage_healed":0,"gold_gain":0,"player_choice":"Ignored","damage_taken":0,"max_hp_gain":0,"max_hp_loss":0,"event_name":"Ghosts","floor":19,"gold_loss":0}],"is_beta":false,"boss_relics":[{"not_picked":["Calling Bell","Astrolabe"],"picked":"Busted Crown"}],"items_purged_floors":[12,20],"is_endless":false,"potions_floor_spawned":[1,8,11,14,16,18,21],"killed_by":"Gremlin Leader","ascension_level":0}}