{"host":"8c7ixdz8x9d2d2wv","time":1610847043,"event":{"mods":["AYAYA","BaseMod","Better Altar","Better Sensory Stone","Better-Laid Plans","BetterRewards","Colored Map","Colored Powertips","Curses Come First","Dark Map","Defuse TimeMaze Blight","Emptier Cage","Highlight Path","Minty Spire (QoL Compilation)","Quick Restart","Rare Cards Sparkle","Relic Sorter","Shop Mod","StSLib","Transform Curses","Uncapped"],"gold_per_floor":[118,128,203,203,203,230,230,264,264,264,284,284,300,311,311,311,311],"floor_reached":16,"language":"ENG","playtime":782,"items_purged":[],"score":160,"play_id":"045c2ccb-149b-49c9-86b7-c3b0602404a8","local_time":"20210117023043","is_ascension_mode":false,"campfire_choices":[{"floor":7,"key":"REST"},{"floor":10,"key":"REST"},{"floor":12,"key":"RECALL"},{"data":"Dagger Spray","floor":15,"key":"SMITH"}],"circlet_count":0,"master_deck":["Strike_G","Strike_G","Strike_G","Defend_G","Defend_G","Defend_G","Defend_G","Survivor","Neutralize","Poisoned Stab","Backflip","Deflect","Backflip","Dagger Spray+1"],"relics":["Ring of the Snake","TwistedFunnel","MerchantsRug","Paper Crane","Darkstone Periapt"],"acts_visited":["Exordium"],"potions_floor_usage":[8,16,16],"damage_taken":[{"damage":2,"enemies":"Small Slimes","floor":1,"turns":3},{"damage":0,"enemies":"2 Louse","floor":2,"turns":2},{"damage":15,"enemies":"Lagavulin","floor":6,"turns":8},{"damage":16,"enemies":"Gremlin Nob","floor":8,"turns":4},{"damage":0,"enemies":"Jaw Worm","floor":11,"turns":2},{"damage":0,"enemies":"2 Fungi Beasts","floor":13,"turns":4},{"damage":0,"enemies":"Red Slaver","floor":14,"turns":3},{"damage":41,"enemies":"Hexaghost","floor":16,"turns":14}],"seed_played":"341377553352735578","potions_obtained":[{"floor":1,"key":"Poison Potion"},{"floor":8,"key":"Energy Potion"},{"floor":11,"key":"CunningPotion"},{"floor":13,"key":"Energy Potion"}],"is_trial":false,"path_per_floor":["M","M","?","?","?","E","R","E","T","R","M","R","M","M","R","B"],"character_chosen":"THE_SILENT","items_purchased":["TwistedFunnel","MerchantsRug","Backflip"],"campfire_rested":2,"item_purchase_floors":[0,0,0],"current_hp_per_floor":[45,45,34,34,27,12,33,17,17,38,38,38,38,38,38,0,0],"gold":311,"neow_bonus":"","is_daily":false,"chose_seed":false,"campfire_upgraded":1,"win_rate":0.0,"timestamp":1610847043,"path_taken":["M","M","?","?","?","E","R","E","T","R","?","R","M","M","R","BOSS"],"items_purchased_type":["Relic","Relic","Card"],"build_version":"2020-12-22","purchased_purges":0,"victory":false,"max_hp_per_floor":[70,70,70,70,70,70,70,70,70,70,70,70,70,70,70,70,70],"card_choices":[{"not_picked":["Masterful Stab","All Out Attack"],"picked":"Deflect","floor":1},{"not_picked":["Prepared","Leg Sweep"],"picked":"Backflip","floor":2},{"not_picked":["Eviscerate","Choke","Poisoned Stab"],"picked":"SKIP","floor":6},{"not_picked":["Flechettes","Bane","Quick Slash"],"picked":"SKIP","floor":8},{"not_picked":["Skewer","Blade Dance","Bane"],"picked":"SKIP","floor":11},{"not_picked":["Outmaneuver","Quick Slash","Blade Dance"],"picked":"SKIP","floor":13},{"not_picked":["Concentrate","Bullet Time"],"picked":"Dagger Spray","floor":14}],"player_experience":646365,"relics_obtained":[{"floor":6,"key":"Paper Crane"},{"floor":8,"key":"Darkstone Periapt"}],"event_choices":[{"damage_healed":0,"gold_gain":75,"player_choice":"Gather Gold","damage_taken":11,"max_hp_gain":0,"max_hp_loss":0,"event_name":"World of Goop","floor":3,"gold_loss":0},{"cards_removed":["Strike_G"],"damage_healed":0,"gold_gain":0,"player_choice":"Forget","damage_taken":0,"max_hp_gain":0,"max_hp_loss":0,"event_name":"Living Wall","floor":4,"gold_loss":0},{"cards_removed":["Strike_G"],"damage_healed":0,"gold_gain":0,"player_choice":"Card Removal","damage_taken":7,"max_hp_gain":0,"max_hp_loss":0,"event_name":"Golden Wing","floor":5,"gold_loss":0}],"is_beta":false,"boss_relics":[],"items_purged_floors":[],"is_endless":false,"potions_floor_spawned":[1,8,11,13],"killed_by":"Hexaghost","ascension_level":0}}