{"host":"5icjlaq41ghjcr7h","time":1610912762,"event":{"mods":["AchievementEnabler","BaseMod","Colored Map","Minty Spire (QoL Compilation)","SuperFastMode","everything is the same but u backflip on backflip"],"gold_per_floor":[12,32,32,47,61,61,73,73,123,134,144,161,161,86,86,191,191,211,211,191,210,210,210],"floor_reached":22,"language":"KOR","playtime":1054,"items_purged":["Strike_G"],"score":191,"play_id":"19413bf7-1118-4d5a-9f5e-57e9bbf8d6e7","local_time":"20210118044602","is_ascension_mode":true,"campfire_choices":[{"floor":6,"key":"DIG"},{"floor":8,"key":"DIG"},{"floor":13,"key":"DIG"},{"floor":15,"key":"DIG"}],"circlet_count":0,"master_deck":["Strike_G","Strike_G","Defend_G","Defend_G","Defend_G","Survivor","Neutralize","Backflip","Acrobatics","Sucker Punch","Prepared","Deadly Poison","Poisoned Stab","A Thousand Cuts","Noxious Fumes+1","Heel Hook+1","PiercingWail+1","RitualDagger","Deadly Poison"],"relics":["Ring of the Snake","Shovel","Sundial","Strawberry","Ancient Tea Set","Oddly Smooth Stone","Astrolabe"],"acts_visited":["Exordium","TheCity"],"potions_floor_usage":[5,10,10,11,20,21,22],"damage_taken":[{"damage":0,"enemies":"Cultist","floor":1,"turns":5},{"damage":2,"enemies":"Small Slimes","floor":2,"turns":5},{"damage":0,"enemies":"2 Louse","floor":4,"turns":3},{"damage":3,"enemies":"Large Slime","floor":5,"turns":8},{"damage":6,"enemies":"Exordium Thugs","floor":7,"turns":6},{"damage":2,"enemies":"Exordium Wildlife","floor":10,"turns":4},{"damage":11,"enemies":"Lots of Slimes","floor":11,"turns":4},{"damage":0,"enemies":"Looter","floor":12,"turns":4},{"damage":42,"enemies":"Slime Boss","floor":16,"turns":18},{"damage":15,"enemies":"Chosen","floor":18,"turns":6},{"damage":21,"enemies":"2 Thieves","floor":20,"turns":4},{"damage":23,"enemies":"Centurion and Healer","floor":21,"turns":6},{"damage":18,"enemies":"Snecko","floor":22,"turns":3}],"seed_played":"-2607810887998108874","potions_obtained":[{"floor":2,"key":"ColorlessPotion"},{"floor":4,"key":"Poison Potion"},{"floor":5,"key":"Ancient Potion"},{"floor":10,"key":"SkillPotion"},{"floor":18,"key":"Fire Potion"},{"floor":20,"key":"CultistPotion"},{"floor":21,"key":"PowerPotion"}],"is_trial":false,"path_per_floor":["M","M","?","M","M","R","M","R","T","M","M","M","R","$","R","B",null,"M","?","M","M","M"],"character_chosen":"THE_SILENT","items_purchased":[],"campfire_rested":0,"item_purchase_floors":[],"current_hp_per_floor":[70,68,68,68,65,65,59,66,66,64,53,53,53,53,53,11,77,62,56,35,12,0,0],"gold":210,"neow_bonus":"ONE_RARE_RELIC","is_daily":false,"chose_seed":false,"campfire_upgraded":0,"win_rate":0.0,"timestamp":1610912762,"path_taken":["M","M","?","M","M","R","M","R","T","M","M","M","R","$","R","BOSS","M","?","M","M","M"],"items_purchased_type":[],"build_version":"2020-12-22","purchased_purges":1,"victory":false,"max_hp_per_floor":[70,70,70,70,70,70,70,77,77,77,77,77,77,77,77,77,77,77,77,77,77,77,77],"card_choices":[{"not_picked":["Dagger Throw","Sucker Punch"],"picked":"Backflip","floor":1},{"not_picked":["Slice","Flying Knee"],"picked":"Acrobatics","floor":2},{"not_picked":["All Out Attack","Leg Sweep"],"picked":"Prepared","floor":4},{"not_picked":["Flechettes","Eviscerate"],"picked":"Deadly Poison","floor":5},{"not_picked":["Dash","Escape Plan","Dagger Spray"],"picked":"SKIP","floor":7},{"not_picked":["Prepared","Backflip","All Out Attack"],"picked":"SKIP","floor":10},{"not_picked":["Flechettes","Infinite Blades","Acrobatics"],"picked":"SKIP","floor":11},{"not_picked":["Predator","Tools of the Trade"],"picked":"Poisoned Stab","floor":12},{"not_picked":["Doppelganger","Unload"],"picked":"A Thousand Cuts","floor":16},{"not_picked":["Dagger Spray","Backstab","Deflect"],"picked":"SKIP","floor":18},{"not_picked":["Dagger Spray+1","Acrobatics"],"picked":"Deadly Poison","floor":20},{"not_picked":["Escape Plan","Prepared","Eviscerate"],"picked":"SKIP","floor":21}],"player_experience":148581,"relics_obtained":[{"floor":6,"key":"Sundial"},{"floor":8,"key":"Strawberry"},{"floor":13,"key":"Ancient Tea Set"},{"floor":15,"key":"Oddly Smooth Stone"}],"event_choices":[{"damage_healed":0,"gold_gain":0,"cards_transformed":["Strike_G"],"player_choice":"Change","damage_taken":0,"max_hp_gain":0,"max_hp_loss":0,"event_name":"Living Wall","floor":3,"gold_loss":0,"cards_obtained":["Sucker Punch"]},{"damage_healed":0,"gold_gain":0,"player_choice":"Joined the Cult","damage_taken":6,"max_hp_gain":0,"max_hp_loss":0,"event_name":"Nest","floor":19,"gold_loss":0,"cards_obtained":["RitualDagger"]}],"is_beta":false,"boss_relics":[{"not_picked":["Philosopher\u0027s Stone","Sozu"],"picked":"Astrolabe"}],"items_purged_floors":[14],"is_endless":false,"potions_floor_spawned":[2,4,5,10,18,20,21],"killed_by":"Snecko","ascension_level":1}}