{"host":"5fpb1gzflhq9886n","time":1610925776,"event":{"mods":["AchievementEnabler","BaseMod","Colored Map","Colored Powertips","Minty Spire (QoL Compilation)","Permanent Neow"],"gold_per_floor":[109,109,119,119,137,163,163,163,163,233,233,251,280,295,295,398,398,398,398,398,398,398,398,398,398,398,398,313,313,313,313,313,313,313],"floor_reached":33,"language":"ENG","playtime":1651,"items_purged":[],"score":356,"play_id":"abe98a08-a717-417f-bef9-0d68083cc882","local_time":"20210117182256","is_ascension_mode":true,"campfire_choices":[{"floor":7,"key":"REST"},{"floor":11,"key":"REST"},{"data":"Wraith Form v2","floor":15,"key":"SMITH"},{"floor":23,"key":"RECALL"},{"data":"Corpse Explosion","floor":25,"key":"SMITH"},{"floor":32,"key":"REST"}],"circlet_count":0,"master_deck":["Strike_G","Strike_G","Strike_G","Strike_G","Strike_G","Defend_G","Defend_G+1","Defend_G","Defend_G+1","Defend_G+1","Survivor","Neutralize+1","Terror","Flying Knee","Wraith Form v2+1","Backstab","Crippling Poison","Deadly Poison","Poisoned Stab","Corpse Explosion+1","Poisoned Stab","Footwork","Underhanded Strike","Deadly Poison","Well Laid Plans+1","Bane","Dagger Spray","Poisoned Stab+1"],"relics":["Philosopher\u0027s Stone","Ninja Scroll","Question Card","Mummified Hand","Akabeko","Tingsha","Ectoplasm","MutagenicStrength","War Paint","Pantograph","Lantern","Anchor"],"acts_visited":["Exordium","TheCity"],"potions_floor_usage":[13,16,29,31,33],"damage_taken":[{"damage":0,"enemies":"Jaw Worm","floor":1,"turns":5},{"damage":3,"enemies":"2 Louse","floor":3,"turns":5},{"damage":0,"enemies":"Cultist","floor":5,"turns":2},{"damage":41,"enemies":"3 Sentries","floor":6,"turns":15},{"damage":2,"enemies":"3 Louse","floor":12,"turns":2},{"damage":7,"enemies":"Lagavulin","floor":13,"turns":5},{"damage":0,"enemies":"Looter","floor":14,"turns":2},{"damage":20,"enemies":"Hexaghost","floor":16,"turns":8},{"damage":1,"enemies":"Chosen","floor":18,"turns":3},{"damage":1,"enemies":"Spheric Guardian","floor":19,"turns":4},{"damage":0,"enemies":"3 Cultists","floor":21,"turns":4},{"damage":10,"enemies":"Slavers","floor":24,"turns":4},{"damage":15,"enemies":"Centurion and Healer","floor":27,"turns":4},{"damage":0,"enemies":"Snecko","floor":29,"turns":2},{"damage":15,"enemies":"Snake Plant","floor":30,"turns":3},{"damage":1,"enemies":"Book of Stabbing","floor":31,"turns":4},{"damage":67,"enemies":"Collector","floor":33,"turns":6}],"seed_played":"9005191239104684221","potions_obtained":[{"floor":3,"key":"FearPotion"},{"floor":14,"key":"AttackPotion"},{"floor":21,"key":"CunningPotion"},{"floor":29,"key":"AttackPotion"},{"floor":31,"key":"FearPotion"}],"is_trial":false,"path_per_floor":["M","?","M","?","M","E","R","?","T","?","R","M","E","M","R","B",null,"M","M","?","M","?","R","E","R","T","M","?","M","M","E","R","B"],"character_chosen":"THE_SILENT","items_purchased":[],"campfire_rested":3,"item_purchase_floors":[],"current_hp_per_floor":[70,56,53,53,53,12,33,33,33,33,54,52,45,45,45,25,70,69,68,62,62,62,62,52,52,52,37,37,37,22,21,42,0,0],"gold":313,"neow_bonus":"BOSS_RELIC","is_daily":false,"chose_seed":false,"campfire_upgraded":2,"win_rate":0.0,"timestamp":1610925776,"path_taken":["M","?","M","?","?","E","R","?","T","?","R","?","E","M","R","BOSS","M","M","?","?","?","R","E","R","T","M","?","M","M","E","R","BOSS"],"items_purchased_type":[],"build_version":"2020-12-22","purchased_purges":0,"victory":false,"max_hp_per_floor":[70,70,70,70,70,70,70,70,70,70,70,70,70,70,70,70,70,70,70,70,70,70,70,70,70,70,70,70,70,70,70,70,70,70],"card_choices":[{"not_picked":["Underhanded Strike","Acrobatics"],"picked":"Terror","floor":1},{"not_picked":["Calculated Gamble","Backflip"],"picked":"Flying Knee","floor":3},{"not_picked":["Cloak And Dagger","Deadly Poison"],"picked":"Wraith Form v2","floor":5},{"not_picked":["Flying Knee","Backflip"],"picked":"Backstab","floor":6},{"not_picked":["Acrobatics","Poisoned Stab","Flying Knee"],"picked":"Crippling Poison","floor":12},{"not_picked":["Outmaneuver","Dagger Throw","Calculated Gamble"],"picked":"Deadly Poison","floor":13},{"not_picked":["Backflip","Heel Hook","Underhanded Strike"],"picked":"Poisoned Stab","floor":14},{"not_picked":["Night Terror","Storm of Steel","Doppelganger"],"picked":"Corpse Explosion","floor":16},{"not_picked":["Masterful Stab","Infinite Blades+1","Dagger Throw"],"picked":"Poisoned Stab","floor":18},{"not_picked":["Backflip+1","Flechettes","Tactician"],"picked":"Footwork","floor":19},{"not_picked":["Deflect","Prepared+1","Flying Knee"],"picked":"Underhanded Strike","floor":21},{"not_picked":["Endless Agony","Flechettes","PiercingWail"],"picked":"Deadly Poison","floor":24},{"not_picked":["Outmaneuver+1","Prepared","Reflex+1"],"picked":"Well Laid Plans+1","floor":27},{"not_picked":["Underhanded Strike","Backflip","Dagger Throw"],"picked":"Bane","floor":29},{"not_picked":["Sucker Punch+1","Blade Dance","Bouncing Flask"],"picked":"Dagger Spray","floor":30},{"not_picked":["Well Laid Plans","Sucker Punch+1","Tactician"],"picked":"Poisoned Stab+1","floor":31}],"player_experience":720828,"relics_obtained":[{"floor":4,"key":"Ninja Scroll"},{"floor":6,"key":"Question Card"},{"floor":9,"key":"Akabeko"},{"floor":13,"key":"Tingsha"},{"floor":24,"key":"War Paint"},{"floor":26,"key":"Pantograph"},{"floor":31,"key":"Anchor"}],"event_choices":[{"damage_healed":0,"gold_gain":0,"player_choice":"Entered Light","damage_taken":14,"max_hp_gain":0,"max_hp_loss":0,"event_name":"Shining Light","floor":2,"gold_loss":0,"cards_upgraded":["Defend_G","Neutralize"]},{"damage_healed":0,"gold_gain":0,"player_choice":"Relic","damage_taken":0,"max_hp_gain":0,"max_hp_loss":0,"event_name":"Wheel of Change","floor":4,"gold_loss":0},{"damage_healed":0,"gold_gain":0,"player_choice":"Searched \u00271\u0027 times","damage_taken":0,"relics_obtained":["Mummified Hand"],"max_hp_gain":0,"max_hp_loss":0,"event_name":"Dead Adventurer","floor":8,"gold_loss":0},{"damage_healed":0,"gold_gain":70,"player_choice":"Gained Gold","damage_taken":0,"max_hp_gain":0,"max_hp_loss":0,"event_name":"Golden Wing","floor":10,"gold_loss":0},{"damage_healed":0,"gold_gain":0,"player_choice":"","damage_taken":6,"max_hp_gain":0,"max_hp_loss":0,"event_name":"Knowing Skull","floor":20,"potions_obtained":[],"gold_loss":0,"cards_obtained":[]},{"damage_healed":0,"gold_gain":0,"player_choice":"Inject Mutagens","damage_taken":0,"relics_obtained":["MutagenicStrength"],"max_hp_gain":0,"max_hp_loss":0,"event_name":"Drug Dealer","floor":22,"gold_loss":0},{"damage_healed":0,"gold_gain":0,"player_choice":"Obtained Relic","damage_taken":0,"relics_obtained":["Lantern"],"max_hp_gain":0,"max_hp_loss":0,"event_name":"Addict","floor":28,"gold_loss":85}],"is_beta":false,"boss_relics":[{"not_picked":["Tiny House","Snecko Eye"],"picked":"Ectoplasm"}],"items_purged_floors":[],"is_endless":false,"potions_floor_spawned":[3,14,21,29,31],"killed_by":"Collector","ascension_level":4}}