{"host":"qc8gw3x1c8jlo9fx","time":1610926101,"event":{"mods":["AchievementEnabler","BaseMod","Better Note","BetterRewards","Conspire","Hubris","Infinite Spire","Jedi Mod","Jorbs\u0027s Wanderer Trilogy","Minty Spire (QoL Compilation)","Replay The Spire","StSLib","The IronCluck"],"gold_per_floor":[116,132,143,156,176,202,202,253,333,343,418,433,433,444,444,544,544,557,227,227,244,244,244,244,244,244],"floor_reached":25,"language":"ENG","playtime":1175,"items_purged":[],"score":305,"play_id":"22bc0bfa-4040-4e8d-ab32-0d171396b739","local_time":"20210117162821","is_ascension_mode":false,"campfire_choices":[{"floor":7,"key":"RECALL"},{"floor":13,"key":"REST"},{"data":"jedi:collectorstrike","floor":15,"key":"SMITH"},{"floor":23,"key":"REST"}],"circlet_count":0,"master_deck":["Strike_R","Strike_R","Strike_R","Strike_R","Strike_R","Defend_R","Defend_R","Defend_R","Defend_R","Bash","Poisoned Strike","ReplayTheSpireMod:LeadingStrike+1","conspire:Blindness","Clothesline","jedi:collectorstrike+1","Searing Blow","Havoc","Heavy Blade","ReplayTheSpireMod:Splinters","hubris:ReadiedAction","Infernal Blade","Wild Strike","ReplayTheSpireMod:Strike From Hell+1","Perfected Strike","infinitespire:SealOfDarkness+"],"relics":["Burning Blood","infinitespire:Golems Mask","Replay:Rubber Ducky","Question Card","Meat on the Bone","hubris:Backtick","Bottled Flame","Bag of Marbles","King of Hearts","jedi:windupbox"],"acts_visited":["Exordium","TheCity"],"potions_floor_usage":[16,16,16,25],"damage_taken":[{"damage":8,"enemies":"conspire:RoseBush","floor":1,"turns":2},{"damage":0,"enemies":"Cultist","floor":2,"turns":3},{"damage":7,"enemies":"2 Louse","floor":3,"turns":2},{"damage":4,"enemies":"Exordium Wildlife","floor":4,"turns":3},{"damage":0,"enemies":"Large Slime","floor":5,"turns":3},{"damage":14,"enemies":"Gremlin Nob","floor":6,"turns":4},{"damage":14,"enemies":"3 Louse","floor":10,"turns":4},{"damage":3,"enemies":"Exordium Thugs","floor":12,"turns":3},{"damage":0,"enemies":"Large Slime","floor":14,"turns":4},{"damage":60,"enemies":"The Guardian","floor":16,"turns":7},{"damage":36,"enemies":"Shell Parasite","floor":18,"turns":4},{"damage":10,"enemies":"Spheric Guardian","floor":21,"turns":3},{"damage":75,"enemies":"Gremlin Leader","floor":25,"turns":6}],"seed_played":"-5717869349594223721","potions_obtained":[{"floor":1,"key":"jedi:StrikingPotion"},{"floor":4,"key":"AttackPotion"},{"floor":8,"key":"DuplicationPotion"},{"floor":16,"key":"Adrenaline Potion"},{"floor":18,"key":"jedi:wingpotion"}],"is_trial":false,"path_per_floor":["M","M","M","M","M","E","R","?","T","M","?","M","R","M","R","B",null,"M","$","?","M","AVR","R","?","E"],"character_chosen":"IRONCLAD","items_purchased":["Poisoned Strike","ReplayTheSpireMod:LeadingStrike+1","Clothesline","Bag of Marbles","ReplayTheSpireMod:Strike From Hell+1","King of Hearts"],"campfire_rested":2,"item_purchase_floors":[0,0,0,19,19,19],"current_hp_per_floor":[55,61,60,62,68,60,60,60,60,52,41,56,80,80,80,38,80,50,50,50,58,58,80,65,0,0],"gold":244,"neow_bonus":"","is_daily":false,"chose_seed":false,"campfire_upgraded":1,"win_rate":0.0,"timestamp":1610926101,"path_taken":["M","?","?","?","M","E","R","?","T","M","?","M","R","M","R","BOSS","M","$","?","M","AVR","R","?","E"],"items_purchased_type":["Card","Card","Card","Relic","Card","Relic"],"build_version":"2020-12-22","purchased_purges":0,"victory":false,"max_hp_per_floor":[80,80,80,80,80,80,80,80,80,80,80,80,80,80,80,80,80,80,80,80,80,80,80,85,85,85],"card_choices":[{"not_picked":["Armaments","Iron Wave"],"picked":"jedi:collectorstrike","floor":1},{"not_picked":["Burning Pact","Replay:Undeath\u0027s Touch"],"picked":"Searing Blow","floor":2},{"not_picked":["Run Through","Replay:Undeath\u0027s Touch"],"picked":"jedi:collectorstrike","floor":3},{"not_picked":["Clothesline","ReplayTheSpireMod:Corrosion Curse"],"picked":"jedi:collectorstrike","floor":4},{"not_picked":["Sever Soul","jedi:collectorstrike"],"picked":"Havoc","floor":5},{"not_picked":["jedi:collectorstrike","Iron Wave"],"picked":"Heavy Blade","floor":6},{"not_picked":["jedi:collectorstrike","Second Wind"],"picked":"hubris:ReadiedAction","floor":8},{"not_picked":["hubris:ReadiedAction","Shrug It Off","jedi:suffering"],"picked":"jedi:collectorstrike","floor":10},{"not_picked":["ReplayTheSpireMod:Limb From Limb","jedi:collectorstrike","Havoc"],"picked":"Infernal Blade","floor":12},{"not_picked":["Reckless Charge","Havoc","Combust"],"picked":"jedi:collectorstrike","floor":14},{"not_picked":["conspire:HitWhereItHurts","Corruption","Juggernaut"],"picked":"jedi:collectorstrike+1","floor":16},{"not_picked":["jedi:collectorstrike+1","Thunderclap","Clash"],"picked":"Wild Strike","floor":18},{"not_picked":["jedi:collectorstrike+1","Hemokinesis","Clash"],"picked":"Perfected Strike","floor":21}],"player_experience":219907,"relics_obtained":[{"floor":6,"key":"Replay:Rubber Ducky"},{"floor":8,"key":"Question Card"},{"floor":9,"key":"Meat on the Bone"}],"event_choices":[{"damage_healed":0,"gold_gain":75,"player_choice":"Gather Gold","damage_taken":11,"max_hp_gain":0,"max_hp_loss":0,"event_name":"World of Goop","floor":11,"gold_loss":0},{"cards_removed":["conspire:Blindness"],"damage_healed":0,"gold_gain":0,"player_choice":"Give","damage_taken":0,"max_hp_gain":0,"max_hp_loss":0,"event_name":"betterNote:BetterNote","floor":20,"gold_loss":0,"cards_obtained":["None"]},{"damage_healed":0,"gold_gain":0,"player_choice":"Shed Blood","damage_taken":20,"max_hp_gain":5,"max_hp_loss":0,"event_name":"Forgotten Altar","floor":24,"gold_loss":0}],"is_beta":false,"boss_relics":[{"not_picked":["Astrolabe","Snecko Eye"],"picked":"hubris:Backtick"}],"items_purged_floors":[],"is_endless":false,"potions_floor_spawned":[1,4,10,12,16,18],"killed_by":"Gremlin Leader","ascension_level":0}}