{"host":"oc9z8cublggqyfxu","time":1610882795,"event":{"mods":["AchievementEnabler","Act Like it!","Aspiration","BaseMod","Colored Map","Colored Powertips","Dota2Spire","Friendly Minions","Gensokyo","GifTheSpireLib","Hallownest","Hermit","Highlight Path","KinomotoSakuraMod(木之本樱)","Koishi","Lobotomy","LobotomyExtend","Marisa（F雨　魔理沙）","Minty Spire (QoL Compilation)","Quick Restart","Rare Cards Sparkle","Reimu（博丽灵梦）","Relic Stats","Remilia（蕾米莉亚）","Replay The Spire","RumiaBox-露米娅的神秘盒子","Spicy Shops","StSLib","The Administrix","The Animator","The Blackbeard","The Bug Knight","The Cursed","The Hierophant","The Mystic","The Runesmith","The Servant 0.9.4","Yakumo Yukari mod","Youmu（魂魄妖梦）","Yuyuko","vexMod","【功能Mod】混沌之环修复补丁","【功能Mod】聪明的最终Boss"],"gold_per_floor":[111,129,54,73,73,102,102,122,176,187,187,287,319,332,332,402,402,326,326,48,48,48,48,48,48],"floor_reached":24,"language":"ZHS","playtime":1527,"items_purged":["Defend_P","Strike_P"],"score":256,"play_id":"0199a7b7-07a4-423a-abc1-b97e90f60edb","local_time":"20210117192635","is_ascension_mode":false,"campfire_choices":[{"data":"Alpha","floor":7,"key":"SMITH"},{"data":"Eruption","floor":11,"key":"SMITH"},{"data":"PathToVictory","floor":15,"key":"SMITH"},{"data":"Scrawl","floor":23,"key":"SMITH"}],"circlet_count":0,"master_deck":["Strike_P","Strike_P","Strike_P","Defend_P","Defend_P","Defend_P","Eruption+1","Vigilance","Replay:DivineShield","WallGazer","PathToVictory+1","ShyLook","UniverseFragment","ThirdEye","Alpha+1","VoidDream","MHz","Bloodbath","PathToVictory","Freischutz","Scrawl+1","QueenBee","Gensokyo:MenInBlack","PathToVictory+1","Alpha+1","SingingMachine","EmptyMind"],"relics":["PureWater","CogitoBucket","LetterFromLob","Torii","BehaviorAdjustment","ChaoDraw","Ectoplasm","DollysMirror","ResearcherNote"],"acts_visited":["Gensokyo:Gensokyo","Gensokyo:Gensokyoer"],"potions_floor_usage":[6,13,21],"damage_taken":[{"damage":0,"enemies":"Gensokyo:3_Fairies","floor":1,"turns":3},{"damage":4,"enemies":"Gensokyo:Python","floor":2,"turns":4},{"damage":6,"enemies":"Gensokyo:Gryphon","floor":4,"turns":2},{"damage":4,"enemies":"Gensokyo:Mamizou","floor":6,"turns":8},{"damage":10,"enemies":"Gensokyo:Kitsune","floor":8,"turns":5},{"damage":28,"enemies":"Gensokyo:Python_and_Kodama","floor":10,"turns":4},{"damage":6,"enemies":"Gensokyo:Cirno","floor":13,"turns":7},{"damage":2,"enemies":"Gensokyo:LivingMonolith","floor":14,"turns":3},{"damage":21,"enemies":"Gensokyo:Reimu","floor":16,"turns":5},{"damage":12,"enemies":"Gensokyo:CosmicMonolith","floor":18,"turns":2},{"damage":38,"enemies":"Gensokyo:2_Gloops","floor":21,"turns":4},{"damage":46,"enemies":"Gensokyo:Tenshi","floor":24,"turns":1}],"seed_played":"-7900233335281166250","potions_obtained":[{"floor":1,"key":"LiquidMemories"},{"floor":8,"key":"MagicPotion:ReiMu"},{"floor":10,"key":"Energy Potion"},{"floor":18,"key":"LiquidMemories"},{"floor":21,"key":"Dota2Spire:Clarity"}],"is_trial":false,"path_per_floor":["M","M","$","M","?","E","R","M","T","M","R","?","E","M","R","B",null,"M","?","$","M","?","R","E"],"character_chosen":"WATCHER","items_purchased":["PathToVictory+1","DollysMirror"],"campfire_rested":0,"item_purchase_floors":[20,20],"current_hp_per_floor":[72,68,68,62,69,65,65,57,57,49,49,49,67,72,72,58,72,64,64,64,39,39,39,0,0],"gold":48,"neow_bonus":"","is_daily":false,"chose_seed":false,"campfire_upgraded":4,"win_rate":0.0,"timestamp":1610882795,"path_taken":["M","M","$","M","?","E","R","M","T","M","R","?","E","M","R","BOSS","M","?","$","M","?","R","E"],"items_purchased_type":["Card","Relic"],"build_version":"2020-12-22","purchased_purges":2,"victory":false,"max_hp_per_floor":[72,72,72,72,72,72,72,72,72,72,72,72,72,72,72,72,72,72,65,65,65,65,65,65,65],"relic_stats":{"Torii":10,"counters":[14,50],"Ectoplasm":25,"obtain_stats":[{"CogitoBucket":0,"Torii":6,"DollysMirror":20,"ResearcherNote":21,"BehaviorAdjustment":10,"Ectoplasm":17,"LetterFromLob":1,"PureWater":0,"ChaoDraw":13},{"CogitoBucket":0,"Torii":4,"DollysMirror":11,"ResearcherNote":13,"BehaviorAdjustment":7,"Ectoplasm":10,"LetterFromLob":1,"PureWater":0,"ChaoDraw":8},{"CogitoBucket":0,"Torii":17,"DollysMirror":44,"ResearcherNote":49,"BehaviorAdjustment":27,"Ectoplasm":42,"LetterFromLob":3,"PureWater":0,"ChaoDraw":34}]},"card_choices":[{"not_picked":["ClearTheMind","Replay:BluntJabs"],"picked":"Replay:DivineShield","floor":1},{"not_picked":["CherryBlossoms","Mercenary"],"picked":"WallGazer","floor":1},{"not_picked":["Replay:ManipulateFuture","Worship"],"picked":"PathToVictory","floor":2},{"not_picked":["CrumblingArmor","SingingMachine"],"picked":"ShyLook","floor":2},{"not_picked":["Porccubus","Scorched"],"picked":"UniverseFragment","floor":4},{"not_picked":["Consecrate","FollowUp"],"picked":"ThirdEye","floor":4},{"not_picked":["OSAHOGD","CherryBlossoms"],"picked":"CENSORED","floor":6},{"not_picked":["EmptyBody","FollowUp"],"picked":"Alpha","floor":6},{"not_picked":["MeatLantern","PunishingBird"],"picked":"VoidDream","floor":8},{"not_picked":["Swivel","Replay:Hum","Fasting2"],"picked":"SKIP","floor":8},{"not_picked":["OldLady","SingingMachine"],"picked":"MHz","floor":10},{"not_picked":["EmptyFist","Prostrate","Replay:Vibes"],"picked":"SKIP","floor":10},{"not_picked":["MeatLantern","CrumblingArmor"],"picked":"Bloodbath","floor":13},{"not_picked":["FlurryOfBlows","Replay:BluntJabs"],"picked":"PathToVictory","floor":13},{"not_picked":["OldLady","HappyTeddy"],"picked":"Freischutz","floor":14},{"not_picked":["Protect","FlyingSleeves","ClearTheMind"],"picked":"SKIP","floor":14},{"not_picked":["Blasphemy","Judgement"],"picked":"Scrawl","floor":16},{"not_picked":["CherryBlossoms","Wellcheers"],"picked":"QueenBee","floor":18},{"not_picked":["Halt","WaveOfTheHand","EmptyFist+1"],"picked":"SKIP","floor":18},{"not_picked":["Gensokyo:SpontaneousHumanCombustion","Gensokyo:ManorOfTheDishes"],"picked":"Gensokyo:MenInBlack","floor":19},{"not_picked":["SnowQueen","Funeral"],"picked":"SingingMachine","floor":21},{"not_picked":["Study","JustLucky"],"picked":"EmptyMind","floor":21}],"player_experience":285467,"relics_obtained":[{"floor":1,"key":"LetterFromLob"},{"floor":6,"key":"Torii"},{"floor":13,"key":"ChaoDraw"}],"event_choices":[],"is_beta":false,"boss_relics":[{"not_picked":["aspiration:RitualDagger","Fusion Hammer"],"picked":"Ectoplasm"}],"items_purged_floors":[3,20],"is_endless":false,"potions_floor_spawned":[1,8,10,18,21],"killed_by":"Gensokyo:Tenshi","ascension_level":0}}