{"host":"3jpwrwmmgyabjceh","time":1610916352,"event":{"mods":["AchievementEnabler","BaseMod","Colored Map","Colored Powertips","Highlight Path","Minty Spire (QoL Compilation)","Quick Restart","Relic Stats","StSLib","SuperFastMode"],"gold_per_floor":[365,385,399,17,17,43,58,90,90,119,119,129,129,144,144,244,244,259,1,13,25,25,25,55,72,72,72,171,184,184,202,202,298,298,312,312,323,90,103,103,121,121,121],"floor_reached":42,"language":"ENG","playtime":1493,"items_purged":["Bullet Time"],"score":722,"play_id":"e129b82c-b63e-4049-aa01-c2f7a6b30cc0","local_time":"20210117234552","is_ascension_mode":true,"campfire_choices":[{"floor":11.0,"key":"REST"},{"floor":15.0,"key":"REST"},{"floor":23,"key":"REST"},{"floor":27,"key":"REST"},{"data":"Envenom","floor":30,"key":"SMITH"},{"floor":32,"key":"REST"},{"floor":40,"key":"REST"}],"circlet_count":0,"master_deck":["Survivor","Neutralize","Quick Slash","Sucker Punch","Slice","Well Laid Plans","Poisoned Stab","Dagger Spray","Infinite Blades","Backstab","Terror+1","Dash","Cloak And Dagger","Blade Dance","Prepared","Envenom+1","Bane","Bullet Time","Infinite Blades","Well Laid Plans","Terror","Backflip","Dagger Spray","Heel Hook","Concentrate","Caltrops","Accuracy","Poisoned Stab","Wraith Form v2","Ghostly","Ghostly","Ghostly","Ghostly","Ghostly","PiercingWail","Backstab+1","Predator+1","Outmaneuver+1","Night Terror","Acrobatics+1","Flash of Steel+1","Backflip+1"],"relics":["Ring of the Snake","Gremlin Horn","Dream Catcher","Darkstone Periapt","Mercury Hourglass","Snake Skull","Pandora\u0027s Box","Anchor","Molten Egg 2","The Specimen","Sozu","Strange Spoon"],"acts_visited":["Exordium","TheCity","TheBeyond"],"potions_floor_usage":[25,33],"damage_taken":[{"damage":1.0,"enemies":"2 Louse","floor":1.0,"turns":4.0},{"damage":0.0,"enemies":"Small Slimes","floor":2.0,"turns":3.0},{"damage":0.0,"enemies":"Cultist","floor":3.0,"turns":4.0},{"damage":13.0,"enemies":"Gremlin Nob","floor":6.0,"turns":4.0},{"damage":7.0,"enemies":"Exordium Wildlife","floor":7.0,"turns":3.0},{"damage":12.0,"enemies":"3 Sentries","floor":8.0,"turns":6.0},{"damage":24.0,"enemies":"Lagavulin","floor":10.0,"turns":6.0},{"damage":0.0,"enemies":"2 Fungi Beasts","floor":12.0,"turns":2.0},{"damage":0.0,"enemies":"Gremlin Gang","floor":14.0,"turns":1.0},{"damage":0.0,"enemies":"Slime Boss","floor":16.0,"turns":5.0},{"damage":22.0,"enemies":"Spheric Guardian","floor":18.0,"turns":4.0},{"damage":0,"enemies":"Shell Parasite","floor":20,"turns":3},{"damage":31,"enemies":"Shelled Parasite and Fungi","floor":21,"turns":4},{"damage":0,"enemies":"Gremlin Leader","floor":24,"turns":6},{"damage":0,"enemies":"Snake Plant","floor":25,"turns":3},{"damage":2,"enemies":"Snecko","floor":29,"turns":4},{"damage":11,"enemies":"Centurion and Healer","floor":31,"turns":3},{"damage":22,"enemies":"Collector","floor":33,"turns":8},{"damage":6,"enemies":"3 Darklings","floor":35,"turns":6},{"damage":0,"enemies":"3 Shapes","floor":37,"turns":5},{"damage":16,"enemies":"3 Darklings","floor":39,"turns":4},{"damage":3,"enemies":"Maw","floor":41,"turns":8},{"damage":15,"enemies":"Sphere and 2 Shapes","floor":42,"turns":3}],"seed_played":"2220650861128396240","potions_obtained":[{"floor":2.0,"key":"SteroidPotion"},{"floor":7.0,"key":"PowerPotion"},{"floor":12.0,"key":"Strength Potion"},{"floor":16.0,"key":"Dexterity Potion"},{"floor":21,"key":"Fire Potion"},{"floor":24,"key":"CultistPotion"},{"floor":25,"key":"Fruit Juice"}],"is_trial":false,"path_per_floor":["M","M","M","$","?","E","M","E","T","E","R","M","?","M","R","B",null,"M","$","M","M","?","R","E","M","T","R","?","M","R","M","R","B",null,"M","?","M","$","M","R","M","M"],"character_chosen":"THE_SILENT","items_purchased":["Well Laid Plans","Gremlin Horn","Poisoned Stab","Dagger Spray","Accuracy","Anchor","Strange Spoon","Flash of Steel+1"],"campfire_rested":6,"item_purchase_floors":[4,4,4,4,19,19,38,38],"current_hp_per_floor":[62,62,62,62,62,49,42,30,30,6,24,24,24,24,42,42,58,36,36,36,5,5,14,14,19,19,29,29,27,27,16,26,4,28,22,22,22,22,6,16,13,0,0],"gold":121,"neow_bonus":"TWO_FIFTY_GOLD","is_daily":false,"chose_seed":false,"campfire_upgraded":1,"win_rate":0.0,"timestamp":1610916352,"path_taken":["M","M","M","$","?","E","M","E","T","E","R","M","?","M","R","BOSS","M","$","M","M","?","R","E","M","T","R","?","M","R","M","R","BOSS","M","?","M","$","M","R","M","M"],"items_purchased_type":["Card","Relic","Card","Card","Card","Relic","Relic","Card"],"build_version":"2020-12-22","purchased_purges":1,"victory":false,"max_hp_per_floor":[63,63,63,63,63,63,63,63,63,63,63,63,63,63,63,63,63,63,63,63,63,31,31,31,36,36,36,36,36,36,36,36,36,36,36,34,34,34,34,34,34,34,34],"relic_stats":{"Darkstone Periapt":0,"Sozu":1,"Strange Spoon":[14],"Dream Catcher":6,"Gremlin Horn":[30,30],"counters":[23,99],"Pandora\u0027s Box":["Bane","Bullet Time","Infinite Blades","Well Laid Plans","Terror","Backflip","Dagger Spray","Heel Hook","Concentrate","Bullet Time"],"Snake Skull":[117],"obtain_stats":[{"Darkstone Periapt":8,"Sozu":34,"Strange Spoon":38,"Dream Catcher":6,"Anchor":19,"Gremlin Horn":4,"The Specimen":26,"Pandora\u0027s Box":17,"Molten Egg 2":24,"Snake Skull":10,"Ring of the Snake":0,"Mercury Hourglass":9},{"Darkstone Periapt":6,"Sozu":18,"Strange Spoon":20,"Dream Catcher":4,"Anchor":11,"Gremlin Horn":3,"The Specimen":15,"Pandora\u0027s Box":10,"Molten Egg 2":14,"Snake Skull":7,"Ring of the Snake":0,"Mercury Hourglass":6},{"Darkstone Periapt":24,"Sozu":73,"Strange Spoon":84,"Dream Catcher":15,"Anchor":42,"Gremlin Horn":11,"The Specimen":58,"Pandora\u0027s Box":38,"Molten Egg 2":55,"Snake Skull":30,"Ring of the Snake":0,"Mercury Hourglass":24}],"Ring of the Snake":[46],"Mercury Hourglass":[290]},"card_choices":[{"not_picked":["Flying Knee","Outmaneuver"],"picked":"Quick Slash","floor":1.0},{"not_picked":["Masterful Stab","Dodge and Roll"],"picked":"Sucker Punch","floor":2.0},{"not_picked":["Tactician","Flying Knee"],"picked":"Slice","floor":3.0},{"not_picked":["Slice","Quick Slash"],"picked":"Infinite Blades","floor":6.0},{"not_picked":["PiercingWail","Acrobatics"],"picked":"Backstab","floor":7.0},{"not_picked":["Glass Knife","Sucker Punch","Tools of the Trade"],"picked":"SKIP","floor":8.0},{"not_picked":["Masterful Stab","Underhanded Strike"],"picked":"Terror","floor":10.0},{"not_picked":["Catalyst","Concentrate"],"picked":"Dash","floor":11.0},{"not_picked":["Riddle With Holes","Poisoned Stab"],"picked":"Cloak And Dagger","floor":12.0},{"not_picked":["Backflip","Dodge and Roll"],"picked":"Blade Dance","floor":14.0},{"not_picked":["Underhanded Strike","Catalyst"],"picked":"Prepared","floor":15.0},{"not_picked":["Burst","Tools of the Trade"],"picked":"Envenom","floor":16.0},{"not_picked":["Outmaneuver","Riddle With Holes"],"picked":"Caltrops","floor":18.0},{"not_picked":["Dash","Dodge and Roll+1"],"picked":"Poisoned Stab","floor":20},{"not_picked":["Quick Slash","Sucker Punch+1"],"picked":"Wraith Form v2","floor":21},{"not_picked":["Backflip","Dodge and Roll"],"picked":"PiercingWail","floor":23},{"not_picked":["Deadly Poison+1","Dash+1"],"picked":"Backstab+1","floor":24},{"not_picked":["Slice+1","Flying Knee+1"],"picked":"Predator+1","floor":25},{"not_picked":["Slice+1","Dodge and Roll"],"picked":"Outmaneuver+1","floor":27},{"not_picked":["Caltrops","Outmaneuver","Acrobatics"],"picked":"SKIP","floor":29},{"not_picked":["Accuracy","Prepared","Underhanded Strike+1"],"picked":"SKIP","floor":31},{"not_picked":["Wraith Form v2","Phantasmal Killer"],"picked":"Night Terror","floor":33},{"not_picked":["Outmaneuver+1","Deadly Poison+1","Acrobatics+1"],"picked":"SKIP","floor":35},{"not_picked":["Outmaneuver+1","Deadly Poison+1"],"picked":"Acrobatics+1","floor":35},{"not_picked":["Backflip","Leg Sweep+1","Heel Hook+1"],"picked":"SKIP","floor":37},{"not_picked":["Slice+1","Riddle With Holes+1","Deflect"],"picked":"SKIP","floor":39},{"not_picked":["Quick Slash+1","Catalyst"],"picked":"Backflip+1","floor":40},{"not_picked":["Eviscerate+1","Poisoned Stab+1","Bane+1"],"picked":"SKIP","floor":41}],"player_experience":248905,"relics_obtained":[{"floor":6.0,"key":"Dream Catcher"},{"floor":8.0,"key":"Darkstone Periapt"},{"floor":9.0,"key":"Mercury Hourglass"},{"floor":10.0,"key":"Snake Skull"},{"floor":24,"key":"Molten Egg 2"},{"floor":26,"key":"The Specimen"}],"event_choices":[{"damage_healed":0.0,"max_hp_gain":0.0,"max_hp_loss":0.0,"gold_gain":0.0,"event_name":"Liars Game","player_choice":"Ignored","floor":5.0,"gold_loss":0.0,"damage_taken":0.0},{"damage_healed":0.0,"max_hp_gain":0.0,"max_hp_loss":0.0,"gold_gain":0.0,"event_name":"Living Wall","player_choice":"Grow","floor":13.0,"gold_loss":0.0,"damage_taken":0.0,"cards_upgraded":["Terror"]},{"damage_healed":0,"gold_gain":0,"player_choice":"Became a Ghost","damage_taken":0,"max_hp_gain":0,"max_hp_loss":32,"event_name":"Ghosts","floor":22,"gold_loss":0,"cards_obtained":["Ghostly","Ghostly","Ghostly","Ghostly","Ghostly"]},{"damage_healed":0,"gold_gain":99,"player_choice":"Stole From Cult","damage_taken":0,"max_hp_gain":0,"max_hp_loss":0,"event_name":"Nest","floor":28,"gold_loss":0},{"damage_healed":0,"gold_gain":0,"player_choice":"Max HP","damage_taken":0,"max_hp_gain":0,"max_hp_loss":2,"event_name":"Winding Halls","floor":36,"gold_loss":0}],"is_beta":false,"boss_relics":[{"not_picked":["SlaversCollar","Coffee Dripper"],"picked":"Pandora\u0027s Box"},{"not_picked":["Runic Pyramid","Tiny House"],"picked":"Sozu"}],"items_purged_floors":[19],"is_endless":false,"potions_floor_spawned":[2,7,12,16,21,24,25,35],"killed_by":"Sphere and 2 Shapes","ascension_level":6}}