{"host":"f9ztaq6figs4snwj","time":1610872416,"event":{"mods":["BaseMod","Bestiary","Colored Map","Curses Come First","Hubris","Minty Spire (QoL Compilation)","Replay The Spire","StSLib"],"gold_per_floor":[110,110,120,120,120,120,195,207,207,207,221,238,238,272,272,369,369,386,399,417,417,417,417],"floor_reached":22,"language":"ENG","playtime":966,"items_purged":[],"score":223,"play_id":"52c90564-3aff-4d7f-9760-03375af3e306","local_time":"20210117093336","is_ascension_mode":true,"campfire_choices":[{"floor":6,"key":"RECALL"},{"data":"Fluid Movement","floor":10,"key":"SMITH"},{"floor":15,"key":"REST"}],"circlet_count":0,"master_deck":["Strike_G","Strike_G","Strike_G","Strike_G","Strike_G","Defend_G","Defend_G","Defend_G","Defend_G","Defend_G","Survivor","Neutralize","Deadly Poison+1","Fluid Movement+1","Fluid Movement","Poison Darts","Concentrate+1"],"relics":["NeowsBlessing","Sizzling Blood","hubris:Towel","hubris:Spice","Juzu Bracelet","hubris:HollowSoul"],"acts_visited":["Exordium","TheCity"],"potions_floor_usage":[16,20,20,22],"damage_taken":[{"damage":0,"enemies":"Cultist","floor":1,"turns":1},{"damage":0,"enemies":"Small Slimes","floor":3,"turns":1},{"damage":0,"enemies":"Jaw Worm","floor":8,"turns":1},{"damage":10,"enemies":"2 Fungi Beasts","floor":11,"turns":4},{"damage":6,"enemies":"Large Slime","floor":12,"turns":9},{"damage":40,"enemies":"3 Sentries","floor":14,"turns":12},{"damage":11,"enemies":"The Guardian","floor":16,"turns":15},{"damage":21,"enemies":"Shell Parasite","floor":18,"turns":3},{"damage":36,"enemies":"3 Byrds","floor":19,"turns":5},{"damage":32,"enemies":"Snecko","floor":20,"turns":4},{"damage":17,"enemies":"Shelled Parasite and Fungi","floor":22,"turns":3}],"seed_played":"3182151758722151061","potions_obtained":[{"floor":11,"key":"Doom Potion"},{"floor":12,"key":"Languid Potion"},{"floor":14,"key":"Adrenaline Potion"},{"floor":19,"key":"LiquidMemories"},{"floor":20,"key":"LiquidBronze"}],"is_trial":false,"path_per_floor":["M","?","M","?","?","R","?","M","T","R","M","M","?","E","R","B",null,"M","M","M","?","M"],"character_chosen":"THE_SILENT","items_purchased":[],"campfire_rested":1,"item_purchase_floors":[],"current_hp_per_floor":[70,70,70,74,74,74,63,67,67,67,61,59,67,31,55,48,82,65,33,5,32,0,0],"gold":417,"neow_bonus":"THREE_ENEMY_KILL","is_daily":false,"chose_seed":false,"campfire_upgraded":1,"win_rate":0.0,"timestamp":1610872416,"path_taken":["M","?","?","?","?","R","?","M","T","R","M","M","?","E","R","BOSS","M","M","M","?","M"],"items_purchased_type":[],"build_version":"2020-12-22","purchased_purges":0,"victory":false,"max_hp_per_floor":[70,70,70,74,74,74,74,74,74,74,74,74,82,82,82,82,82,82,82,82,82,82,82],"card_choices":[{"not_picked":["Prepared","Dodge and Roll"],"picked":"Deadly Poison","floor":1},{"not_picked":["Dodge and Roll","Bane","All Out Attack"],"picked":"SKIP","floor":3},{"not_picked":["Venomology","Outmaneuver"],"picked":"Fluid Movement","floor":8},{"not_picked":["Deflect","PiercingWail","Underhanded Strike"],"picked":"SKIP","floor":11},{"not_picked":["Flying Knee","Setup"],"picked":"Fluid Movement","floor":12},{"not_picked":["hubris:SlightOfHand","Dagger Spray","Hidden Blade"],"picked":"SKIP","floor":14},{"not_picked":["ReplayTheSpireMod:Necrosis","Doppelganger"],"picked":"Poison Darts","floor":16},{"not_picked":["Underhanded Strike+1","Dodge and Roll","Bane"],"picked":"SKIP","floor":18},{"not_picked":["Slice","Blade Dance","Acrobatics"],"picked":"SKIP","floor":19},{"not_picked":["Infinite Blades+1","Sucker Punch"],"picked":"Concentrate+1","floor":20}],"player_experience":378006,"relics_obtained":[{"floor":14,"key":"Juzu Bracelet"}],"event_choices":[{"damage_healed":0,"gold_gain":0,"player_choice":"Forge","damage_taken":0,"max_hp_gain":0,"max_hp_loss":0,"event_name":"Accursed Blacksmith","floor":2,"gold_loss":0,"cards_upgraded":["Deadly Poison"]},{"damage_healed":0,"gold_gain":75,"player_choice":"Gather Gold","damage_taken":11,"max_hp_gain":0,"max_hp_loss":0,"event_name":"World of Goop","floor":7,"gold_loss":0},{"damage_healed":0,"gold_gain":0,"player_choice":"Gave Potion","damage_taken":0,"relics_obtained":["hubris:Spice"],"max_hp_gain":0,"max_hp_loss":0,"event_name":"WeMeetAgain","floor":13,"gold_loss":0},{"damage_healed":27,"gold_gain":0,"player_choice":"Heal","damage_taken":0,"max_hp_gain":0,"max_hp_loss":0,"event_name":"The Library","floor":21,"gold_loss":0}],"is_beta":false,"boss_relics":[{"not_picked":["hubris:Spice","hubris:Spice"],"picked":"hubris:HollowSoul"}],"items_purged_floors":[],"is_endless":false,"potions_floor_spawned":[11,12,14,19,20],"killed_by":"Shelled Parasite and Fungi","ascension_level":4}}