{"host":"gc0hqzwg2gd3zszy","time":1610895843,"event":{"mods":["BaseMod","DeckTracker","Minty Spire (QoL Compilation)","Relic Stats","SuperFastMode"],"gold_per_floor":[112,112,124,104,115,115,132,160,185,185,196,196,224,250,250,323,323,337,354,46,61,74,109,159,159,182,193,226,226,244,271,271,343,343,358,288,288,303,316,326,326,326],"floor_reached":41,"language":"KOR","playtime":1733,"items_purged":[],"score":1005,"play_id":"a40968d1-2d12-4932-a5cf-70fd9fb3af16","local_time":"20210118000403","is_ascension_mode":true,"campfire_choices":[{"data":"Darkness","floor":6.0,"key":"SMITH"},{"floor":10.0,"key":"REST"},{"floor":12.0,"key":"REST"},{"data":"Chill","floor":15.0,"key":"SMITH"},{"floor":25,"key":"RECALL"},{"floor":29,"key":"REST"},{"floor":32,"key":"REST"}],"circlet_count":0,"master_deck":["AscendersBane","Strike_B","Strike_B","Strike_B","Strike_B","Defend_B","Defend_B","Defend_B","Defend_B","Zap","Dualcast","Reboot","Darkness+1","Gash","Gash","Turbo","Go for the Eyes","Ball Lightning","Chill+1","Electrodynamics","Conserve Battery","Conserve Battery","Hello World","Sweeping Beam","Leap+1","Stack","Aggregate","Rebound","Hologram","Go for the Eyes","Rebound","Hyperbeam","CurseOfTheBell","Heatsinks+1","Madness","Madness","Chill","Compile Driver","Stack"],"relics":["Cracked Core","Centennial Puzzle","DataDisk","Anchor","Ice Cream","Fusion Hammer","Lee\u0027s Waffle","Darkstone Periapt","Juzu Bracelet","Ancient Tea Set","Orichalcum","Calling Bell","Lantern","Kunai","Du-Vu Doll","Art of War"],"acts_visited":["Exordium","TheCity","TheBeyond"],"potions_floor_usage":[23,28,31,33],"damage_taken":[{"damage":2.0,"enemies":"Jaw Worm","floor":1.0,"turns":4.0},{"damage":8.0,"enemies":"2 Louse","floor":3.0,"turns":3.0},{"damage":6.0,"enemies":"Cultist","floor":5.0,"turns":3.0},{"damage":9.0,"enemies":"Exordium Wildlife","floor":7.0,"turns":4.0},{"damage":45.0,"enemies":"3 Sentries","floor":8.0,"turns":9.0},{"damage":8.0,"enemies":"Large Slime","floor":11.0,"turns":5.0},{"damage":4.0,"enemies":"Lagavulin","floor":13.0,"turns":5.0},{"damage":19.0,"enemies":"Hexaghost","floor":16.0,"turns":8.0},{"damage":20.0,"enemies":"Chosen","floor":18.0,"turns":4.0},{"damage":19.0,"enemies":"Shell Parasite","floor":19.0,"turns":4.0},{"damage":5.0,"enemies":"Snecko","floor":21.0,"turns":4.0},{"damage":0,"enemies":"Cultist and Chosen","floor":22,"turns":6},{"damage":0,"enemies":"Slavers","floor":23,"turns":3},{"damage":11,"enemies":"3 Cultists","floor":27,"turns":5},{"damage":7,"enemies":"Gremlin Leader","floor":28,"turns":6},{"damage":23,"enemies":"Chosen and Byrds","floor":30,"turns":6},{"damage":8,"enemies":"Book of Stabbing","floor":31,"turns":5},{"damage":92,"enemies":"Automaton","floor":33,"turns":9},{"damage":0,"enemies":"3 Shapes","floor":35,"turns":6},{"damage":1,"enemies":"Orb Walker","floor":38,"turns":4},{"damage":35,"enemies":"Transient","floor":39,"turns":6},{"damage":4,"enemies":"4 Shapes","floor":40,"turns":5},{"damage":64,"enemies":"Nemesis","floor":41,"turns":8}],"seed_played":"-9012289757511960274","potions_obtained":[{"floor":1.0,"key":"PowerPotion"},{"floor":4.0,"key":"Regen Potion"},{"floor":8.0,"key":"BlessingOfTheForge"},{"floor":16.0,"key":"Strength Potion"},{"floor":18.0,"key":"FairyPotion"},{"floor":22,"key":"FocusPotion"},{"floor":23,"key":"Explosive Potion"},{"floor":30,"key":"Weak Potion"},{"floor":31,"key":"Block Potion"},{"floor":38,"key":"BlessingOfTheForge"},{"floor":39,"key":"FairyPotion"}],"is_trial":false,"path_per_floor":["M","?","M","?","M","R","M","E","T","R","M","R","E","T","R","B",null,"M","M","$","M","M","E","?","R","T","M","E","R","M","E","R","B",null,"M","?","?","M","M","M","E"],"character_chosen":"DEFECT","items_purchased":["Lee\u0027s Waffle","Hello World","Sweeping Beam"],"campfire_rested":4,"item_purchase_floors":[20,20,20],"current_hp_per_floor":[62,57,49,49,43,43,34,4,4,25,17,38,34,34,34,15,57,37,18,78,73,73,73,73,73,73,62,55,78,55,47,70,3,65,65,65,50,49,14,10,0,0],"gold":326,"neow_bonus":"ONE_RANDOM_RARE_CARD","is_daily":false,"chose_seed":false,"campfire_upgraded":2,"win_rate":0.0,"timestamp":1610895843,"path_taken":["M","?","M","?","M","R","M","E","T","R","?","R","E","?","R","BOSS","M","M","$","M","M","E","?","R","T","M","E","R","M","E","R","BOSS","M","?","?","M","M","M","E"],"items_purchased_type":["Relic","Card","Card"],"build_version":"2020-12-22","purchased_purges":0,"victory":false,"max_hp_per_floor":[71,71,71,71,71,71,71,71,71,71,71,71,71,71,71,71,71,71,71,78,78,78,78,78,78,78,78,78,78,78,78,78,78,84,84,84,84,84,84,84,84,84],"relic_stats":{"Darkstone Periapt":6,"Centennial Puzzle":[57],"Lee\u0027s Waffle":60,"counters":[23,122],"Juzu Bracelet":1,"Art of War":[0],"Kunai":[8],"Orichalcum":[18],"obtain_stats":[{"Ice Cream":13,"Darkstone Periapt":23,"Lee\u0027s Waffle":20,"Lantern":34,"Juzu Bracelet":26,"Orichalcum":31,"Ancient Tea Set":28,"Calling Bell":34,"Du-Vu Doll":34,"Centennial Puzzle":2,"DataDisk":8,"Anchor":9,"Fusion Hammer":17,"Art of War":36,"Kunai":34,"Cracked Core":0},{"Ice Cream":7,"Darkstone Periapt":13,"Lee\u0027s Waffle":10,"Lantern":18,"Juzu Bracelet":13,"Orichalcum":17,"Ancient Tea Set":15,"Calling Bell":18,"Du-Vu Doll":18,"Centennial Puzzle":1,"DataDisk":5,"Anchor":5,"Fusion Hammer":8,"Art of War":19,"Kunai":18,"Cracked Core":0},{"Ice Cream":33,"Darkstone Periapt":62,"Lee\u0027s Waffle":49,"Lantern":93,"Juzu Bracelet":62,"Orichalcum":84,"Ancient Tea Set":73,"Calling Bell":93,"Du-Vu Doll":93,"Centennial Puzzle":4,"DataDisk":23,"Anchor":23,"Fusion Hammer":41,"Art of War":99,"Kunai":93,"Cracked Core":0}]},"card_choices":[{"not_picked":["Force Field","Defragment"],"picked":"Darkness","floor":1.0},{"not_picked":["Cold Snap","White Noise"],"picked":"Gash","floor":3.0},{"not_picked":["Lockon","Coolheaded"],"picked":"Gash","floor":5.0},{"not_picked":["Sweeping Beam","Compile Driver"],"picked":"Turbo","floor":7.0},{"not_picked":["White Noise","Sunder"],"picked":"Go for the Eyes","floor":8.0},{"not_picked":["Steam","Static Discharge"],"picked":"Ball Lightning","floor":11.0},{"not_picked":["White Noise","Coolheaded"],"picked":"Chill","floor":13.0},{"not_picked":["Buffer","Rainbow"],"picked":"Electrodynamics","floor":16.0},{"not_picked":["Streamline","Compile Driver"],"picked":"Conserve Battery","floor":18.0},{"not_picked":["Redo","Sunder"],"picked":"Conserve Battery","floor":19.0},{"not_picked":["Darkness","Redo"],"picked":"Leap+1","floor":21},{"not_picked":["Barrage","Gash"],"picked":"Stack","floor":22},{"not_picked":["Undo","Buffer"],"picked":"Aggregate","floor":23},{"not_picked":["Ball Lightning","Reinforced Body"],"picked":"Rebound","floor":27},{"not_picked":["Steam","Turbo"],"picked":"Hologram","floor":28},{"not_picked":["Turbo","Consume"],"picked":"Go for the Eyes","floor":30},{"not_picked":["Redo","Ball Lightning"],"picked":"Rebound","floor":31},{"not_picked":["Creative AI","Fission"],"picked":"Hyperbeam","floor":33},{"not_picked":["Leap","Undo"],"picked":"Heatsinks+1","floor":35},{"not_picked":["Fusion","Storm"],"picked":"Chill","floor":38},{"not_picked":["Go for the Eyes","Aggregate"],"picked":"Compile Driver","floor":39},{"not_picked":["Undo","Cold Snap"],"picked":"Stack","floor":40}],"player_experience":1348637,"relics_obtained":[{"floor":8.0,"key":"DataDisk"},{"floor":9.0,"key":"Anchor"},{"floor":13.0,"key":"Ice Cream"},{"floor":23,"key":"Darkstone Periapt"},{"floor":26,"key":"Juzu Bracelet"},{"floor":28,"key":"Ancient Tea Set"},{"floor":31,"key":"Orichalcum"},{"floor":34,"key":"Lantern"},{"floor":34,"key":"Kunai"},{"floor":34,"key":"Du-Vu Doll"}],"event_choices":[{"damage_healed":0.0,"max_hp_gain":0.0,"max_hp_loss":0.0,"gold_gain":0.0,"event_name":"Scrap Ooze","player_choice":"Success","floor":2.0,"gold_loss":0.0,"damage_taken":5.0,"relics_obtained":["Centennial Puzzle"]},{"damage_healed":0.0,"max_hp_gain":0.0,"max_hp_loss":0.0,"gold_gain":0.0,"event_name":"The Woman in Blue","player_choice":"Bought 1 Potion","floor":4.0,"gold_loss":0.0,"damage_taken":0.0},{"damage_healed":0,"gold_gain":50,"player_choice":"Pray","damage_taken":0,"max_hp_gain":0,"max_hp_loss":0,"event_name":"Golden Shrine","floor":24,"gold_loss":0},{"damage_healed":0,"gold_gain":0,"player_choice":"Paid Gold","damage_taken":0,"relics_obtained":["Art of War"],"max_hp_gain":0,"max_hp_loss":0,"event_name":"WeMeetAgain","floor":36,"gold_loss":70},{"damage_healed":0,"gold_gain":0,"player_choice":"Embrace Madness","damage_taken":15,"max_hp_gain":0,"max_hp_loss":0,"event_name":"Winding Halls","floor":37,"gold_loss":0,"cards_obtained":["Madness","Madness"]}],"is_beta":false,"boss_relics":[{"not_picked":["SlaversCollar","FrozenCore"],"picked":"Fusion Hammer"},{"not_picked":["Busted Crown","Runic Pyramid"],"picked":"Calling Bell"}],"items_purged_floors":[],"is_endless":false,"potions_floor_spawned":[1,8,16,18,22,23,30,31,38,39,40],"killed_by":"Nemesis","ascension_level":20}}