{"host":"lzzv50t0ea3gz1kk","time":1610871796,"event":{"mods":["ATMod(°¢èªMod)","Act Like it!","BaseMod","Gensokyo","Hallownest","Hermit","Marisa£¨ìFÓê¡¡Ä§ÀíÉ³£©","Minty Spire (QoL Compilation)","Replay The Spire","Robot Space Explorer","StSLib","The Animator"],"gold_per_floor":[111,111,111,129,145,145,177,202,202,202,202,212,72,22,22,124,124,143,143,163,163,180,180,505,517,541,273,273,273,273],"floor_reached":29,"language":"ZHS","playtime":1419,"items_purged":["Strike_P"],"score":284,"play_id":"0c3d3524-4133-417a-a665-c9eb4612aa62","local_time":"20210117162316","is_ascension_mode":true,"campfire_choices":[{"data":"Vigilance","floor":6.0,"key":"SMITH"},{"data":"Eruption","floor":11.0,"key":"SMITH"},{"floor":15,"key":"REST"},{"data":"AT_MachinaRedman","floor":23,"key":"SMITH"},{"data":"Establishment","floor":28,"key":"SMITH"}],"circlet_count":0,"master_deck":["Defend_P+1","Defend_P+1","Defend_P+1","Defend_P+1","Eruption+1","Vigilance+1","AT_ChampionStep","CrushJoints","FlurryOfBlows","LikeWater","Adaptation","Establishment+1","Nirvana+1","InnerPeace+1","Scrawl+1","EmptyBody+1","Replay:Hum+1","AT_MachinaRedman+1","Swivel+1","AT_ChampionStep","Gensokyo:BlemishedSteel","Gensokyo:ScrapIron","Indignation","TalkToTheHand+1"],"relics":["PureWater","AT_ATBox","Smiling Mask","Blood Vial","AT_BellDemon","Replay:Multitool","Astrolabe","Gensokyo:ChorusOfJoy","Oddly Smooth Stone","Pet Ghost","Orrery","Frozen Eye"],"acts_visited":["Gensokyo:Gensokyo","Gensokyo:Gensokyoer"],"potions_floor_usage":[22,25,29],"damage_taken":[{"damage":8.0,"enemies":"Gensokyo:2_Kodama","floor":1.0,"turns":6.0},{"damage":0.0,"enemies":"Gensokyo:3_Fairies","floor":4.0,"turns":3.0},{"damage":8.0,"enemies":"Gensokyo:Gryphon","floor":5.0,"turns":4.0},{"damage":17.0,"enemies":"Gensokyo:Cirno","floor":7.0,"turns":8.0},{"damage":8.0,"enemies":"Gensokyo:CorruptedTreant","floor":12.0,"turns":3.0},{"damage":0,"enemies":"Gensokyo:Yukari","floor":16,"turns":7},{"damage":5,"enemies":"Gensokyo:AngelMirror","floor":18,"turns":7},{"damage":6,"enemies":"Gensokyo:2_Gloops","floor":20,"turns":5},{"damage":0,"enemies":"Gensokyo:Swordslinger","floor":22,"turns":4},{"damage":10,"enemies":"Gensokyo:3_Gloops","floor":25,"turns":4},{"damage":66,"enemies":"Gensokyo:Koishi","floor":29,"turns":2}],"seed_played":"-3337624333023468487","potions_obtained":[{"floor":4.0,"key":"Energy Potion"},{"floor":12,"key":"ColorlessPotion"},{"floor":16,"key":"BlessingOfTheForge"},{"floor":22,"key":"GamblersBrew"}],"is_trial":false,"path_per_floor":["M","?","?","M","M","R","E","T","T","?","R","M","?","$","R","B",null,"M","?","M","?","M","R","?","M","T","COS","R","E"],"character_chosen":"WATCHER","items_purchased":[],"campfire_rested":1,"item_purchase_floors":[],"current_hp_per_floor":[71,71,71,71,63,63,46,46,46,46,46,40,40,40,63,65,79,74,74,70,70,72,72,72,64,64,64,64,0,0],"gold":273,"neow_bonus":"TEN_PERCENT_HP_BONUS","is_daily":false,"chose_seed":false,"campfire_upgraded":4,"win_rate":0.0,"timestamp":1610871796,"path_taken":["M","?","?","?","?","R","E","?","T","?","R","M","?","$","R","BOSS","M","?","M","?","?","R","?","M","T","COS","R","E"],"items_purchased_type":[],"build_version":"2020-12-22","purchased_purges":1,"victory":false,"max_hp_per_floor":[79,79,79,79,79,79,79,79,79,79,79,79,79,79,79,79,79,79,79,79,79,79,79,79,79,79,79,79,79,79],"card_choices":[{"not_picked":["Replay:BluntJabs","ThirdEye"],"picked":"ForeignInfluence","floor":1.0},{"not_picked":["CrushJoints","ClearTheMind"],"picked":"Prostrate","floor":3.0},{"not_picked":["Consecrate","FlurryOfBlows"],"picked":"CrushJoints","floor":3.0},{"not_picked":["Collect","EmptyBody"],"picked":"FlurryOfBlows","floor":4.0},{"not_picked":["Protect","Weave"],"picked":"LikeWater","floor":5.0},{"not_picked":["Halt","Crescendo"],"picked":"Adaptation","floor":7.0},{"not_picked":["Wallop","Omniscience","PathToVictory"],"picked":"SKIP","floor":12},{"not_picked":["Wish","AT_MachinaRedman"],"picked":"Establishment","floor":16},{"not_picked":["Replay:BluntJabs","BowlingBash"],"picked":"EmptyBody+1","floor":18},{"not_picked":["Replay:ManipulateFuture","ClearTheMind"],"picked":"Replay:Hum+1","floor":20},{"not_picked":["ClearTheMind","FlurryOfBlows"],"picked":"Swivel+1","floor":22},{"not_picked":["Evaluate","Adaptation"],"picked":"AT_ChampionStep","floor":25},{"not_picked":["Perseverance","FlyingSleeves"],"picked":"Indignation","floor":27},{"not_picked":["InnerPeace","Replay:BluntJabs"],"picked":"TalkToTheHand+1","floor":27}],"player_experience":336357,"relics_obtained":[{"floor":7.0,"key":"Smiling Mask"},{"floor":8.0,"key":"Blood Vial"},{"floor":9.0,"key":"AT_BellDemon"},{"floor":12,"key":"Replay:Bottled Eggs"},{"floor":25,"key":"Oddly Smooth Stone"},{"floor":26,"key":"Pet Ghost"}],"event_choices":[],"is_beta":false,"boss_relics":[{"not_picked":["Replay:Wanted Poster","Ectoplasm"],"picked":"Astrolabe"}],"items_purged_floors":[14],"is_endless":false,"potions_floor_spawned":[4,12,16,18,22],"killed_by":"Gensokyo:Koishi","ascension_level":1}}