{"host":"x7xd4wkamhrqrrvw","time":1610848544,"event":{"mods":["BaseMod","Minty Spire (QoL Compilation)","StSLib"],"gold_per_floor":[18,18,93,106,106,106,133,150,176,176,176,207,219,244,244,344,344,362,461,92,92,103,103,114,145,145,145,185,206,206,218,218,218,218],"floor_reached":33,"language":"ENG","playtime":1608,"items_purged":["Strike_G"],"score":425,"play_id":"9227a619-bce2-46ed-86d6-cc45ab325206","local_time":"20210116235544","is_ascension_mode":true,"campfire_choices":[{"data":"Skewer","floor":6,"key":"SMITH"},{"data":"Bouncing Flask","floor":10,"key":"SMITH"},{"data":"Deflect","floor":15,"key":"SMITH"},{"data":"Corpse Explosion","floor":23,"key":"SMITH"},{"floor":32,"key":"REST"}],"circlet_count":0,"master_deck":["Strike_G","Strike_G","Defend_G","Defend_G","Defend_G","Defend_G","Defend_G","Survivor","Neutralize","Master of Strategy","Skewer+1","Bouncing Flask+1","Poisoned Stab","Deflect+1","Corpse Explosion+1","Skewer","Acrobatics","PiercingWail","Wraith Form v2","Well Laid Plans"],"relics":["Ring of the Snake","Centennial Puzzle","Bag of Marbles","Darkstone Periapt","Potion Belt","Velvet Choker","Snake Skull","ClockworkSouvenir","Tiny Chest","GremlinMask","CeramicFish"],"acts_visited":["Exordium","TheCity"],"potions_floor_usage":[13,14,16,28,28],"damage_taken":[{"damage":0,"enemies":"Jaw Worm","floor":1,"turns":6},{"damage":1,"enemies":"2 Louse","floor":4,"turns":3},{"damage":0,"enemies":"Small Slimes","floor":8,"turns":5},{"damage":15,"enemies":"Lagavulin","floor":12,"turns":8},{"damage":0,"enemies":"Exordium Thugs","floor":13,"turns":3},{"damage":10,"enemies":"3 Sentries","floor":14,"turns":4},{"damage":17,"enemies":"Hexaghost","floor":16,"turns":9},{"damage":1,"enemies":"Chosen","floor":18,"turns":3},{"damage":0,"enemies":"3 Byrds","floor":22,"turns":2},{"damage":5,"enemies":"Snake Plant","floor":24,"turns":4},{"damage":14,"enemies":"Slavers","floor":25,"turns":3},{"damage":19,"enemies":"Book of Stabbing","floor":28,"turns":4},{"damage":3,"enemies":"Shelled Parasite and Fungi","floor":29,"turns":5},{"damage":0,"enemies":"3 Cultists","floor":31,"turns":3},{"damage":46,"enemies":"Automaton","floor":33,"turns":6}],"seed_played":"1466325421580200053","potions_obtained":[{"floor":1,"key":"CunningPotion"},{"floor":4,"key":"Explosive Potion"},{"floor":12,"key":"AttackPotion"},{"floor":14,"key":"Regen Potion"},{"floor":25,"key":"SkillPotion"},{"floor":31,"key":"SteroidPotion"}],"is_trial":false,"path_per_floor":["M","?","?","M","?","R","T","M","T","R","?","E","M","E","R","B",null,"M","?","$","?","M","R","M","E","T","?","E","M","?","M","R","B"],"character_chosen":"THE_SILENT","items_purchased":["Snake Skull","ClockworkSouvenir"],"campfire_rested":1,"item_purchase_floors":[20,20],"current_hp_per_floor":[63,63,52,51,51,51,51,51,51,51,51,36,36,26,26,24,59,58,58,58,58,58,58,53,39,39,39,20,17,17,17,38,0,0],"gold":218,"neow_bonus":"RANDOM_COLORLESS_2","is_daily":false,"chose_seed":false,"campfire_upgraded":4,"win_rate":0.0,"timestamp":1610848544,"path_taken":["M","?","?","M","?","R","?","M","T","R","?","E","M","E","R","BOSS","M","?","$","?","?","R","M","E","T","?","E","?","?","M","R","BOSS"],"items_purchased_type":["Relic","Relic"],"build_version":"2020-12-22","purchased_purges":1,"victory":false,"max_hp_per_floor":[70,70,70,70,70,70,70,70,70,70,70,70,70,70,70,70,70,70,70,70,70,70,70,70,70,70,70,70,70,70,70,70,70,70],"card_choices":[{"not_picked":["Secret Technique","Chrysalis"],"picked":"Master of Strategy","floor":0},{"not_picked":["Slice","All Out Attack"],"picked":"Skewer","floor":1},{"not_picked":["Leg Sweep","PiercingWail"],"picked":"Bouncing Flask","floor":4},{"not_picked":["Bane","Accuracy"],"picked":"Deflect","floor":8},{"not_picked":["Caltrops","Bouncing Flask","Dagger Spray"],"picked":"SKIP","floor":12},{"not_picked":["Dagger Spray","Cloak And Dagger","Tactician"],"picked":"SKIP","floor":13},{"not_picked":["Expertise","Underhanded Strike","Deflect"],"picked":"SKIP","floor":14},{"not_picked":["Grand Finale","Night Terror"],"picked":"Corpse Explosion","floor":16},{"not_picked":["Flechettes","Deflect","Caltrops"],"picked":"SKIP","floor":18},{"not_picked":["Flechettes+1","Masterful Stab+1"],"picked":"Acrobatics","floor":22},{"not_picked":["Dagger Spray","Flying Knee"],"picked":"PiercingWail","floor":24},{"not_picked":["Dodge and Roll","Night Terror","Quick Slash+1"],"picked":"SKIP","floor":25},{"not_picked":["Predator+1","Dagger Spray"],"picked":"Wraith Form v2","floor":28},{"not_picked":["Masterful Stab","Cloak And Dagger"],"picked":"Well Laid Plans","floor":29},{"not_picked":["Flying Knee","Blade Dance","Poisoned Stab"],"picked":"SKIP","floor":31}],"player_experience":317507,"relics_obtained":[{"floor":7,"key":"Centennial Puzzle"},{"floor":9,"key":"Bag of Marbles"},{"floor":12,"key":"Darkstone Periapt"},{"floor":14,"key":"Potion Belt"},{"floor":25,"key":"Tiny Chest"},{"floor":28,"key":"CeramicFish"}],"event_choices":[{"damage_healed":0,"gold_gain":0,"player_choice":"Ignored","damage_taken":0,"max_hp_gain":0,"max_hp_loss":0,"event_name":"Golden Idol","floor":2,"gold_loss":0},{"damage_healed":0,"gold_gain":75,"player_choice":"Gather Gold","damage_taken":11,"max_hp_gain":0,"max_hp_loss":0,"event_name":"World of Goop","floor":3,"gold_loss":0},{"damage_healed":0,"gold_gain":0,"cards_transformed":["Strike_G"],"player_choice":"Change","damage_taken":0,"max_hp_gain":0,"max_hp_loss":0,"event_name":"Living Wall","floor":5,"gold_loss":0,"cards_obtained":["Poisoned Stab"]},{"damage_healed":0,"gold_gain":0,"player_choice":"Ignored","damage_taken":0,"max_hp_gain":0,"max_hp_loss":0,"event_name":"Liars Game","floor":11,"gold_loss":0},{"damage_healed":0,"gold_gain":99,"player_choice":"Stole From Cult","damage_taken":0,"max_hp_gain":0,"max_hp_loss":0,"event_name":"Nest","floor":19,"gold_loss":0},{"damage_healed":0,"gold_gain":0,"cards_transformed":["Strike_G"],"player_choice":"Transformed","damage_taken":0,"max_hp_gain":0,"max_hp_loss":0,"event_name":"Transmorgrifier","floor":21,"gold_loss":0,"cards_obtained":["Skewer"]},{"damage_healed":0,"gold_gain":0,"player_choice":"Trade","damage_taken":0,"relics_obtained":["GremlinMask"],"max_hp_gain":0,"max_hp_loss":0,"event_name":"FaceTrader","floor":27,"gold_loss":0},{"damage_healed":0,"gold_gain":0,"player_choice":"Ignored","damage_taken":0,"max_hp_gain":0,"max_hp_loss":0,"event_name":"Vampires","floor":30,"gold_loss":0}],"is_beta":false,"boss_relics":[{"not_picked":["Runic Dome","Cursed Key"],"picked":"Velvet Choker"}],"items_purged_floors":[20],"is_endless":false,"potions_floor_spawned":[1,4,12,14,25,31],"killed_by":"Automaton","ascension_level":9}}