{"host":"2hea6pl5vmah38iy","time":1610902953,"event":{"mods":["AchievementEnabler","BaseMod","Colored Map","DeckTracker","Keyboard Shortcuts","Minty Spire (QoL Compilation)","Rare Cards Sparkle","StSLib","SuperFastMode","everything is the same but u backflip on backflip"],"gold_per_floor":[113,113,32,49,49,83,83,107,107,107,107,130,203,224,224,320,320,334,355,107,16,41,76,90,90,113,132,167,182,213,263,263,356,356,379,712,727,727,745,775,795,795,795,795,822,822,822,426,426,426,426,426,111,140,140,140],"floor_reached":55,"language":"KOR","playtime":3611,"items_purged":["Strike_G","Strike_G","Strike_G"],"score":1848,"play_id":"58b14457-ad6e-44c8-a46a-09d584c7e129","local_time":"20210118020233","is_ascension_mode":true,"campfire_choices":[{"data":"Deadly Poison","floor":7.0,"key":"SMITH"},{"data":"Flechettes","floor":10.0,"key":"SMITH"},{"data":"Footwork","floor":15.0,"key":"SMITH"},{"floor":25.0,"key":"REST"},{"floor":32.0,"key":"REST"},{"floor":47.0,"key":"RECALL"},{"floor":49.0,"key":"REST"},{"floor":52,"key":"REST"}],"circlet_count":0,"master_deck":["AscendersBane","Defend_G","Defend_G","Defend_G","Neutralize","Cloak And Dagger","Expertise","Deadly Poison+1","Acrobatics","Blur","Well Laid Plans","Flechettes+1","Burst+1","Deflect+1","Footwork+1","Wraith Form v2","Backflip+1","Acrobatics+1","Concentrate+1","Blade Dance+1","Blade Dance+1","Calculated Gamble+1","Storm of Steel+1","Catalyst+1","Adrenaline+1","Blur+1","Adrenaline+1","Secret Technique+1","Escape Plan+1","Blur+1","Dodge and Roll+1","Escape Plan+1","Blur+1"],"relics":["Ring of the Snake","NeowsBlessing","Toxic Egg 2","Ninja Scroll","InkBottle","Fusion Hammer","Membership Card","Darkstone Periapt","PreservedInsect","Nunchaku","Blue Candle","Ornamental Fan","Empty Cage","MealTicket","Regal Pillow","Unceasing Top","Lantern","Orrery","Snake Skull","Blood Vial"],"acts_visited":["Exordium","TheCity","TheBeyond","TheEnding"],"potions_floor_usage":[50,55],"damage_taken":[{"damage":0.0,"enemies":"Small Slimes","floor":1.0,"turns":1.0},{"damage":0.0,"enemies":"Cultist","floor":4.0,"turns":1.0},{"damage":0.0,"enemies":"Gremlin Nob","floor":6.0,"turns":1.0},{"damage":0.0,"enemies":"2 Louse","floor":8.0,"turns":3.0},{"damage":7.0,"enemies":"2 Fungi Beasts","floor":12.0,"turns":3.0},{"damage":9.0,"enemies":"3 Sentries","floor":13.0,"turns":10.0},{"damage":3.0,"enemies":"Exordium Thugs","floor":14.0,"turns":3.0},{"damage":0.0,"enemies":"Hexaghost","floor":16.0,"turns":9.0},{"damage":9.0,"enemies":"Spheric Guardian","floor":18.0,"turns":7.0},{"damage":9.0,"enemies":"3 Byrds","floor":19.0,"turns":6.0},{"damage":17.0,"enemies":"Centurion and Healer","floor":22.0,"turns":6.0},{"damage":8.0,"enemies":"Slavers","floor":23.0,"turns":9.0},{"damage":0.0,"enemies":"3 Cultists","floor":24.0,"turns":5.0},{"damage":10.0,"enemies":"Cultist and Chosen","floor":27.0,"turns":8.0},{"damage":0.0,"enemies":"Gremlin Leader","floor":28.0,"turns":4.0},{"damage":7.0,"enemies":"Chosen and Byrds","floor":29.0,"turns":6.0},{"damage":0.0,"enemies":"Book of Stabbing","floor":30.0,"turns":4.0},{"damage":14.0,"enemies":"Collector","floor":33.0,"turns":8.0},{"damage":0.0,"enemies":"Orb Walker","floor":35.0,"turns":3.0},{"damage":0.0,"enemies":"3 Shapes","floor":37.0,"turns":3.0},{"damage":0.0,"enemies":"Jaw Worm Horde","floor":39.0,"turns":3.0},{"damage":0.0,"enemies":"Giant Head","floor":40.0,"turns":8.0},{"damage":0.0,"enemies":"Transient","floor":41.0,"turns":5.0},{"damage":0.0,"enemies":"Nemesis","floor":45.0,"turns":5.0},{"damage":5,"enemies":"Time Eater","floor":50,"turns":8},{"damage":0,"enemies":"Shield and Spear","floor":54,"turns":7},{"damage":81,"enemies":"The Heart","floor":55,"turns":12}],"seed_played":"-7632418706504810189","potions_obtained":[{"floor":4.0,"key":"Explosive Potion"},{"floor":6.0,"key":"FearPotion"},{"floor":14.0,"key":"DuplicationPotion"},{"floor":18.0,"key":"Regen Potion"},{"floor":22.0,"key":"DuplicationPotion"},{"floor":24.0,"key":"ColorlessPotion"},{"floor":29.0,"key":"EssenceOfSteel"},{"floor":33.0,"key":"CultistPotion"},{"floor":40.0,"key":"EssenceOfSteel"},{"floor":41.0,"key":"FairyPotion"}],"is_trial":false,"path_per_floor":["M","?","$","M","?","E","R","M","T","R","?","M","?","M","R","B",null,"M","M","$","?","M","E","M","R","T","M","E","M","E","?","R","B",null,"M","?","M","?","M","E","M","?","T","?","E","?","R","$","R","B",null,"R","$","E","B"],"character_chosen":"THE_SILENT","items_purchased":["Deadly Poison","Acrobatics","Membership Card","Concentrate+1","Unceasing Top","Lantern","Secret Technique+1","Orrery","Escape Plan+1","Snake Skull","EssenceOfSteel"],"campfire_rested":4,"item_purchase_floors":[3,3,20,20,48,48,48,53,53,53,53],"current_hp_per_floor":[59,59,59,59,59,59,59,59,59,59,52,45,36,33,33,33,53,44,35,35,35,18,25,25,43,43,33,33,26,26,20,38,24,51,51,51,51,51,51,51,51,51,51,51,51,51,51,57,57,52,56,57,57,57,0,0],"gold":140,"neow_bonus":"THREE_ENEMY_KILL","is_daily":false,"chose_seed":false,"campfire_upgraded":3,"win_rate":0.0,"timestamp":1610902953,"path_taken":["M","?","?","?","?","E","R","M","T","R","?","M","?","M","R","BOSS","M","M","$","?","M","E","?","R","T","M","E","M","E","?","R","BOSS","M","?","M","?","?","E","M","?","T","?","E","?","R","$","R","BOSS","R","$","E","BOSS"],"items_purchased_type":["Card","Card","Relic","Card","Relic","Relic","Card","Relic","Card","Relic","Potion"],"build_version":"2020-12-22","purchased_purges":3,"victory":false,"max_hp_per_floor":[66,66,66,66,60,60,60,60,60,60,60,60,60,60,60,60,60,60,60,60,60,60,60,60,60,60,60,60,60,60,60,60,60,60,60,60,60,60,60,60,60,60,60,57,57,57,57,57,57,57,57,57,57,57,57,57],"card_choices":[{"not_picked":["PiercingWail","Deflect"],"picked":"Cloak And Dagger","floor":1.0},{"not_picked":["Poisoned Stab","Predator"],"picked":"Blur","floor":4.0},{"not_picked":["Flying Knee","Slice"],"picked":"Well Laid Plans","floor":6.0},{"not_picked":["Dagger Spray","PiercingWail+1"],"picked":"Flechettes","floor":8.0},{"not_picked":["Acrobatics+1","Prepared+1"],"picked":"Burst+1","floor":12.0},{"not_picked":["Sucker Punch","Quick Slash"],"picked":"Deflect+1","floor":13.0},{"not_picked":["Outmaneuver+1","Setup+1"],"picked":"Footwork","floor":14.0},{"not_picked":["A Thousand Cuts","Storm of Steel+1"],"picked":"Wraith Form v2","floor":16.0},{"not_picked":["Dagger Throw","Bane"],"picked":"Backflip+1","floor":18.0},{"not_picked":["Prepared+1","Sucker Punch"],"picked":"Acrobatics+1","floor":19.0},{"not_picked":["Dagger Spray","All Out Attack"],"picked":"Blade Dance+1","floor":22.0},{"not_picked":["Dodge and Roll+1","Masterful Stab","Dagger Spray"],"picked":"SKIP","floor":23.0},{"not_picked":["Flying Knee","Bouncing Flask+1","Setup+1"],"picked":"SKIP","floor":24.0},{"not_picked":["Flying Knee+1","Caltrops","Unload"],"picked":"SKIP","floor":27.0},{"not_picked":["Flying Knee+1","Caltrops","Unload"],"picked":"SKIP","floor":27.0},{"not_picked":["Bane","Cloak And Dagger+1"],"picked":"Blade Dance+1","floor":28.0},{"not_picked":["Masterful Stab","Blade Dance+1"],"picked":"Calculated Gamble+1","floor":29.0},{"not_picked":["Underhanded Strike","Flechettes","Deflect+1"],"picked":"SKIP","floor":30.0},{"not_picked":["Doppelganger+1","Burst+1"],"picked":"Storm of Steel+1","floor":33.0},{"not_picked":["Sucker Punch","Skewer"],"picked":"Catalyst+1","floor":35.0},{"not_picked":["Acrobatics+1","Dagger Throw","Bane"],"picked":"SKIP","floor":37.0},{"not_picked":["Prepared+1","Deflect+1"],"picked":"Blur+1","floor":39.0},{"not_picked":["Dagger Throw","Well Laid Plans","Deadly Poison+1"],"picked":"SKIP","floor":40.0},{"not_picked":["Bane+1","Finisher","Dodge and Roll+1"],"picked":"SKIP","floor":41.0},{"not_picked":["Bane","Infinite Blades","Burst+1"],"picked":"SKIP","floor":45.0},{"not_picked":["Sucker Punch+1","Deadly Poison+1"],"picked":"Escape Plan+1","floor":53},{"not_picked":["Poisoned Stab","Wraith Form v2"],"picked":"Blur+1","floor":53},{"not_picked":["Dagger Spray","Blade Dance+1"],"picked":"Dodge and Roll+1","floor":53},{"not_picked":["Backstab","Dash"],"picked":"Blur+1","floor":54}],"player_experience":485816,"relics_obtained":[{"floor":6.0,"key":"Toxic Egg 2"},{"floor":9.0,"key":"Ninja Scroll"},{"floor":13.0,"key":"InkBottle"},{"floor":23.0,"key":"PreservedInsect"},{"floor":26.0,"key":"Nunchaku"},{"floor":28.0,"key":"Blue Candle"},{"floor":30.0,"key":"Ornamental Fan"},{"floor":40.0,"key":"MealTicket"},{"floor":45.0,"key":"Regal Pillow"},{"floor":54,"key":"Blood Vial"}],"event_choices":[{"damage_healed":0.0,"max_hp_gain":0.0,"max_hp_loss":0.0,"gold_gain":0.0,"cards_transformed":["Strike_G"],"event_name":"Transmorgrifier","player_choice":"Transformed","floor":2.0,"gold_loss":0.0,"damage_taken":0.0,"cards_obtained":["Expertise"]},{"damage_healed":0.0,"max_hp_gain":0.0,"max_hp_loss":6.0,"gold_gain":0.0,"event_name":"Golden Idol","player_choice":"Lose Max HP","floor":5.0,"gold_loss":0.0,"damage_taken":0.0,"relics_obtained":["Golden Idol"]},{"cards_removed":["Defend_G"],"damage_healed":0.0,"max_hp_gain":0.0,"max_hp_loss":0.0,"gold_gain":0.0,"event_name":"Golden Wing","player_choice":"Card Removal","floor":11.0,"gold_loss":0.0,"damage_taken":7.0},{"damage_healed":0.0,"max_hp_gain":0.0,"max_hp_loss":0.0,"gold_gain":0.0,"event_name":"Dead Adventurer","player_choice":"Searched \u00272\u0027 times","floor":13.0,"gold_loss":0.0,"damage_taken":0.0},{"damage_healed":0.0,"max_hp_gain":0.0,"max_hp_loss":0.0,"gold_gain":0.0,"event_name":"WeMeetAgain","player_choice":"Paid Gold","floor":21.0,"gold_loss":91.0,"damage_taken":0.0,"relics_obtained":["Darkstone Periapt"]},{"damage_healed":0.0,"max_hp_gain":0.0,"max_hp_loss":0.0,"gold_gain":50.0,"event_name":"FaceTrader","player_choice":"Touch","floor":31.0,"gold_loss":0.0,"damage_taken":6.0},{"damage_healed":0.0,"max_hp_gain":0.0,"max_hp_loss":0.0,"gold_gain":333.0,"event_name":"The Moai Head","player_choice":"Gave Idol","floor":36.0,"relics_lost":["Golden Idol"],"gold_loss":0.0,"damage_taken":0.0},{"damage_healed":0.0,"max_hp_gain":0.0,"max_hp_loss":0.0,"gold_gain":0.0,"event_name":"Match and Keep!","player_choice":"1 cards matched","floor":38.0,"gold_loss":0.0,"damage_taken":0.0,"cards_obtained":["Adrenaline"]},{"cards_removed":["Survivor"],"damage_healed":0.0,"max_hp_gain":0.0,"max_hp_loss":0.0,"gold_gain":0.0,"event_name":"Falling","player_choice":"Removed Skill","floor":42.0,"gold_loss":0.0,"damage_taken":0.0},{"damage_healed":0.0,"max_hp_gain":0.0,"max_hp_loss":3.0,"gold_gain":0.0,"event_name":"Winding Halls","player_choice":"Max HP","floor":44.0,"gold_loss":0.0,"damage_taken":0.0},{"damage_healed":0.0,"max_hp_gain":0.0,"max_hp_loss":0.0,"gold_gain":0.0,"event_name":"Duplicator","player_choice":"Copied","floor":46.0,"gold_loss":0.0,"damage_taken":0.0,"cards_obtained":["Adrenaline"]}],"is_beta":false,"boss_relics":[{"not_picked":["Ectoplasm","SlaversCollar"],"picked":"Fusion Hammer"},{"not_picked":["SacredBark","Runic Dome"],"picked":"Empty Cage"}],"items_purged_floors":[20,48,53],"is_endless":false,"potions_floor_spawned":[4,6,14,18,22,24,29,33,40,41,54],"killed_by":"The Heart","ascension_level":16}}