{"host":"640uue19m79c7wbt","time":1610853052,"event":{"mods":["BaseMod","Colored Map","Googly Eyes","Highlight Path","Minty Spire (QoL Compilation)","Quick Restart","StSLib"],"gold_per_floor":[116,116,116,7,7,40,56,87,87,87,107,127,167,67,67,196,196,219,235,175,175,175],"floor_reached":21,"language":"ENG","playtime":760,"items_purged":["Strike_G","Strike_G"],"score":344,"play_id":"cd30ff88-1cb4-461c-92e2-439a74666afe","local_time":"20210116221052","is_ascension_mode":true,"campfire_choices":[{"floor":10.0,"key":"REST"},{"floor":15.0,"key":"REST"}],"circlet_count":0,"master_deck":["AscendersBane","Strike_G+1","Strike_G+1","Defend_G","Defend_G","Defend_G","Defend_G","Survivor","Neutralize+1","PiercingWail","Noxious Fumes","Skewer+1","Noxious Fumes","Envenom","Prepared","Cloak And Dagger","Underhanded Strike","Bullet Time","Blade Dance","Blur","Flechettes","Backstab"],"relics":["Ring of the Snake","NeowsBlessing","Golden Idol","Orichalcum","Whetstone","Pear","Art of War"],"acts_visited":["Exordium","TheCity"],"potions_floor_usage":[],"damage_taken":[{"damage":0.0,"enemies":"Small Slimes","floor":1.0,"turns":1.0},{"damage":0.0,"enemies":"3 Sentries","floor":6.0,"turns":2.0},{"damage":0.0,"enemies":"Jaw Worm","floor":7.0,"turns":1.0},{"damage":20.0,"enemies":"Gremlin Nob","floor":8.0,"turns":6.0},{"damage":0.0,"enemies":"2 Louse","floor":11.0,"turns":3.0},{"damage":8.0,"enemies":"Gremlin Gang","floor":12.0,"turns":5.0},{"damage":11.0,"enemies":"Lagavulin","floor":13.0,"turns":6.0},{"damage":24.0,"enemies":"The Guardian","floor":16.0,"turns":10.0},{"damage":36.0,"enemies":"3 Byrds","floor":18.0,"turns":6.0},{"damage":0.0,"enemies":"Chosen","floor":19.0,"turns":5.0},{"damage":32,"enemies":"3 Cultists","floor":21,"turns":4}],"seed_played":"2418917061460563211","potions_obtained":[{"floor":6.0,"key":"Block Potion"},{"floor":7.0,"key":"EssenceOfSteel"},{"floor":11.0,"key":"EssenceOfSteel"},{"floor":19.0,"key":"Dexterity Potion"}],"is_trial":false,"path_per_floor":["M","?","?","$","?","E","M","E","T","R","M","M","E","$","R","B",null,"M","M","?","M"],"character_chosen":"THE_SILENT","items_purchased":["Noxious Fumes"],"campfire_rested":2,"item_purchase_floors":[4],"current_hp_per_floor":[63,46,32,32,25,25,25,5,15,39,39,31,20,20,44,20,65,29,29,29,0,0],"gold":175,"neow_bonus":"THREE_ENEMY_KILL","is_daily":false,"chose_seed":false,"campfire_upgraded":0,"win_rate":0.0,"timestamp":1610853052,"path_taken":["M","?","?","$","?","E","?","E","T","R","M","M","E","?","R","BOSS","M","M","?","?"],"items_purchased_type":["Card"],"build_version":"2020-12-22","purchased_purges":2,"victory":false,"max_hp_per_floor":[70,70,70,70,70,70,70,70,80,80,80,80,80,80,80,80,80,80,80,80,80,80],"card_choices":[{"not_picked":["Acrobatics","Quick Slash"],"picked":"PiercingWail","floor":1.0},{"not_picked":["Dodge and Roll","Flechettes"],"picked":"Skewer","floor":6.0},{"not_picked":["Heel Hook","Dagger Spray"],"picked":"Noxious Fumes","floor":7.0},{"not_picked":["Underhanded Strike","Escape Plan"],"picked":"Envenom","floor":8.0},{"not_picked":["Skewer","Poisoned Stab"],"picked":"Prepared","floor":11.0},{"not_picked":["Leg Sweep","Sucker Punch"],"picked":"Cloak And Dagger","floor":12.0},{"not_picked":["Dodge and Roll","Outmaneuver"],"picked":"Underhanded Strike","floor":13.0},{"not_picked":["Burst","Venomology"],"picked":"Bullet Time","floor":16.0},{"not_picked":["Skewer+1","Flechettes+1"],"picked":"Blade Dance","floor":18.0},{"not_picked":["Heel Hook","Dash"],"picked":"Blur","floor":19.0}],"player_experience":594389,"relics_obtained":[{"floor":6.0,"key":"Orichalcum"},{"floor":8.0,"key":"Whetstone"},{"floor":9.0,"key":"Pear"},{"floor":13.0,"key":"Art of War"}],"event_choices":[{"damage_healed":0.0,"max_hp_gain":0.0,"max_hp_loss":0.0,"gold_gain":0.0,"event_name":"Golden Idol","player_choice":"Take Damage","floor":2.0,"gold_loss":0.0,"damage_taken":17.0,"relics_obtained":["Golden Idol"]},{"damage_healed":0.0,"max_hp_gain":0.0,"max_hp_loss":0.0,"gold_gain":0.0,"event_name":"Shining Light","player_choice":"Entered Light","floor":3.0,"gold_loss":0.0,"damage_taken":14.0,"cards_upgraded":["Neutralize","Strike_G"]},{"damage_healed":0.0,"max_hp_gain":0.0,"max_hp_loss":0.0,"gold_gain":0.0,"event_name":"Wheel of Change","player_choice":"Damaged","floor":5.0,"gold_loss":0.0,"damage_taken":7.0},{"damage_healed":0,"gold_gain":0,"cards_transformed":["Strike_G","Defend_G"],"player_choice":"Transformed Cards","damage_taken":0,"max_hp_gain":0,"max_hp_loss":0,"event_name":"Designer","floor":20,"gold_loss":60,"cards_obtained":["Flechettes","Backstab"]}],"is_beta":false,"boss_relics":[{"not_picked":["Velvet Choker","Busted Crown","Snecko Eye"]}],"items_purged_floors":[4,14],"is_endless":false,"potions_floor_spawned":[6,7,11,19],"killed_by":"3 Cultists","ascension_level":11}}