{"host":"sum4dy402bbv9y4o","time":1610908918,"event":{"mods":["Aspiration","BaseMod","Conspire","Highlight Path","Minty Spire (QoL Compilation)","StSLib"],"gold_per_floor":[116,127,52,65,65,98,98,133,133,133,143,143,171,187,187,261,261,281,293,36,36,36,36,66,66,66,101,120,140,159,171,171,247,247,266,281,292,1,15,50,50,75,75,75,75,93,112,140,140,140,140],"floor_reached":52,"language":"ENG","playtime":2651,"items_purged":["Strike_R","Strike_R","Strike_R"],"score":2107,"play_id":"9e2897ce-31ef-44c3-8520-802f577020af","local_time":"20210117214158","is_ascension_mode":true,"campfire_choices":[{"data":"True Grit","floor":7,"key":"SMITH"},{"floor":10,"key":"REST"},{"floor":12,"key":"REST"},{"data":"Inflame","floor":15,"key":"SMITH"},{"floor":23,"key":"REST"},{"data":"Berserk","floor":25,"key":"SMITH"},{"floor":32,"key":"REST"},{"data":"Rage","floor":41,"key":"SMITH"},{"floor":44,"key":"REST"},{"data":"Metallicize","floor":49,"key":"SMITH"}],"circlet_count":0,"master_deck":["AscendersBane","Defend_R","Defend_R","Defend_R","Bash","Headbutt","Inflame+1","True Grit+1","Rampage","conspire:Charge","Metallicize+1","Berserk+1","Cleave","Iron Wave","Exhume+1","Power Through+1","Sentinel+1","Heavy Blade","Body Slam+1","Rage+1","Intimidate","Anger","Body Slam+1","Dropkick+1"],"relics":["Burning Blood","aspiration:Nostalgia","Ring of the Snake","Pocketwatch","aspiration:ChemicalBlood","Ancient Tea Set","Strawberry","Runic Pyramid","Potion Belt","Spirit Poop","aspiration:Headhunter","Du-Vu Doll","Lizard Tail","Astrolabe","Bag of Preparation","Letter Opener","Omamori","Anchor"],"acts_visited":["Exordium","TheCity","TheBeyond"],"potions_floor_usage":[8,18,18,19,19,24,24,24,27,30,33,33,33,33,35,39,39,40,42,50,50,50,50,50],"damage_taken":[{"damage":7,"enemies":"Jaw Worm","floor":1,"turns":3},{"damage":7,"enemies":"Cultist","floor":2,"turns":4},{"damage":4,"enemies":"Small Slimes","floor":4,"turns":4},{"damage":45,"enemies":"3 Sentries","floor":6,"turns":12},{"damage":21,"enemies":"Lagavulin","floor":8,"turns":6},{"damage":4,"enemies":"Red Slaver","floor":11,"turns":3},{"damage":8,"enemies":"Gremlin Nob","floor":13,"turns":3},{"damage":0,"enemies":"Blue Slaver","floor":14,"turns":5},{"damage":20,"enemies":"Slime Boss","floor":16,"turns":8},{"damage":18,"enemies":"3 Byrds","floor":18,"turns":7},{"damage":41,"enemies":"2 Thieves","floor":19,"turns":4},{"damage":43,"enemies":"Slavers","floor":24,"turns":6},{"damage":8,"enemies":"Gremlin Leader","floor":27,"turns":4},{"damage":12,"enemies":"Centurion and Healer","floor":28,"turns":5},{"damage":0,"enemies":"3 Cultists","floor":29,"turns":4},{"damage":12,"enemies":"Snake Plant","floor":30,"turns":4},{"damage":9,"enemies":"Centurion and Healer","floor":31,"turns":4},{"damage":67,"enemies":"Champ","floor":33,"turns":7},{"damage":0,"enemies":"3 Darklings","floor":35,"turns":14},{"damage":0,"enemies":"Orb Walker","floor":36,"turns":3},{"damage":8,"enemies":"4 Shapes","floor":37,"turns":5},{"damage":7,"enemies":"Sphere and 2 Shapes","floor":39,"turns":5},{"damage":22,"enemies":"Giant Head","floor":40,"turns":7},{"damage":21,"enemies":"Reptomancer","floor":42,"turns":5},{"damage":0,"enemies":"Maw","floor":46,"turns":3},{"damage":0,"enemies":"Spire Growth","floor":47,"turns":3},{"damage":12,"enemies":"Nemesis","floor":48,"turns":5},{"damage":10,"enemies":"Awakened One","floor":50,"turns":8},{"damage":0,"enemies":"Donu and Deca","floor":51,"turns":8}],"seed_played":"7564113264871824350","potions_obtained":[{"floor":4,"key":"FairyPotion"},{"floor":6,"key":"AttackPotion"},{"floor":8,"key":"Weak Potion"},{"floor":16,"key":"AttackPotion"},{"floor":19,"key":"Regen Potion"},{"floor":24,"key":"BloodPotion"},{"floor":30,"key":"Regen Potion"},{"floor":39,"key":"BlessingOfTheForge"},{"floor":46,"key":"Energy Potion"},{"floor":47,"key":"PowerPotion"},{"floor":48,"key":"Block Potion"},{"floor":50,"key":"Explosive Potion"}],"is_trial":false,"path_per_floor":["M","M","$","M","?","E","R","E","T","R","M","R","E","M","R","B",null,"M","M","$","?","?","R","E","R","T","E","M","M","M","M","R","B",null,"M","M","M","$","M","E","R","E","T","R","?","M","M","E","R","B","B",null],"character_chosen":"IRONCLAD","items_purchased":["Potion Belt","Rage","Regen Potion"],"campfire_rested":5,"item_purchase_floors":[20,38,38],"current_hp_per_floor":[67,66,66,68,64,25,25,10,10,32,34,56,61,67,67,53,75,63,28,28,28,28,52,30,30,30,44,38,44,38,35,59,13,65,82,82,80,80,82,66,66,51,51,75,75,81,82,76,76,72,78],"gold":140,"neow_bonus":"NOSTALGIA","is_daily":false,"chose_seed":false,"campfire_upgraded":5,"win_rate":0.0,"timestamp":1610908918,"path_taken":["M","M","$","M","?","E","R","E","T","R","M","R","E","M","R","BOSS","M","M","$","?","?","R","E","R","T","E","M","M","?","M","R","BOSS","M","M","?","$","M","E","R","E","T","R","?","M","?","E","R","BOSS","BOSS"],"items_purchased_type":["Relic","Card","Potion"],"build_version":"2020-12-22","purchased_purges":3,"victory":true,"max_hp_per_floor":[75,75,75,75,75,75,75,75,75,75,75,75,82,82,82,82,82,82,82,82,82,82,82,82,82,82,82,82,82,82,82,82,82,82,82,82,82,82,82,82,82,82,82,82,82,82,82,82,82,82,82],"card_choices":[{"not_picked":["Body Slam","Clothesline"],"picked":"Headbutt","floor":1},{"not_picked":["Clash","Entrench","Clothesline"],"picked":"SKIP","floor":2},{"not_picked":["Shrug It Off","Cleave"],"picked":"Inflame","floor":4},{"not_picked":["Havoc","Flex"],"picked":"True Grit","floor":6},{"not_picked":["Brutality","Pummel"],"picked":"Rampage","floor":8},{"not_picked":["conspire:ExplosiveBarrier","Clothesline"],"picked":"conspire:Charge","floor":11},{"not_picked":["Sentinel","Wild Strike","Clothesline"],"picked":"SKIP","floor":13},{"not_picked":["Evolve","Iron Wave","Sword Boomerang"],"picked":"SKIP","floor":14},{"not_picked":["Clothesline","Anger","Iron Wave"],"picked":"SKIP","floor":18},{"not_picked":["Body Slam","Blood for Blood"],"picked":"Metallicize","floor":19},{"not_picked":["Clash","Pommel Strike"],"picked":"Berserk","floor":24},{"not_picked":["Flame Barrier+1","Thunderclap"],"picked":"Cleave","floor":27},{"not_picked":["Combust","Wild Strike","Havoc"],"picked":"SKIP","floor":28},{"not_picked":["Carnage","True Grit","Clothesline"],"picked":"SKIP","floor":29},{"not_picked":["Whirlwind","Reckless Charge","Carnage"],"picked":"SKIP","floor":30},{"not_picked":["Headbutt","Battle Trance"],"picked":"Iron Wave","floor":31},{"not_picked":["True Grit","Uppercut","Thunderclap"],"picked":"SKIP","floor":35},{"not_picked":["Havoc","Reckless Charge"],"picked":"Heavy Blade","floor":36},{"not_picked":["Fiend Fire","Wild Strike"],"picked":"Body Slam+1","floor":37},{"not_picked":["Cleave","Anger"],"picked":"Intimidate","floor":39},{"not_picked":["Flex","Pommel Strike"],"picked":"Anger","floor":40},{"not_picked":["conspire:Purge","True Grit"],"picked":"Body Slam+1","floor":42},{"not_picked":["True Grit","Sword Boomerang","Heavy Blade"],"picked":"SKIP","floor":46},{"not_picked":["Blood for Blood","Perfected Strike"],"picked":"Dropkick+1","floor":47},{"not_picked":["Perfected Strike","Warcry+1","Limit Break"],"picked":"SKIP","floor":48}],"player_experience":2952840,"relics_obtained":[{"floor":6,"key":"Pocketwatch"},{"floor":8,"key":"aspiration:ChemicalBlood"},{"floor":9,"key":"Ancient Tea Set"},{"floor":13,"key":"Strawberry"},{"floor":24,"key":"aspiration:Headhunter"},{"floor":26,"key":"Du-Vu Doll"},{"floor":27,"key":"Lizard Tail"},{"floor":40,"key":"Bag of Preparation"},{"floor":42,"key":"Letter Opener"},{"floor":43,"key":"Omamori"},{"floor":48,"key":"Anchor"}],"event_choices":[{"damage_healed":0,"gold_gain":0,"player_choice":"Leave","damage_taken":0,"max_hp_gain":0,"max_hp_loss":0,"event_name":"conspire:Investor","floor":5,"gold_loss":0},{"cards_removed":["Shame"],"damage_healed":0,"gold_gain":0,"player_choice":"Offered Curse","damage_taken":0,"relics_obtained":["Spirit Poop"],"max_hp_gain":0,"max_hp_loss":0,"event_name":"Bonfire Elementals","floor":22,"gold_loss":0},{"damage_healed":0,"gold_gain":0,"player_choice":"Ignored","damage_taken":0,"max_hp_gain":0,"max_hp_loss":0,"event_name":"SecretPortal","floor":45,"gold_loss":0}],"is_beta":false,"boss_relics":[{"not_picked":["aspiration:WatcherSkillbook","aspiration:PoetsPen"],"picked":"Runic Pyramid"},{"not_picked":["Fusion Hammer","conspire:SeveredTorchhead"],"picked":"Astrolabe"}],"items_purged_floors":[3,20,38],"is_endless":false,"potions_floor_spawned":[4,6,8,13,19,24,30,39,46,47,48],"ascension_level":20}}