{"host":"i0avyit1s6jb1siw","time":1610893071,"event":{"mods":["BaseMod","DeckTracker","Dota2Spire","Highlight Path","Minty Spire (QoL Compilation)","Quick Restart","StSLib","SuperFastMode"],"gold_per_floor":[113,127,127,70,70,97,117,117,117,135,154,168,182,207,207,278,278,294,52,68,118,128,128,128,128],"floor_reached":24,"language":"ENG","playtime":673,"items_purged":["Strike_G"],"score":470,"play_id":"eb687eb1-e255-4bfe-bcb8-96818032283a","local_time":"20210117151751","is_ascension_mode":true,"campfire_choices":[{"data":"Eviscerate","floor":8.0,"key":"SMITH"},{"data":"Footwork","floor":15.0,"key":"SMITH"},{"floor":23,"key":"REST"}],"circlet_count":0,"master_deck":["AscendersBane","Strike_G","Strike_G","Strike_G","Strike_G","Defend_G","Defend_G","Defend_G","Defend_G","Defend_G","Survivor","Neutralize","Eviscerate+1","Flying Knee","Prepared+1","All Out Attack","Dash","Bouncing Flask","Footwork","Footwork+1","Escape Plan","Adrenaline"],"relics":["Ring of the Snake","NeowsBlessing","Dota2Spire:Dagon","InkBottle","Darkstone Periapt","SacredBark","Lee\u0027s Waffle"],"acts_visited":["Exordium","TheCity"],"potions_floor_usage":[16,24],"damage_taken":[{"damage":0.0,"enemies":"2 Louse","floor":1.0,"turns":1.0},{"damage":0.0,"enemies":"Cultist","floor":2.0,"turns":1.0},{"damage":0.0,"enemies":"Gremlin Nob","floor":6.0,"turns":1.0},{"damage":3.0,"enemies":"Small Slimes","floor":7.0,"turns":3.0},{"damage":0.0,"enemies":"2 Fungi Beasts","floor":10.0,"turns":2.0},{"damage":1.0,"enemies":"Red Slaver","floor":11.0,"turns":2.0},{"damage":1.0,"enemies":"Blue Slaver","floor":12.0,"turns":4.0},{"damage":11.0,"enemies":"Exordium Wildlife","floor":13.0,"turns":4.0},{"damage":31.0,"enemies":"3 Sentries","floor":14.0,"turns":6.0},{"damage":16,"enemies":"The Guardian","floor":16,"turns":15},{"damage":23,"enemies":"3 Byrds","floor":18,"turns":8},{"damage":14,"enemies":"Shell Parasite","floor":20,"turns":8},{"damage":53,"enemies":"Shelled Parasite and Fungi","floor":22,"turns":14},{"damage":35,"enemies":"Sentry and Sphere","floor":24,"turns":7}],"seed_played":"-6150283624437023202","potions_obtained":[{"floor":6.0,"key":"SkillPotion"},{"floor":11.0,"key":"Regen Potion"},{"floor":12.0,"key":"Swift Potion"},{"floor":14.0,"key":"Fire Potion"}],"is_trial":false,"path_per_floor":["M","M","?","$","?","E","M","R","T","M","M","M","M","E","R","B",null,"M","$","M","?","M","R","M"],"character_chosen":"THE_SILENT","items_purchased":["Prepared","Lee\u0027s Waffle"],"campfire_rested":1,"item_purchase_floors":[4,19],"current_hp_per_floor":[59,59,64,64,64,64,61,61,61,61,60,59,48,32,32,16,57,34,78,64,64,11,34,0,0],"gold":128,"neow_bonus":"THREE_ENEMY_KILL","is_daily":false,"chose_seed":false,"campfire_upgraded":2,"win_rate":0.0,"timestamp":1610893071,"path_taken":["M","M","?","$","?","E","?","R","T","M","M","M","M","E","R","BOSS","M","$","M","?","M","R","?"],"items_purchased_type":["Card","Relic"],"build_version":"2020-12-22","purchased_purges":1,"victory":false,"max_hp_per_floor":[66,66,71,71,71,71,71,71,71,71,71,71,71,71,71,71,71,71,78,78,78,78,78,78,78],"card_choices":[{"not_picked":["Underhanded Strike","Catalyst"],"picked":"Eviscerate","floor":1.0},{"not_picked":["Backflip","Dodge and Roll"],"picked":"Flying Knee","floor":2.0},{"not_picked":["Backflip","Noxious Fumes"],"picked":"All Out Attack","floor":6.0},{"not_picked":["Deflect","All Out Attack"],"picked":"Dash","floor":7.0},{"not_picked":["Sucker Punch","Quick Slash"],"picked":"Bouncing Flask","floor":10.0},{"not_picked":["Doppelganger","Dash"],"picked":"Footwork","floor":11.0},{"not_picked":["Cloak And Dagger","Dodge and Roll"],"picked":"Footwork","floor":12.0},{"not_picked":["Outmaneuver","Slice"],"picked":"Escape Plan","floor":13.0},{"not_picked":["Quick Slash","Prepared","Backflip"],"picked":"SKIP","floor":14.0},{"not_picked":["Wraith Form v2","Burst"],"picked":"Adrenaline","floor":16},{"not_picked":["Dagger Spray","Slice+1","Deadly Poison"],"picked":"SKIP","floor":18},{"not_picked":["Dagger Spray","Choke","Slice+1"],"picked":"SKIP","floor":20},{"not_picked":["Footwork","Accuracy","Flying Knee"],"picked":"SKIP","floor":22}],"player_experience":2270218,"relics_obtained":[{"floor":6.0,"key":"Dota2Spire:Dagon"},{"floor":9.0,"key":"InkBottle"},{"floor":14.0,"key":"Darkstone Periapt"}],"event_choices":[{"damage_healed":0.0,"max_hp_gain":5.0,"max_hp_loss":0.0,"gold_gain":0.0,"event_name":"Big Fish","player_choice":"Donut","floor":3.0,"gold_loss":0.0,"damage_taken":0.0},{"damage_healed":0.0,"max_hp_gain":0.0,"max_hp_loss":0.0,"gold_gain":0.0,"event_name":"Accursed Blacksmith","player_choice":"Forge","floor":5.0,"gold_loss":0.0,"damage_taken":0.0,"cards_upgraded":["Prepared"]},{"damage_healed":0,"gold_gain":50,"player_choice":"Pray","damage_taken":0,"max_hp_gain":0,"max_hp_loss":0,"event_name":"Golden Shrine","floor":21,"gold_loss":0}],"is_beta":false,"boss_relics":[{"not_picked":["Busted Crown","WristBlade"],"picked":"SacredBark"}],"items_purged_floors":[19],"is_endless":false,"potions_floor_spawned":[6,11,12,13,14],"killed_by":"Sentry and Sphere","ascension_level":20}}