{"host":"df48i9djcn92c5sx","time":1610893174,"event":{"mods":["BaseMod","Downfall","Marisa£®ÏF”Í°°ƒß¿Ì…≥£©","Minty Spire (QoL Compilation)","READ ME - Guardian Mod","READ ME - Snecko Mod","Reimu£®≤©¿ˆ¡È√Œ£©","Remilia£®¿Ÿ√◊¿Ú—«£©","Shop Mod","StSLib","The Jungle","The Servant 0.9.4"],"gold_per_floor":[99,99,99,99,99,117,117,117,117,136,136,152,165,193,213,317,317,317,331,347,332,432,132,183,17,17,42,52,64,64,64,75,176,176,176,195,210,226,244,244,322,39,70,70,120,120,136,136,155,155,155,189,63,63,63,63,63],"floor_reached":56,"language":"ZHS","playtime":3168,"items_purged":["bronze:Strike"],"score":822,"play_id":"9c41c0be-8334-4bd5-ab42-4a459f57816a","local_time":"20210117221934","is_ascension_mode":false,"campfire_choices":[{"data":"bronze:Replicate","floor":1,"key":"SMITH"},{"data":"bronze:DelayedGuard","floor":9,"key":"SMITH"},{"data":"bronze:Repair","floor":11,"key":"SMITH"},{"floor":18,"key":"RECALL"},{"data":"bronze:RecursiveStrike","floor":23,"key":"SMITH"},{"data":"bronze:DarkDash","floor":26,"key":"SMITH"},{"data":"bronze:BronzeOrb","floor":30,"key":"SMITH"},{"data":"bronze:CleanCode","floor":35,"key":"SMITH"},{"data":"bronze:Mutator","floor":40,"key":"SMITH"},{"data":"bronze:Verify","floor":44,"key":"SMITH"},{"floor":54,"key":"REST"}],"circlet_count":0,"master_deck":["bronze:Strike","bronze:Strike","bronze:Defend","bronze:Defend","bronze:Defend","bronze:Defend","bronze:Replicate+1","bronze:Goto","bronze:DelayedGuard+1","bronze:Shell","bronze:ItsAFeature","bronze:Repair+1","bronze:BronzeOrb+1","bronze:BronzeArmor","bronze:FineTuning","bronze:DarkDash+1","bronze:ClassDefault","bronze:RecursiveStrike+1","bronze:WhirlingStrike+1","bronze:Constructor","bronze:Iterate+1","bronze:ChildClass+1","bronze:Boost","bronze:Invalidate+1","bronze:RecursiveStrike+1","bronze:CleanCode+1","bronze:Mutator+1","bronze:Branch+1","bronze:Fortify+1","bronze:Verify+1","bronze:CloningBeam+1","bronze:GetLatest+1","bronze:DelayedSlice+1"],"relics":["bronze:BronzeCore","downfall:HeartsMalice","HornCleat","Snecko Eye","downfall:HeartBlessingRed","downfall:HeartBlessingGreen","downfall:HeartBlessingBlue","Bag of Preparation","Lantern","Sozu","bronze:CableSpool","bronze:ProtectiveGoggles","MerchantsRug","Mango"],"acts_visited":["Exordium","TheCity","TheBeyond","TheEnding"],"potions_floor_usage":[14,14,16,16,25,33,33,33,33,33,33],"damage_taken":[{"damage":0,"enemies":"Jaw Worm","floor":2,"turns":1},{"damage":0,"enemies":"Cultist","floor":3,"turns":1},{"damage":0,"enemies":"2 Louse","floor":4,"turns":1},{"damage":6,"enemies":"Exordium Thugs","floor":6,"turns":6},{"damage":1,"enemies":"2 Fungi Beasts","floor":10,"turns":5},{"damage":1,"enemies":"3 Louse","floor":12,"turns":5},{"damage":5,"enemies":"Large Slime","floor":13,"turns":7},{"damage":0,"enemies":"Lagavulin","floor":14,"turns":5},{"damage":0,"enemies":"Blue Slaver","floor":15,"turns":4},{"damage":82,"enemies":"IC_STATUS_ARCHETYPE","floor":16,"turns":15},{"damage":3,"enemies":"3 Byrds","floor":19,"turns":6},{"damage":9,"enemies":"Cultist and Chosen","floor":20,"turns":6},{"damage":0,"enemies":"downfall:FleeingMerchant","floor":21,"turns":4},{"damage":0,"enemies":"downfall:FleeingMerchant","floor":25,"turns":4},{"damage":0,"enemies":"Gremlin Leader","floor":27,"turns":6},{"damage":0,"enemies":"Snake Plant","floor":28,"turns":4},{"damage":0,"enemies":"Chosen and Byrds","floor":29,"turns":4},{"damage":3,"enemies":"Snecko","floor":32,"turns":6},{"damage":26,"enemies":"SI_MIRROR_ARCHETYPE","floor":33,"turns":8},{"damage":0,"enemies":"3 Darklings","floor":36,"turns":5},{"damage":0,"enemies":"3 Shapes","floor":37,"turns":4},{"damage":35,"enemies":"Maw","floor":38,"turns":7},{"damage":0,"enemies":"Jaw Worm Horde","floor":39,"turns":4},{"damage":0,"enemies":"downfall:FleeingMerchant","floor":42,"turns":4},{"damage":0,"enemies":"Nemesis","floor":43,"turns":3},{"damage":0,"enemies":"Nemesis","floor":45,"turns":2},{"damage":13,"enemies":"Writhing Mass","floor":47,"turns":4},{"damage":16,"enemies":"Spire Growth","floor":49,"turns":5},{"damage":50,"enemies":"DF_ARCHETYPE_ORBS","floor":50,"turns":9},{"damage":94,"enemies":"downfall:CharBossMerchant","floor":52,"turns":11},{"damage":49,"enemies":"downfall:NeowBoss","floor":55,"turns":14},{"damage":87,"enemies":"downfall:NeowBossFinal","floor":56,"turns":11}],"seed_played":"2294835688797252711","potions_obtained":[{"floor":6,"key":"DuplicationPotion"},{"floor":10,"key":"AttackPotion"},{"floor":12,"key":"Swift Potion"},{"floor":13,"key":"Strength Potion"},{"floor":14,"key":"Explosive Potion"},{"floor":19,"key":"FearPotion"},{"floor":28,"key":"EntropicBrew"},{"floor":29,"key":"bronze:BuildAFunctionPotion"},{"floor":32,"key":"champ:CounterPotion"}],"is_trial":false,"path_per_floor":["R","M","M","M","?","M","T","?","R","M","R","M","M","E","M","B",null,"R","M","M","$","?","R","T","$","R","E","M","M","R","?","M","B",null,"R","M","M","M","M","R","T","$","E","R","?","?","M","?","M","B",null,"E","$","R","B","B"],"character_chosen":"THE_AUTOMATON","items_purchased":["Lantern","Lee\u0027s Waffle","StrikeDummy","bronze:ProtectiveGoggles","MerchantsRug","Mango"],"campfire_rested":1,"item_purchase_floors":[25,42,42,42,53,53],"current_hp_per_floor":[70,70,70,70,70,64,64,64,64,70,70,69,70,70,70,2,70,70,67,65,70,70,80,80,80,80,80,80,80,80,80,77,59,80,80,80,80,45,55,55,55,87,87,87,87,87,74,74,68,37,87,43,57,87,48,0,0],"gold":63,"neow_bonus":"THREE_ENEMY_KILL","is_daily":false,"chose_seed":false,"campfire_upgraded":9,"win_rate":0.0,"timestamp":1610893174,"path_taken":["R","M","M","M","?","?","T","?","R","M","R","M","M","E","M","BOSS","R","M","M","$","?","R","T","?","R","E","?","M","R","?","M","BOSS","R","M","?","M","?","R","T","$","E","R","?","?","?","?","M","BOSS","E","$","R","BOSS","BOSS"],"items_purchased_type":["Relic","Relic","Relic","Relic","Relic","Relic"],"build_version":"2020-12-22","purchased_purges":1,"victory":false,"max_hp_per_floor":[70,70,70,70,70,70,70,70,70,70,70,70,70,70,70,70,70,70,70,70,70,70,80,80,80,80,80,80,80,80,80,80,80,80,80,80,80,80,80,80,80,87,87,87,87,87,87,87,87,87,87,87,101,101,101,101,101],"card_choices":[{"not_picked":["bronze:Overload","bronze:Turbo"],"picked":"bronze:DelayedGuard","floor":2},{"not_picked":["bronze:NullPointer","bronze:Repulsor","bronze:Shield"],"picked":"SKIP","floor":3},{"not_picked":["bronze:BitShift","bronze:Deprecate"],"picked":"bronze:Shell","floor":4},{"not_picked":["bronze:Shell","bronze:BugBarrage"],"picked":"bronze:Repair","floor":6},{"not_picked":["bronze:Fortify","bronze:Constructor"],"picked":"bronze:BronzeOrb","floor":10},{"not_picked":["bronze:Turbo","bronze:Safeguard"],"picked":"bronze:BronzeArmor","floor":12},{"not_picked":["bronze:Turbo","bronze:BuggyMess"],"picked":"bronze:FineTuning","floor":13},{"not_picked":["bronze:Optimize","bronze:Allocate"],"picked":"bronze:DarkDash","floor":14},{"not_picked":["bronze:Return","bronze:BitShift"],"picked":"bronze:ClassDefault","floor":15},{"not_picked":["bronze:ShipIt","bronze:BurnOut"],"picked":"bronze:RecursiveStrike","floor":16},{"not_picked":["bronze:Deprecate","bronze:Branch"],"picked":"bronze:WhirlingStrike+1","floor":19},{"not_picked":["bronze:Invalidate","bronze:DelayedGuard"],"picked":"bronze:Constructor","floor":20},{"not_picked":["bronze:CutThrough","bronze:ClassDefault"],"picked":"bronze:Iterate+1","floor":21},{"not_picked":["bronze:ChosenStrike","bronze:FineTuning+1"],"picked":"bronze:ChildClass+1","floor":25},{"not_picked":["bronze:WhirlingStrike","bronze:ForceShield"],"picked":"bronze:Boost","floor":27},{"not_picked":["bronze:BugBarrage","bronze:ClassDefault+1"],"picked":"bronze:Invalidate+1","floor":28},{"not_picked":["bronze:BuggyMess+1","bronze:BugBarrage","bronze:Branch"],"picked":"SKIP","floor":29},{"not_picked":["bronze:WildBeam","bronze:NullPointer+1","bronze:BuggyMess"],"picked":"SKIP","floor":32},{"not_picked":["bronze:ShipIt","bronze:Format"],"picked":"bronze:CleanCode","floor":33},{"not_picked":["bronze:Constructor+1","bronze:Repulsor","bronze:Frontload+1"],"picked":"SKIP","floor":36},{"not_picked":["bronze:Optimize+1","bronze:Separator+1"],"picked":"bronze:Mutator","floor":37},{"not_picked":["bronze:DelayedSlice","bronze:Repulsor+1"],"picked":"bronze:Branch+1","floor":38},{"not_picked":["bronze:ForLoop+1","bronze:Safeguard+1","bronze:BuggyMess"],"picked":"SKIP","floor":39},{"not_picked":["bronze:NullPointer+1","bronze:BuggyMess"],"picked":"bronze:Fortify+1","floor":42},{"not_picked":["bronze:DigitalCarnage+1","bronze:Fortify"],"picked":"bronze:Verify","floor":43},{"not_picked":["bronze:BitShift+1","bronze:Deprecate"],"picked":"bronze:CloningBeam+1","floor":47},{"not_picked":["bronze:WhirlingStrike+1","bronze:BugBarrage+1"],"picked":"bronze:GetLatest+1","floor":49},{"not_picked":["bronze:Separator+1","bronze:MaxOutput"],"picked":"bronze:DelayedSlice+1","floor":52}],"player_experience":1432711,"relics_obtained":[{"floor":14,"key":"HornCleat"},{"floor":24,"key":"Bag of Preparation"},{"floor":27,"key":"Lizard Tail"},{"floor":41,"key":"bronze:CableSpool"},{"floor":43,"key":"Toy Ornithopter"},{"floor":45,"key":"Girya"},{"floor":52,"key":"Bottled Tornado"}],"event_choices":[{"damage_healed":0,"gold_gain":0,"player_choice":"Ignored","damage_taken":0,"max_hp_gain":0,"max_hp_loss":0,"event_name":"NoteForYourself","floor":46,"gold_loss":0}],"is_beta":false,"boss_relics":[{"not_picked":["Empty Cage","RedLine:ReiMu"],"picked":"Snecko Eye"},{"not_picked":["Runic Pyramid","Philosopher\u0027s Stone"],"picked":"Sozu"}],"items_purged_floors":[42],"is_endless":false,"potions_floor_spawned":[6,10,12,13,14,19,28,29,32,39,43,45,49,52],"killed_by":"downfall:NeowBossFinal","ascension_level":0}}