{"host":"bf9sa99gaumonoeu","time":1610852045,"event":{"mods":["AchievementEnabler","Act Like it!","Aspiration","BaseMod","Better Note","Better Sensory Stone","Colored Map","Colored Powertips","Fox Events","Friendly Minions","Gensokyo","GifTheSpireLib","Googly Eyes","Hallownest","Hermit","Highlight Path","Hubris","Jorbs\u0027s Wanderer Trilogy","KinomotoSakuraMod(????)","Koishi","Lobotomy","Marisa????????","Minty Spire (QoL Compilation)","Rare Cards Sparkle","Reimu??????","Relic Stats","Remilia??????","Replay The Spire","StSLib","The Administrix","The Animator","The Bug Knight","The Construct","The Cursed","The Disciple","The Hierophant","The Mystic","The Necromancer","The Poker Player","The Runesmith","The Senshi","The Servant 0.9.4"],"gold_per_floor":[10,20,36,36,47,80,80,107,107,6,6,19,19,45,45,45,45],"floor_reached":16,"language":"ENG","playtime":916,"items_purged":[],"score":183,"play_id":"f4e20521-60a8-4479-b7ae-291dbaac35ee","local_time":"20210117005405","is_ascension_mode":true,"campfire_choices":[{"floor":7,"key":"REST"},{"floor":11,"key":"REST"},{"floor":13,"key":"REST"},{"floor":15,"key":"REST"}],"circlet_count":0,"master_deck":["AscendersBane","Strike_R","Strike_R","Strike_R","Strike_R","Strike_R","Defend_R","Defend_R","Defend_R","Defend_R","Bash","Flame Barrier","Inflame","Flex","Spot Weakness","Uppercut","Gensokyo:RPG","Gensokyo:TarnishedGold","Shrug It Off"],"relics":["Burning Blood","Runesmith:Locket","Happy Flower","PreservedInsect","ReplayFunnel","Shuriken","hubris:BottledRain","hubris:TenFootPole"],"acts_visited":["Gensokyo:Gensokyo"],"potions_floor_usage":[5,6,14],"damage_taken":[{"damage":22.0,"enemies":"Gensokyo:3_Fairies","floor":1.0,"turns":5.0},{"damage":12,"enemies":"Gensokyo:Python","floor":2,"turns":4},{"damage":8,"enemies":"Gensokyo:2_Kodama","floor":3,"turns":4},{"damage":1,"enemies":"Gensokyo:2_Rabbits","floor":5,"turns":5},{"damage":48,"enemies":"Gensokyo:Aya","floor":6,"turns":7},{"damage":41,"enemies":"Gensokyo:Cirno","floor":8,"turns":9},{"damage":0,"enemies":"Gensokyo:LivingMonolith","floor":12,"turns":3},{"damage":50,"enemies":"Gensokyo:Aya","floor":14,"turns":7},{"damage":42,"enemies":"Gensokyo:Yukari","floor":16,"turns":8}],"seed_played":"-1879009513335703067","potions_obtained":[{"floor":1.0,"key":"BloodPotion"},{"floor":3,"key":"DuplicationPotion"},{"floor":8,"key":"Adrenaline Potion"},{"floor":14,"key":"ElixirPotion"}],"is_trial":false,"path_per_floor":["M","M","M","?","M","E","R","E","T","COS","R","M","R","E","R","B"],"character_chosen":"IRONCLAD","items_purchased":[],"campfire_rested":4,"item_purchase_floors":[],"current_hp_per_floor":[52,46,44,44,49,22,44,9,9,9,31,37,59,15,37,0,0],"gold":45,"neow_bonus":"ONE_RARE_RELIC","is_daily":false,"chose_seed":false,"campfire_upgraded":0,"win_rate":0.0,"timestamp":1610852045,"path_taken":["M","M","M","?","M","E","R","E","T","COS","R","?","R","E","R","BOSS"],"items_purchased_type":[],"build_version":"2020-12-22","purchased_purges":0,"victory":false,"max_hp_per_floor":[75,75,75,75,75,75,75,75,75,75,75,75,75,75,75,75,75],"relic_stats":{"Happy Flower":[13],"counters":[9,52],"Shuriken":[2],"PreservedInsect":30,"obtain_stats":[{"ReplayFunnel":8,"Happy Flower":4,"Shuriken":9,"Runesmith:Locket":0,"PreservedInsect":6,"hubris:TenFootPole":16,"Burning Blood":0,"hubris:BottledRain":14},{"ReplayFunnel":6,"Happy Flower":3,"Shuriken":6,"Runesmith:Locket":0,"PreservedInsect":5,"hubris:TenFootPole":9,"Burning Blood":0,"hubris:BottledRain":8},{"ReplayFunnel":34,"Happy Flower":13,"Shuriken":34,"Runesmith:Locket":0,"PreservedInsect":25,"hubris:TenFootPole":45,"Burning Blood":0,"hubris:BottledRain":44}],"Burning Blood":48},"card_choices":[{"not_picked":["Pommel Strike","Heavy Blade"],"picked":"Flame Barrier","floor":1.0},{"not_picked":["Clothesline","Body Slam"],"picked":"Headbutt","floor":2},{"not_picked":["Pommel Strike","Clash"],"picked":"Inflame","floor":3},{"not_picked":["Run Through","Limit Break"],"picked":"Flex","floor":5},{"not_picked":["Feel No Pain","Rupture"],"picked":"Spot Weakness","floor":6},{"not_picked":["Run Through","Havoc"],"picked":"Uppercut","floor":8},{"not_picked":["Feel No Pain","Wild Strike","Heavy Blade"],"picked":"SKIP","floor":12},{"not_picked":["Infernal Blade","Havoc"],"picked":"Shrug It Off","floor":14}],"player_experience":950527,"relics_obtained":[{"floor":6,"key":"PreservedInsect"},{"floor":8,"key":"ReplayFunnel"},{"floor":9,"key":"Shuriken"},{"floor":14,"key":"hubris:BottledRain"}],"event_choices":[],"is_beta":false,"boss_relics":[],"items_purged_floors":[],"is_endless":false,"potions_floor_spawned":[1,3,8,14],"killed_by":"Gensokyo:Yukari","ascension_level":14}}