{"host":"94aus4jnk6thj94q","time":1610915236,"event":{"mods":["BaseMod","Minty Spire (QoL Compilation)","Quick Restart","StSLib"],"gold_per_floor":[111,65,65,65,65,29,57,77,102,112,129,187,197,210,210,312,312,330,330,22,0,20,20,47,47,92,107,119,119,218,235,235,338,338,356,368,381,381,400,400,400,400,400,400,98,115,115,129,129,129],"floor_reached":51,"language":"ENG","playtime":44480,"items_purged":[],"score":644,"play_id":"a66037af-9d38-46ba-bff2-fb0d4e690df6","local_time":"20210117222716","is_ascension_mode":false,"campfire_choices":[{"floor":15,"key":"RECALL"},{"data":"Chaos","floor":23,"key":"SMITH"},{"floor":25,"key":"REST"},{"floor":29,"key":"REST"},{"data":"Thunder Strike","floor":32,"key":"SMITH"},{"floor":40,"key":"REST"},{"floor":44,"key":"REST"},{"floor":47,"key":"REST"},{"floor":49,"key":"REST"}],"circlet_count":0,"master_deck":["Strike_B","Strike_B","Strike_B","Strike_B","Defend_B","Defend_B","Defend_B","Zap","Dualcast","Static Discharge+1","Cold Snap","Self Repair","Cold Snap","Ball Lightning","Leap","Blizzard","Consume","Coolheaded","Thunder Strike+1","Chaos+1","Ball Lightning","Leap+1","Chill","Redo","Electrodynamics","Capacitor+1","Chill+1","Blizzard","Madness","Madness","Clumsy","Parasite"],"relics":["Cracked Core","NeowsBlessing","Pantograph","Bronze Scales","Shuriken","Nuclear Battery","Regal Pillow","Strange Spoon","InkBottle","Cursed Key","Meat on the Bone","OrangePellets","Ancient Tea Set"],"acts_visited":["Exordium","TheCity","TheBeyond"],"potions_floor_usage":[16,16,24,33,37,46,48],"damage_taken":[{"damage":0,"enemies":"Cultist","floor":1,"turns":1},{"damage":0,"enemies":"3 Sentries","floor":7,"turns":1},{"damage":0,"enemies":"Small Slimes","floor":8,"turns":1},{"damage":0,"enemies":"Jaw Worm","floor":10,"turns":4},{"damage":0,"enemies":"Blue Slaver","floor":11,"turns":4},{"damage":12,"enemies":"Gremlin Nob","floor":12,"turns":4},{"damage":0,"enemies":"Exordium Wildlife","floor":13,"turns":4},{"damage":10,"enemies":"Looter","floor":14,"turns":3},{"damage":16,"enemies":"Hexaghost","floor":16,"turns":5},{"damage":0,"enemies":"Chosen","floor":18,"turns":4},{"damage":5,"enemies":"Shell Parasite","floor":22,"turns":3},{"damage":28,"enemies":"Book of Stabbing","floor":24,"turns":4},{"damage":14,"enemies":"Centurion and Healer","floor":27,"turns":8},{"damage":16,"enemies":"Snake Plant","floor":28,"turns":2},{"damage":12,"enemies":"Snecko","floor":31,"turns":3},{"damage":64,"enemies":"Automaton","floor":33,"turns":11},{"damage":18,"enemies":"3 Darklings","floor":35,"turns":3},{"damage":23,"enemies":"3 Shapes","floor":36,"turns":4},{"damage":24,"enemies":"3 Darklings","floor":37,"turns":3},{"damage":0,"enemies":"Sphere and 2 Shapes","floor":39,"turns":5},{"damage":17,"enemies":"Writhing Mass","floor":46,"turns":5},{"damage":42,"enemies":"Spire Growth","floor":48,"turns":5},{"damage":69,"enemies":"Awakened One","floor":50,"turns":15}],"seed_played":"2256183615558330048","potions_obtained":[{"floor":1,"key":"ColorlessPotion"},{"floor":12,"key":"Regen Potion"},{"floor":13,"key":"Fire Potion"},{"floor":14,"key":"Strength Potion"},{"floor":22,"key":"FairyPotion"},{"floor":24,"key":"LiquidMemories"},{"floor":36,"key":"Regen Potion"},{"floor":37,"key":"FearPotion"},{"floor":42,"key":"Block Potion"},{"floor":42,"key":"EssenceOfSteel"},{"floor":48,"key":"Weak Potion"}],"is_trial":false,"path_per_floor":["M","$","?","?","?","$","E","M","T","M","M","?","M","M","R","B",null,"M","?","$","?","M","R","E","R","T","M","M","R","?","M","R","B",null,"M","M","M","?","M","R","?","?","T","R","$","M","R","M","R","B",null],"character_chosen":"DEFECT","items_purchased":["Cold Snap","Self Repair","Regal Pillow","Strange Spoon","OrangePellets","Ancient Tea Set"],"campfire_rested":6,"item_purchase_floors":[2,6,20,20,45,45],"current_hp_per_floor":[75,75,80,80,80,80,80,80,80,80,80,75,80,70,70,64,80,80,80,80,80,75,75,63,80,80,73,64,80,80,68,68,23,80,62,46,34,34,41,80,70,70,70,80,80,70,80,57,80,23],"gold":129,"neow_bonus":"THREE_ENEMY_KILL","is_daily":false,"chose_seed":false,"campfire_upgraded":2,"win_rate":0.0,"timestamp":1610915236,"path_taken":["M","$","?","?","?","?","E","M","T","?","M","?","M","M","R","BOSS","M","?","$","?","M","R","E","R","T","M","M","R","?","M","R","BOSS","M","M","M","?","M","R","?","?","T","R","$","M","R","M","R","BOSS"],"items_purchased_type":["Card","Card","Relic","Relic","Relic","Relic"],"build_version":"2020-12-22","purchased_purges":0,"victory":true,"max_hp_per_floor":[75,75,80,80,80,80,80,80,80,80,80,80,80,80,80,80,80,80,80,80,80,80,80,80,80,80,80,80,80,80,80,80,80,80,80,80,80,80,80,80,80,80,80,80,80,80,80,80,80,80],"card_choices":[{"not_picked":["Tempest","Stack"],"picked":"Static Discharge","floor":1},{"not_picked":["Rebound","Heatsinks"],"picked":"Cold Snap","floor":7},{"not_picked":["Go for the Eyes","Gash"],"picked":"Ball Lightning","floor":8},{"not_picked":["Undo","Scrape"],"picked":"Leap","floor":10},{"not_picked":["Double Energy","Rip and Tear"],"picked":"Blizzard","floor":11},{"not_picked":["Hologram","Ball Lightning"],"picked":"Consume","floor":12},{"not_picked":["Streamline","Stack"],"picked":"Coolheaded","floor":13},{"not_picked":["Ball Lightning","Leap"],"picked":"Thunder Strike","floor":14},{"not_picked":["Sweeping Beam","Cold Snap"],"picked":"Chaos","floor":18},{"not_picked":["Gash+1","Hologram+1"],"picked":"Ball Lightning","floor":22},{"not_picked":["Hyperbeam","Go for the Eyes+1","Storm"],"picked":"SKIP","floor":24},{"not_picked":["Streamline","Go for the Eyes"],"picked":"Leap+1","floor":27},{"not_picked":["Sunder","Auto Shields"],"picked":"Chill","floor":28},{"not_picked":["Sweeping Beam","Coolheaded"],"picked":"Redo","floor":31},{"not_picked":["Echo Form","Creative AI"],"picked":"Electrodynamics","floor":33},{"not_picked":["Coolheaded+1","Undo+1","Leap+1"],"picked":"SKIP","floor":35},{"not_picked":["Leap","Turbo"],"picked":"Capacitor+1","floor":36},{"not_picked":["Gash","Go for the Eyes+1"],"picked":"Chill+1","floor":37},{"not_picked":["Hello World","Leap"],"picked":"Blizzard","floor":39},{"not_picked":["Compile Driver+1","Leap+1","Stack"],"picked":"SKIP","floor":46},{"not_picked":["Sunder","Steam Power+1","Cold Snap+1"],"picked":"SKIP","floor":48}],"player_experience":5782949,"relics_obtained":[{"floor":7,"key":"Pantograph"},{"floor":9,"key":"Bronze Scales"},{"floor":12,"key":"Shuriken"},{"floor":24,"key":"InkBottle"},{"floor":43,"key":"Meat on the Bone"}],"event_choices":[{"damage_healed":0,"gold_gain":0,"player_choice":"Donut","damage_taken":0,"max_hp_gain":5,"max_hp_loss":0,"event_name":"Big Fish","floor":3,"gold_loss":0},{"damage_healed":0,"gold_gain":0,"player_choice":"Leave","damage_taken":0,"max_hp_gain":0,"max_hp_loss":0,"event_name":"The Cleric","floor":4,"gold_loss":0},{"damage_healed":0,"gold_gain":0,"player_choice":"Grow","damage_taken":0,"max_hp_gain":0,"max_hp_loss":0,"event_name":"Living Wall","floor":5,"gold_loss":0,"cards_upgraded":["Static Discharge"]},{"damage_healed":0,"gold_gain":0,"player_choice":"Searched \u00271\u0027 times","damage_taken":0,"max_hp_gain":0,"max_hp_loss":0,"event_name":"Dead Adventurer","floor":12,"gold_loss":0},{"damage_healed":0,"gold_gain":0,"player_choice":"Ignored","damage_taken":0,"max_hp_gain":0,"max_hp_loss":0,"event_name":"Vampires","floor":19,"gold_loss":0},{"damage_healed":0,"gold_gain":0,"player_choice":"Paid Fearfully","damage_taken":0,"max_hp_gain":0,"max_hp_loss":0,"event_name":"Masked Bandits","floor":21,"gold_loss":22},{"damage_healed":0,"gold_gain":99,"player_choice":"Stole From Cult","damage_taken":0,"max_hp_gain":0,"max_hp_loss":0,"event_name":"Nest","floor":30,"gold_loss":0},{"cards_removed":["Defend_B"],"damage_healed":0,"gold_gain":0,"player_choice":"Removed Skill","damage_taken":0,"max_hp_gain":0,"max_hp_loss":0,"event_name":"Falling","floor":38,"gold_loss":0},{"damage_healed":0,"gold_gain":0,"player_choice":"Embrace Madness","damage_taken":10,"max_hp_gain":0,"max_hp_loss":0,"event_name":"Winding Halls","floor":41,"gold_loss":0,"cards_obtained":["Madness","Madness"]},{"damage_healed":0,"gold_gain":0,"player_choice":"Got Potions","damage_taken":0,"max_hp_gain":0,"max_hp_loss":0,"event_name":"Lab","floor":42,"gold_loss":0}],"is_beta":false,"boss_relics":[{"not_picked":["Sozu","Pandora\u0027s Box"],"picked":"Nuclear Battery"},{"not_picked":["FrozenCore","Runic Dome"],"picked":"Cursed Key"}],"items_purged_floors":[],"is_endless":false,"potions_floor_spawned":[1,12,13,14,22,24,36,37,48],"ascension_level":0}}