{"host":"u7y6mp3waw4jt65j","time":1610857411,"event":{"mods":["ATMod(°¢èªMod)","Aspiration","BaseMod","Conspire","Dota2Spire","Minty Spire (QoL Compilation)","Replay The Spire","StSLib","¡¾ÒÅÎï¿¨ÅÆ¡¿REMEMod"],"gold_per_floor":[112,112,126,126,301,334,284,284,284,284,303,303,303,344,344,459,459,480,285,285,85,85,85,45,140,167,207,207,250,55,55,55,216,216,262,262,87,159,159,159,159,159,159,14,52,52,85,50,50,76,76,76,13,53,77],"floor_reached":56,"language":"ZHS","playtime":1933,"items_purged":["Injury","conspire:SpireCoStock","Writhe"],"score":1713,"play_id":"e1f18852-6c46-4c1c-aba9-4822f62e77b1","local_time":"20210117122331","is_ascension_mode":true,"campfire_choices":[{"data":"Blasphemy","floor":10.0,"key":"SMITH"},{"data":"Armaments","floor":13.0,"key":"SMITH"},{"floor":15.0,"key":"REST"},{"data":"AT_FamilyPortrait","floor":23.0,"key":"SMITH"},{"data":"Brutality","floor":28.0,"key":"SMITH"},{"floor":32.0,"key":"REST"},{"floor":42.0,"key":"RECALL"},{"data":"REME_FirmDetermination","floor":49.0,"key":"SMITH"},{"data":"Phantasmal Killer","floor":52,"key":"SMITH"}],"circlet_count":0,"master_deck":["AscendersBane","Strike_R+1","Strike_R+1","Strike_R","Strike_R+1","Strike_R","Defend_R","Defend_R","Defend_R","Defend_R+1","Bash","AT_FamilyPortrait+1","Blasphemy+1","ReplayTheSpireMod:Muscle Training","Flying Knee+1","Rampage+1","Armaments+1","Brutality+1","Phantasmal Killer+1","AT_DrawKnifeCut+1","conspire:SpireCoStock","conspire:SpireCoStock","Run Through+1","Cleave+1","Sword Boomerang+1","Reaper+1","Rupture","AT_IchimonjiDouble+1","Dark Shackles","Clothesline+1","REME_FirmDetermination+1","Flash of Steel+1","Flash of Steel+1","REME_PuzzleBox","Thunderclap+1","Sword Boomerang+1","Rupture","AT_IchimonjiDouble+1"],"relics":["Burning Blood","AT_ATBox","REME_ComplimentaryCards","aspiration:Nostalgia","Replay:M_StaffOfTheSnake","Molten Egg 2","Pear","Onion Ring","Replay:Bandana","AT_DeathDance","REME_ChargedStone","Membership Card","Whetstone","aspiration:Lifesprig","AT_ForceNature","Another Sword","SacredBark","BargainBundle","AT_SpeedBoots","AT_RabadonDeathcap","Dota2Spire:BlackKingBar","Pet Ghost"],"acts_visited":["Exordium","TheCity","TheBeyond","TheEnding"],"potions_floor_usage":[55],"damage_taken":[{"damage":0.0,"enemies":"2 Louse","floor":1.0,"turns":1.0},{"damage":0.0,"enemies":"Small Slimes","floor":3.0,"turns":1.0},{"damage":32.0,"enemies":"Lagavulin","floor":6.0,"turns":5.0},{"damage":12.0,"enemies":"Jaw Worm","floor":11.0,"turns":2.0},{"damage":12.0,"enemies":"Replay:BlueRogue","floor":14.0,"turns":3.0},{"damage":41.0,"enemies":"Hexaghost","floor":16.0,"turns":5.0},{"damage":0.0,"enemies":"Spheric Guardian","floor":18.0,"turns":1.0},{"damage":33.0,"enemies":"conspire:Head Lice","floor":25.0,"turns":5.0},{"damage":5.0,"enemies":"Chosen","floor":27.0,"turns":2.0},{"damage":9.0,"enemies":"Snecko","floor":29.0,"turns":3.0},{"damage":35.0,"enemies":"conspire:MysteriousRune","floor":33.0,"turns":5.0},{"damage":7.0,"enemies":"Orb Walker","floor":35.0,"turns":2.0},{"damage":25.0,"enemies":"Mind Bloom Boss Battle","floor":38.0,"turns":4.0},{"damage":14.0,"enemies":"3 Darklings","floor":45.0,"turns":3.0},{"damage":1.0,"enemies":"Sphere and 2 Shapes","floor":47.0,"turns":2.0},{"damage":53,"enemies":"Time Eater","floor":50,"turns":7},{"damage":16,"enemies":"Shield and Spear","floor":54,"turns":2},{"damage":59,"enemies":"The Heart","floor":55,"turns":5}],"seed_played":"1206903859933551015","potions_obtained":[{"floor":3.0,"key":"Venom Potion"},{"floor":11.0,"key":"Ancient Potion"},{"floor":16.0,"key":"Fire Potion"},{"floor":18.0,"key":"Doom Potion"},{"floor":27.0,"key":"Dexterity Potion"},{"floor":33.0,"key":"FearPotion"}],"is_trial":false,"path_per_floor":["M","?","M","$","?","E","?","T","T","R","M","$","R","E","R","B",null,"M","$","?","?","?","R","?","E","T","M","R","M","$","T","R","B",null,"M","?","$","?","?","?","T","R","T","$","M","$","M","$","R","B",null,"R","$","E","B",null],"character_chosen":"IRONCLAD","items_purchased":["Membership Card","AT_ForceNature","Reaper+1","BargainBundle","AT_SpeedBoots","LifebloodPotion","Rupture","AT_IchimonjiDouble+1","Dark Shackles","FairyPotion","REME_PuzzleBox","Rupture"],"campfire_rested":2,"item_purchase_floors":[19,30,30,37,37,37,37,37,37,44,44,48],"current_hp_per_floor":[78,78,80,80,80,64,64,64,64,64,61,61,61,55,82,47,82,88,88,88,88,88,88,88,61,61,62,62,59,59,59,86,93,93,92,92,92,73,68,91,91,91,91,91,83,83,88,88,88,41,80,80,80,70,17],"gold":77,"neow_bonus":"NOSTALGIA","is_daily":false,"chose_seed":false,"campfire_upgraded":6,"win_rate":0.0,"timestamp":1610857411,"path_taken":["M","?","M","$","?","E","?","?","T","R","M","?","R","E","R","BOSS","M","$","?","?","?","R","?","E","T","M","R","?","$","?","R","BOSS","M","?","?","?","?","?","?","R","T","$","M","?","?","$","R","BOSS","R","$","E","BOSS"],"items_purchased_type":["Relic","Relic","Card","Relic","Relic","Potion","Card","Card","Card","Potion","Card","Card"],"build_version":"2020-12-22","purchased_purges":3,"victory":true,"max_hp_per_floor":[80,80,80,80,80,90,90,90,90,90,93,93,93,93,93,93,93,93,93,93,93,93,93,93,93,93,93,93,93,93,93,93,93,93,93,93,93,93,93,93,93,93,93,93,93,93,93,93,93,93,93,93,93,93,93],"card_choices":[{"not_picked":["SashWhip","REME_Scribble"],"picked":"ReplayTheSpireMod:Muscle Training","floor":1.0},{"not_picked":["REME_SingleHolding","Shockwave"],"picked":"Flying Knee+1","floor":3.0},{"not_picked":["Shrug It Off","True Grit"],"picked":"Rampage+1","floor":6.0},{"not_picked":["Clothesline+1","Anger+1"],"picked":"Armaments","floor":11.0},{"not_picked":["Fiend Fire+1","Flex"],"picked":"Brutality","floor":14.0},{"not_picked":["Corruption","Impervious"],"picked":"Phantasmal Killer","floor":16.0},{"not_picked":["Body Slam+1","Cleave+1"],"picked":"AT_DrawKnifeCut+1","floor":18.0},{"not_picked":["Carnage+1","Shrug It Off"],"picked":"Run Through+1","floor":25.0},{"not_picked":["Wild Strike+1","Armaments"],"picked":"Cleave+1","floor":27.0},{"not_picked":["Armaments","REME_Scribble"],"picked":"Sword Boomerang+1","floor":29.0},{"not_picked":["Clothesline+1","Warcry+1","REME_SingleHolding"],"picked":"SKIP","floor":35.0},{"not_picked":["ReplayTheSpireMod:Stacked","ReplayTheSpireMod:LeadingStrike+1"],"picked":"Clothesline+1","floor":38.0},{"not_picked":["AT_LightSaberMaster","AT_CelerityRune"],"picked":"REME_FirmDetermination","floor":39.0},{"not_picked":["Replay:BasicMightCard","Survey Options"],"picked":"Flash of Steel+1","floor":39.0},{"not_picked":["Good Instincts","REME_Flogging"],"picked":"Flash of Steel+1","floor":39.0},{"not_picked":["Sword Boomerang+1","Infernal Blade+1"],"picked":"Thunderclap+1","floor":45.0},{"not_picked":["Twin Strike+1","Anger+1"],"picked":"Sword Boomerang+1","floor":47.0},{"not_picked":["Havoc","Limit Break"],"picked":"AT_IchimonjiDouble+1","floor":54}],"player_experience":130083,"relics_obtained":[{"floor":6.0,"key":"Pear"},{"floor":8.0,"key":"Onion Ring"},{"floor":9.0,"key":"Replay:Bandana"},{"floor":14.0,"key":"AT_DeathDance"},{"floor":25.0,"key":"Whetstone"},{"floor":26.0,"key":"aspiration:Lifesprig"},{"floor":31.0,"key":"Another Sword"},{"floor":38.0,"key":"AT_RabadonDeathcap"},{"floor":43.0,"key":"Dota2Spire:BlackKingBar"},{"floor":54,"key":"Pet Ghost"}],"event_choices":[{"damage_healed":0.0,"max_hp_gain":0.0,"max_hp_loss":0.0,"gold_gain":175.0,"event_name":"Liars Game","player_choice":"AGREE","floor":5.0,"gold_loss":0.0,"damage_taken":0.0,"cards_obtained":["Doubt"]},{"cards_removed":["Doubt"],"damage_healed":0.0,"max_hp_gain":0.0,"max_hp_loss":0.0,"gold_gain":0.0,"event_name":"The Cleric","player_choice":"Card Removal","floor":7.0,"gold_loss":50.0,"damage_taken":0.0},{"damage_healed":0.0,"max_hp_gain":0.0,"max_hp_loss":0.0,"gold_gain":0.0,"event_name":"Ghosts","player_choice":"Ignored","floor":20.0,"gold_loss":0.0,"damage_taken":0.0},{"damage_healed":0.0,"max_hp_gain":0.0,"max_hp_loss":0.0,"gold_gain":0.0,"event_name":"conspire:Investor","player_choice":"Invest 4","floor":21.0,"gold_loss":0.0,"damage_taken":0.0},{"damage_healed":0.0,"max_hp_gain":0.0,"max_hp_loss":0.0,"gold_gain":0.0,"event_name":"Beggar","player_choice":"Ignored","floor":22.0,"gold_loss":0.0,"damage_taken":0.0},{"damage_healed":0.0,"max_hp_gain":0.0,"max_hp_loss":0.0,"gold_gain":0.0,"event_name":"Designer","player_choice":"Upgraded Two","floor":24.0,"gold_loss":40.0,"damage_taken":0.0,"cards_upgraded":["Defend_R","Strike_R"]},{"cards_removed":["conspire:SpireCoStock"],"damage_healed":0.0,"max_hp_gain":0.0,"max_hp_loss":0.0,"gold_gain":0.0,"event_name":"Purifier","player_choice":"Purged","floor":36.0,"gold_loss":0.0,"damage_taken":0.0},{"damage_healed":0.0,"max_hp_gain":0.0,"max_hp_loss":0.0,"gold_gain":0.0,"event_name":"MindBloom","player_choice":"Fight","floor":38.0,"gold_loss":0.0,"damage_taken":0.0},{"damage_healed":0.0,"max_hp_gain":0.0,"max_hp_loss":0.0,"gold_gain":0.0,"event_name":"SensoryStone","player_choice":"Memory 3","floor":39.0,"gold_loss":0.0,"damage_taken":10.0},{"damage_healed":23.0,"max_hp_gain":0.0,"max_hp_loss":0.0,"gold_gain":0.0,"event_name":"Winding Halls","player_choice":"Writhe","floor":40.0,"gold_loss":0.0,"damage_taken":0.0,"cards_obtained":["Writhe"]}],"is_beta":false,"boss_relics":[{"not_picked":["aspiration:RitualDagger","Mark of Pain"],"picked":"REME_ChargedStone"},{"not_picked":["Philosopher\u0027s Stone","aspiration:SilentSkillbook"],"picked":"SacredBark"}],"items_purged_floors":[19,37,53],"is_endless":false,"potions_floor_spawned":[3,11,16,18,27,33,38,47],"ascension_level":11}}