{"host":"cbu6enf2xtq4r7r3","time":1610874551,"event":{"mods":["2.2 Compatiblity","AlwaysNeverKeys","BaseMod","Better Match","Better Note","Better Sensory Stone","Better Skull","Better Third Choice","Colored Map","Colored Powertips","Defuse TimeMaze Blight","Emptier Cage","Minty Spire (QoL Compilation)","Permanent Neow","Quick Restart","Random Character Button","Relic Sorter","Reorder Act Four","Shop Mod","StSLib"],"gold_per_floor":[113,113,43,61,76,76,111,133,170,196,218,230,260,304,316,430,442,473,502,17,27,37,37,72,72,72,72,72,72,87,107,107,204,204,204],"floor_reached":34,"language":"ENG","playtime":1135,"items_purged":["Strike_B"],"score":553,"play_id":"311d93aa-e2b5-4e3b-9201-a65cd62d514e","local_time":"20210117100911","is_ascension_mode":true,"campfire_choices":[{"data":"Zap","floor":6,"key":"SMITH"},{"data":"Loop","floor":12,"key":"SMITH"},{"data":"Genetic Algorithm","floor":15,"key":"SMITH"},{"data":"White Noise","floor":23,"key":"SMITH"},{"data":"Self Repair","floor":25,"key":"SMITH"},{"data":"Steam","floor":29,"key":"SMITH"},{"data":"Conserve Battery","floor":32,"key":"SMITH"}],"circlet_count":0,"master_deck":["Strike_B","Strike_B","Strike_B","Defend_B","Defend_B","Defend_B","Defend_B","Zap+1","Dualcast","Dramatic Entrance","Barrage","Cold Snap","Streamline","Loop+1","Conserve Battery+1","Sweeping Beam","White Noise+1","Self Repair+1","Genetic Algorithm+1","Electrodynamics","Steam+1","Panacea","Coolheaded","Steam+1","Coolheaded","BootSequence+1","Conserve Battery+1","Steam+1","Tempest+1"],"relics":["Cracked Core","Centennial Puzzle","Happy Flower","Sozu","Membership Card","Mercury Hourglass","MerchantsRug","Ancient Tea Set","DataDisk","MealTicket"],"acts_visited":["Exordium","TheCity"],"potions_floor_usage":[16],"damage_taken":[{"damage":0,"enemies":"Cultist","floor":1,"turns":3},{"damage":5,"enemies":"Jaw Worm","floor":4,"turns":2},{"damage":0,"enemies":"2 Louse","floor":5,"turns":1},{"damage":11,"enemies":"3 Sentries","floor":7,"turns":6},{"damage":4,"enemies":"Red Slaver","floor":8,"turns":3},{"damage":1,"enemies":"Blue Slaver","floor":10,"turns":3},{"damage":0,"enemies":"2 Fungi Beasts","floor":11,"turns":2},{"damage":21,"enemies":"Large Slime","floor":13,"turns":4},{"damage":18,"enemies":"Lagavulin","floor":14,"turns":7},{"damage":13,"enemies":"Hexaghost","floor":16,"turns":14},{"damage":0,"enemies":"2 Thieves","floor":18,"turns":1},{"damage":5,"enemies":"Shell Parasite","floor":19,"turns":5},{"damage":14,"enemies":"Centurion and Healer","floor":21,"turns":5},{"damage":17,"enemies":"Snecko","floor":22,"turns":6},{"damage":14,"enemies":"Gremlin Leader","floor":24,"turns":5},{"damage":6,"enemies":"Chosen and Byrds","floor":30,"turns":5},{"damage":0,"enemies":"Centurion and Healer","floor":31,"turns":7},{"damage":0,"enemies":"Champ","floor":33,"turns":2}],"seed_played":"-5761639493867633232","potions_obtained":[{"floor":1,"key":"Regen Potion"},{"floor":7,"key":"Dexterity Potion"},{"floor":14,"key":"SteroidPotion"}],"is_trial":false,"path_per_floor":["M","?","$","M","M","R","E","M","T","M","M","R","M","E","R","B",null,"M","M","$","M","M","R","E","R","T","?","?","R","M","M","R","B",null],"character_chosen":"DEFECT","items_purchased":["Cold Snap","Streamline","Membership Card","Mercury Hourglass","MerchantsRug","Panacea","Coolheaded","Ancient Tea Set"],"campfire_rested":0,"item_purchase_floors":[3,3,20,20,20,20,20,20],"current_hp_per_floor":[75,75,75,70,70,70,59,55,55,54,54,54,33,22,22,31,75,75,75,75,68,58,58,51,51,51,51,37,37,41,51,51,61,61,61],"gold":204,"neow_bonus":"RANDOM_COLORLESS","is_daily":false,"chose_seed":false,"campfire_upgraded":7,"win_rate":0.0,"timestamp":1610874551,"path_taken":["M","?","?","M","M","R","E","M","T","M","M","R","M","E","R","BOSS","M","M","$","M","M","R","E","R","T","?","?","R","M","M","R","BOSS"],"items_purchased_type":["Card","Card","Relic","Relic","Relic","Card","Card","Relic"],"build_version":"2020-12-22","purchased_purges":1,"victory":false,"max_hp_per_floor":[75,75,75,75,75,75,75,75,75,75,75,75,75,75,75,75,75,75,75,75,75,75,75,75,75,75,75,80,80,80,80,80,80,80,80],"card_choices":[{"not_picked":["Madness","Panacea"],"picked":"Dramatic Entrance","floor":0},{"not_picked":["Conserve Battery","Leap"],"picked":"Barrage","floor":1},{"not_picked":["Chaos","Gash","Lockon"],"picked":"SKIP","floor":4},{"not_picked":["Blizzard","Tempest","Loop"],"picked":"SKIP","floor":5},{"not_picked":["Blizzard","Tempest"],"picked":"Loop","floor":5},{"not_picked":["Stack","Steam","Reprogram"],"picked":"SKIP","floor":7},{"not_picked":["Chaos","Hello World"],"picked":"Conserve Battery","floor":8},{"not_picked":["Redo","Blizzard"],"picked":"Sweeping Beam","floor":10},{"not_picked":["Gash","Redo"],"picked":"White Noise","floor":11},{"not_picked":["Stack","Hello World"],"picked":"Self Repair","floor":13},{"not_picked":["Aggregate","Fission"],"picked":"Genetic Algorithm","floor":14},{"not_picked":["Creative AI","All For One"],"picked":"Electrodynamics","floor":16},{"not_picked":["Loop","Hologram"],"picked":"Steam+1","floor":18},{"not_picked":["Rip and Tear+1","Turbo","FTL"],"picked":"SKIP","floor":19},{"not_picked":["Rip and Tear","Stack"],"picked":"Steam","floor":21},{"not_picked":["Stack+1","Rebound+1"],"picked":"Coolheaded","floor":22},{"not_picked":["Darkness","Undo"],"picked":"BootSequence+1","floor":24},{"not_picked":["Sunder","Heatsinks"],"picked":"Steam+1","floor":30},{"not_picked":["Stack","Steam"],"picked":"Tempest+1","floor":31}],"player_experience":95330,"relics_obtained":[{"floor":7,"key":"MawBank"},{"floor":9,"key":"Centennial Puzzle"},{"floor":14,"key":"Happy Flower"},{"floor":24,"key":"DataDisk"},{"floor":26,"key":"MealTicket"}],"event_choices":[{"damage_healed":0,"gold_gain":0,"player_choice":"Ignored","damage_taken":113,"max_hp_gain":0,"max_hp_loss":0,"event_name":"betterThird:BetterSerpent","floor":2,"gold_loss":0},{"cards_removed":["Self Repair"],"damage_healed":0,"gold_gain":0,"player_choice":"Take \u0026 Give","damage_taken":0,"max_hp_gain":0,"max_hp_loss":0,"event_name":"betterNote:BetterNote","floor":27,"gold_loss":0,"cards_obtained":["Conserve Battery"]},{"damage_healed":0,"gold_gain":0,"player_choice":"Shed Blood","damage_taken":19,"max_hp_gain":5,"max_hp_loss":0,"event_name":"Forgotten Altar","floor":28,"gold_loss":0}],"is_beta":false,"boss_relics":[{"not_picked":["FrozenCore","Empty Cage"],"picked":"Sozu"}],"items_purged_floors":[20],"is_endless":false,"potions_floor_spawned":[1,7,14,18,30,31],"ascension_level":4}}