{"host":"y7sd46uq4xlni546","time":1610911222,"event":{"mods":["AchievementEnabler","BaseMod","Colored Map","Colored Powertips","Curses Come First","Filter the Spire","Minty Spire (QoL Compilation)","Quick Restart","Random Character Button","Rare Cards Sparkle","StSLib"],"gold_per_floor":[111,111,122,53,68,103,278,289,313,313,326,326,82,108,108,212,262,275,275,294,294,309,338,338,338,338,338,357,357,385,402,402,503,503,523,539,300,300,326,357,401,93,93,122,122,0,0,0,0,0,0],"floor_reached":50,"language":"ENG","playtime":3261,"items_purged":[],"score":680,"play_id":"7530ec97-b070-46cd-9f16-fa6376b9f6e3","local_time":"20210117202022","is_ascension_mode":true,"campfire_choices":[{"data":"Judgement","floor":10.0,"key":"SMITH"},{"floor":15.0,"key":"REST"},{"floor":25.0,"key":"REST"},{"floor":27.0,"key":"REST"},{"floor":32.0,"key":"REST"},{"floor":45,"key":"REST"},{"data":"Panache","floor":47,"key":"SMITH"},{"data":"LikeWater","floor":49,"key":"SMITH"}],"circlet_count":0,"master_deck":["Strike_P","Strike_P","Defend_P+1","Defend_P+1","Defend_P","Eruption+1","Vigilance","Vault+1","SandsOfTime+1","JustLucky+1","Weave","Perseverance","Judgement+1","SignatureMove","Omniscience+1","Pray","FollowUp","Conclude","DevaForm","CutThroughFate+1","MentalFortress+1","FlurryOfBlows+1","ClearTheMind+1","Omniscience+1","Blasphemy","CurseOfTheBell","LikeWater+1","SashWhip","CrushJoints+1","CarveReality+1","Panache+1"],"relics":["Astrolabe","Dream Catcher","Toy Ornithopter","Singing Bowl","Centennial Puzzle","Tiny House","Mango","Nilry\u0027s Codex","MealTicket","Torii","Calling Bell","CeramicFish","Eternal Feather","FossilizedHelix","Bronze Scales","WingedGreaves","Unceasing Top","Bag of Preparation","Blue Candle","The Courier","Red Mask"],"acts_visited":["Exordium","TheCity","TheBeyond"],"potions_floor_usage":[40,41,50,50],"damage_taken":[{"damage":0.0,"enemies":"2 Louse","floor":1.0,"turns":3.0},{"damage":0.0,"enemies":"Cultist","floor":3.0,"turns":2.0},{"damage":0.0,"enemies":"Small Slimes","floor":5.0,"turns":2.0},{"damage":12.0,"enemies":"3 Sentries","floor":6.0,"turns":6.0},{"damage":0.0,"enemies":"Blue Slaver","floor":8.0,"turns":3.0},{"damage":2.0,"enemies":"2 Fungi Beasts","floor":11.0,"turns":3.0},{"damage":2.0,"enemies":"Lagavulin","floor":14.0,"turns":7.0},{"damage":55.0,"enemies":"The Guardian","floor":16.0,"turns":11.0},{"damage":0.0,"enemies":"Spheric Guardian","floor":18.0,"turns":2.0},{"damage":2.0,"enemies":"2 Thieves","floor":20.0,"turns":3.0},{"damage":4.0,"enemies":"3 Cultists","floor":22.0,"turns":4.0},{"damage":32.0,"enemies":"Slavers","floor":23.0,"turns":5.0},{"damage":23.0,"enemies":"Snake Plant","floor":28.0,"turns":4.0},{"damage":18.0,"enemies":"Gremlin Leader","floor":30.0,"turns":6.0},{"damage":12.0,"enemies":"Centurion and Healer","floor":31.0,"turns":3.0},{"damage":34.0,"enemies":"Champ","floor":33.0,"turns":10.0},{"damage":8.0,"enemies":"Orb Walker","floor":35.0,"turns":3.0},{"damage":1.0,"enemies":"3 Shapes","floor":36.0,"turns":7.0},{"damage":0.0,"enemies":"Jaw Worm Horde","floor":39.0,"turns":3.0},{"damage":35,"enemies":"Nemesis","floor":40,"turns":3},{"damage":13,"enemies":"Reptomancer","floor":41,"turns":6},{"damage":6,"enemies":"Giant Head","floor":44,"turns":6},{"damage":100112,"enemies":"Time Eater","floor":50,"turns":11}],"seed_played":"1826320093770570092","potions_obtained":[{"floor":1.0,"key":"CultistPotion"},{"floor":5.0,"key":"PowerPotion"},{"floor":8.0,"key":"BlessingOfTheForge"},{"floor":11.0,"key":"AttackPotion"},{"floor":17.0,"key":"GamblersBrew"},{"floor":18.0,"key":"BlessingOfTheForge"},{"floor":23.0,"key":"Swift Potion"},{"floor":28.0,"key":"Ancient Potion"},{"floor":31.0,"key":"Energy Potion"},{"floor":33.0,"key":"Explosive Potion"},{"floor":35.0,"key":"LiquidBronze"},{"floor":39.0,"key":"StancePotion"},{"floor":41,"key":"Strength Potion"}],"is_trial":false,"path_per_floor":["M","?","M","$","M","E","?","M","T","R","M","?","$","E","R","B",null,"M","?","M","?","M","E","?","R","T","R","M","?","E","M","R","B",null,"M","M","$","?","M","E","E","$","T","E","R","?","R","$","R","B"],"character_chosen":"WATCHER","items_purchased":["Judgement","Singing Bowl","Bronze Scales","LikeWater","SashWhip","Bag of Preparation","Panache"],"campfire_rested":5,"item_purchase_floors":[4,13,37,37,37,42,42],"current_hp_per_floor":[72,72,72,72,72,60,60,60,60,60,58,44,44,52,72,17,79,79,64,74,74,70,52,36,68,68,100,77,77,61,51,85,61,110,104,105,114,114,114,81,73,88,88,84,120,120,120,120,120,0,0],"gold":0,"neow_bonus":"BOSS_RELIC","is_daily":false,"chose_seed":false,"campfire_upgraded":3,"win_rate":0.0,"timestamp":1610911222,"path_taken":["M","?","?","?","M","E","?","M","T","R","M","?","$","E","R","BOSS","M","?","M","?","?","E","?","R","T","R","M","?","E","?","R","BOSS","M","?","$","?","M","E","E","$","T","E","R","?","R","?","R","BOSS"],"items_purchased_type":["Card","Relic","Relic","Card","Card","Relic","Card"],"build_version":"2020-12-22","purchased_purges":0,"victory":false,"max_hp_per_floor":[72,72,72,72,72,72,72,72,72,72,72,72,72,72,72,72,79,79,84,86,86,86,100,100,102,102,104,104,104,106,108,110,110,110,112,114,114,114,114,116,116,116,116,118,120,120,120,120,120,120,120],"card_choices":[{"not_picked":["Halt","ClearTheMind"],"picked":"Weave","floor":1.0},{"not_picked":["FlyingSleeves","ThirdEye"],"picked":"Perseverance","floor":3.0},{"not_picked":["Protect","FlyingSleeves"],"picked":"SignatureMove","floor":5.0},{"not_picked":["Blasphemy","ThirdEye"],"picked":"Omniscience","floor":6.0},{"not_picked":["ThirdEye","WindmillStrike"],"picked":"EmptyFist","floor":8.0},{"not_picked":["WreathOfFlame","ThirdEye"],"picked":"Pray","floor":11.0},{"not_picked":["Wireheading","PathToVictory"],"picked":"FollowUp","floor":14.0},{"not_picked":["BowlingBash","FlyingSleeves"],"picked":"Conclude","floor":15.0},{"not_picked":["Brilliance","ConjureBlade"],"picked":"DevaForm","floor":16.0},{"not_picked":["JustLucky","SandsOfTime","BowlingBash"],"picked":"Singing Bowl","floor":17.0},{"not_picked":["Consecrate+1","ReachHeaven"],"picked":"CutThroughFate+1","floor":18.0},{"not_picked":["EmptyFist","Protect","Wireheading"],"picked":"Singing Bowl","floor":20.0},{"not_picked":["InnerPeace+1","SandsOfTime"],"picked":"MentalFortress+1","floor":22.0},{"not_picked":["MentalFortress","EmptyFist+1"],"picked":"FlurryOfBlows+1","floor":23.0},{"not_picked":["Fasting2+1","EmptyBody","FlurryOfBlows"],"picked":"Singing Bowl","floor":25.0},{"not_picked":["BowlingBash","EmptyFist","CrushJoints"],"picked":"Singing Bowl","floor":27.0},{"not_picked":["Meditate+1","ConjureBlade"],"picked":"ClearTheMind+1","floor":28.0},{"not_picked":["BowlingBash","JustLucky","LikeWater"],"picked":"Singing Bowl","floor":30.0},{"not_picked":["Conclude","Halt","EmptyFist"],"picked":"Singing Bowl","floor":31.0},{"not_picked":["ThirdEye+1","Protect+1","Fasting2"],"picked":"Singing Bowl","floor":32.0},{"not_picked":["Judgement","Omniscience"],"picked":"Blasphemy","floor":33.0},{"not_picked":["Prostrate","WindmillStrike","JustLucky+1"],"picked":"Singing Bowl","floor":35.0},{"not_picked":["SandsOfTime","CutThroughFate","Consecrate+1"],"picked":"Singing Bowl","floor":36.0},{"not_picked":["Meditate+1","ClearTheMind"],"picked":"CrushJoints+1","floor":39.0},{"not_picked":["JustLucky+1","Consecrate+1","CrushJoints+1"],"picked":"Singing Bowl","floor":40},{"not_picked":["JustLucky","WheelKick+1"],"picked":"CarveReality+1","floor":41},{"not_picked":["FearNoEvil+1","FlyingSleeves","ForeignInfluence"],"picked":"Singing Bowl","floor":44},{"not_picked":["Evaluate","Study+1","EmptyFist"],"picked":"Singing Bowl","floor":45}],"player_experience":660165,"relics_obtained":[{"floor":6.0,"key":"Dream Catcher"},{"floor":9.0,"key":"Toy Ornithopter"},{"floor":14.0,"key":"Centennial Puzzle"},{"floor":23.0,"key":"Mango"},{"floor":24.0,"key":"Nilry\u0027s Codex"},{"floor":26.0,"key":"MealTicket"},{"floor":30.0,"key":"Torii"},{"floor":34.0,"key":"CeramicFish"},{"floor":34.0,"key":"Eternal Feather"},{"floor":34.0,"key":"FossilizedHelix"},{"floor":40,"key":"WingedGreaves"},{"floor":41,"key":"Unceasing Top"},{"floor":43,"key":"Blue Candle"},{"floor":44,"key":"The Courier"}],"event_choices":[{"damage_healed":0.0,"max_hp_gain":0.0,"max_hp_loss":0.0,"gold_gain":0.0,"event_name":"Accursed Blacksmith","player_choice":"Forge","floor":2.0,"gold_loss":0.0,"damage_taken":0.0,"cards_upgraded":["Eruption"]},{"damage_healed":0.0,"max_hp_gain":0.0,"max_hp_loss":0.0,"gold_gain":175.0,"event_name":"Liars Game","player_choice":"AGREE","floor":7.0,"gold_loss":0.0,"damage_taken":0.0,"cards_obtained":["Doubt"]},{"damage_healed":0.0,"max_hp_gain":0.0,"max_hp_loss":0.0,"gold_gain":0.0,"event_name":"Shining Light","player_choice":"Entered Light","floor":12.0,"gold_loss":0.0,"damage_taken":14.0,"cards_upgraded":["Defend_P","Defend_P"]},{"damage_healed":0.0,"max_hp_gain":5.0,"max_hp_loss":0.0,"gold_gain":0.0,"event_name":"Forgotten Altar","player_choice":"Shed Blood","floor":19.0,"gold_loss":0.0,"damage_taken":20.0},{"cards_removed":["Doubt"],"damage_healed":0.0,"max_hp_gain":0.0,"max_hp_loss":0.0,"gold_gain":0.0,"event_name":"Purifier","player_choice":"Purged","floor":21.0,"gold_loss":0.0,"damage_taken":0.0},{"damage_healed":0.0,"max_hp_gain":0.0,"max_hp_loss":0.0,"gold_gain":0.0,"event_name":"Cursed Tome","player_choice":"Obtained Book","floor":24.0,"gold_loss":0.0,"damage_taken":16.0},{"damage_healed":0.0,"max_hp_gain":0.0,"max_hp_loss":0.0,"gold_gain":0.0,"event_name":"Duplicator","player_choice":"Copied","floor":29.0,"gold_loss":0.0,"damage_taken":0.0,"cards_obtained":["Omniscience"]},{"cards_removed":["EmptyFist"],"damage_healed":0.0,"max_hp_gain":0.0,"max_hp_loss":0.0,"gold_gain":0.0,"event_name":"Falling","player_choice":"Removed Attack","floor":38.0,"gold_loss":0.0,"damage_taken":0.0},{"damage_healed":0,"gold_gain":0,"player_choice":"Paid","damage_taken":0,"relics_obtained":["Red Mask"],"max_hp_gain":0,"max_hp_loss":0,"event_name":"Tomb of Lord Red Mask","floor":46,"gold_loss":122}],"is_beta":false,"boss_relics":[{"not_picked":["Runic Pyramid","Cursed Key"],"picked":"Tiny House"},{"not_picked":["Snecko Eye","Empty Cage"],"picked":"Calling Bell"}],"items_purged_floors":[],"is_endless":false,"potions_floor_spawned":[1,5,8,11,18,23,28,31,33,35,39,41],"killed_by":"Time Eater","ascension_level":1}}