{"host":"b995t17pt6d05w8c","time":1610915251,"event":{"mods":["AchievementEnabler","BaseMod","Colored Map","DeckTracker","Keyboard Shortcuts","Minty Spire (QoL Compilation)","Permanent Neow","SuperFastMode"],"gold_per_floor":[115,132,132,144,144,179,179,179,179,189,201,232,157,173,173,246,246,262,162,192,203,203,234,253,253,304,321,321,64,74,103,103,180,180,194,207,222,238,113,113,140,140,140,173,173,173,15,27,27,27],"floor_reached":51,"language":"KOR","playtime":1115,"items_purged":["Strike_P","Strike_P","Tantrum"],"score":1589,"play_id":"9477622f-78b4-4354-9cb4-9a3b599e938e","local_time":"20210118052731","is_ascension_mode":true,"campfire_choices":[{"floor":8.0,"key":"REST"},{"data":"1","floor":15.0,"key":"LIFT"},{"data":"2","floor":28.0,"key":"LIFT"},{"data":"3","floor":32.0,"key":"LIFT"},{"floor":40.0,"key":"REST"},{"floor":42.0,"key":"RECALL"},{"floor":45.0,"key":"REST"},{"floor":49,"key":"REST"}],"circlet_count":0,"master_deck":["AscendersBane","Defend_P","Defend_P","Defend_P","Eruption+1","Vigilance","Tantrum+1","FollowUp+1","Halt","Ragnarok+1","SignatureMove+1","ClearTheMind","Fasting2","Study+1","LessonLearned","TalkToTheHand+1","Halt","EmptyFist"],"relics":["Fusion Hammer","Turnip","Pen Nib","Bag of Preparation","InkBottle","Girya","Runic Pyramid","Red Mask","Blue Candle","Shuriken","PreservedInsect","OrangePellets","Toy Ornithopter","Cursed Key","StrikeDummy","Nunchaku","DollysMirror"],"acts_visited":["Exordium","TheCity","TheBeyond"],"potions_floor_usage":[48,48,50],"damage_taken":[{"damage":0.0,"enemies":"Jaw Worm","floor":1.0,"turns":3.0},{"damage":3.0,"enemies":"Small Slimes","floor":2.0,"turns":4.0},{"damage":0.0,"enemies":"2 Louse","floor":4.0,"turns":2.0},{"damage":17.0,"enemies":"3 Sentries","floor":6.0,"turns":6.0},{"damage":0.0,"enemies":"Blue Slaver","floor":10.0,"turns":4.0},{"damage":1.0,"enemies":"Lots of Slimes","floor":11.0,"turns":3.0},{"damage":0.0,"enemies":"Gremlin Nob","floor":12.0,"turns":2.0},{"damage":7.0,"enemies":"Exordium Thugs","floor":14.0,"turns":3.0},{"damage":3.0,"enemies":"Hexaghost","floor":16.0,"turns":7.0},{"damage":0.0,"enemies":"Spheric Guardian","floor":18.0,"turns":2.0},{"damage":15.0,"enemies":"Masked Bandits","floor":20.0,"turns":3.0},{"damage":3.0,"enemies":"2 Thieves","floor":21.0,"turns":2.0},{"damage":0.0,"enemies":"Slavers","floor":23.0,"turns":2.0},{"damage":0.0,"enemies":"Centurion and Healer","floor":24.0,"turns":2.0},{"damage":1.0,"enemies":"Shelled Parasite and Fungi","floor":27.0,"turns":2.0},{"damage":0.0,"enemies":"Sentry and Sphere","floor":30.0,"turns":2.0},{"damage":0.0,"enemies":"Book of Stabbing","floor":31.0,"turns":2.0},{"damage":24.0,"enemies":"Collector","floor":33.0,"turns":3.0},{"damage":4.0,"enemies":"3 Darklings","floor":35.0,"turns":3.0},{"damage":0.0,"enemies":"3 Shapes","floor":36.0,"turns":5.0},{"damage":0.0,"enemies":"Maw","floor":37.0,"turns":4.0},{"damage":0.0,"enemies":"Spire Growth","floor":38.0,"turns":3.0},{"damage":0.0,"enemies":"Giant Head","floor":41.0,"turns":4.0},{"damage":0.0,"enemies":"Reptomancer","floor":44.0,"turns":2.0},{"damage":11,"enemies":"3 Darklings","floor":48,"turns":3},{"damage":5,"enemies":"Time Eater","floor":50,"turns":3}],"seed_played":"-3798336811546140492","potions_obtained":[{"floor":1.0,"key":"Swift Potion"},{"floor":4.0,"key":"Dexterity Potion"},{"floor":10.0,"key":"Ancient Potion"},{"floor":11.0,"key":"LiquidMemories"},{"floor":20.0,"key":"EssenceOfSteel"},{"floor":24.0,"key":"GamblersBrew"},{"floor":33.0,"key":"EntropicBrew"},{"floor":48,"key":"Strength Potion"}],"is_trial":false,"path_per_floor":["M","M","?","M","T","E","?","R","T","M","M","E","$","M","R","B",null,"M","$","?","M","?","E","M","T","T","M","R","$","M","E","R","B",null,"M","M","M","M","$","R","E","R","T","E","R","?","$","M","R","B",null],"character_chosen":"WATCHER","items_purchased":["Fasting2","OrangePellets","DollysMirror"],"campfire_rested":4,"item_purchase_floors":[29,29,47],"current_hp_per_floor":[61,58,58,58,58,41,23,43,43,43,42,42,42,35,35,32,59,59,59,44,41,41,41,41,41,41,40,40,40,40,40,40,16,55,51,51,51,51,51,68,68,68,68,68,68,68,68,58,68,63],"gold":27,"neow_bonus":"BOSS_RELIC","is_daily":false,"chose_seed":false,"campfire_upgraded":0,"win_rate":0.0,"timestamp":1610915251,"path_taken":["M","M","?","M","?","E","?","R","T","M","M","E","?","M","R","BOSS","M","$","?","M","?","E","M","?","T","M","R","$","?","E","R","BOSS","M","M","M","M","$","R","E","R","T","E","R","?","?","?","R","BOSS"],"items_purchased_type":["Card","Relic","Relic"],"build_version":"2020-12-22","purchased_purges":3,"victory":true,"max_hp_per_floor":[68,68,68,68,68,68,68,68,68,68,68,68,68,68,68,68,68,68,68,68,68,68,68,68,68,68,68,68,68,68,68,68,68,68,68,68,68,68,68,68,68,68,68,68,68,68,68,68,68,68],"card_choices":[{"not_picked":["ClearTheMind","Evaluate","EmptyBody"],"picked":"SKIP","floor":1.0},{"not_picked":["DeceiveReality","JustLucky"],"picked":"Tantrum","floor":2.0},{"not_picked":["Prostrate","CrushJoints","Protect"],"picked":"SKIP","floor":4.0},{"not_picked":["PathToVictory","EmptyFist","Wireheading"],"picked":"SKIP","floor":6.0},{"not_picked":["FlurryOfBlows","Brilliance"],"picked":"FollowUp","floor":10.0},{"not_picked":["CutThroughFate","Conclude"],"picked":"Halt","floor":11.0},{"not_picked":["Halt","Evaluate","LikeWater"],"picked":"SKIP","floor":12.0},{"not_picked":["Halt","SashWhip","Establishment"],"picked":"SKIP","floor":14.0},{"not_picked":["Wish","ConjureBlade"],"picked":"Ragnarok","floor":16.0},{"not_picked":["WaveOfTheHand","Swivel","Study"],"picked":"SKIP","floor":18.0},{"not_picked":["Protect","EmptyBody","CrushJoints"],"picked":"SKIP","floor":21.0},{"not_picked":["FollowUp+1","Wireheading","EmptyBody"],"picked":"SKIP","floor":23.0},{"not_picked":["CutThroughFate","Weave+1","Pray"],"picked":"SKIP","floor":24.0},{"not_picked":["JustLucky","FlurryOfBlows"],"picked":"ClearTheMind","floor":27.0},{"not_picked":["Consecrate","EmptyFist","BowlingBash"],"picked":"SKIP","floor":30.0},{"not_picked":["LikeWater","FollowUp"],"picked":"Study+1","floor":31.0},{"not_picked":["Establishment","ConjureBlade"],"picked":"LessonLearned","floor":33.0},{"not_picked":["BowlingBash+1","Crescendo","CutThroughFate"],"picked":"SKIP","floor":35.0},{"not_picked":["Protect","WindmillStrike","CrushJoints"],"picked":"SKIP","floor":36.0},{"not_picked":["PathToVictory","ThirdEye+1","LikeWater"],"picked":"SKIP","floor":37.0},{"not_picked":["Wireheading","JustLucky","CrushJoints"],"picked":"SKIP","floor":38.0},{"not_picked":["CutThroughFate","Consecrate+1","Evaluate+1"],"picked":"SKIP","floor":41.0},{"not_picked":["Tantrum","SashWhip"],"picked":"TalkToTheHand","floor":44.0},{"not_picked":["DeceiveReality+1","Protect"],"picked":"EmptyFist","floor":48}],"player_experience":143514,"relics_obtained":[{"floor":5.0,"key":"Turnip"},{"floor":6.0,"key":"Pen Nib"},{"floor":9.0,"key":"InkBottle"},{"floor":12.0,"key":"Girya"},{"floor":20.0,"key":"Red Mask"},{"floor":23.0,"key":"Blue Candle"},{"floor":25.0,"key":"Shuriken"},{"floor":26.0,"key":"PreservedInsect"},{"floor":31.0,"key":"Toy Ornithopter"},{"floor":41.0,"key":"StrikeDummy"},{"floor":44.0,"key":"Nunchaku"}],"event_choices":[{"damage_healed":0.0,"max_hp_gain":0.0,"max_hp_loss":0.0,"gold_gain":0.0,"event_name":"Living Wall","player_choice":"Grow","floor":3.0,"gold_loss":0.0,"damage_taken":0.0,"cards_upgraded":["Eruption"]},{"damage_healed":0.0,"max_hp_gain":0.0,"max_hp_loss":0.0,"gold_gain":0.0,"event_name":"Scrap Ooze","player_choice":"Success","floor":7.0,"gold_loss":0.0,"damage_taken":18.0,"relics_obtained":["Bag of Preparation"]},{"damage_healed":0.0,"max_hp_gain":0.0,"max_hp_loss":0.0,"gold_gain":0.0,"event_name":"Masked Bandits","player_choice":"Fought Bandits","floor":20.0,"gold_loss":0.0,"damage_taken":0.0},{"damage_healed":0.0,"max_hp_gain":0.0,"max_hp_loss":0.0,"gold_gain":0.0,"cards_transformed":["Strike_P","Strike_P"],"event_name":"Drug Dealer","player_choice":"Became Test Subject","floor":22.0,"gold_loss":0.0,"damage_taken":0.0,"cards_obtained":["Tantrum","SignatureMove"]},{"cards_removed":["Defend_P"],"damage_healed":0.0,"max_hp_gain":0.0,"max_hp_loss":0.0,"gold_gain":0.0,"event_name":"Falling","player_choice":"Removed Skill","floor":46.0,"gold_loss":0.0,"damage_taken":0.0}],"is_beta":false,"boss_relics":[{"not_picked":["Astrolabe","Sozu"],"picked":"Runic Pyramid"},{"not_picked":["Runic Dome","Coffee Dripper"],"picked":"Cursed Key"}],"items_purged_floors":[13,19,39],"is_endless":false,"potions_floor_spawned":[1,4,10,11,20,24,33,35,37,48],"ascension_level":17}}