{"host":"sav7uxregyirlf69","time":1610847488,"event":{"mods":["AchievementEnabler","BaseMod","Colored Map","DeckTracker","Keyboard Shortcuts","Minty Spire (QoL Compilation)","READ ME - Guardian Mod","StSLib","SuperFastMode"],"gold_per_floor":[109,119,136,156,156,156,156,156,181,181,192,526,195,195,195,269,269,284,199,199,199,32,32,60,78,78,107,133,153,182,182,182,255,255,255,255],"floor_reached":35,"language":"KOR","playtime":546,"items_purged":["Strike_B"],"score":986,"play_id":"eaaef3e9-e96b-4702-bded-e289318ba222","local_time":"20210117103808","is_ascension_mode":true,"campfire_choices":[{"data":"Zap","floor":6,"key":"SMITH"},{"data":"Dualcast","floor":8,"key":"SMITH"},{"data":"Go for the Eyes","floor":15,"key":"SMITH"},{"data":"Consume","floor":23,"key":"SMITH"},{"data":"Coolheaded","floor":32,"key":"SMITH"}],"circlet_count":0,"master_deck":["AscendersBane","Strike_B","Strike_B+1","Defend_B","Defend_B","Defend_B","Defend_B","Zap+1","Dualcast+1","Rebound+1","Ball Lightning","Barrage","Doom and Gloom","Chill","Go for the Eyes+1","Glacier","Electrodynamics","Coolheaded+1","Consume+1","Defragment+1","Echo Form","Core Surge","Conserve Battery"],"relics":["Cracked Core","Orichalcum","Bag of Preparation","Strawberry","Old Coin","Lee\u0027s Waffle","Coffee Dripper","Pen Nib","Orrery","Lantern","CeramicFish","StrikeDummy","Red Mask","Nuclear Battery"],"acts_visited":["Exordium","TheCity","TheBeyond"],"potions_floor_usage":[4,16,24,27,33,33],"damage_taken":[{"damage":0,"enemies":"Cultist","floor":1,"turns":3},{"damage":1,"enemies":"2 Louse","floor":2,"turns":3},{"damage":4,"enemies":"Small Slimes","floor":3,"turns":2},{"damage":0,"enemies":"2 Fungi Beasts","floor":4,"turns":2},{"damage":2,"enemies":"Exordium Wildlife","floor":11,"turns":3},{"damage":2,"enemies":"Gremlin Nob","floor":12,"turns":3},{"damage":0,"enemies":"Slime Boss","floor":16,"turns":6},{"damage":17,"enemies":"Chosen","floor":18,"turns":5},{"damage":6,"enemies":"Gremlin Leader","floor":24,"turns":5},{"damage":2,"enemies":"Shell Parasite","floor":25,"turns":3},{"damage":9,"enemies":"Book of Stabbing","floor":27,"turns":5},{"damage":20,"enemies":"Centurion and Healer","floor":28,"turns":3},{"damage":13,"enemies":"Snake Plant","floor":29,"turns":2},{"damage":0,"enemies":"Masked Bandits","floor":30,"turns":2},{"damage":0,"enemies":"Collector","floor":33,"turns":7},{"damage":0,"enemies":"3 Darklings","floor":35,"turns":1}],"seed_played":"8602166812429156480","potions_obtained":[{"floor":2,"key":"Strength Potion"},{"floor":4,"key":"SteroidPotion"},{"floor":16,"key":"FocusPotion"},{"floor":25,"key":"Block Potion"},{"floor":27,"key":"Swift Potion"},{"floor":30,"key":"FocusPotion"}],"is_trial":false,"path_per_floor":["M","M","M","M","?","R","?","R","T","?","M","E","$","?","R","B",null,"M","?","?","?","$","R","E","M","T","E","M","M","?","?","R","B",null,"M"],"character_chosen":"DEFECT","items_purchased":["Lee\u0027s Waffle","PowerPotion","Go for the Eyes","Orrery"],"campfire_rested":0,"item_purchase_floors":[13,13,13,22],"current_hp_per_floor":[64,63,59,59,38,38,33,33,40,40,38,36,85,85,85,85,85,68,68,68,68,68,68,62,60,60,51,31,18,18,18,18,18,68,68,68],"gold":255,"neow_bonus":"RANDOM_COMMON_RELIC","is_daily":false,"chose_seed":false,"campfire_upgraded":5,"win_rate":0.0,"timestamp":1610847488,"path_taken":["M","M","M","?","?","R","?","R","T","?","?","E","$","?","R","BOSS","M","?","?","?","?","R","E","M","T","E","M","?","?","?","R","BOSS","M"],"items_purchased_type":["Relic","Potion","Card","Relic"],"build_version":"2020-12-22","purchased_purges":1,"victory":false,"max_hp_per_floor":[71,71,71,71,71,71,71,71,78,78,78,78,85,85,85,85,85,85,85,85,85,85,85,85,85,85,85,85,85,85,85,85,85,85,85,85],"card_choices":[{"not_picked":["Auto Shields","Melter"],"picked":"Rebound","floor":1},{"not_picked":["Skim","Steam"],"picked":"Ball Lightning","floor":2},{"not_picked":["White Noise","Steam","Static Discharge"],"picked":"SKIP","floor":3},{"not_picked":["Skim","Stack"],"picked":"Barrage","floor":4},{"not_picked":["Leap","Stack"],"picked":"Doom and Gloom","floor":11},{"not_picked":["Doom and Gloom","Coolheaded"],"picked":"Chill","floor":12},{"not_picked":["Biased Cognition","Meteor Strike"],"picked":"Electrodynamics","floor":16},{"not_picked":["Streamline","Leap"],"picked":"Coolheaded","floor":18},{"not_picked":["Static Discharge","Undo"],"picked":"Defragment+1","floor":22},{"not_picked":["Ball Lightning","Redo","Leap"],"picked":"SKIP","floor":24},{"not_picked":["Scrape","Undo"],"picked":"Echo Form","floor":25},{"not_picked":["Rebound","Consume","Rip and Tear"],"picked":"SKIP","floor":27},{"not_picked":["Compile Driver","Conserve Battery"],"picked":"Core Surge","floor":28},{"not_picked":["Streamline","Leap"],"picked":"Conserve Battery","floor":29}],"player_experience":1298065,"relics_obtained":[{"floor":9,"key":"Strawberry"},{"floor":12,"key":"Old Coin"},{"floor":24,"key":"Lantern"},{"floor":26,"key":"CeramicFish"},{"floor":27,"key":"StrikeDummy"},{"floor":30,"key":"Red Mask"}],"event_choices":[{"damage_healed":0,"gold_gain":0,"player_choice":"Entered Light","damage_taken":21,"max_hp_gain":0,"max_hp_loss":0,"event_name":"Shining Light","floor":5,"gold_loss":0,"cards_upgraded":["Rebound","Strike_B"]},{"damage_healed":0,"gold_gain":0,"player_choice":"Success","damage_taken":5,"relics_obtained":["Bag of Preparation"],"max_hp_gain":0,"max_hp_loss":0,"event_name":"Scrap Ooze","floor":7,"gold_loss":0},{"damage_healed":0,"gold_gain":0,"player_choice":"Searched \u00270\u0027 times","damage_taken":0,"max_hp_gain":0,"max_hp_loss":0,"event_name":"Dead Adventurer","floor":10,"gold_loss":0},{"damage_healed":0,"gold_gain":0,"cards_transformed":["Strike_B"],"player_choice":"Change","damage_taken":0,"max_hp_gain":0,"max_hp_loss":0,"event_name":"Living Wall","floor":14,"gold_loss":0,"cards_obtained":["Glacier"]},{"damage_healed":0,"gold_gain":0,"player_choice":"Obtained Relic","damage_taken":0,"relics_obtained":["Pen Nib"],"max_hp_gain":0,"max_hp_loss":0,"event_name":"Addict","floor":19,"gold_loss":85},{"damage_healed":0,"gold_gain":0,"player_choice":"Ignored","damage_taken":0,"max_hp_gain":0,"max_hp_loss":0,"event_name":"Ghosts","floor":20,"gold_loss":0},{"damage_healed":0,"gold_gain":0,"player_choice":"Read","damage_taken":0,"max_hp_gain":0,"max_hp_loss":0,"event_name":"The Library","floor":21,"gold_loss":0,"cards_obtained":["Consume"]},{"damage_healed":0,"gold_gain":0,"player_choice":"Fought Bandits","damage_taken":0,"max_hp_gain":0,"max_hp_loss":0,"event_name":"Masked Bandits","floor":30,"gold_loss":0},{"damage_healed":0,"gold_gain":0,"player_choice":"Ignored","damage_taken":0,"max_hp_gain":0,"max_hp_loss":0,"event_name":"Vampires","floor":31,"gold_loss":0}],"is_beta":false,"boss_relics":[{"not_picked":["SacredBark","Cursed Key"],"picked":"Coffee Dripper"},{"not_picked":["Pandora\u0027s Box","Calling Bell"],"picked":"Nuclear Battery"}],"items_purged_floors":[13],"is_endless":false,"potions_floor_spawned":[2,4,16,25,27,28,30],"killed_by":"3 Darklings","ascension_level":20}}