{"host":"7wagoesq7cf4lu47","time":1610861016,"event":{"mods":["BaseMod","Downfall","Googly Eyes","Minty Spire (QoL Compilation)","StSLib"],"gold_per_floor":[99,99,111,125,300,329,329,58,58,90,104,114,114,134,147,243,243,143,161,175,175,175,175,175,175,190,223,2,18,18,18,33,33,33,33],"floor_reached":33,"language":"ZHS","playtime":2305,"items_purged":["Doubt"],"score":302,"play_id":"ddda07e9-ef02-4305-acbe-377bb43caae2","local_time":"20210117132336","is_ascension_mode":false,"campfire_choices":[{"data":"Slimebound:Split","floor":1.0,"key":"SMITH"},{"data":"expansioncontent:StudyTheSpire","floor":9,"key":"SMITH"},{"floor":13,"key":"REST"},{"data":"Slimebound:SlimeSlap","floor":18,"key":"SMITH"},{"data":"Slimebound:MegaLick","floor":25,"key":"SMITH"},{"floor":30,"key":"REST"}],"circlet_count":0,"master_deck":["Slimebound:Strike_Slimebound","Slimebound:Tackle","Slimebound:Defend_Slimebound","Slimebound:Defend_Slimebound","Slimebound:Defend_Slimebound","Slimebound:Defend_Slimebound","Slimebound:Split+1","Slimebound:CorrosiveSpit+1","Slimebound:SpikyOuterGoop","Slimebound:ViciousTackle","Slimebound:Repurpose","Slimebound:RainOfGoop","expansioncontent:StudyTheSpire+1","Slimebound:OozeBath","Slimebound:SpikyOuterGoop","Slimebound:SlimeSlap+1","Slimebound:LivingWall","Slimebound:MegaLick+1"],"relics":["Slimebound:AbsorbEndCombat","Shuriken","Slimebound:MaxSlimesRelic","Empty Cage","downfall:HeartBlessingGreen","downfall:RedIOU","Lantern","Slimebound:SelfDamagePreventRelic","Nloth\u0027s Gift"],"acts_visited":["Exordium","TheCity"],"potions_floor_usage":[19,20,20,27,33,33,33],"damage_taken":[{"damage":6,"enemies":"Jaw Worm","floor":3,"turns":4},{"damage":2,"enemies":"Small Slimes","floor":4,"turns":4},{"damage":18,"enemies":"Lagavulin","floor":6,"turns":6},{"damage":0,"enemies":"downfall:FleeingMerchant","floor":8,"turns":4},{"damage":27,"enemies":"3 Sentries","floor":10,"turns":8},{"damage":2,"enemies":"2 Louse","floor":11,"turns":3},{"damage":12,"enemies":"Lots of Slimes","floor":12,"turns":4},{"damage":11,"enemies":"Red Slaver","floor":14,"turns":3},{"damage":0,"enemies":"3 Louse","floor":15,"turns":6},{"damage":24,"enemies":"WA_ARCHETYPE_RETAIN","floor":16,"turns":5},{"damage":5,"enemies":"Chosen","floor":19,"turns":5},{"damage":5,"enemies":"3 Byrds","floor":20,"turns":4},{"damage":16,"enemies":"Centurion and Healer","floor":26,"turns":7},{"damage":52,"enemies":"Gremlin Leader","floor":27,"turns":7},{"damage":0,"enemies":"downfall:FleeingMerchant","floor":28,"turns":4},{"damage":8,"enemies":"Snecko","floor":29,"turns":4},{"damage":17,"enemies":"Cultist and Chosen","floor":32,"turns":6},{"damage":44,"enemies":"SI_MIRROR_ARCHETYPE","floor":33,"turns":10}],"seed_played":"-4150456594803585946","potions_obtained":[{"floor":3,"key":"Weak Potion"},{"floor":11,"key":"Fire Potion"},{"floor":12,"key":"Explosive Potion"},{"floor":14,"key":"Block Potion"},{"floor":26,"key":"Regen Potion"},{"floor":27,"key":"AttackPotion"},{"floor":32,"key":"Fire Potion"}],"is_trial":false,"path_per_floor":["R","?","M","M","?","E","T","$","R","E","M","M","R","M","M","B",null,"R","M","M","?","?","?","T","R","M","E","$","M","R","?","M","B"],"character_chosen":"SLIMEBOUND","items_purchased":["expansioncontent:StudyTheSpire","Slimebound:SelfDamagePreventRelic","Block Potion"],"campfire_rested":2,"item_purchase_floors":[8,28,28],"current_hp_per_floor":[65,65,61,62,62,47,47,48,48,25,25,14,33,23,25,2,65,65,62,60,60,60,60,60,60,47,15,16,10,29,29,16,0,0,0],"gold":33,"neow_bonus":"UPGRADE_CARD","is_daily":false,"chose_seed":false,"campfire_upgraded":4,"win_rate":0.0,"timestamp":1610861016,"path_taken":["R","?","M","M","?","E","T","$","R","E","M","M","R","M","M","BOSS","R","M","M","?","?","?","T","R","M","E","$","M","R","?","M","BOSS"],"items_purchased_type":["Card","Relic","Potion"],"build_version":"2020-12-22","purchased_purges":1,"victory":false,"max_hp_per_floor":[65,65,65,65,65,65,65,65,65,65,65,65,65,65,65,65,65,65,65,65,65,65,65,65,65,65,65,65,65,65,65,65,65,65,65],"card_choices":[{"not_picked":["Slimebound:ComboTackle","Slimebound:SplitAcid"],"picked":"Slimebound:SpikyOuterGoop","floor":3},{"not_picked":["Slimebound:RollThrough","Slimebound:LeechingTouch"],"picked":"Slimebound:ViciousTackle","floor":4},{"not_picked":["Slimebound:SplitLeeching","Slimebound:ProtectTheBoss"],"picked":"Slimebound:Repurpose","floor":6},{"not_picked":["Slimebound:SplitAcid","Slimebound:FormOfPuddle"],"picked":"Slimebound:RainOfGoop","floor":8},{"not_picked":["Slimebound:ItLooksTasty","Slimebound:SplitMire"],"picked":"Slimebound:OozeBath","floor":10},{"not_picked":["Slimebound:SamplingLick","Slimebound:RejuvenatingLick","Slimebound:Grow"],"picked":"SKIP","floor":11},{"not_picked":["Slimebound:GoopSpray","Slimebound:LeechEnergy"],"picked":"Slimebound:SpikyOuterGoop","floor":12},{"not_picked":["Slimebound:Prepare","Slimebound:FinishingTackle","Slimebound:SplitBruiser"],"picked":"SKIP","floor":14},{"not_picked":["Slimebound:ForwardTackle","Slimebound:ComboTackle","Slimebound:Grow"],"picked":"SKIP","floor":15},{"not_picked":["Slimebound:MassRepurpose","Slimebound:FirmFortitude"],"picked":"Slimebound:SlimeSlap","floor":16},{"not_picked":["Slimebound:LeechingTouch+1","Slimebound:SlimeBarrage+1"],"picked":"Slimebound:LivingWall","floor":19},{"not_picked":["Slimebound:LeechEnergy+1","Slimebound:DisruptingSlam","Slimebound:SplitMire"],"picked":"SKIP","floor":20},{"not_picked":["Slimebound:BestDefense","Slimebound:LevelUp+1","Slimebound:SlimeSpikes+1"],"picked":"SKIP","floor":26},{"not_picked":["Slimebound:LivingWall+1","Slimebound:DisruptingSlam","Slimebound:PressTheAttack"],"picked":"SKIP","floor":27},{"not_picked":["Slimebound:HauntingLick+1","Slimebound:BestDefense","Slimebound:FinishingTackle"],"picked":"SKIP","floor":28},{"not_picked":["Slimebound:Gluttony","Slimebound:Overexert","Slimebound:TongueLash"],"picked":"SKIP","floor":29},{"not_picked":["Slimebound:Prepare+1","Slimebound:GoopTackle","Slimebound:Schlurp"],"picked":"SKIP","floor":32}],"player_experience":171232,"relics_obtained":[{"floor":6,"key":"Shuriken"},{"floor":7,"key":"Slimebound:MaxSlimesRelic"},{"floor":10,"key":"The Courier"},{"floor":24,"key":"Ornamental Fan"},{"floor":27,"key":"Lantern"}],"event_choices":[{"damage_healed":0,"gold_gain":0,"player_choice":"Read","damage_taken":0,"max_hp_gain":0,"max_hp_loss":0,"event_name":"The Library","floor":21,"gold_loss":0,"cards_obtained":["Slimebound:MegaLick"]},{"damage_healed":0,"gold_gain":0,"player_choice":"Ignored","damage_taken":0,"max_hp_gain":0,"max_hp_loss":0,"event_name":"Vampires","floor":23,"gold_loss":0}],"is_beta":false,"boss_relics":[{"not_picked":["bronze:MakeshiftBattery","Black Star"],"picked":"Empty Cage"}],"items_purged_floors":[8],"is_endless":false,"potions_floor_spawned":[3,11,12,14,16,26,27,32],"killed_by":"SI_MIRROR_ARCHETYPE","ascension_level":0}}