{"host":"8rqsnaeml9gxb0kp","time":1610860494,"event":{"mods":["AchievementEnabler","BaseMod","Dark Map","Minty Spire (QoL Compilation)","StSLib"],"gold_per_floor":[118,136,88,88,88,121,140,140,166,176,101,101,116,135,135,135,135],"floor_reached":16,"language":"ENG","playtime":784,"items_purged":["Strike_G"],"score":107,"play_id":"9be685dc-3305-44ee-a2f7-ad4ae7e00313","local_time":"20210116211454","is_ascension_mode":true,"campfire_choices":[{"data":"Riddle With Holes","floor":8,"key":"SMITH"},{"data":"Neutralize","floor":12,"key":"SMITH"},{"floor":15,"key":"REST"}],"circlet_count":0,"master_deck":["Strike_G","Strike_G","Strike_G","Strike_G","Defend_G","Defend_G","Defend_G","Defend_G","Survivor","Neutralize+1","Riddle With Holes+1","Accuracy","Dagger Spray+1","Flying Knee","Acrobatics","Dagger Spray","Flying Knee","Dagger Throw","Predator"],"relics":["HoveringKite","Dream Catcher","Nunchaku"],"acts_visited":["Exordium"],"potions_floor_usage":[16,16],"damage_taken":[{"damage":3,"enemies":"2 Louse","floor":1,"turns":4},{"damage":2,"enemies":"Jaw Worm","floor":2,"turns":5},{"damage":12,"enemies":"3 Sentries","floor":6,"turns":8},{"damage":0,"enemies":"Small Slimes","floor":7,"turns":3},{"damage":6,"enemies":"Red Slaver","floor":10,"turns":3},{"damage":4,"enemies":"Exordium Thugs","floor":13,"turns":3},{"damage":0,"enemies":"3 Louse","floor":14,"turns":2},{"damage":57,"enemies":"Hexaghost","floor":16,"turns":11}],"seed_played":"-6334583816620285627","potions_obtained":[{"floor":1,"key":"Ancient Potion"},{"floor":13,"key":"Weak Potion"},{"floor":14,"key":"AttackPotion"}],"is_trial":false,"path_per_floor":["M","M","$","?","?","E","M","R","T","M","$","R","M","M","R","B"],"character_chosen":"THE_SILENT","items_purchased":["Dagger Spray"],"campfire_rested":1,"item_purchase_floors":[3],"current_hp_per_floor":[67,65,65,65,58,46,46,46,46,40,40,40,36,36,57,0,0],"gold":135,"neow_bonus":"BOSS_RELIC","is_daily":false,"chose_seed":false,"campfire_upgraded":2,"win_rate":0.0,"timestamp":1610860494,"path_taken":["M","M","$","?","?","E","M","R","T","M","$","R","M","M","R","BOSS"],"items_purchased_type":["Card"],"build_version":"2020-12-22","purchased_purges":1,"victory":false,"max_hp_per_floor":[70,70,70,70,70,70,70,70,70,70,70,70,70,70,70,70,70],"card_choices":[{"not_picked":["Reflex","Deflect"],"picked":"Riddle With Holes","floor":1},{"not_picked":["Backflip","Endless Agony"],"picked":"Accuracy","floor":2},{"not_picked":["Terror","Caltrops"],"picked":"Flying Knee","floor":6},{"not_picked":["Dodge and Roll","Corpse Explosion"],"picked":"Acrobatics","floor":7},{"not_picked":["Crippling Poison","Deadly Poison"],"picked":"Dagger Spray","floor":10},{"not_picked":["Reflex","Bane"],"picked":"Flying Knee","floor":13},{"not_picked":["Outmaneuver","Backflip"],"picked":"Dagger Throw","floor":14},{"not_picked":["Prepared","Phantasmal Killer"],"picked":"Predator","floor":15}],"player_experience":82793,"relics_obtained":[{"floor":6,"key":"Dream Catcher"},{"floor":9,"key":"Nunchaku"}],"event_choices":[{"damage_healed":0,"gold_gain":0,"player_choice":"Grow","damage_taken":0,"max_hp_gain":0,"max_hp_loss":0,"event_name":"Living Wall","floor":4,"gold_loss":0,"cards_upgraded":["Dagger Spray"]},{"cards_removed":["Defend_G"],"damage_healed":0,"gold_gain":0,"player_choice":"Card Removal","damage_taken":7,"max_hp_gain":0,"max_hp_loss":0,"event_name":"Golden Wing","floor":5,"gold_loss":0}],"is_beta":false,"boss_relics":[],"items_purged_floors":[11],"is_endless":false,"potions_floor_spawned":[1,13,14],"killed_by":"Hexaghost","ascension_level":1}}