{"host":"8ps3pfk2b2drr3ex","time":1610894892,"event":{"mods":["2.2 Compatiblity","AchievementEnabler","Act Like it!","BaseMod","Bestiary","Better Match","BetterRewards","Colored Map","Colored Powertips","Conspire","Downfall","Evolution","GifTheSpireLib","Gold Saver","Hallownest","Hubris","Minty Spire (QoL Compilation)","Permanent Neow","Relic Filter","Shop Mod","StSLib","Stuff the Spire","The Animator"],"gold_per_floor":[201,213,227,244,9,9,9,9,27,127,187,214,199,219,231,328,328,228,239,289,304,322,472,497,531,531,565,223,223,245,450,475,585,585,485,572,599,924,986,677,702,725,744,376,406,426,326,346,358,358,358,395,133,133,133,133],"floor_reached":57,"language":"ENG","playtime":7574,"items_purged":["bronze:Strike","bronze:Strike","bronze:Defend","bronze:Defend","bronze:Defend","bronze:Defend"],"score":1353,"play_id":"81fc4dd6-b3b3-4d9b-a481-35c5b71f3b29","local_time":"20210117094812","is_ascension_mode":false,"campfire_choices":[{"data":"bronze:Goto","floor":1.0,"key":"SMITH"},{"data":"bronze:Iterate","floor":6.0,"key":"SMITH"},{"data":"bronze:Mutator","floor":18.0,"key":"SMITH"},{"data":"bronze:FineTuning","floor":26.0,"key":"SMITH"},{"data":"expansioncontent:StudyTheSpire","floor":29.0,"key":"SMITH"},{"floor":35.0,"key":"RECALL"},{"data":"bronze:ForLoop","floor":47.0,"key":"SMITH"},{"data":"bronze:HardenedForm","floor":54,"key":"SMITH"}],"circlet_count":0,"master_deck":["bronze:BugBarrage","bronze:Replicate","bronze:Goto+1","bronze:Iterate","bronze:Flail","bronze:Boost","bronze:FineTuning","bronze:Repair","bronze:Frontload","bronze:ForLoop+1","bronze:Optimize","bronze:Mutator+1","bronze:ClassDefault","bronze:Constructor+1","bronze:FineTuning+1","bronze:CloningBeam","bronze:FineTuning","expansioncontent:StudyTheSpire+1","bronze:ClassDefault+1","bronze:OilSpill","bronze:HardenedForm+1","bronze:Shell+1","bronze:Iterate+1","bronze:Boost+1","bronze:OilSpill+1","bronze:Iterate+1","bronze:FineTuning","bronze:ClassDefault"],"relics":["bronze:BronzeCore","EVO:Axolotl","Omamori","Membership Card","StuffTheSpire:Mouthbags","downfall:CloakOfManyFaces","CultistMask","FaceOfCleric","NlothsMask","GremlinMask","SsserpentHead","Bag of Marbles","conspire:RoyalGoblet","downfall:HeartBlessingBlue","Pocketwatch","Bottled Tornado","CeramicFish","Pen Nib","StuffTheSpire:CocoNut","PreservedInsect","hubris:Backtick","sneckomod:SuperSneckoEye","downfall:HeartBlessingGreen","Eternal Feather","hubris:TinFlute","hubris:SlimyHat","StuffTheSpire:Gunfinga","hubris:CuriousFeather","Pear","Boot","downfall:HeartBlessingRed","sneckomod:BlankCard","Chemical X","Bag of Preparation"],"acts_visited":[],"potions_floor_usage":[],"damage_taken":[{"damage":0.0,"enemies":"Cultist","floor":2.0,"turns":3.0},{"damage":2.0,"enemies":"Small Slimes","floor":3.0,"turns":3.0},{"damage":6.0,"enemies":"Jaw Worm","floor":4.0,"turns":3.0},{"damage":0.0,"enemies":"downfall:FleeingMerchant","floor":5.0,"turns":4.0},{"damage":8.0,"enemies":"Large Slime","floor":9.0,"turns":2.0},{"damage":11.0,"enemies":"downfall:FaceTrader","floor":10.0,"turns":5.0},{"damage":3.0,"enemies":"Exordium Wildlife","floor":11.0,"turns":3.0},{"damage":0.0,"enemies":"Lagavulin","floor":12.0,"turns":3.0},{"damage":3.0,"enemies":"downfall:FleeingMerchant","floor":13.0,"turns":4.0},{"damage":0.0,"enemies":"2 Fungi Beasts","floor":14.0,"turns":3.0},{"damage":0.0,"enemies":"Gremlin Gang","floor":15.0,"turns":5.0},{"damage":21.0,"enemies":"IC_STATUS_ARCHETYPE","floor":16.0,"turns":3.0},{"damage":6.0,"enemies":"conspire:FuzzyDice","floor":19.0,"turns":5.0},{"damage":2.0,"enemies":"Chosen","floor":21.0,"turns":3.0},{"damage":16.0,"enemies":"Snake Plant","floor":22.0,"turns":3.0},{"damage":0.0,"enemies":"Colosseum Nobs","floor":23.0,"turns":3.0},{"damage":5.0,"enemies":"conspire:Head Lice","floor":25.0,"turns":5.0},{"damage":18.0,"enemies":"Gremlin Leader","floor":27.0,"turns":6.0},{"damage":0.0,"enemies":"downfall:FleeingMerchant","floor":28.0,"turns":4.0},{"damage":12.0,"enemies":"Centurion and Healer","floor":30.0,"turns":4.0},{"damage":0.0,"enemies":"downfall:FleeingMerchant","floor":31.0,"turns":4.0},{"damage":17.0,"enemies":"Snecko","floor":32.0,"turns":4.0},{"damage":17.0,"enemies":"WA_ARCHETYPE_CALM","floor":33.0,"turns":8.0},{"damage":27.0,"enemies":"conspire:MimicChest","floor":36.0,"turns":5.0},{"damage":9.0,"enemies":"3 Shapes","floor":37.0,"turns":4.0},{"damage":31.0,"enemies":"3 Darklings","floor":39.0,"turns":4.0},{"damage":9.0,"enemies":"Maw","floor":42.0,"turns":6.0},{"damage":30.0,"enemies":"4 Shapes","floor":43.0,"turns":3.0},{"damage":55.0,"enemies":"Nemesis","floor":45.0,"turns":3.0},{"damage":0.0,"enemies":"Writhing Mass","floor":46.0,"turns":4.0},{"damage":0.0,"enemies":"Jaw Worm Horde","floor":48.0,"turns":3.0},{"damage":16.0,"enemies":"Spire Growth","floor":49.0,"turns":3.0},{"damage":7.0,"enemies":"DF_ARCHETYPE_ORBS","floor":50.0,"turns":5.0},{"damage":0,"enemies":"downfall:CharBossMerchant","floor":52,"turns":4},{"damage":14,"enemies":"downfall:NeowBoss","floor":55,"turns":7},{"damage":96,"enemies":"downfall:NeowBossFinal","floor":56,"turns":8}],"seed_played":"6513271038027510857","potions_obtained":[{"floor":2.0,"key":"sneckomod:MuddlingPotion"},{"floor":3.0,"key":"DuplicationPotion"},{"floor":11.0,"key":"Fire Potion"},{"floor":12.0,"key":"Guardian:BlockOnCardUsePotion"},{"floor":16.0,"key":"Regen Potion"},{"floor":22.0,"key":"conspire:TimeTravelPotion"},{"floor":30.0,"key":"SmokeBomb"},{"floor":32.0,"key":"Fire Potion"},{"floor":36.0,"key":"Block Potion"},{"floor":37.0,"key":"ColorlessPotion"},{"floor":42.0,"key":"FearPotion"},{"floor":43.0,"key":"Fruit Juice"}],"is_trial":false,"path_per_floor":["R","M","M","M","$","R","T","T","M","?","M","E","$","M","M","B",null,"R","M","?","M","M","?","T","E","R","E","$","R","M","$","M","B",null,"R","?","M","?","M","$","T","M","M","$","E","M","R","M","M","B",null,"E","$","R","B","B",null],"character_chosen":"THE_AUTOMATON","items_purchased":["Membership Card","bronze:FineTuning","bronze:CloningBeam","bronze:FineTuning","StuffTheSpire:CocoNut","expansioncontent:StudyTheSpire","GamblersBrew","PreservedInsect","hubris:TinFlute","hubris:SlimyHat","Regen Potion","hubris:CuriousFeather","Pear","Chemical X","Bag of Preparation","bronze:ClassDefault"],"campfire_rested":0,"item_purchase_floors":[5,5,28,28,28,28,28,31,40,40,40,44,44,53,53,53],"current_hp_per_floor":[70,70,68,62,62,62,62,62,54,43,48,49,54,55,63,43,76,86,81,81,80,65,75,75,78,78,86,100,100,101,102,86,81,104,104,78,91,91,68,68,68,108,79,94,49,64,79,80,73,74,129,130,130,130,128,33],"gold":133,"neow_bonus":"RANDOM_COMMON_RELIC","is_daily":false,"chose_seed":false,"campfire_upgraded":7,"win_rate":0.0,"timestamp":1610894892,"path_taken":["R","M","M","M","$","R","T","?","M","?","?","E","$","M","M","BOSS","R","M","?","M","M","?","T","E","R","E","$","R","M","$","M","BOSS","R","?","M","?","?","$","T","M","M","$","E","M","R","M","M","BOSS","E","$","R","BOSS","BOSS"],"items_purchased_type":["Relic","Card","Card","Card","Relic","Card","Potion","Relic","Relic","Relic","Potion","Relic","Relic","Relic","Relic","Card"],"build_version":"2020-12-22","purchased_purges":6,"victory":true,"max_hp_per_floor":[70,70,70,70,70,70,70,70,70,70,71,72,73,74,75,76,76,86,87,87,88,89,90,90,91,91,92,100,100,101,102,103,104,104,104,105,106,106,107,107,107,108,109,124,125,126,126,127,128,129,129,130,130,130,131,132],"card_choices":[{"not_picked":["bronze:DarkDash","bronze:BugBarrage"],"picked":"bronze:Iterate","floor":2.0},{"not_picked":["bronze:Branch","bronze:DigitalCarnage","bronze:Overheat"],"picked":"SKIP","floor":3.0},{"not_picked":["bronze:Deprecate","bronze:OilSpill"],"picked":"bronze:Flail","floor":4.0},{"not_picked":["bronze:Iterate","bronze:FindAndReplace"],"picked":"bronze:Boost","floor":5.0},{"not_picked":["bronze:DelayedSlice","bronze:MaxOutput","bronze:DigitalCarnage"],"picked":"SKIP","floor":9.0},{"not_picked":["bronze:DelayedGuard","bronze:MaxOutput"],"picked":"bronze:Repair","floor":10.0},{"not_picked":["bronze:Return","bronze:DarkDash"],"picked":"bronze:Frontload","floor":11.0},{"not_picked":["bronze:WildBeam","bronze:Repair","bronze:WhirlingStrike"],"picked":"SKIP","floor":12.0},{"not_picked":["bronze:Return","bronze:Deprecate"],"picked":"bronze:ForLoop","floor":13.0},{"not_picked":["bronze:Shield","bronze:OilSpill"],"picked":"bronze:Optimize","floor":14.0},{"not_picked":["bronze:Iterate","bronze:Turbo","bronze:FollowUp"],"picked":"SKIP","floor":15.0},{"not_picked":["bronze:Assembly","bronze:BurnOut"],"picked":"bronze:Mutator","floor":16.0},{"not_picked":["bronze:Branch","bronze:Repulsor+1","bronze:DelayedGuard"],"picked":"SKIP","floor":19.0},{"not_picked":["bronze:Iterate","bronze:CutThrough"],"picked":"bronze:ClassDefault","floor":21.0},{"not_picked":["bronze:DelayedSlice+1","bronze:ClassDefault"],"picked":"bronze:Constructor+1","floor":22.0},{"not_picked":["bronze:ForLoop","bronze:Branch"],"picked":"bronze:FineTuning","floor":25.0},{"not_picked":["bronze:ThunderWave","bronze:Optimize+1","bronze:Turbo"],"picked":"SKIP","floor":27.0},{"not_picked":["bronze:Repulsor","bronze:Shield","bronze:ChildClass"],"picked":"SKIP","floor":28.0},{"not_picked":["bronze:ChildClass","bronze:BuggyMess+1"],"picked":"bronze:ClassDefault+1","floor":30.0},{"not_picked":["bronze:GetLatest+1","bronze:Allocate","bronze:Overheat"],"picked":"SKIP","floor":31.0},{"not_picked":["bronze:Overheat","bronze:BugBarrage"],"picked":"bronze:OilSpill","floor":32.0},{"not_picked":["bronze:Mutator","bronze:Assembly"],"picked":"bronze:HardenedForm","floor":33.0},{"not_picked":["bronze:Deprecate","bronze:Fortify"],"picked":"bronze:Shell+1","floor":37.0},{"not_picked":["bronze:Shield+1","bronze:CutThrough","bronze:DelayedSlice+1"],"picked":"SKIP","floor":39.0},{"not_picked":["bronze:FindAndReplace","bronze:Terminator+1"],"picked":"bronze:Iterate+1","floor":42.0},{"not_picked":["bronze:Safeguard+1","bronze:ChosenStrike"],"picked":"bronze:Boost+1","floor":43.0},{"not_picked":["bronze:GetLatest","bronze:Separator+1","bronze:Allocate+1"],"picked":"SKIP","floor":45.0},{"not_picked":["bronze:Invalidate","bronze:ChildClass"],"picked":"bronze:OilSpill+1","floor":46.0},{"not_picked":["bronze:WhirlingStrike","bronze:Backtrace+1","bronze:ForceShield"],"picked":"SKIP","floor":48.0},{"not_picked":["bronze:WildBeam+1","bronze:NullPointer","bronze:FineTuning"],"picked":"SKIP","floor":49.0},{"not_picked":["bronze:Turbo","bronze:GetLatest"],"picked":"bronze:FineTuning","floor":52}],"player_experience":1095808,"relics_obtained":[{"floor":7.0,"key":"StuffTheSpire:Mouthbags"},{"floor":10.0,"key":"downfall:CloakOfManyFaces"},{"floor":12.0,"key":"Bag of Marbles"},{"floor":23.0,"key":"Pocketwatch"},{"floor":23.0,"key":"Bottled Tornado"},{"floor":25.0,"key":"CeramicFish"},{"floor":27.0,"key":"Pen Nib"},{"floor":36.0,"key":"Eternal Feather"},{"floor":41.0,"key":"StuffTheSpire:Gunfinga"},{"floor":45.0,"key":"Boot"},{"floor":52,"key":"sneckomod:BlankCard"}],"event_choices":[],"is_beta":false,"boss_relics":[{"not_picked":["conspire:SeveredTorchhead","bronze:PlatinumCore"],"picked":"conspire:RoyalGoblet"},{"not_picked":["Astrolabe","Pandora\u0027s Box"],"picked":"hubris:Backtick"}],"items_purged_floors":[5,28,31,40,44,53],"is_endless":false,"potions_floor_spawned":[2,3,11,12,14,16,19,21,22,30,32,36,37,42,43],"ascension_level":0}}