{"host":"oiw60b5ins9fyx34","time":1610883991,"event":{"mods":["BaseMod","Colored Map","Colored Powertips","Minty Spire (QoL Compilation)","Permanent Neow","Quick Restart","Rare Cards Sparkle","Relic Stats","StSLib","The Cursed"],"gold_per_floor":[109,126,146,146,73,100,100,120,120,120,120,136,136,61,61,160,160,172,172,172,172],"floor_reached":20,"language":"JPN","playtime":502,"items_purged":["Strike_B"],"score":181,"play_id":"f8696a19-58fc-4f32-a221-ee7ad77995ca","local_time":"20210117204631","is_ascension_mode":true,"campfire_choices":[{"data":"Sunder","floor":7,"key":"SMITH"},{"floor":13,"key":"REST"},{"data":"Defragment","floor":15,"key":"SMITH"}],"circlet_count":0,"master_deck":["Strike_B+1","Strike_B","Strike_B","Defend_B","Defend_B","Defend_B","Defend_B","Zap","Dualcast","Sunder+1","Rip and Tear","Hyperbeam","Capacitor+1","Darkness","Conserve Battery","Defragment+1","Machine Learning","Static Discharge+1","Shame"],"relics":["SlaversCollar","Bag of Preparation","Tiny Chest","Cursed Key","Symbiotic Virus"],"acts_visited":["Exordium","TheCity"],"potions_floor_usage":[4,16],"damage_taken":[{"damage":3,"enemies":"2 Louse","floor":1,"turns":3},{"damage":1,"enemies":"Cultist","floor":2,"turns":4},{"damage":7,"enemies":"Small Slimes","floor":3,"turns":3},{"damage":21,"enemies":"Lagavulin","floor":6,"turns":7},{"damage":6,"enemies":"Exordium Wildlife","floor":8,"turns":3},{"damage":14,"enemies":"Blue Slaver","floor":12,"turns":3},{"damage":19,"enemies":"Hexaghost","floor":16,"turns":8},{"damage":49,"enemies":"3 Byrds","floor":18,"turns":6}],"seed_played":"2033038182184400941","potions_obtained":[{"floor":2,"key":"LiquidBronze"},{"floor":3,"key":"Swift Potion"},{"floor":4,"key":"SpeedPotion"},{"floor":4,"key":"Fruit Juice"},{"floor":4,"key":"EssenceOfDarkness"},{"floor":6,"key":"Fire Potion"}],"is_trial":false,"path_per_floor":["M","M","M","?","$","E","R","M","T","?","T","M","R","$","R","B",null,"M","?","T"],"character_chosen":"DEFECT","items_purchased":["Capacitor"],"campfire_rested":1,"item_purchase_floors":[5],"current_hp_per_floor":[72,71,64,69,69,48,48,42,42,26,26,12,36,36,36,17,80,31,31,31,31],"gold":172,"neow_bonus":"BOSS_RELIC","is_daily":false,"chose_seed":false,"campfire_upgraded":2,"win_rate":0.0,"timestamp":1610883991,"path_taken":["M","M","M","?","$","E","R","?","T","?","?","M","R","$","R","BOSS","M","?","?"],"items_purchased_type":["Card"],"build_version":"2020-12-22","purchased_purges":1,"victory":false,"max_hp_per_floor":[75,75,75,80,80,80,80,80,80,80,80,80,80,80,80,80,80,80,80,80,80],"relic_stats":{"counters":[8,37],"Tiny Chest":1,"Bag of Preparation":[8],"Cursed Key":1,"obtain_stats":[{"SlaversCollar":0,"Tiny Chest":9,"Bag of Preparation":6,"Cracked Core":0,"Cursed Key":17,"Symbiotic Virus":20},{"SlaversCollar":0,"Tiny Chest":5,"Bag of Preparation":4,"Cracked Core":0,"Cursed Key":7,"Symbiotic Virus":8},{"SlaversCollar":0,"Tiny Chest":20,"Bag of Preparation":17,"Cracked Core":0,"Cursed Key":31,"Symbiotic Virus":37}]},"card_choices":[{"not_picked":["Beam Cell","Sweeping Beam"],"picked":"Sunder","floor":1},{"not_picked":["Compile Driver","Stack"],"picked":"Rip and Tear","floor":2},{"not_picked":["Hologram","Stack"],"picked":"Hyperbeam","floor":3},{"not_picked":["White Noise","Double Energy"],"picked":"Darkness","floor":6},{"not_picked":["Darkness","Steam"],"picked":"Conserve Battery","floor":8},{"not_picked":["Hologram","Gash"],"picked":"Defragment","floor":12},{"not_picked":["Amplify","Seek"],"picked":"Machine Learning","floor":16},{"not_picked":["Streamline","Hello World+1"],"picked":"Static Discharge+1","floor":18}],"player_experience":693871,"relics_obtained":[{"floor":6,"key":"Bag of Preparation"},{"floor":9,"key":"Tiny Chest"},{"floor":20,"key":"Symbiotic Virus"}],"event_choices":[{"damage_healed":0,"gold_gain":0,"player_choice":"Got Potions","damage_taken":0,"max_hp_gain":0,"max_hp_loss":0,"event_name":"Lab","floor":4,"gold_loss":0},{"damage_healed":0,"gold_gain":0,"player_choice":"Entered Light","damage_taken":16,"max_hp_gain":0,"max_hp_loss":0,"event_name":"Shining Light","floor":10,"gold_loss":0,"cards_upgraded":["Strike_B","Capacitor"]},{"damage_healed":0,"gold_gain":0,"player_choice":"Ignored","damage_taken":0,"max_hp_gain":0,"max_hp_loss":0,"event_name":"Vampires","floor":19,"gold_loss":0}],"is_beta":false,"boss_relics":[{"not_picked":["Tiny House","Nuclear Battery"],"picked":"Cursed Key"}],"items_purged_floors":[14],"is_endless":false,"potions_floor_spawned":[2,3,6,12],"ascension_level":1}}