{"host":"h0xw20cia6ppa69g","time":1610872098,"event":{"mods":["AchievementEnabler","BaseMod","Colored Map","Filter the Spire","Googly Eyes","Minty Spire (QoL Compilation)","Relic Stats","StSLib","The Awakened One except there are too many feathers","everything is the same but u backflip on backflip"],"gold_per_floor":[109,124,143,156,156,184,24,36,36,48,92,104,116,148,160,276,288,320,347,374,397,79,112,112,72,98,118,118,118],"floor_reached":28,"language":"ENG","playtime":1615,"items_purged":["Zap","Chaos"],"score":265,"play_id":"3b10e3dd-b762-4101-831b-7e6dfbe235d5","local_time":"20210117022818","is_ascension_mode":true,"campfire_choices":[{"data":"Consume","floor":10.0,"key":"SMITH"},{"data":"Beam Cell","floor":12.0,"key":"SMITH"},{"data":"Hyperbeam","floor":15.0,"key":"SMITH"},{"floor":24.0,"key":"REST"}],"circlet_count":0,"master_deck":["Dualcast","Fusion","Beam Cell+1","Melter+1","Cold Snap","Turbo","BootSequence","Loop+1","Recycle","Streamline","Compile Driver","Consume+1","Conserve Battery","FTL","Genetic Algorithm","Hyperbeam+1","Creative AI","Leap+1","Turbo","Aggregate+1","Consume","Consume+1","Barrage","Force Field+1"],"relics":["Pandora\u0027s Box","The Courier","MawBank","Bag of Preparation","Matryoshka","Inserter","DollysMirror","Happy Flower","Oddly Smooth Stone","Lantern"],"acts_visited":["Exordium","TheCity"],"potions_floor_usage":[27,27,28],"damage_taken":[{"damage":5.0,"enemies":"Small Slimes","floor":1.0,"turns":4.0},{"damage":0.0,"enemies":"2 Louse","floor":2.0,"turns":3.0},{"damage":4.0,"enemies":"Cultist","floor":3.0,"turns":3.0},{"damage":8.0,"enemies":"Lots of Slimes","floor":4.0,"turns":5.0},{"damage":13.0,"enemies":"Lagavulin","floor":6.0,"turns":5.0},{"damage":4.0,"enemies":"Red Slaver","floor":8.0,"turns":7.0},{"damage":8.0,"enemies":"Gremlin Nob","floor":11.0,"turns":4.0},{"damage":12.0,"enemies":"3 Louse","floor":14.0,"turns":3.0},{"damage":20.0,"enemies":"Slime Boss","floor":16.0,"turns":5.0},{"damage":0.0,"enemies":"3 Byrds","floor":18.0,"turns":5.0},{"damage":6.0,"enemies":"Spheric Guardian","floor":19.0,"turns":4.0},{"damage":22.0,"enemies":"Chosen and Byrds","floor":20.0,"turns":8.0},{"damage":20.0,"enemies":"Cultist and Chosen","floor":21.0,"turns":7.0},{"damage":23.0,"enemies":"Slavers","floor":23.0,"turns":4.0},{"damage":13,"enemies":"Centurion and Healer","floor":27,"turns":7},{"damage":21,"enemies":"Gremlin Leader","floor":28,"turns":6}],"seed_played":"8743979901030955629","potions_obtained":[{"floor":1.0,"key":"Block Potion"},{"floor":2.0,"key":"Regen Potion"},{"floor":4.0,"key":"LiquidBronze"},{"floor":8.0,"key":"Dexterity Potion"},{"floor":16.0,"key":"FearPotion"},{"floor":19.0,"key":"Strength Potion"},{"floor":20.0,"key":"Fruit Juice"},{"floor":23.0,"key":"SkillPotion"},{"floor":25.0,"key":"DistilledChaos"},{"floor":25.0,"key":"Energy Potion"},{"floor":27,"key":"Dexterity Potion"}],"is_trial":false,"path_per_floor":["M","M","M","M","?","E","$","M","T","R","E","R","?","M","R","B",null,"M","M","M","M","$","E","R","?","T","M","E"],"character_chosen":"DEFECT","items_purchased":["Conserve Battery","FTL","DollysMirror","Happy Flower"],"campfire_rested":1,"item_purchase_floors":[7,7,22,22],"current_hp_per_floor":[70,70,66,58,43,30,30,41,41,41,33,33,33,21,21,1,75,75,69,47,27,27,4,26,31,31,18,0,0],"gold":118,"neow_bonus":"BOSS_RELIC","is_daily":false,"chose_seed":false,"campfire_upgraded":3,"win_rate":0.0,"timestamp":1610872098,"path_taken":["M","M","M","M","?","E","$","M","T","R","E","R","?","?","R","BOSS","M","M","M","?","?","E","R","?","T","M","E"],"items_purchased_type":["Card","Card","Relic","Relic"],"build_version":"2020-12-22","purchased_purges":2,"victory":false,"max_hp_per_floor":[75,75,75,75,75,75,75,75,75,75,75,75,75,75,75,75,75,75,75,75,75,75,75,75,80,80,80,80,80],"relic_stats":{"Inserter":[20],"Happy Flower":[5],"counters":[16,79],"Pandora\u0027s Box":["Fusion","Beam Cell","Melter","Cold Snap","Turbo","BootSequence","Chaos","Loop"],"Bag of Preparation":[18],"MawBank":156,"obtain_stats":[{"Lantern":26,"Matryoshka":13,"Inserter":17,"Happy Flower":22,"DollysMirror":22,"Oddly Smooth Stone":23,"Pandora\u0027s Box":0,"The Courier":6,"Bag of Preparation":11,"Cracked Core":0,"MawBank":9},{"Lantern":14,"Matryoshka":7,"Inserter":9,"Happy Flower":13,"DollysMirror":13,"Oddly Smooth Stone":14,"Pandora\u0027s Box":0,"The Courier":5,"Bag of Preparation":7,"Cracked Core":0,"MawBank":6},{"Lantern":66,"Matryoshka":30,"Inserter":38,"Happy Flower":62,"DollysMirror":62,"Oddly Smooth Stone":66,"Pandora\u0027s Box":0,"The Courier":20,"Bag of Preparation":30,"Cracked Core":0,"MawBank":27}]},"card_choices":[{"not_picked":["Storm","Stack","Reprogram"],"picked":"SKIP","floor":1.0},{"not_picked":["Sweeping Beam","Beam Cell"],"picked":"Recycle","floor":2.0},{"not_picked":["Beam Cell","Barrage"],"picked":"Streamline","floor":3.0},{"not_picked":["Reprogram","Amplify"],"picked":"Compile Driver","floor":4.0},{"not_picked":["Fusion","Barrage"],"picked":"Consume","floor":6.0},{"not_picked":["Tempest","Ball Lightning","Barrage"],"picked":"SKIP","floor":8.0},{"not_picked":["Heatsinks","Turbo"],"picked":"Genetic Algorithm","floor":11.0},{"not_picked":["Hologram","Turbo"],"picked":"Hyperbeam","floor":14.0},{"not_picked":["All For One","Rainbow"],"picked":"Creative AI","floor":16.0},{"not_picked":["Redo","Static Discharge"],"picked":"Leap+1","floor":18.0},{"not_picked":["Coolheaded+1","Ball Lightning"],"picked":"Turbo","floor":19.0},{"not_picked":["Tempest","Double Energy"],"picked":"Aggregate+1","floor":20.0},{"not_picked":["Chaos","Gash"],"picked":"Consume","floor":21.0},{"not_picked":["Lockon","Hello World"],"picked":"Barrage","floor":23.0},{"not_picked":["Go for the Eyes+1","FTL"],"picked":"Force Field+1","floor":27}],"player_experience":3713801,"relics_obtained":[{"floor":6.0,"key":"The Courier"},{"floor":9.0,"key":"MawBank"},{"floor":11.0,"key":"Bag of Preparation"},{"floor":23.0,"key":"Oddly Smooth Stone"},{"floor":26.0,"key":"Lantern"}],"event_choices":[{"damage_healed":0.0,"max_hp_gain":0.0,"max_hp_loss":0.0,"gold_gain":0.0,"event_name":"Shining Light","player_choice":"Entered Light","floor":5.0,"gold_loss":0.0,"damage_taken":15.0,"cards_upgraded":["Melter","Loop"]},{"damage_healed":0.0,"max_hp_gain":0.0,"max_hp_loss":0.0,"gold_gain":0.0,"event_name":"WeMeetAgain","player_choice":"Gave Potion","floor":13.0,"gold_loss":0.0,"damage_taken":0.0,"relics_obtained":["Matryoshka"]},{"damage_healed":0.0,"max_hp_gain":0.0,"max_hp_loss":0.0,"gold_gain":0.0,"event_name":"The Woman in Blue","player_choice":"Bought 3 Potions","floor":25.0,"gold_loss":0.0,"damage_taken":0.0}],"is_beta":false,"boss_relics":[{"not_picked":["Philosopher\u0027s Stone","SacredBark"],"picked":"Inserter"}],"items_purged_floors":[7,22],"is_endless":false,"potions_floor_spawned":[1,2,4,8,16,19,20,23,27],"killed_by":"Gremlin Leader","ascension_level":1}}