{"host":"87fdiiwflhrwsj8a","time":1610913506,"event":{"mods":["Aspiration","BaseMod","Better Match","Better Third Choice","BetterRewards","Colored Map","Conspire","GifTheSpireLib","Infinite Spire","Minty Spire (QoL Compilation)","Quick Restart","Relic Sorter","Replay The Spire","StSLib","Stuff the Spire","thorton"],"gold_per_floor":[109,109,184,111,130,170,170,189,189,192,210,214,218,257,262,272,272,272],"floor_reached":16,"language":"ENG","playtime":820,"items_purged":[],"score":133,"play_id":"4875171f-c577-457d-a808-bbce4fc0e9dd","local_time":"20210117145826","is_ascension_mode":false,"campfire_choices":[{"data":"thethorton:BusinessCard","floor":10,"key":"SMITH"},{"data":"thethorton:BusinessBoom","floor":15,"key":"SMITH"}],"circlet_count":0,"master_deck":["thethorton:Strike","thethorton:Strike","thethorton:Strike","thethorton:Strike","thethorton:Defend","thethorton:Defend","thethorton:Defend","thethorton:Defend","thethorton:Heckle","thethorton:CreditCard","Normality","thethorton:HitAhead","thethorton:PowerUp","thethorton:ElbowSmash","thethorton:BusinessCard+1","thethorton:HitAhead","Decay","thethorton:BusinessBoom+1"],"relics":["thethorton:CouragePotion","NeowsBlessing","ReplayFunnel","thethorton:BankDeed","Smiling Mask"],"acts_visited":["Exordium"],"potions_floor_usage":[14,16,16],"damage_taken":[{"damage":0,"enemies":"Small Slimes","floor":1,"turns":1},{"damage":0,"enemies":"Jaw Worm","floor":5,"turns":1},{"damage":0,"enemies":"3 Sentries","floor":6,"turns":2},{"damage":2,"enemies":"conspire:RoseBush","floor":8,"turns":3},{"damage":6,"enemies":"2 Fungi Beasts","floor":11,"turns":5},{"damage":27,"enemies":"Lagavulin","floor":14,"turns":5},{"damage":22,"enemies":"The Guardian","floor":16,"turns":6}],"seed_played":"-8877388342902700803","potions_obtained":[{"floor":8,"key":"Dexterity Potion"},{"floor":11,"key":"Adrenaline Potion"},{"floor":14,"key":"LifebloodPotion"}],"is_trial":false,"path_per_floor":["M","?","?","$","M","E","?","M","T","R","M","?","$","E","R","B"],"character_chosen":"THE_THORT","items_purchased":["thethorton:PowerUp"],"campfire_rested":0,"item_purchase_floors":[4],"current_hp_per_floor":[68,68,57,57,57,57,57,55,55,55,49,49,49,22,22,0,0,0],"gold":272,"neow_bonus":"THREE_ENEMY_KILL","is_daily":false,"chose_seed":false,"campfire_upgraded":2,"win_rate":0.0,"timestamp":1610913506,"path_taken":["M","?","?","$","M","E","?","M","T","R","M","?","$","E","R","BOSS"],"items_purchased_type":["Card"],"build_version":"2020-12-22","purchased_purges":0,"victory":false,"max_hp_per_floor":[68,68,68,68,68,68,68,68,68,68,68,68,68,68,68,68,68,68],"card_choices":[{"not_picked":["thethorton:PocketChange","thethorton:CashBash"],"picked":"thethorton:HitAhead","floor":1},{"not_picked":["thethorton:DesperateRun","thethorton:SnowDay"],"picked":"thethorton:ElbowSmash","floor":5},{"not_picked":["thethorton:BookBash","thethorton:DockPay","thethorton:RunningKick"],"picked":"SKIP","floor":6},{"not_picked":["thethorton:MomentaryBreak","thethorton:Crash"],"picked":"thethorton:BusinessCard","floor":8},{"not_picked":["thethorton:SheetShred","thethorton:CallIn"],"picked":"thethorton:HitAhead","floor":11},{"not_picked":["thethorton:DoubleRun","thethorton:BookBash"],"picked":"thethorton:BusinessBoom","floor":14}],"player_experience":2524655,"relics_obtained":[{"floor":6,"key":"ReplayFunnel"},{"floor":9,"key":"thethorton:BankDeed"},{"floor":14,"key":"Smiling Mask"}],"event_choices":[{"damage_healed":0,"gold_gain":75,"player_choice":"Gold","damage_taken":11,"max_hp_gain":0,"max_hp_loss":0,"event_name":"betterThird:BetterGoop","floor":3,"gold_loss":0},{"damage_healed":0,"gold_gain":0,"player_choice":"Leave","damage_taken":0,"max_hp_gain":0,"max_hp_loss":0,"event_name":"The Cleric","floor":7,"gold_loss":0},{"damage_healed":0,"gold_gain":0,"player_choice":"Cursed","damage_taken":0,"max_hp_gain":0,"max_hp_loss":0,"event_name":"Wheel of Change","floor":12,"gold_loss":0,"cards_obtained":["Decay"]}],"is_beta":false,"boss_relics":[],"items_purged_floors":[],"is_endless":false,"potions_floor_spawned":[8,11,14],"killed_by":"The Guardian","ascension_level":0}}