{"host":"37ccm3d17clopct7","time":1610887528,"event":{"mods":["BaseMod","Lobotomy","Minty Spire (QoL Compilation)","StSLib","The Bug Knight","The Cursed","The Hierophant"],"gold_per_floor":[115,132,132,142,142,174,174,99,99,99,99,99,99,114,114,210,210,225,242,259,259,278,278,295,295,295,307,324,349,362,373,373,475,525,541,388,403,403,403,403,403,403,456,473,0,0,15,34,34,34,34],"floor_reached":50,"language":"KOR","playtime":3202,"items_purged":["TheCursedMod:Defend_TheCursed","TheCursedMod:Defend_TheCursed"],"score":468,"play_id":"0ed3b956-c6b7-40a4-a986-9eb06ab646bc","local_time":"20210117214528","is_ascension_mode":false,"campfire_choices":[{"floor":7,"key":"REST"},{"data":"TheCursedMod:CursedWand","floor":12,"key":"SMITH"},{"data":"TheCursedMod:Stigma","floor":15,"key":"SMITH"},{"floor":23,"key":"REST"},{"floor":25,"key":"REST"},{"floor":32,"key":"REST"},{"data":"1","floor":40,"key":"LIFT"},{"floor":42,"key":"REST"},{"floor":46,"key":"REST"},{"floor":49,"key":"REST"}],"circlet_count":0,"master_deck":["TheCursedMod:Strike_TheCursed","TheCursedMod:Strike_TheCursed","TheCursedMod:CursedWand+1","TheCursedMod:CleanUpWorkshop","TheCursedMod:Dregs","TheCursedMod:CircleOfFlame+1","TheCursedMod:CircleOfCorruption","TheCursedMod:WearCloak","TheCursedMod:CursedBlade","TheCursedMod:Stigma+1","TheCursedMod:DemonSword","TheCursedMod:SurpriseAttack+1","TheCursedMod:LuckyCharm+1","TheCursedMod:Torture+1","TheCursedMod:TacticalStrike+1","TheCursedMod:Stigma+1","TheCursedMod:SmokeScreen","TheCursedMod:CircleOfCorruption+1","TheCursedMod:FleshFromBone","TheCursedMod:DoubleShield","TheCursedMod:SurpriseAttack+1","TheCursedMod:SpitefulStrike","TheCursedMod:CursedShiv+1","Enlightenment","TheCursedMod:CursedShiv+1","TheCursedMod:CursedSpellbook+1","TheCursedMod:RapidMovement+1"],"relics":["TheCursedMod:BlackMagic101","TheCursedMod:CrystalBall","Happy Flower","StoneCalendar","Empty Cage","Meat on the Bone","Girya","Tiny House","Toy Ornithopter","Red Mask"],"acts_visited":["Exordium","TheCity","TheBeyond"],"potions_floor_usage":[31,33,39,50,50],"damage_taken":[{"damage":0,"enemies":"Cultist","floor":1,"turns":5},{"damage":0,"enemies":"Small Slimes","floor":2,"turns":2},{"damage":0,"enemies":"2 Louse","floor":4,"turns":1},{"damage":25,"enemies":"HollowMod:MossKnight","floor":6,"turns":15},{"damage":0,"enemies":"Red Slaver","floor":14,"turns":2},{"damage":20,"enemies":"The Guardian","floor":16,"turns":9},{"damage":2,"enemies":"Spheric Guardian","floor":18,"turns":3},{"damage":23,"enemies":"Centurion and Healer","floor":19,"turns":6},{"damage":0,"enemies":"Chosen and Byrds","floor":20,"turns":4},{"damage":17,"enemies":"Cultist and Chosen","floor":22,"turns":4},{"damage":9,"enemies":"Snake Plant","floor":24,"turns":2},{"damage":0,"enemies":"Centurion and Healer","floor":27,"turns":3},{"damage":2,"enemies":"Cultist and Chosen","floor":28,"turns":4},{"damage":55,"enemies":"Slavers","floor":29,"turns":5},{"damage":30,"enemies":"Snecko","floor":30,"turns":5},{"damage":8,"enemies":"Centurion and Healer","floor":31,"turns":4},{"damage":9,"enemies":"Automaton","floor":33,"turns":9},{"damage":15,"enemies":"Orb Walker","floor":35,"turns":3},{"damage":11,"enemies":"3 Shapes","floor":37,"turns":3},{"damage":0,"enemies":"3 Darklings","floor":39,"turns":1},{"damage":47,"enemies":"Writhing Mass","floor":44,"turns":5},{"damage":37,"enemies":"Maw","floor":47,"turns":7},{"damage":5,"enemies":"Writhing Mass","floor":48,"turns":5},{"damage":131,"enemies":"Awakened One","floor":50,"turns":15}],"seed_played":"6635108578184183949","potions_obtained":[{"floor":4,"key":"AttackPotion"},{"floor":14,"key":"Dexterity Potion"},{"floor":22,"key":"PowerPotion"},{"floor":30,"key":"EssenceOfSteel"},{"floor":31,"key":"DuplicationPotion"},{"floor":34,"key":"SmokeBomb"},{"floor":44,"key":"FairyPotion"}],"is_trial":false,"path_per_floor":["M","M","?","M","?","E","R","$","T","$","$","R","?","M","R","B",null,"M","M","M","?","M","R","M","R","T","M","M","E","M","M","R","B",null,"M","$","M","?","M","R","?","R","T","M","?","R","M","M","R","B"],"character_chosen":"THE_CURSED","items_purchased":["TheCursedMod:SpitefulStrike"],"campfire_rested":7,"item_purchase_floors":[36],"current_hp_per_floor":[82,82,82,82,82,57,81,81,81,81,81,81,81,81,81,61,82,80,57,57,57,40,64,55,79,79,79,77,34,16,20,44,47,87,72,72,61,61,61,61,61,87,87,52,52,78,53,48,74,0,0],"gold":34,"neow_bonus":"TEN_PERCENT_HP_BONUS","is_daily":false,"chose_seed":false,"campfire_upgraded":2,"win_rate":0.0,"timestamp":1610887528,"path_taken":["M","?","?","?","?","E","R","$","T","?","$","R","?","M","R","BOSS","M","M","?","?","M","R","M","R","T","M","?","E","M","M","R","BOSS","M","$","M","?","M","R","?","R","T","M","?","R","M","M","R","BOSS"],"items_purchased_type":["Card"],"build_version":"2020-12-22","purchased_purges":2,"victory":false,"max_hp_per_floor":[82,82,82,82,82,82,82,82,82,82,82,82,82,82,82,82,82,82,82,82,82,82,82,82,82,82,82,82,82,82,82,82,82,87,87,87,87,87,87,87,87,87,87,87,87,87,87,87,87,87,87],"card_choices":[{"not_picked":["TheCursedMod:Torture","TheCursedMod:HellfireBreathing"],"picked":"TheCursedMod:CircleOfFlame","floor":1},{"not_picked":["TheCursedMod:Stretching","TheCursedMod:CursedAmulet"],"picked":"TheCursedMod:CircleOfCorruption","floor":2},{"not_picked":["TheCursedMod:CursedShiv","TheCursedMod:CursedBoomerang"],"picked":"TheCursedMod:WearCloak","floor":4},{"not_picked":["TheCursedMod:UltimatePain","TheCursedMod:AshesToAshes"],"picked":"TheCursedMod:CursedBlade","floor":6},{"not_picked":["TheCursedMod:RapidMovement","TheCursedMod:SaltUponWound"],"picked":"TheCursedMod:Stigma","floor":14},{"not_picked":["TheCursedMod:DemonicPact","TheCursedMod:CursedRelics"],"picked":"TheCursedMod:DemonSword","floor":16},{"not_picked":["TheCursedMod:DoubleShield+1","TheCursedMod:CursedAmulet"],"picked":"TheCursedMod:SurpriseAttack+1","floor":18},{"not_picked":["TheCursedMod:SmokeScreen+1","TheCursedMod:CircleOfFlame+1"],"picked":"TheCursedMod:LuckyCharm+1","floor":19},{"not_picked":["TheCursedMod:SpitefulStrike","TheCursedMod:CursedSpellbook"],"picked":"TheCursedMod:Torture+1","floor":20},{"not_picked":["TheCursedMod:ReleasedStrength","TheCursedMod:SpitefulPlan"],"picked":"TheCursedMod:TacticalStrike+1","floor":22},{"not_picked":["TheCursedMod:CursedBoomerang","TheCursedMod:CircleOfCorruption"],"picked":"TheCursedMod:Stigma","floor":24},{"not_picked":["TheCursedMod:CursedBoomerang+1","TheCursedMod:RavingStaff"],"picked":"TheCursedMod:SmokeScreen","floor":27},{"not_picked":["TheCursedMod:WearCloak+1","TheCursedMod:FleshFromBone"],"picked":"TheCursedMod:CircleOfCorruption+1","floor":28},{"not_picked":["TheCursedMod:AntiAging","TheCursedMod:Stigma"],"picked":"TheCursedMod:FleshFromBone","floor":29},{"not_picked":["TheCursedMod:VitalStrike","TheCursedMod:WearCloak","TheCursedMod:CursedShiv"],"picked":"SKIP","floor":30},{"not_picked":["TheCursedMod:SmokeScreen","TheCursedMod:RapidMovement"],"picked":"TheCursedMod:CursedAmulet","floor":31},{"not_picked":["TheCursedMod:SmokeScreen","TheCursedMod:TacticalStrike"],"picked":"TheCursedMod:DoubleShield","floor":34},{"not_picked":["TheCursedMod:FuryStrike+1","TheCursedMod:CircleOfFlame"],"picked":"TheCursedMod:SurpriseAttack+1","floor":35},{"not_picked":["TheCursedMod:CursedBoomerang+1","TheCursedMod:CursedAmulet+1"],"picked":"TheCursedMod:CursedShiv+1","floor":37},{"not_picked":["Forethought","Dramatic Entrance"],"picked":"Enlightenment","floor":41},{"not_picked":["TheCursedMod:CircleOfAmplification+1","TheCursedMod:SaltUponWound+1"],"picked":"TheCursedMod:CursedShiv+1","floor":44},{"not_picked":["TheCursedMod:Stretching+1","TheCursedMod:CursedStaff"],"picked":"TheCursedMod:CursedSpellbook+1","floor":47},{"not_picked":["TheCursedMod:PrepareRite","TheCursedMod:ReleasedStrength"],"picked":"TheCursedMod:RapidMovement+1","floor":48}],"player_experience":57700,"relics_obtained":[{"floor":5,"key":"TheCursedMod:CrystalBall"},{"floor":6,"key":"Happy Flower"},{"floor":9,"key":"StoneCalendar"},{"floor":26,"key":"Meat on the Bone"},{"floor":29,"key":"Girya"},{"floor":43,"key":"Toy Ornithopter"}],"event_choices":[{"damage_healed":0,"gold_gain":0,"player_choice":"Forge","damage_taken":0,"max_hp_gain":0,"max_hp_loss":0,"event_name":"Accursed Blacksmith","floor":3,"gold_loss":0,"cards_upgraded":["TheCursedMod:CircleOfFlame"]},{"damage_healed":0,"gold_gain":0,"player_choice":"Relic","damage_taken":0,"max_hp_gain":0,"max_hp_loss":0,"event_name":"Wheel of Change","floor":5,"gold_loss":0},{"cards_removed":["TheCursedMod:Strike_TheCursed"],"damage_healed":0,"gold_gain":0,"player_choice":"Purged","damage_taken":0,"max_hp_gain":0,"max_hp_loss":0,"event_name":"Purifier","floor":13,"gold_loss":0},{"cards_removed":["TheCursedMod:Defend_TheCursed"],"damage_healed":0,"gold_gain":0,"player_choice":"Offered Basic","damage_taken":0,"max_hp_gain":0,"max_hp_loss":0,"event_name":"Bonfire Elementals","floor":21,"gold_loss":0},{"cards_removed":["TheCursedMod:CursedAmulet"],"damage_healed":0,"gold_gain":0,"player_choice":"Removed Skill","damage_taken":0,"max_hp_gain":0,"max_hp_loss":0,"event_name":"Falling","floor":38,"gold_loss":0},{"damage_healed":0,"gold_gain":0,"player_choice":"Memory 1","damage_taken":0,"max_hp_gain":0,"max_hp_loss":0,"event_name":"SensoryStone","floor":41,"gold_loss":0},{"damage_healed":0,"gold_gain":0,"player_choice":"Paid","damage_taken":0,"relics_obtained":["Red Mask"],"max_hp_gain":0,"max_hp_loss":0,"event_name":"Tomb of Lord Red Mask","floor":45,"gold_loss":473}],"is_beta":false,"boss_relics":[{"not_picked":["Philosopher\u0027s Stone","Ectoplasm"],"picked":"Empty Cage"},{"not_picked":["Snecko Eye","Sozu"],"picked":"Tiny House"}],"items_purged_floors":[8,36],"is_endless":false,"potions_floor_spawned":[4,14,22,29,30,31,35,44,48],"killed_by":"Awakened One","ascension_level":0}}