{"host":"krqozg1tp0zpuvz3","time":1610895961,"event":{"mods":["AchievementEnabler","BaseMod","Better Altar","Better Match","Better Note","Better Sensory Stone","Better Third Choice","BetterRewards","Colored Map","DeckTracker","Keyboard Shortcuts","Minty Spire (QoL Compilation)","Permanent Neow","Relic Stats","Shop Mod","StSLib","SuperFastMode"],"gold_per_floor":[117,17,92,103,103,103,103,103,177,195,195,207,226,237,237,341,341,356,178,178,178,194,194,213,243,255,267,292,304,10,90,90,188,188,206,131,181,181,191,191,219,219,271,298,74,86,86,96,96,96],"floor_reached":51,"language":"KOR","playtime":1511,"items_purged":["Strike_P","Strike_P","Strike_P","Defend_P","Defend_P"],"score":1351,"play_id":"f794e85a-75cd-491a-a1bb-5a95f70e5a07","local_time":"20210118000601","is_ascension_mode":true,"campfire_choices":[{"floor":6.0,"key":"REST"},{"data":"Eruption","floor":8.0,"key":"SMITH"},{"data":"Adaptation","floor":15.0,"key":"SMITH"},{"floor":23.0,"key":"REST"},{"floor":27.0,"key":"REST"},{"data":"Adaptation","floor":29.0,"key":"SMITH"},{"data":"ClearTheMind","floor":32.0,"key":"SMITH"},{"data":"Scrawl","floor":40.0,"key":"SMITH"},{"data":"Ragnarok","floor":42,"key":"SMITH"},{"data":"FearNoEvil","floor":47,"key":"SMITH"},{"data":"EmptyMind","floor":49,"key":"SMITH"}],"circlet_count":0,"master_deck":["AscendersBane","Defend_P","Eruption+1","Vigilance","FlurryOfBlows","Tantrum","ClearTheMind+1","Halt+1","Tantrum","Adaptation+1","FollowUp","FearNoEvil+1","ClearTheMind+1","EmptyMind+1","Adaptation+1","FlurryOfBlows","Scrawl+1","MentalFortress+1","Ragnarok+1","InnerPeace+1"],"relics":["PureWater","Orrery","Girya","Regal Pillow","Bag of Marbles","Question Card","VioletLotus","MawBank","Mercury Hourglass","War Paint","Gremlin Horn","Runic Pyramid","TungstenRod","Akabeko","MealTicket","Yang"],"acts_visited":["Exordium","TheCity","TheBeyond"],"potions_floor_usage":[],"damage_taken":[{"damage":0.0,"enemies":"2 Louse","floor":1.0,"turns":2.0},{"damage":0.0,"enemies":"Small Slimes","floor":4.0,"turns":2.0},{"damage":0.0,"enemies":"Jaw Worm","floor":10.0,"turns":1.0},{"damage":4.0,"enemies":"3 Louse","floor":12.0,"turns":3.0},{"damage":0.0,"enemies":"Gremlin Gang","floor":13.0,"turns":3.0},{"damage":0.0,"enemies":"Red Slaver","floor":14.0,"turns":1.0},{"damage":0.0,"enemies":"Slime Boss","floor":16.0,"turns":4.0},{"damage":21.0,"enemies":"2 Thieves","floor":18.0,"turns":4.0},{"damage":12.0,"enemies":"Chosen","floor":22.0,"turns":3.0},{"damage":23.0,"enemies":"Snake Plant","floor":24.0,"turns":3.0},{"damage":0.0,"enemies":"Gremlin Leader","floor":25.0,"turns":3.0},{"damage":10.0,"enemies":"Snecko","floor":28.0,"turns":3.0},{"damage":3.0,"enemies":"Automaton","floor":33.0,"turns":3.0},{"damage":0.0,"enemies":"3 Darklings","floor":35.0,"turns":1.0},{"damage":0.0,"enemies":"Mind Bloom Boss Battle","floor":37.0,"turns":1.0},{"damage":0.0,"enemies":"3 Shapes","floor":39.0,"turns":1.0},{"damage":0,"enemies":"Nemesis","floor":41,"turns":1},{"damage":0,"enemies":"Reptomancer","floor":44,"turns":1},{"damage":0,"enemies":"Jaw Worm Horde","floor":46,"turns":1},{"damage":0,"enemies":"3 Darklings","floor":48,"turns":2},{"damage":1,"enemies":"Time Eater","floor":50,"turns":6}],"seed_played":"-931916483936137621","potions_obtained":[{"floor":10.0,"key":"Strength Potion"},{"floor":12.0,"key":"Swift Potion"},{"floor":18.0,"key":"Strength Potion"},{"floor":24.0,"key":"Weak Potion"},{"floor":28.0,"key":"Strength Potion"},{"floor":33.0,"key":"LiquidMemories"},{"floor":44,"key":"Weak Potion"}],"is_trial":false,"path_per_floor":["M","$","?","M","?","R","?","R","T","M","?","M","M","M","R","B",null,"M","$","?","?","M","R","M","E","T","R","M","R","$","T","R","B",null,"M","?","?","?","M","R","E","R","T","E","$","M","R","M","R","B",null],"character_chosen":"WATCHER","items_purchased":["Orrery","Adaptation","Regal Pillow","Bag of Marbles","FollowUp","Regen Potion","ClearTheMind","War Paint","Energy Potion"],"campfire_rested":3,"item_purchase_floors":[0,0,0,0,0,0,19,30,45],"current_hp_per_floor":[38,38,27,27,27,63,68,68,68,68,61,57,57,57,57,57,72,51,51,37,37,25,64,41,41,41,80,70,70,70,70,70,67,78,78,78,78,78,78,78,78,78,78,78,78,78,78,78,78,77],"gold":96,"neow_bonus":"","is_daily":false,"chose_seed":false,"campfire_upgraded":8,"win_rate":0.0,"timestamp":1610895961,"path_taken":["M","$","?","M","?","R","?","R","T","M","?","M","M","M","R","BOSS","M","$","?","?","M","R","M","E","T","R","?","R","$","?","R","BOSS","M","?","?","?","M","R","E","R","T","E","$","M","R","M","R","BOSS"],"items_purchased_type":["Relic","Card","Relic","Relic","Card","Potion","Card","Relic","Potion"],"build_version":"2020-12-22","purchased_purges":5,"victory":true,"max_hp_per_floor":[72,72,72,72,72,72,77,77,77,77,77,77,77,77,77,77,77,77,77,82,82,82,82,82,82,82,82,82,82,82,82,82,82,82,82,82,82,78,78,78,78,78,78,78,78,78,78,78,78,78],"relic_stats":{"Regal Pillow":45,"Gremlin Horn":[12,12],"counters":[21,49],"MealTicket":0,"Yang":[62],"VioletLotus":[46],"War Paint":["ClearTheMind","Halt"],"Question Card":20,"MawBank":60,"obtain_stats":[{"Girya":0,"Regal Pillow":0,"Torii":0,"Gremlin Horn":31,"Yang":44,"War Paint":30,"Question Card":9,"MawBank":25,"Akabeko":41,"Mercury Hourglass":26,"Orrery":0,"MealTicket":43,"VioletLotus":17,"Bag of Marbles":0,"PureWater":0,"TungstenRod":37,"Runic Pyramid":34},{"Girya":0,"Regal Pillow":0,"Torii":0,"Gremlin Horn":12,"Yang":18,"War Paint":12,"Question Card":2,"MawBank":11,"Akabeko":17,"Mercury Hourglass":11,"Orrery":0,"MealTicket":17,"VioletLotus":7,"Bag of Marbles":0,"PureWater":0,"TungstenRod":15,"Runic Pyramid":13},{"Girya":0,"Regal Pillow":0,"Torii":0,"Gremlin Horn":32,"Yang":40,"War Paint":32,"Question Card":4,"MawBank":29,"Akabeko":39,"Mercury Hourglass":29,"Orrery":0,"MealTicket":39,"VioletLotus":16,"Bag of Marbles":0,"PureWater":0,"TungstenRod":37,"Runic Pyramid":35}],"TungstenRod":1,"Mercury Hourglass":[87]},"card_choices":[{"not_picked":["SignatureMove","JustLucky"],"picked":"FlurryOfBlows","floor":0.0},{"not_picked":["Meditate","Adaptation"],"picked":"Tantrum","floor":0.0},{"not_picked":["PathToVictory","ForeignInfluence"],"picked":"ClearTheMind","floor":0.0},{"not_picked":["Consecrate","Perseverance"],"picked":"Halt","floor":0.0},{"not_picked":["ThirdEye","SashWhip"],"picked":"Tantrum","floor":0.0},{"not_picked":["Worship","PathToVictory","DeceiveReality"],"picked":"SKIP","floor":1.0},{"not_picked":["EmptyBody","CutThroughFate","Crescendo"],"picked":"SKIP","floor":4.0},{"not_picked":["EmptyFist","Nirvana","Establishment","LikeWater"],"picked":"SKIP","floor":10.0},{"not_picked":["Tantrum","CutThroughFate","BowlingBash"],"picked":"FearNoEvil","floor":12.0},{"not_picked":["Crescendo","JustLucky","Perseverance","Prostrate"],"picked":"SKIP","floor":13.0},{"not_picked":["PathToVictory","Protect","EmptyFist","ReachHeaven"],"picked":"SKIP","floor":14.0},{"not_picked":["Swivel","FlyingSleeves","EmptyBody","Tantrum"],"picked":"SKIP","floor":18.0},{"not_picked":["Swivel","JustLucky","Protect"],"picked":"EmptyMind","floor":22.0},{"not_picked":["SignatureMove","CrushJoints","Protect"],"picked":"Adaptation","floor":24.0},{"not_picked":["Conclude","ConjureBlade","ReachHeaven","Crescendo+1"],"picked":"SKIP","floor":25.0},{"not_picked":["FollowUp","Evaluate+1","BowlingBash"],"picked":"FlurryOfBlows","floor":28.0},{"not_picked":["Omniscience","Establishment","MasterReality"],"picked":"Scrawl","floor":33.0},{"not_picked":["Prostrate+1","Wireheading","Weave","FlyingSleeves"],"picked":"SKIP","floor":35.0},{"not_picked":["Prostrate+1","ThirdEye","Halt"],"picked":"MentalFortress+1","floor":39.0},{"not_picked":["Collect+1","Vengeance+1","CutThroughFate"],"picked":"Ragnarok","floor":41},{"not_picked":["SashWhip","Evaluate","BowlingBash"],"picked":"InnerPeace+1","floor":44},{"not_picked":["CutThroughFate","Evaluate+1","FlurryOfBlows+1","LikeWater+1"],"picked":"SKIP","floor":46},{"not_picked":["Tantrum+1","SashWhip","CutThroughFate","PathToVictory+1"],"picked":"SKIP","floor":48}],"player_experience":335005,"relics_obtained":[{"floor":9.0,"key":"Question Card"},{"floor":25.0,"key":"MawBank"},{"floor":26.0,"key":"Mercury Hourglass"},{"floor":31.0,"key":"Gremlin Horn"},{"floor":37.0,"key":"TungstenRod"},{"floor":41,"key":"Akabeko"},{"floor":43,"key":"MealTicket"},{"floor":44,"key":"Yang"}],"event_choices":[{"damage_healed":0.0,"max_hp_gain":0.0,"max_hp_loss":0.0,"gold_gain":75.0,"event_name":"betterThird:BetterGoop","player_choice":"Gold","floor":3.0,"gold_loss":0.0,"damage_taken":11.0},{"damage_healed":0.0,"max_hp_gain":0.0,"max_hp_loss":0.0,"gold_gain":0.0,"event_name":"betterThird:BetterScrap","player_choice":"LEAVE","floor":5.0,"gold_loss":0.0,"damage_taken":0.0,"cards_obtained":["Genetic Algorithm"]},{"damage_healed":0.0,"max_hp_gain":5.0,"max_hp_loss":0.0,"gold_gain":0.0,"event_name":"Big Fish","player_choice":"Donut","floor":7.0,"gold_loss":0.0,"damage_taken":0.0},{"cards_removed":["Strike_P"],"damage_healed":0.0,"max_hp_gain":0.0,"max_hp_loss":0.0,"gold_gain":0.0,"event_name":"Golden Wing","player_choice":"Card Removal","floor":11.0,"gold_loss":0.0,"damage_taken":7.0},{"damage_healed":0.0,"max_hp_gain":5.0,"max_hp_loss":0.0,"gold_gain":0.0,"event_name":"Forgotten Altar","player_choice":"Shed Blood","floor":20.0,"gold_loss":0.0,"damage_taken":19.0},{"cards_removed":["Defend_P"],"damage_healed":0.0,"max_hp_gain":0.0,"max_hp_loss":0.0,"gold_gain":0.0,"event_name":"Bonfire Elementals","player_choice":"Offered Basic","floor":21.0,"gold_loss":0.0,"damage_taken":0.0},{"damage_healed":0.0,"max_hp_gain":0.0,"max_hp_loss":0.0,"gold_gain":0.0,"event_name":"betterMatch:BetterMatch","player_choice":"1","floor":36.0,"gold_loss":0.0,"damage_taken":0.0,"cards_obtained":["betterMatch:ColorlessUncommonCard"]},{"damage_healed":0.0,"max_hp_gain":0.0,"max_hp_loss":0.0,"gold_gain":0.0,"event_name":"MindBloom","player_choice":"Fight","floor":37.0,"gold_loss":0.0,"damage_taken":0.0},{"damage_healed":0.0,"max_hp_gain":0.0,"max_hp_loss":4.0,"gold_gain":0.0,"event_name":"Winding Halls","player_choice":"Max HP","floor":38.0,"gold_loss":0.0,"damage_taken":0.0}],"is_beta":false,"boss_relics":[{"not_picked":["Snecko Eye","Philosopher\u0027s Stone"],"picked":"VioletLotus"},{"not_picked":["Runic Dome","Tiny House"],"picked":"Runic Pyramid"}],"items_purged_floors":[0,2,19,30,45],"is_endless":false,"potions_floor_spawned":[10,12,18,24,28,33,44,48],"ascension_level":12}}