{"host":"hxqmxu97ax4h93y4","time":1610905114,"event":{"mods":["BaseMod","Downfall","Hermit","Marisa????????","Minty Spire (QoL Compilation)","Random Character Button","StSLib","The Cursed","The Necromancer","The Runesmith"],"gold_per_floor":[113,127,127,138,157,157,177,177,225,241,254,254,283,303,303,400,450,462,473,493,493,418,445,463,480,507,525,525,525,545,563,563,563,563],"floor_reached":33,"language":"ENG","playtime":2014,"items_purged":["Strike_G"],"score":327,"play_id":"d16007ad-4483-4471-8a25-1a9911b35069","local_time":"20210117093834","is_ascension_mode":false,"campfire_choices":[{"data":"Underhanded Strike","floor":6,"key":"SMITH"},{"data":"Prepared","floor":8,"key":"SMITH"},{"data":"After Image","floor":12,"key":"SMITH"},{"floor":15,"key":"REST"},{"floor":28,"key":"REST"},{"data":"Bite","floor":32,"key":"SMITH"}],"circlet_count":0,"master_deck":["Defend_G","Defend_G","Defend_G","Defend_G","Survivor","Neutralize","Corpse Explosion+1","Catalyst+1","Noxious Fumes+1","Acrobatics","Dash","Dodge and Roll","Underhanded Strike+1","Prepared+1","Acrobatics","After Image+1","Catalyst+1","Escape Plan","Venomology","Well Laid Plans","Flying Knee","Skewer+1","All Out Attack+1","Footwork","Prepared","Outmaneuver+1","Dagger Throw+1","Bite","Bite","Bite","Bite","Bite+1","Endless Agony"],"relics":["Astrolabe","Anchor","Question Card","Tiny House","Nunchaku","Bronze Scales"],"acts_visited":["Exordium","TheCity"],"potions_floor_usage":[13,18,19,19,20,20,23,23,23,23,23,24,27,30,33,33,33,33],"damage_taken":[{"damage":0.0,"enemies":"Cultist","floor":1.0,"turns":5.0},{"damage":3.0,"enemies":"Jaw Worm","floor":2.0,"turns":3.0},{"damage":2.0,"enemies":"Small Slimes","floor":4.0,"turns":3.0},{"damage":0,"enemies":"2 Fungi Beasts","floor":5,"turns":3},{"damage":1,"enemies":"3 Louse","floor":7,"turns":3},{"damage":2,"enemies":"Large Slime","floor":10,"turns":4},{"damage":0,"enemies":"Lots of Slimes","floor":11,"turns":2},{"damage":16,"enemies":"Gremlin Nob","floor":13,"turns":5},{"damage":0,"enemies":"2 Fungi Beasts","floor":14,"turns":3},{"damage":15,"enemies":"Slime Boss","floor":16,"turns":6},{"damage":0,"enemies":"Chosen","floor":18,"turns":3},{"damage":16,"enemies":"Spheric Guardian","floor":19,"turns":5},{"damage":17,"enemies":"Snecko","floor":20,"turns":6},{"damage":23,"enemies":"Book of Stabbing","floor":23,"turns":4},{"damage":0,"enemies":"3 Cultists","floor":24,"turns":2},{"damage":26,"enemies":"Snake Plant","floor":25,"turns":3},{"damage":2,"enemies":"Centurion and Healer","floor":27,"turns":5},{"damage":17,"enemies":"Chosen and Byrds","floor":30,"turns":7},{"damage":31,"enemies":"Sentry and Sphere","floor":31,"turns":6},{"damage":25,"enemies":"Collector","floor":33,"turns":6}],"seed_played":"8270115421058557575","potions_obtained":[{"floor":1.0,"key":"LiquidBronze"},{"floor":2.0,"key":"BlessingOfTheForge"},{"floor":4.0,"key":"FairyPotion"},{"floor":10,"key":"Fire Potion"},{"floor":17,"key":"EntropicBrew"},{"floor":19,"key":"ColorlessPotion"},{"floor":20,"key":"Ancient Potion"},{"floor":27,"key":"sneckomod:MuddlingPotion"},{"floor":31,"key":"Dexterity Potion"}],"is_trial":false,"path_per_floor":["M","M","?","M","M","R","M","R","T","M","M","R","E","M","R","B",null,"M","M","M","?","$","E","M","M","T","M","R","?","M","M","R","B"],"character_chosen":"THE_SILENT","items_purchased":[],"campfire_rested":2,"item_purchase_floors":[],"current_hp_per_floor":[70,67,60,58,58,58,57,57,57,55,55,55,39,39,60,45,75,75,59,42,42,42,19,19,15,15,13,35,35,28,5,5,0,0],"gold":563,"neow_bonus":"BOSS_RELIC","is_daily":false,"chose_seed":false,"campfire_upgraded":4,"win_rate":0.0,"timestamp":1610905114,"path_taken":["M","M","?","M","M","R","M","R","T","M","M","R","E","M","R","BOSS","M","M","M","?","$","E","M","M","T","?","R","?","M","M","R","BOSS"],"items_purchased_type":[],"build_version":"2020-12-22","purchased_purges":1,"victory":false,"max_hp_per_floor":[70,70,70,70,70,70,70,70,70,70,70,70,70,70,70,70,75,75,75,75,75,75,75,75,75,75,75,75,52,52,52,52,52,52],"card_choices":[{"not_picked":["Calculated Gamble","Flechettes"],"picked":"Acrobatics","floor":1.0},{"not_picked":["Predator","Sucker Punch"],"picked":"Dash","floor":2.0},{"not_picked":["Infinite Blades","Prepared"],"picked":"Dodge and Roll","floor":4.0},{"not_picked":["Eviscerate","Well Laid Plans"],"picked":"Underhanded Strike","floor":5},{"not_picked":["Tactician","Blade Dance"],"picked":"Prepared","floor":7},{"not_picked":["Bouncing Flask","Blade Dance"],"picked":"Acrobatics","floor":10},{"not_picked":["Deadly Poison","Slice"],"picked":"After Image","floor":11},{"not_picked":["Deadly Poison","Deflect"],"picked":"Catalyst","floor":13},{"not_picked":["Heel Hook","Underhanded Strike","Acrobatics"],"picked":"Escape Plan","floor":14},{"not_picked":["After Image","Corpse Explosion","Adrenaline"],"picked":"Venomology","floor":16},{"not_picked":["Skewer","Infinite Blades","Backflip"],"picked":"Well Laid Plans","floor":17},{"not_picked":["Tactician","Blur","Blade Dance"],"picked":"Flying Knee","floor":18},{"not_picked":["Flying Knee","Backflip","Calculated Gamble+1"],"picked":"Skewer+1","floor":19},{"not_picked":["Calculated Gamble+1","Blur","Flechettes+1"],"picked":"All Out Attack+1","floor":20},{"not_picked":["Doppelganger","Choke","All Out Attack"],"picked":"Footwork","floor":23},{"not_picked":["Blade Dance","Tactician","PiercingWail"],"picked":"Prepared","floor":24},{"not_picked":["PiercingWail","Flying Knee","Sucker Punch"],"picked":"Outmaneuver+1","floor":25},{"not_picked":["Backflip","Prepared+1","Dagger Spray"],"picked":"Dagger Throw+1","floor":27},{"not_picked":["Outmaneuver","Heel Hook","Noxious Fumes"],"picked":"Endless Agony","floor":30},{"not_picked":["Sucker Punch","Backflip","Acrobatics","Blade Dance"],"picked":"SKIP","floor":31}],"player_experience":56163,"relics_obtained":[{"floor":9,"key":"Anchor"},{"floor":13,"key":"Question Card"},{"floor":23,"key":"Nunchaku"},{"floor":26,"key":"Bronze Scales"}],"event_choices":[{"cards_removed":["Defend_G"],"damage_healed":0.0,"max_hp_gain":0.0,"max_hp_loss":0.0,"gold_gain":0.0,"event_name":"Golden Wing","player_choice":"Card Removal","floor":3.0,"gold_loss":0.0,"damage_taken":7.0},{"damage_healed":0,"gold_gain":0,"player_choice":"Got Potions","damage_taken":0,"max_hp_gain":0,"max_hp_loss":0,"event_name":"Lab","floor":21,"gold_loss":0},{"damage_healed":0,"gold_gain":0,"player_choice":"Became a vampire","damage_taken":0,"max_hp_gain":0,"max_hp_loss":23,"event_name":"Vampires","floor":29,"gold_loss":0,"cards_obtained":["Bite","Bite","Bite","Bite","Bite"]}],"is_beta":false,"boss_relics":[{"not_picked":["Sozu","Fusion Hammer"],"picked":"Tiny House"}],"items_purged_floors":[22],"is_endless":false,"potions_floor_spawned":[1,2,4,10,19,20,27,31],"killed_by":"Collector","ascension_level":0}}