{"host":"l60rmjjsfi0fipmi","time":1610848824,"event":{"mods":["BaseMod","Colored Map","DeckTracker","Highlight Path","Minty Spire (QoL Compilation)","StSLib","The Cursed","The Servant 0.9.4"],"gold_per_floor":[119,47,61,76,45,45,73,73,122,122,141,161,161,161,161,289,289,313,331,331,331,348,348,348,368,393,393,393,393,393],"floor_reached":29,"language":"ENG","playtime":1703,"items_purged":[],"score":285,"play_id":"7bdaad3e-32db-468a-a9d4-168665012798","local_time":"20210116210024","is_ascension_mode":true,"campfire_choices":[{"data":"Consecrate","floor":6,"key":"SMITH"},{"data":"Adaptation","floor":8,"key":"SMITH"},{"data":"Wallop","floor":13,"key":"SMITH"},{"data":"Tantrum","floor":15,"key":"SMITH"},{"floor":24,"key":"REST"},{"floor":27,"key":"REST"}],"circlet_count":0,"master_deck":["Strike_P","Strike_P","Strike_P","Defend_P","Defend_P","Defend_P","Defend_P","Eruption","Vigilance","SignatureMove","Tantrum+1","EmptyBody","Consecrate+1","LikeWater+1","BowlingBash","Adaptation+1","Wallop+1","CrushJoints","Alpha","EmptyFist","ClearTheMind","FlurryOfBlows+1"],"relics":["PureWater","Smiling Mask","Pen Nib","Bloody Idol","SacredBark","Nilry\u0027s Codex","Bronze Scales"],"acts_visited":["Exordium","TheCity"],"potions_floor_usage":[29],"damage_taken":[{"damage":1,"enemies":"2 Louse","floor":1,"turns":4},{"damage":2,"enemies":"Jaw Worm","floor":3,"turns":4},{"damage":0,"enemies":"Small Slimes","floor":4,"turns":3},{"damage":0,"enemies":"Gremlin Nob","floor":7,"turns":2},{"damage":0,"enemies":"Exordium Wildlife","floor":11,"turns":3},{"damage":3,"enemies":"3 Louse","floor":12,"turns":2},{"damage":29,"enemies":"The Guardian","floor":16,"turns":14},{"damage":20,"enemies":"2 Thieves","floor":18,"turns":4},{"damage":14,"enemies":"Chosen","floor":19,"turns":5},{"damage":14,"enemies":"3 Cultists","floor":22,"turns":5},{"damage":17,"enemies":"Snake Plant","floor":25,"turns":5},{"damage":14,"enemies":"Colosseum Slavers","floor":28,"turns":2},{"damage":30,"enemies":"Snecko","floor":29,"turns":4}],"seed_played":"295665510855945716","potions_obtained":[{"floor":1,"key":"SteroidPotion"},{"floor":4,"key":"SteroidPotion"},{"floor":7,"key":"FearPotion"},{"floor":16,"key":"SpeedPotion"}],"is_trial":false,"path_per_floor":["M","$","M","M","?","R","E","R","T","?","M","M","R","?","R","B",null,"M","M","?","?","M","?","R","M","T","R","?","M"],"character_chosen":"WATCHER","items_purchased":["EmptyBody","Consecrate"],"campfire_rested":2,"item_purchase_floors":[2,2],"current_hp_per_floor":[71,71,69,69,69,69,69,69,69,69,69,66,66,66,66,37,67,47,33,33,33,24,8,28,16,21,41,27,0,0],"gold":393,"neow_bonus":"TRANSFORM_CARD","is_daily":false,"chose_seed":false,"campfire_upgraded":4,"win_rate":0.0,"timestamp":1610848824,"path_taken":["M","$","M","M","?","R","E","R","T","?","M","M","R","?","R","BOSS","M","M","?","?","M","?","R","?","T","R","?","M"],"items_purchased_type":["Card","Card"],"build_version":"2020-12-22","purchased_purges":0,"victory":false,"max_hp_per_floor":[72,72,72,72,72,72,72,72,72,72,72,72,72,67,67,67,67,67,67,67,67,67,67,67,67,67,67,67,67,67],"card_choices":[{"not_picked":["CrushJoints","EmptyBody"],"picked":"Tantrum","floor":1},{"not_picked":["FlurryOfBlows","Crescendo"],"picked":"LikeWater","floor":3},{"not_picked":["FlyingSleeves","Fasting2"],"picked":"BowlingBash","floor":4},{"not_picked":["WindmillStrike","Worship"],"picked":"Adaptation","floor":7},{"not_picked":["ThirdEye","WaveOfTheHand"],"picked":"Wallop","floor":11},{"not_picked":["Consecrate","PathToVictory"],"picked":"CrushJoints","floor":12},{"not_picked":["Establishment","MasterReality"],"picked":"Alpha","floor":16},{"not_picked":["PathToVictory","Weave+1"],"picked":"EmptyFist","floor":18},{"not_picked":["FollowUp","CrushJoints"],"picked":"ClearTheMind","floor":19},{"not_picked":["Wallop","JustLucky+1"],"picked":"FlurryOfBlows+1","floor":22},{"not_picked":["FlurryOfBlows","PathToVictory+1","DeceiveReality"],"picked":"SKIP","floor":25}],"player_experience":447457,"relics_obtained":[{"floor":7,"key":"Smiling Mask"},{"floor":9,"key":"Pen Nib"},{"floor":23,"key":"Nilry\u0027s Codex"},{"floor":26,"key":"Bronze Scales"}],"event_choices":[{"damage_healed":0,"gold_gain":0,"player_choice":"Left Gold","damage_taken":0,"max_hp_gain":0,"max_hp_loss":0,"event_name":"World of Goop","floor":5,"gold_loss":31},{"damage_healed":0,"gold_gain":0,"player_choice":"Grow","damage_taken":0,"max_hp_gain":0,"max_hp_loss":0,"event_name":"Living Wall","floor":10,"gold_loss":0,"cards_upgraded":["LikeWater"]},{"damage_healed":0,"gold_gain":0,"player_choice":"Lose Max HP","damage_taken":0,"relics_obtained":["Golden Idol"],"max_hp_gain":0,"max_hp_loss":5,"event_name":"Golden Idol","floor":14,"gold_loss":0},{"damage_healed":0,"gold_gain":0,"player_choice":"Gave Idol","damage_taken":0,"relics_obtained":["Bloody Idol"],"max_hp_gain":0,"max_hp_loss":0,"event_name":"Forgotten Altar","floor":20,"relics_lost":["Golden Idol"],"gold_loss":0},{"damage_healed":0,"gold_gain":0,"player_choice":"Ignored","damage_taken":0,"max_hp_gain":0,"max_hp_loss":0,"event_name":"Ghosts","floor":21,"gold_loss":0},{"damage_healed":0,"gold_gain":0,"player_choice":"Obtained Book","damage_taken":16,"max_hp_gain":0,"max_hp_loss":0,"event_name":"Cursed Tome","floor":23,"gold_loss":0},{"damage_healed":0,"gold_gain":0,"player_choice":"Fight","damage_taken":0,"max_hp_gain":0,"max_hp_loss":0,"event_name":"Colosseum","floor":28,"gold_loss":0},{"damage_healed":0,"gold_gain":0,"player_choice":"Fled From Nobs","damage_taken":0,"max_hp_gain":0,"max_hp_loss":0,"event_name":"Colosseum","floor":28,"gold_loss":0}],"is_beta":false,"boss_relics":[{"not_picked":["Runic Dome","Coffee Dripper"],"picked":"SacredBark"}],"items_purged_floors":[],"is_endless":false,"potions_floor_spawned":[1,4,7,16,28],"killed_by":"Snecko","ascension_level":3}}