{"host":"u9h06qdlnp3wgzsw","time":1610871136,"event":{"mods":["BaseMod","Downfall","Hermit","Minty Spire (QoL Compilation)","Rare Cards Sparkle","Shop Mod","StSLib","The Hierophant"],"gold_per_floor":[99,109,121,134,134,144,144,6,20,5,5,21,21,32,47,143,143,43,53,69,54,54,67,67,67,167,167,167,181,196,214,228,228,228],"floor_reached":33,"language":"ENG","playtime":2559,"items_purged":[],"score":245,"play_id":"51177129-b9e1-4101-8357-9785e542cf52","local_time":"20210117031216","is_ascension_mode":false,"campfire_choices":[{"floor":1,"key":"RECALL"},{"data":"bronze:Optimize","floor":11,"key":"SMITH"},{"floor":13,"key":"REST"},{"data":"bronze:GetLatest","floor":18,"key":"SMITH"},{"floor":25,"key":"REST"},{"floor":28,"key":"REST"}],"circlet_count":0,"master_deck":["bronze:Strike","bronze:Strike","bronze:Strike","bronze:Defend","bronze:Defend","bronze:Defend","bronze:Replicate","bronze:Goto","bronze:Repulsor","bronze:WhirlingStrike","bronze:DelayedGuard","bronze:Constructor","bronze:Optimize+1","bronze:MaxOutput","bronze:WhirlingStrike","bronze:Safeguard","bronze:Terminator","bronze:Fortify","bronze:Branch","bronze:GetLatest+1","bronze:SpaghettiCode","bronze:Boost+1","bronze:ChildClass","bronze:Format","bronze:Allocate+1","bronze:Separator+1","bronze:BronzeArmor","bronze:Repair","bronze:Frontload"],"relics":["Empty Cage","Meat on the Bone","Sozu","downfall:HeartBlessingRed","Bottled Lightning","Shovel","Question Card","Molten Egg 2"],"acts_visited":["Exordium","TheCity"],"potions_floor_usage":[8,8,14,16,16,23],"damage_taken":[{"damage":0,"enemies":"2 Louse","floor":2,"turns":3},{"damage":6,"enemies":"Cultist","floor":3,"turns":4},{"damage":0,"enemies":"Small Slimes","floor":4,"turns":2},{"damage":13,"enemies":"Red Slaver","floor":6,"turns":3},{"damage":0,"enemies":"downfall:FleeingMerchant","floor":8,"turns":4},{"damage":4,"enemies":"Blue Slaver","floor":9,"turns":4},{"damage":3,"enemies":"downfall:FleeingMerchant","floor":10,"turns":4},{"damage":13,"enemies":"Exordium Thugs","floor":12,"turns":3},{"damage":11,"enemies":"Large Slime","floor":14,"turns":5},{"damage":12,"enemies":"Blue Slaver","floor":15,"turns":4},{"damage":29,"enemies":"WA_ARCHETYPE_RETAIN","floor":16,"turns":8},{"damage":13,"enemies":"Shell Parasite","floor":19,"turns":5},{"damage":13,"enemies":"Chosen","floor":20,"turns":7},{"damage":7,"enemies":"downfall:FleeingMerchant","floor":21,"turns":4},{"damage":11,"enemies":"Snake Plant","floor":23,"turns":5},{"damage":42,"enemies":"IC_STATUS_ARCHETYPE","floor":26,"turns":9},{"damage":8,"enemies":"Snecko","floor":29,"turns":4},{"damage":12,"enemies":"3 Cultists","floor":30,"turns":4},{"damage":23,"enemies":"Cultist and Chosen","floor":31,"turns":6},{"damage":0,"enemies":"Centurion and Healer","floor":32,"turns":4},{"damage":47,"enemies":"DF_ARCHETYPE_CLAW","floor":33,"turns":4}],"seed_played":"4522444577125468290","potions_obtained":[{"floor":3,"key":"ColorlessPotion"},{"floor":5,"key":"bronze:BuildAFunctionPotion"},{"floor":5,"key":"Ancient Potion"},{"floor":9,"key":"Swift Potion"},{"floor":12,"key":"Strength Potion"},{"floor":14,"key":"bronze:BurnAndBuffPotion"},{"floor":15,"key":"EssenceOfSteel"}],"is_trial":false,"path_per_floor":["R","M","M","M","?","M","T","$","M","$","R","M","R","M","M","B",null,"R","M","M","$","?","M","T","R","?","T","R","M","M","M","M","B"],"character_chosen":"THE_AUTOMATON","items_purchased":["bronze:MaxOutput","bronze:WhirlingStrike"],"campfire_rested":3,"item_purchase_floors":[8,8],"current_hp_per_floor":[70,70,64,64,64,51,51,51,47,44,44,43,64,53,41,24,70,70,57,44,37,37,38,38,59,29,29,50,42,42,31,43,0,0],"gold":228,"neow_bonus":"BOSS_RELIC","is_daily":false,"chose_seed":false,"campfire_upgraded":2,"win_rate":0.0,"timestamp":1610871136,"path_taken":["R","M","M","M","?","M","T","$","M","?","R","M","R","M","M","BOSS","R","M","M","$","?","?","T","R","?","?","R","M","?","M","M","BOSS"],"items_purchased_type":["Card","Card"],"build_version":"2020-12-22","purchased_purges":0,"victory":false,"max_hp_per_floor":[70,70,70,70,70,70,70,70,70,70,70,70,70,70,70,70,70,70,70,70,70,70,70,70,70,70,70,70,70,70,70,70,70,70],"card_choices":[{"not_picked":["bronze:Constructor","bronze:CutThrough"],"picked":"bronze:Repulsor","floor":2},{"not_picked":["bronze:Separator","bronze:CutThrough"],"picked":"bronze:WhirlingStrike","floor":3},{"not_picked":["bronze:ForLoop","bronze:CutThrough"],"picked":"bronze:DelayedGuard","floor":4},{"not_picked":["bronze:DelayedSlice","bronze:DelayedGuard"],"picked":"bronze:Constructor","floor":6},{"not_picked":["bronze:Constructor","bronze:CloningBeam"],"picked":"bronze:Optimize","floor":8},{"not_picked":["bronze:WildBeam","bronze:BugBarrage"],"picked":"bronze:Safeguard","floor":9},{"not_picked":["bronze:Virus","bronze:Return"],"picked":"bronze:Terminator","floor":10},{"not_picked":["bronze:Deprecate","bronze:Backtrace"],"picked":"bronze:Fortify","floor":12},{"not_picked":["bronze:Deprecate","bronze:ItsAFeature"],"picked":"bronze:Branch","floor":14},{"not_picked":["bronze:Backtrace","bronze:Invalidate"],"picked":"bronze:GetLatest","floor":15},{"not_picked":["bronze:Assembly","bronze:RecursiveStrike"],"picked":"bronze:SpaghettiCode","floor":16},{"not_picked":["bronze:DelayedSlice","bronze:Turbo","bronze:Shield"],"picked":"SKIP","floor":19},{"not_picked":["bronze:NullPointer","bronze:WildBeam"],"picked":"bronze:Boost+1","floor":20},{"not_picked":["bronze:DelayedSlice","bronze:Constructor"],"picked":"bronze:ChildClass","floor":21},{"not_picked":["bronze:BronzeArmor","bronze:BugBarrage"],"picked":"bronze:Format","floor":23},{"not_picked":["bronze:BitShift","bronze:WildBeam"],"picked":"bronze:Allocate+1","floor":26},{"not_picked":["bronze:Overheat+1","bronze:DigitalCarnage+1","bronze:BitShift"],"picked":"bronze:Separator+1","floor":29},{"not_picked":["bronze:ForLoop","bronze:BuggyMess","bronze:ItsAFeature"],"picked":"bronze:BronzeArmor","floor":30},{"not_picked":["bronze:WildBeam+1","bronze:BronzeOrb+1","bronze:Frontload"],"picked":"bronze:Repair","floor":31},{"not_picked":["bronze:Branch+1","bronze:Philosophize+1","bronze:Overheat+1"],"picked":"bronze:Frontload","floor":32}],"player_experience":783158,"relics_obtained":[{"floor":7,"key":"Meat on the Bone"},{"floor":24,"key":"Bottled Lightning"},{"floor":26,"key":"Shovel"},{"floor":26,"key":"Question Card"},{"floor":27,"key":"Molten Egg 2"}],"event_choices":[{"damage_healed":0,"gold_gain":0,"player_choice":"Got Potions","damage_taken":0,"max_hp_gain":0,"max_hp_loss":0,"event_name":"Lab","floor":5,"gold_loss":0}],"is_beta":false,"boss_relics":[{"not_picked":["Tiny House","Coffee Dripper"],"picked":"Sozu"}],"items_purged_floors":[],"is_endless":false,"potions_floor_spawned":[3,9,12,14,15,19,20,26,29],"killed_by":"DF_ARCHETYPE_CLAW","ascension_level":0}}