{"host":"1zjc08c6hob33401","time":1610895138,"event":{"mods":["AchievementEnabler","Act Like it!","Aspiration","BaseMod","Downfall","Energized Spire","Evolution","Gensokyo","GifTheSpireLib","Hubris","Infinite Spire","Jedi Mod","Minty Spire (QoL Compilation)","Pale of the Ancients","Quick Restart","Retaliation","Shop Mod","StS++","StSLib","Stuff the Spire","The Blue Laboratory","Wandering Minibosses","vexMod","??????REMEMod"],"gold_per_floor":[116,135,159,17,17,17,17,17,42,42,42,76,96,96,96,195,195,205,216,216,216,227,259,259,259,259,287,287,304,317,328,328,423,423,433,433,102,118,118,118,118,134,134,134,149,168,13,13,13,13,13],"floor_reached":50,"language":"RUS","playtime":3164,"items_purged":["Pain"],"score":580,"play_id":"80beacb9-670e-4a19-b816-d5406d9e0413","local_time":"20210117165218","is_ascension_mode":false,"campfire_choices":[{"data":"Adrenaline","floor":6.0,"key":"SMITH"},{"data":"bronze:DelayedSlice","floor":8.0,"key":"SMITH"},{"data":"bronze:Replicate","floor":11.0,"key":"SMITH"},{"data":"bronze:ForLoop","floor":15.0,"key":"SMITH"},{"floor":24.0,"key":"REST"},{"floor":28.0,"key":"REST"},{"floor":32.0,"key":"REST"},{"floor":40.0,"key":"REST"},{"floor":49,"key":"REST"}],"circlet_count":0,"master_deck":["bronze:Strike","bronze:Strike+1","bronze:Strike","bronze:Strike","bronze:Defend+1","bronze:Defend+1","bronze:Defend","bronze:Defend","bronze:Replicate+1","bronze:Goto","Adrenaline+1","bronze:DelayedSlice+1","bronze:FindAndReplace","bronze:ForLoop+1","bronze:RecursiveStrike","bronze:Branch","bronze:ForLoop+1","Night Terror","Reinforced Body","bronze:Invalidate+1","bronze:Mutator","Gensokyo:TurboGranny+1","bronze:ItsAFeature+1","bronze:Optimize","bronze:CloningBeam+1","bronze:Return","bronze:Verify","bronze:FollowUp","Gensokyo:MissMary","bronze:BronzeOrb+1","Gensokyo:GreaterSplit","Doubt","StuffTheSpire:Perfection","bronze:ForceShield","bronze:Repair+1","bronze:DelayedSlice","hubris:EnhanceAbility","bronze:Shield+1"],"relics":["bronze:BronzeCore","EVO:Axolotl","REME_ComplimentaryCards","aspiration:TomeofQuesting","Chemical X","Strawberry","Gensokyo:Justice","Oddly Smooth Stone","Gensokyo:LunaticRedEyes","Nunchaku","StSpp:BoiledEgg","hubris:VirtuousBlindfold","infinitespire:Eraser","Bottled Lightning","hubris:Metronome","energizedSpire:RedRose","StuffTheSpire:Saxophone","infinitespire:EmpoweringShard","hubris:Zylophone","jedi:ominousloannote","Regal Pillow","StuffTheSpire:OldFever"],"acts_visited":["Gensokyo:Gensokyo","Gensokyo:Gensokyoer","Gensokyo:Gensokyoest"],"potions_floor_usage":[48,50],"damage_taken":[{"damage":1.0,"enemies":"Gensokyo:Python","floor":1.0,"turns":3.0},{"damage":0.0,"enemies":"Gensokyo:2_Kodama","floor":2.0,"turns":3.0},{"damage":29.0,"enemies":"Gensokyo:Aya","floor":12.0,"turns":7.0},{"damage":5.0,"enemies":"Gensokyo:3_Fairies","floor":13.0,"turns":2.0},{"damage":9.0,"enemies":"Gensokyo:Kokoro","floor":16.0,"turns":5.0},{"damage":7.0,"enemies":"Gensokyo:2_Gloops","floor":18.0,"turns":2.0},{"damage":18.0,"enemies":"Gensokyo:AngelMirror","floor":19.0,"turns":2.0},{"damage":24.0,"enemies":"Gensokyo:Slime_Group","floor":22.0,"turns":3.0},{"damage":12.0,"enemies":"Gensokyo:Reisen","floor":23.0,"turns":3.0},{"damage":2.0,"enemies":"Gensokyo:Koishi","floor":27.0,"turns":4.0},{"damage":16.0,"enemies":"Gensokyo:Wraith","floor":29.0,"turns":4.0},{"damage":3.0,"enemies":"Gensokyo:Monolith_and_Dog","floor":30.0,"turns":2.0},{"damage":0.0,"enemies":"Gensokyo:Slime_Group","floor":31.0,"turns":1.0},{"damage":4.0,"enemies":"Gensokyo:Eiki","floor":33.0,"turns":4.0},{"damage":15.0,"enemies":"Gensokyo:AncientGuardian","floor":35.0,"turns":2.0},{"damage":29.0,"enemies":"Gensokyo:3_Boulders","floor":38.0,"turns":6.0},{"damage":32.0,"enemies":"Gensokyo:AtlasGolem","floor":42.0,"turns":6.0},{"damage":1.0,"enemies":"Gensokyo:4_Bats","floor":45.0,"turns":2.0},{"damage":13.0,"enemies":"Gensokyo:SeedOfUnknown","floor":46.0,"turns":2.0},{"damage":13,"enemies":"Gensokyo:Rafflesia","floor":48,"turns":4},{"damage":54,"enemies":"Gensokyo:Scarlet_Devils","floor":50,"turns":8}],"seed_played":"-4902453623204690568","potions_obtained":[{"floor":1.0,"key":"GamblersBrew"},{"floor":2.0,"key":"blueLaboratory:HorrorPotion"},{"floor":12.0,"key":"hexamod:SoulburnPotion"},{"floor":19.0,"key":"sneckomod:MuddlingPotion"},{"floor":23.0,"key":"bronze:BurnAndBuffPotion"},{"floor":27.0,"key":"blueLaboratory:PyrophylliteBrew"},{"floor":29.0,"key":"StSpp:ScatteredWeakPotion"},{"floor":30.0,"key":"Block Potion"},{"floor":35.0,"key":"Weak Potion"},{"floor":45.0,"key":"Dexterity Potion"},{"floor":48,"key":"blueLaboratory:EnragingPotion"}],"is_trial":false,"path_per_floor":["M","M","T","COS","?","R","?","R","T","?","R","E","M","T","R","B",null,"M","M","?","?","M","E","R","?","T","E","R","M","M","M","R","B",null,"M","?","COS","M","?","R","?","M","T","T","M","M","$","M","R","B"],"character_chosen":"THE_AUTOMATON","items_purchased":["jedi:ominousloannote","Regal Pillow","StuffTheSpire:OldFever","hubris:EnhanceAbility"],"campfire_rested":5,"item_purchase_floors":[47,47,47,47],"current_hp_per_floor":[76,76,76,76,73,73,73,73,73,73,73,44,39,39,39,30,84,77,59,51,51,27,15,40,40,40,38,60,44,41,41,63,59,76,61,61,61,32,32,54,54,22,22,22,21,18,18,5,42,0,0],"gold":13,"neow_bonus":"TEN_PERCENT_HP_BONUS","is_daily":false,"chose_seed":false,"campfire_upgraded":4,"win_rate":0.0,"timestamp":1610895138,"path_taken":["M","M","?","COS","?","R","?","R","T","?","R","E","?","?","R","BOSS","M","M","?","?","M","E","R","?","T","E","R","M","?","M","R","BOSS","M","?","COS","?","?","R","?","M","T","?","M","M","?","M","R","BOSS"],"items_purchased_type":["Relic","Relic","Relic","Card"],"build_version":"2020-12-22","purchased_purges":1,"victory":false,"max_hp_per_floor":[77,77,77,77,84,84,84,84,84,84,84,84,84,84,84,84,84,84,84,84,84,84,84,84,76,76,76,76,76,76,76,76,76,76,76,76,76,76,76,76,76,76,76,76,76,76,76,76,76,76,76],"card_choices":[{"not_picked":["bronze:BuggyMess","bronze:Overheat"],"picked":"bronze:DelayedSlice","floor":1.0},{"not_picked":["bronze:FineTuning","bronze:BuggyMess"],"picked":"bronze:Shell","floor":2.0},{"not_picked":["bronze:Branch","bronze:ChildClass"],"picked":"bronze:FindAndReplace","floor":12.0},{"not_picked":["bronze:DelayedSlice","bronze:Overload"],"picked":"bronze:ForLoop","floor":13.0},{"not_picked":["bronze:Virus","bronze:Mutator"],"picked":"bronze:RecursiveStrike","floor":16.0},{"not_picked":["bronze:OilSpill","bronze:WildBeam"],"picked":"bronze:Branch","floor":18.0},{"not_picked":["bronze:BitShift","bronze:Flail"],"picked":"bronze:ForLoop+1","floor":19.0},{"not_picked":["bronze:Frontload","bronze:WhirlingStrike"],"picked":"bronze:Invalidate+1","floor":22.0},{"not_picked":["bronze:WildBeam","bronze:BitShift"],"picked":"bronze:Mutator","floor":23.0},{"not_picked":["Gensokyo:MissMary","Gensokyo:SpontaneousHumanCombustion"],"picked":"Gensokyo:TurboGranny","floor":25.0},{"not_picked":["bronze:Turbo","bronze:Overheat"],"picked":"bronze:ItsAFeature+1","floor":27.0},{"not_picked":["bronze:Deprecate","bronze:FineTuning"],"picked":"bronze:Optimize","floor":29.0},{"not_picked":["bronze:BugBarrage","bronze:DelayedGuard"],"picked":"bronze:CloningBeam+1","floor":30.0},{"not_picked":["bronze:BuggyMess","bronze:Shield"],"picked":"bronze:Return","floor":31.0},{"not_picked":["bronze:CleanCode","bronze:Assembly"],"picked":"bronze:Verify","floor":33.0},{"not_picked":["bronze:WhirlingStrike","bronze:Invalidate+1"],"picked":"bronze:FollowUp","floor":35.0},{"not_picked":["bronze:BuggyMess+1","bronze:Branch"],"picked":"bronze:BronzeOrb+1","floor":38.0},{"not_picked":["bronze:DelayedGuard","bronze:WildBeam+1"],"picked":"bronze:ForceShield","floor":42.0},{"not_picked":["bronze:HyperBeam","bronze:Deprecate+1"],"picked":"bronze:Repair+1","floor":45.0},{"not_picked":["bronze:Iterate+1","bronze:Shield+1"],"picked":"bronze:DelayedSlice","floor":46.0},{"not_picked":["bronze:Invalidate","bronze:Branch+1"],"picked":"bronze:Shield+1","floor":48}],"player_experience":599213,"relics_obtained":[{"floor":3.0,"key":"aspiration:TomeofQuesting"},{"floor":9.0,"key":"Oddly Smooth Stone"},{"floor":12.0,"key":"Nunchaku"},{"floor":14.0,"key":"StSpp:BoiledEgg"},{"floor":23.0,"key":"infinitespire:Eraser"},{"floor":26.0,"key":"Bottled Lightning"},{"floor":27.0,"key":"hubris:Metronome"},{"floor":43.0,"key":"infinitespire:EmpoweringShard"},{"floor":44.0,"key":"hubris:Zylophone"}],"event_choices":[],"is_beta":false,"boss_relics":[{"not_picked":["hubris:HollowSoul","aspiration:SilentSkillbook"],"picked":"hubris:VirtuousBlindfold"},{"not_picked":["infinitespire:Cupcake","hubris:Backtick"],"picked":"energizedSpire:RedRose"}],"items_purged_floors":[47],"is_endless":false,"potions_floor_spawned":[1,2,12,19,23,27,29,30,35,45,48],"killed_by":"Gensokyo:Scarlet_Devils","ascension_level":0}}