{"host":"g8ufh7m4frdlkxwv","time":1610910128,"event":{"mods":["AchievementEnabler","BaseMod","Colored Map","Dark Map","Minty Spire (QoL Compilation)","Relic Stats","StSLib","ojb\u0027s Info Mod"],"gold_per_floor":[109,259,334,346,358,358,368,396,396,396,396,396,26,51,51,147,147,165,365,379,379,398,398,421,421,421],"floor_reached":25,"language":"ENG","playtime":1215,"items_purged":["Normality"],"score":406,"play_id":"48dc8c95-df19-4045-b7dc-a60217780e2e","local_time":"20210117200208","is_ascension_mode":true,"campfire_choices":[{"data":"The Bomb","floor":6.0,"key":"SMITH"},{"data":"Footwork","floor":12.0,"key":"SMITH"},{"data":"Cloak And Dagger","floor":15.0,"key":"SMITH"},{"data":"Tools of the Trade","floor":23,"key":"SMITH"}],"circlet_count":0,"master_deck":["AscendersBane","Strike_G","Strike_G","Defend_G","Defend_G","Defend_G+1","Defend_G","Defend_G","Survivor","Neutralize+1","The Bomb+1","Poisoned Stab","Doubt","Dagger Throw","Unload","Blade Dance","Footwork+1","Cloak And Dagger+1","Tools of the Trade+1","Flying Knee+1","Phantasmal Killer+1","Corpse Explosion+1","Cloak And Dagger","Ghostly","Ghostly","Ghostly","Crippling Poison","Venomology"],"relics":["Ring of the Snake","Darkstone Periapt","Lizard Tail","Golden Idol","Meat on the Bone","Astrolabe"],"acts_visited":["Exordium","TheCity"],"potions_floor_usage":[25,25,25],"damage_taken":[{"damage":4.0,"enemies":"Jaw Worm","floor":1.0,"turns":3.0},{"damage":6.0,"enemies":"2 Louse","floor":4.0,"turns":3.0},{"damage":6.0,"enemies":"Cultist","floor":5.0,"turns":4.0},{"damage":0.0,"enemies":"2 Fungi Beasts","floor":7.0,"turns":3.0},{"damage":4.0,"enemies":"Gremlin Nob","floor":8.0,"turns":3.0},{"damage":3.0,"enemies":"Exordium Wildlife","floor":14.0,"turns":3.0},{"damage":63,"enemies":"The Guardian","floor":16,"turns":13},{"damage":20,"enemies":"2 Thieves","floor":18,"turns":3},{"damage":11,"enemies":"Spheric Guardian","floor":20,"turns":3},{"damage":5,"enemies":"Centurion and Healer","floor":22,"turns":8},{"damage":16,"enemies":"Shelled Parasite and Fungi","floor":24,"turns":5},{"damage":23,"enemies":"Book of Stabbing","floor":25,"turns":6}],"seed_played":"-6673221552832321358","potions_obtained":[{"floor":4.0,"key":"Poison Potion"},{"floor":16,"key":"Explosive Potion"},{"floor":18,"key":"Dexterity Potion"}],"is_trial":false,"path_per_floor":["M","?","?","M","M","R","M","E","T","?","?","R","$","M","R","B",null,"M","?","M","?","M","R","M","E"],"character_chosen":"THE_SILENT","items_purchased":["Meat on the Bone","Cloak And Dagger"],"campfire_rested":0,"item_purchase_floors":[13,13],"current_hp_per_floor":[55,55,44,38,32,32,32,28,28,8,8,8,8,17,17,15,49,41,41,42,30,25,25,21,0,0],"gold":421,"neow_bonus":"RANDOM_COLORLESS_2","is_daily":false,"chose_seed":false,"campfire_upgraded":4,"win_rate":0.0,"timestamp":1610910128,"path_taken":["M","?","?","M","?","R","M","E","T","?","?","R","$","M","R","BOSS","M","?","?","?","M","R","M","E"],"items_purchased_type":["Relic","Card"],"build_version":"2020-12-22","purchased_purges":1,"victory":false,"max_hp_per_floor":[66,66,66,66,66,66,66,66,66,66,60,60,60,60,60,60,60,60,60,60,30,30,30,30,30,30],"relic_stats":{"Darkstone Periapt":0,"Lizard Tail":30,"counters":[12,57],"Golden Idol":40,"Astrolabe":["Flying Knee","Phantasmal Killer","Corpse Explosion"],"obtain_stats":[{"Darkstone Periapt":8,"Lizard Tail":9,"Golden Idol":11,"Astrolabe":17,"Ring of the Snake":0,"Meat on the Bone":13},{"Darkstone Periapt":5,"Lizard Tail":5,"Golden Idol":5,"Astrolabe":7,"Ring of the Snake":0,"Meat on the Bone":5},{"Darkstone Periapt":16,"Lizard Tail":16,"Golden Idol":16,"Astrolabe":32,"Ring of the Snake":0,"Meat on the Bone":16}],"Ring of the Snake":[24],"Meat on the Bone":60},"card_choices":[{"not_picked":["Secret Technique","Violence"],"picked":"The Bomb","floor":0.0},{"not_picked":["Acrobatics","Dodge and Roll"],"picked":"Poisoned Stab","floor":1.0},{"not_picked":["Dagger Spray","Sucker Punch"],"picked":"Dagger Throw","floor":4.0},{"not_picked":["Caltrops","Skewer"],"picked":"Unload","floor":5.0},{"not_picked":["Quick Slash","Heel Hook"],"picked":"Blade Dance","floor":7.0},{"not_picked":["Prepared","Masterful Stab"],"picked":"Footwork","floor":8.0},{"not_picked":["Concentrate","Slice","Caltrops"],"picked":"SKIP","floor":14.0},{"not_picked":["Concentrate","Slice","Caltrops"],"picked":"SKIP","floor":14.0},{"not_picked":["Concentrate","Slice","Caltrops"],"picked":"SKIP","floor":14.0},{"not_picked":["Burst","Corpse Explosion"],"picked":"Tools of the Trade","floor":16},{"not_picked":["Masterful Stab+1","Choke","Poisoned Stab"],"picked":"SKIP","floor":18},{"not_picked":["Underhanded Strike","Deadly Poison"],"picked":"Cloak And Dagger","floor":20},{"not_picked":["Flying Knee","Dagger Spray"],"picked":"Crippling Poison","floor":22},{"not_picked":["Dodge and Roll","Slice"],"picked":"Venomology","floor":24}],"player_experience":1040485,"relics_obtained":[{"floor":8.0,"key":"Darkstone Periapt"},{"floor":9.0,"key":"Lizard Tail"}],"event_choices":[{"damage_healed":0.0,"max_hp_gain":0.0,"max_hp_loss":0.0,"gold_gain":150.0,"event_name":"Liars Game","player_choice":"AGREE","floor":2.0,"gold_loss":0.0,"damage_taken":0.0,"cards_obtained":["Doubt"]},{"damage_healed":0.0,"max_hp_gain":0.0,"max_hp_loss":0.0,"gold_gain":75.0,"event_name":"World of Goop","player_choice":"Gather Gold","floor":3.0,"gold_loss":0.0,"damage_taken":11.0},{"damage_healed":0.0,"max_hp_gain":0.0,"max_hp_loss":0.0,"gold_gain":0.0,"event_name":"Shining Light","player_choice":"Entered Light","floor":10.0,"gold_loss":0.0,"damage_taken":20.0,"cards_upgraded":["Neutralize","Defend_G"]},{"damage_healed":0.0,"max_hp_gain":0.0,"max_hp_loss":6.0,"gold_gain":0.0,"event_name":"Golden Idol","player_choice":"Lose Max HP","floor":11.0,"gold_loss":0.0,"damage_taken":0.0,"relics_obtained":["Golden Idol"]},{"damage_healed":0,"gold_gain":200,"player_choice":"Gold","damage_taken":0,"max_hp_gain":0,"max_hp_loss":0,"event_name":"Wheel of Change","floor":19,"gold_loss":0},{"damage_healed":0,"gold_gain":0,"player_choice":"Became a Ghost","damage_taken":0,"max_hp_gain":0,"max_hp_loss":30,"event_name":"Ghosts","floor":21,"gold_loss":0,"cards_obtained":["Ghostly","Ghostly","Ghostly"]}],"is_beta":false,"boss_relics":[{"not_picked":["Busted Crown","HoveringKite"],"picked":"Astrolabe"}],"items_purged_floors":[13],"is_endless":false,"potions_floor_spawned":[4,16,18,22,24],"killed_by":"Book of Stabbing","ascension_level":20}}