{"host":"2brg86hfzr3u5cix","time":1610860207,"event":{"mods":["AchievementEnabler","Ascension Unlocker","BaseMod","CapriCore","DeckTracker","Highlight Path","Keyboard Shortcuts","Minty Spire (QoL Compilation)","Permanent Neow","Relic Stats","StSLib","Twitch Utils","Uncapped","UnlockEverythingMod"],"gold_per_floor":[118,138,63,82,101,101,127,127,154,154,168,27,27,37,37,111,111,128,128,128,128,145,145,163,163,163,163,163],"floor_reached":27,"language":"KOR","playtime":781,"items_purged":["Strike_P","Defend_P"],"score":426,"play_id":"23f7b360-2e18-42a4-b5dc-58264ce6310e","local_time":"20210117141007","is_ascension_mode":true,"campfire_choices":[{"data":"Eruption","floor":6.0,"key":"SMITH"},{"floor":15.0,"key":"REST"},{"data":"CrushJoints","floor":23,"key":"SMITH"}],"circlet_count":0,"master_deck":["AscendersBane","Strike_P","Strike_P","Defend_P","Defend_P","Eruption+1","Vigilance","MentalFortress","CrushJoints+1","EmptyBody","Prostrate","Swift Strike","Evaluate","FlyingSleeves","DeusExMachina","Adaptation","EmptyFist","Ragnarok"],"relics":["HolyWater","NeowsBlessing","Boot","Dream Catcher","Smiling Mask","MutagenicStrength","Strawberry"],"acts_visited":["Exordium","TheCity"],"potions_floor_usage":[22],"damage_taken":[{"damage":0.0,"enemies":"2 Louse","floor":1.0,"turns":1.0},{"damage":0.0,"enemies":"Jaw Worm","floor":2.0,"turns":1.0},{"damage":0.0,"enemies":"Cultist","floor":4.0,"turns":1.0},{"damage":8.0,"enemies":"3 Louse","floor":5.0,"turns":4.0},{"damage":23.0,"enemies":"Lagavulin","floor":7.0,"turns":6.0},{"damage":3.0,"enemies":"Exordium Wildlife","floor":11.0,"turns":5.0},{"damage":7.0,"enemies":"Looter","floor":14.0,"turns":2.0},{"damage":24.0,"enemies":"The Guardian","floor":16.0,"turns":10.0},{"damage":20.0,"enemies":"Spheric Guardian","floor":18.0,"turns":4.0},{"damage":15,"enemies":"2 Thieves","floor":22,"turns":4},{"damage":11,"enemies":"Centurion and Healer","floor":24,"turns":4},{"damage":26,"enemies":"Shelled Parasite and Fungi","floor":27,"turns":3}],"seed_played":"-7178401078958608408","potions_obtained":[{"floor":4.0,"key":"Strength Potion"},{"floor":5.0,"key":"DuplicationPotion"},{"floor":11.0,"key":"ColorlessPotion"},{"floor":14.0,"key":"SkillPotion"},{"floor":18.0,"key":"Regen Potion"}],"is_trial":false,"path_per_floor":["M","M","$","M","M","R","E","?","T","?","M","$","?","M","R","B",null,"M","?","?","?","M","R","M","?","T","M"],"character_chosen":"WATCHER","items_purchased":["Swift Strike"],"campfire_rested":1,"item_purchase_floors":[12],"current_hp_per_floor":[61,61,61,61,53,53,30,25,25,18,15,15,15,8,28,4,52,32,32,32,32,29,29,18,18,25,0,0],"gold":163,"neow_bonus":"THREE_ENEMY_KILL","is_daily":false,"chose_seed":false,"campfire_upgraded":2,"win_rate":0.0,"timestamp":1610860207,"path_taken":["M","M","$","M","M","R","E","?","T","?","M","$","?","M","R","BOSS","M","?","?","?","?","R","M","?","T","M"],"items_purchased_type":["Card"],"build_version":"2020-12-22","purchased_purges":2,"victory":false,"max_hp_per_floor":[68,68,68,68,68,68,68,68,68,68,68,68,68,68,68,68,68,68,68,68,68,68,68,68,68,75,75,75],"relic_stats":{"Dream Catcher":1,"counters":[12,45],"Boot":[6],"Smiling Mask":50,"obtain_stats":[{"Dream Catcher":8,"NeowsBlessing":0,"MutagenicStrength":20,"Strawberry":26,"HolyWater":17,"PureWater":0,"Boot":7,"Smiling Mask":9},{"Dream Catcher":5,"NeowsBlessing":0,"MutagenicStrength":9,"Strawberry":11,"HolyWater":8,"PureWater":0,"Boot":5,"Smiling Mask":5},{"Dream Catcher":13,"NeowsBlessing":0,"MutagenicStrength":34,"Strawberry":42,"HolyWater":30,"PureWater":0,"Boot":13,"Smiling Mask":13}]},"card_choices":[{"not_picked":["Crescendo","Consecrate"],"picked":"MentalFortress","floor":1.0},{"not_picked":["Nirvana","Swivel"],"picked":"CrushJoints","floor":2.0},{"not_picked":["Indignation","MentalFortress"],"picked":"EmptyBody","floor":4.0},{"not_picked":["Weave","Halt"],"picked":"Prostrate","floor":5.0},{"not_picked":["BattleHymn","ClearTheMind","SandsOfTime"],"picked":"SKIP","floor":7.0},{"not_picked":["Perseverance","Prostrate","PathToVictory"],"picked":"SKIP","floor":11.0},{"not_picked":["Weave","WaveOfTheHand"],"picked":"Evaluate","floor":14.0},{"not_picked":["BowlingBash","FollowUp"],"picked":"FlyingSleeves","floor":15.0},{"not_picked":["DevaForm","Alpha"],"picked":"DeusExMachina","floor":16.0},{"not_picked":["Perseverance","WindmillStrike"],"picked":"Adaptation","floor":18.0},{"not_picked":["ClearTheMind","Consecrate"],"picked":"EmptyFist","floor":22},{"not_picked":["DeceiveReality","JustLucky"],"picked":"Ragnarok","floor":24}],"player_experience":321514,"relics_obtained":[{"floor":7.0,"key":"Boot"},{"floor":9.0,"key":"Smiling Mask"},{"floor":26,"key":"Strawberry"}],"event_choices":[{"damage_healed":0.0,"max_hp_gain":0.0,"max_hp_loss":0.0,"gold_gain":0.0,"event_name":"Scrap Ooze","player_choice":"Success","floor":8.0,"gold_loss":0.0,"damage_taken":5.0,"relics_obtained":["Dream Catcher"]},{"cards_removed":["Defend_P"],"damage_healed":0.0,"max_hp_gain":0.0,"max_hp_loss":0.0,"gold_gain":0.0,"event_name":"Golden Wing","player_choice":"Card Removal","floor":10.0,"gold_loss":0.0,"damage_taken":7.0},{"damage_healed":0.0,"max_hp_gain":0.0,"max_hp_loss":0.0,"gold_gain":0.0,"event_name":"Liars Game","player_choice":"Ignored","floor":13.0,"gold_loss":0.0,"damage_taken":0.0},{"damage_healed":0.0,"max_hp_gain":0.0,"max_hp_loss":0.0,"gold_gain":0.0,"event_name":"Vampires","player_choice":"Ignored","floor":19.0,"gold_loss":0.0,"damage_taken":0.0},{"damage_healed":0.0,"max_hp_gain":0.0,"max_hp_loss":0.0,"gold_gain":0.0,"event_name":"Drug Dealer","player_choice":"Inject Mutagens","floor":20.0,"gold_loss":0.0,"damage_taken":0.0,"relics_obtained":["MutagenicStrength"]},{"cards_removed":["Strike_P"],"damage_healed":0.0,"max_hp_gain":0.0,"max_hp_loss":0.0,"gold_gain":0.0,"event_name":"Purifier","player_choice":"Purged","floor":21.0,"gold_loss":0.0,"damage_taken":0.0},{"damage_healed":0,"gold_gain":0,"player_choice":"Ignored","damage_taken":0,"max_hp_gain":0,"max_hp_loss":0,"event_name":"The Mausoleum","floor":25,"gold_loss":0}],"is_beta":false,"boss_relics":[{"not_picked":["SlaversCollar","Velvet Choker"],"picked":"HolyWater"}],"items_purged_floors":[3,12],"is_endless":false,"potions_floor_spawned":[4,5,11,14,18],"killed_by":"Shelled Parasite and Fungi","ascension_level":20}}