{"host":"uld0x1f6or5rl385","time":1610880780,"event":{"mods":["BaseMod","Minty Spire (QoL Compilation)","Quick Restart","StSLib","Unceasing Turn Reminder"],"gold_per_floor":[119,119,135,4,16,45,45,74,74,91,91,119,177,192,192,192,192],"floor_reached":16,"language":"ZHS","playtime":538,"items_purged":["Defend_G"],"score":222,"play_id":"1f429276-5c1f-4b1d-bc67-7f4ae9654d1d","local_time":"20210117185300","is_ascension_mode":true,"campfire_choices":[{"data":"Quick Slash","floor":7,"key":"SMITH"},{"floor":11,"key":"REST"},{"floor":15,"key":"REST"}],"circlet_count":0,"master_deck":["AscendersBane","Strike_G","Strike_G","Strike_G","Strike_G","Strike_G","Defend_G","Defend_G","Defend_G","Defend_G","Survivor","Neutralize+1","Backflip","Prepared","Quick Slash+1","Quick Slash+1","Flying Knee+1"],"relics":["Ring of the Snake","Tiny Chest","Bronze Scales","Molten Egg 2","Snake Skull","Nunchaku"],"acts_visited":["Exordium"],"potions_floor_usage":[6,6,8,12],"damage_taken":[{"damage":0,"enemies":"2 Louse","floor":1,"turns":5},{"damage":7,"enemies":"Cultist","floor":3,"turns":5},{"damage":1,"enemies":"Small Slimes","floor":5,"turns":6},{"damage":4,"enemies":"Lagavulin","floor":6,"turns":8},{"damage":17,"enemies":"3 Sentries","floor":8,"turns":11},{"damage":8,"enemies":"Blue Slaver","floor":10,"turns":4},{"damage":12,"enemies":"Gremlin Nob","floor":12,"turns":3},{"damage":0,"enemies":"Looter","floor":14,"turns":3},{"damage":49,"enemies":"Slime Boss","floor":16,"turns":9}],"seed_played":"-3758488019568878316","potions_obtained":[{"floor":3,"key":"Dexterity Potion"},{"floor":6,"key":"ColorlessPotion"},{"floor":8,"key":"Ancient Potion"},{"floor":10,"key":"FearPotion"}],"is_trial":false,"path_per_floor":["M","?","M","$","M","E","R","E","T","M","R","E","?","M","R","B"],"character_chosen":"THE_SILENT","items_purchased":["Fire Potion"],"campfire_rested":2,"item_purchase_floors":[4],"current_hp_per_floor":[59,59,52,52,51,47,47,30,30,22,41,29,29,29,48,0,0],"gold":192,"neow_bonus":"RANDOM_COMMON_RELIC","is_daily":false,"chose_seed":false,"campfire_upgraded":1,"win_rate":0.0,"timestamp":1610880780,"path_taken":["M","?","M","?","M","E","R","E","T","M","R","E","?","M","R","BOSS"],"items_purchased_type":["Potion"],"build_version":"2020-12-22","purchased_purges":1,"victory":false,"max_hp_per_floor":[66,66,66,66,66,66,66,66,66,66,66,66,66,66,66,66,66],"card_choices":[{"not_picked":["Underhanded Strike","Masterful Stab"],"picked":"Backflip","floor":1},{"not_picked":["Poisoned Stab","Sucker Punch"],"picked":"Prepared","floor":3},{"not_picked":["Tactician","Skewer"],"picked":"Quick Slash","floor":5},{"not_picked":["Finisher","Crippling Poison","Backflip"],"picked":"SKIP","floor":6},{"not_picked":["Poisoned Stab+1","Acrobatics","Outmaneuver"],"picked":"SKIP","floor":8},{"not_picked":["Accuracy","Skewer+1"],"picked":"Quick Slash+1","floor":10},{"not_picked":["Deadly Poison","Blur"],"picked":"Flying Knee+1","floor":12},{"not_picked":["Expertise","Setup","Acrobatics"],"picked":"SKIP","floor":14}],"player_experience":340055,"relics_obtained":[{"floor":6,"key":"Bronze Scales"},{"floor":8,"key":"Molten Egg 2"},{"floor":9,"key":"Snake Skull"},{"floor":12,"key":"Nunchaku"}],"event_choices":[{"damage_healed":0,"gold_gain":0,"player_choice":"Upgraded","damage_taken":0,"max_hp_gain":0,"max_hp_loss":0,"event_name":"Upgrade Shrine","floor":2,"gold_loss":0,"cards_upgraded":["Neutralize"]},{"damage_healed":0,"gold_gain":58,"player_choice":"Gained Gold","damage_taken":0,"max_hp_gain":0,"max_hp_loss":0,"event_name":"Golden Wing","floor":13,"gold_loss":0}],"is_beta":false,"boss_relics":[],"items_purged_floors":[4],"is_endless":false,"potions_floor_spawned":[3,6,8,10],"killed_by":"Slime Boss","ascension_level":17}}