{"host":"wogey4gsknv4ot2d","time":1610927417,"event":{"mods":["2.2 Compatiblity","AchievementEnabler","BaseMod","Bestiary","Better Third Choice","Colored Map","Colored Powertips","Googly Eyes","Key Reminder","Minty Spire (QoL Compilation)","Permanent Neow","Rare Cards Sparkle","Relic Stats","StSLib"],"gold_per_floor":[113,113,130,143,24,49,59,59,59,87,87,135,135,152,152,254,254,272,90,90,90,64,64,96,115,141,141,167,167,193,207,207,305,305,319,334,349,60,60,86,86,116,139,139,139,168,186,240,252,264,264],"floor_reached":50,"language":"ENG","playtime":1783,"items_purged":[],"score":674,"play_id":"de674822-8206-4cfe-967f-32cc49c1c97e","local_time":"20210117175017","is_ascension_mode":true,"campfire_choices":[{"floor":8,"key":"REST"},{"floor":11,"key":"REST"},{"data":"Doom and Gloom","floor":15,"key":"SMITH"},{"data":"Rainbow","floor":23,"key":"SMITH"},{"floor":27,"key":"REST"},{"data":"Conserve Battery","floor":29,"key":"SMITH"},{"floor":32,"key":"REST"},{"floor":41,"key":"REST"},{"floor":49,"key":"REST"}],"circlet_count":0,"master_deck":["Strike_B","Strike_B","Strike_B","Strike_B","Defend_B","Defend_B","Defend_B","Defend_B","Zap","Go for the Eyes","Go for the Eyes","Melter","Coolheaded","Static Discharge","Steam","Doom and Gloom+1","Force Field","Stack","Aggregate","Conserve Battery+1","Barrage+1","Leap+1","Electrodynamics","Go for the Eyes","Auto Shields","BootSequence","Electrodynamics","Ball Lightning+1","Leap+1","Conserve Battery","Self Repair","Go for the Eyes+1","Doubt","BootSequence","Streamline+1"],"relics":["Cracked Core","Torii","Thread and Needle","Ice Cream","Boot","SlaversCollar","PreservedInsect","Singing Bowl","Tiny Chest","Bottled Flame","Juzu Bracelet","Fusion Hammer","Molten Egg 2","Whetstone","White Beast Statue","Orichalcum","Anchor","MawBank"],"acts_visited":["Exordium","TheCity","TheBeyond"],"potions_floor_usage":[6,6,7,10,16,30,31,31,37,40,46,47],"damage_taken":[{"damage":6,"enemies":"Jaw Worm","floor":1,"turns":3},{"damage":0,"enemies":"Cultist","floor":3,"turns":3},{"damage":6,"enemies":"2 Louse","floor":4,"turns":3},{"damage":24,"enemies":"3 Sentries","floor":6,"turns":7},{"damage":0,"enemies":"Red Slaver","floor":7,"turns":2},{"damage":14,"enemies":"Gremlin Nob","floor":10,"turns":4},{"damage":0,"enemies":"2 Fungi Beasts","floor":14,"turns":3},{"damage":27,"enemies":"Slime Boss","floor":16,"turns":10},{"damage":8,"enemies":"Spheric Guardian","floor":18,"turns":4},{"damage":15,"enemies":"Gremlin Leader","floor":24,"turns":6},{"damage":1,"enemies":"Chosen","floor":25,"turns":5},{"damage":13,"enemies":"Book of Stabbing","floor":28,"turns":6},{"damage":13,"enemies":"Gremlin Leader","floor":30,"turns":6},{"damage":2,"enemies":"Centurion and Healer","floor":31,"turns":7},{"damage":72,"enemies":"Automaton","floor":33,"turns":15},{"damage":8,"enemies":"3 Shapes","floor":35,"turns":3},{"damage":34,"enemies":"3 Darklings","floor":36,"turns":4},{"damage":26,"enemies":"Spire Growth","floor":37,"turns":5},{"damage":9,"enemies":"Nemesis","floor":40,"turns":5},{"damage":69,"enemies":"Reptomancer","floor":42,"turns":6},{"damage":80,"enemies":"Giant Head","floor":46,"turns":11},{"damage":3,"enemies":"Jaw Worm Horde","floor":47,"turns":5},{"damage":38,"enemies":"Donu and Deca","floor":50,"turns":5}],"seed_played":"326371861352514280","potions_obtained":[{"floor":0,"key":"SneckoOil"},{"floor":0,"key":"PowerPotion"},{"floor":6,"key":"AttackPotion"},{"floor":14,"key":"EssenceOfSteel"},{"floor":16,"key":"Explosive Potion"},{"floor":25,"key":"Regen Potion"},{"floor":28,"key":"Strength Potion"},{"floor":30,"key":"Strength Potion"},{"floor":36,"key":"SkillPotion"},{"floor":42,"key":"EssenceOfSteel"},{"floor":46,"key":"Strength Potion"}],"is_trial":false,"path_per_floor":["M","?","M","M","$","E","M","R","T","E","R","T","?","M","R","B",null,"M","$","?","?","$","R","E","M","T","R","E","R","E","M","R","B",null,"M","M","M","$","?","E","R","E","T","?","?","E","M","T","R","B"],"character_chosen":"DEFECT","items_purchased":["Fire Potion","Fire Potion","Coolheaded","PreservedInsect","Aggregate","Barrage","Molten Egg 2","Self Repair"],"campfire_rested":6,"item_purchase_floors":[5,5,5,19,19,22,38,38],"current_hp_per_floor":[69,69,69,63,63,39,39,61,61,47,69,69,69,69,69,42,75,67,67,67,67,67,67,52,51,51,73,60,60,61,59,75,3,75,67,33,7,7,85,83,85,23,23,85,85,12,9,9,34,0,0],"gold":264,"neow_bonus":"THREE_SMALL_POTIONS","is_daily":false,"chose_seed":false,"campfire_upgraded":3,"win_rate":0.0,"timestamp":1610927417,"path_taken":["M","?","?","?","?","E","M","R","T","E","R","?","?","M","R","BOSS","M","$","?","?","?","R","E","?","T","R","E","R","E","M","R","BOSS","M","M","M","$","?","E","R","E","T","?","?","E","M","?","R","BOSS"],"items_purchased_type":["Potion","Potion","Card","Relic","Card","Card","Relic","Card"],"build_version":"2020-12-22","purchased_purges":0,"victory":false,"max_hp_per_floor":[75,75,75,75,75,75,75,75,75,75,75,75,75,75,75,75,75,75,75,75,75,75,75,75,75,75,75,75,75,75,75,75,75,75,75,75,75,75,85,85,85,85,85,85,85,85,85,85,85,85,85],"relic_stats":{"Torii":45,"Singing Bowl":0,"counters":[23,128],"Tiny Chest":1,"PreservedInsect":359,"Juzu Bracelet":1,"Whetstone":["Ball Lightning","Barrage"],"Orichalcum":[12],"Boot":[117],"MawBank":24,"obtain_stats":[{"Ice Cream":10,"Torii":6,"Singing Bowl":24,"Thread and Needle":9,"PreservedInsect":19,"Juzu Bracelet":30,"Whetstone":40,"Orichalcum":43,"Boot":12,"MawBank":48,"White Beast Statue":42,"SlaversCollar":17,"Bottled Flame":28,"Anchor":46,"Tiny Chest":26,"Molten Egg 2":38,"Fusion Hammer":34,"Cracked Core":0},{"Ice Cream":6,"Torii":4,"Singing Bowl":10,"Thread and Needle":5,"PreservedInsect":9,"Juzu Bracelet":13,"Whetstone":19,"Orichalcum":20,"Boot":6,"MawBank":22,"White Beast Statue":20,"SlaversCollar":8,"Bottled Flame":12,"Anchor":21,"Tiny Chest":11,"Molten Egg 2":18,"Fusion Hammer":15,"Cracked Core":0},{"Ice Cream":22,"Torii":16,"Singing Bowl":45,"Thread and Needle":18,"PreservedInsect":39,"Juzu Bracelet":62,"Whetstone":101,"Orichalcum":107,"Boot":22,"MawBank":123,"White Beast Statue":107,"SlaversCollar":35,"Bottled Flame":56,"Anchor":118,"Tiny Chest":50,"Molten Egg 2":96,"Fusion Hammer":84,"Cracked Core":0}]},"card_choices":[{"not_picked":["BootSequence","Rebound"],"picked":"Go for the Eyes","floor":1},{"not_picked":["Stack","Cold Snap"],"picked":"Go for the Eyes","floor":3},{"not_picked":["Skim","Beam Cell"],"picked":"Melter","floor":4},{"not_picked":["Hello World","Machine Learning"],"picked":"Static Discharge","floor":6},{"not_picked":["Heatsinks","Barrage"],"picked":"Steam","floor":7},{"not_picked":["Sweeping Beam","Steam Power"],"picked":"Doom and Gloom","floor":10},{"not_picked":["Steam Power","Recycle"],"picked":"Force Field","floor":14},{"not_picked":["All For One","Creative AI"],"picked":"Rainbow","floor":16},{"not_picked":["Hologram","Sweeping Beam"],"picked":"Stack","floor":18},{"not_picked":["Steam","Storm+1"],"picked":"Leap+1","floor":24},{"not_picked":["Stack+1","Leap"],"picked":"Electrodynamics","floor":25},{"not_picked":["Force Field","Leap"],"picked":"Go for the Eyes","floor":28},{"not_picked":["Go for the Eyes","Steam"],"picked":"Auto Shields","floor":30},{"not_picked":["Streamline","Redo+1"],"picked":"BootSequence","floor":31},{"not_picked":["Thunder Strike","Biased Cognition"],"picked":"Electrodynamics","floor":33},{"not_picked":["Undo","Stack+1"],"picked":"Ball Lightning","floor":35},{"not_picked":["Recycle","Blizzard+1"],"picked":"Leap+1","floor":36},{"not_picked":["Aggregate","Gash+1"],"picked":"Conserve Battery","floor":37},{"not_picked":["Stack+1","Beam Cell+1"],"picked":"Go for the Eyes+1","floor":40},{"not_picked":["Barrage+1","Consume"],"picked":"Force Field+1","floor":42},{"not_picked":["Defragment+1","Hello World"],"picked":"BootSequence","floor":46},{"not_picked":["Reprogram+1","Reinforced Body+1"],"picked":"Streamline+1","floor":47}],"player_experience":47977,"relics_obtained":[{"floor":6,"key":"Torii"},{"floor":9,"key":"Thread and Needle"},{"floor":10,"key":"Ice Cream"},{"floor":12,"key":"Boot"},{"floor":24,"key":"Singing Bowl"},{"floor":26,"key":"Tiny Chest"},{"floor":28,"key":"Bottled Flame"},{"floor":30,"key":"Juzu Bracelet"},{"floor":40,"key":"Whetstone"},{"floor":42,"key":"White Beast Statue"},{"floor":43,"key":"Orichalcum"},{"floor":46,"key":"Anchor"},{"floor":48,"key":"MawBank"}],"event_choices":[{"damage_healed":0,"gold_gain":0,"player_choice":"Bought 0 Potions","damage_taken":0,"max_hp_gain":0,"max_hp_loss":0,"event_name":"The Woman in Blue","floor":2,"gold_loss":0},{"cards_removed":["Dualcast"],"damage_healed":0,"gold_gain":0,"player_choice":"Purged","damage_taken":0,"max_hp_gain":0,"max_hp_loss":0,"event_name":"Purifier","floor":13,"gold_loss":0},{"damage_healed":0,"gold_gain":0,"player_choice":"Read","damage_taken":0,"max_hp_gain":0,"max_hp_loss":0,"event_name":"The Library","floor":20,"gold_loss":0,"cards_obtained":["Conserve Battery"]},{"damage_healed":0,"gold_gain":0,"player_choice":"Ignored","damage_taken":0,"max_hp_gain":0,"max_hp_loss":0,"event_name":"The Mausoleum","floor":21,"gold_loss":0},{"cards_removed":["Rainbow"],"damage_healed":68,"gold_gain":0,"player_choice":"Offered Rare","damage_taken":0,"max_hp_gain":10,"max_hp_loss":0,"event_name":"Bonfire Elementals","floor":39,"gold_loss":0},{"damage_healed":62,"gold_gain":0,"player_choice":"Heal","damage_taken":0,"max_hp_gain":0,"max_hp_loss":0,"event_name":"MindBloom","floor":44,"gold_loss":0,"cards_obtained":["Doubt"]},{"cards_removed":["Force Field"],"damage_healed":0,"gold_gain":0,"player_choice":"Removed Skill","damage_taken":0,"max_hp_gain":0,"max_hp_loss":0,"event_name":"Falling","floor":45,"gold_loss":0}],"is_beta":false,"boss_relics":[{"not_picked":["Empty Cage","Astrolabe"],"picked":"SlaversCollar"},{"not_picked":["Runic Pyramid","FrozenCore"],"picked":"Fusion Hammer"}],"items_purged_floors":[],"is_endless":false,"potions_floor_spawned":[6,14,16,25,28,30,36,42,46,47],"killed_by":"Donu and Deca","ascension_level":1}}