{"host":"kq2g769nefmuyn7c","time":1610853976,"event":{"mods":["ATMod(∞¢Ë™Mod)","Act Like it!","BaseMod","Gensokyo","Koishi","Minty Spire (QoL Compilation)","Remilia£®¿Ÿ√◊¿Ú—«£©","Replay The Spire","StSLib","The Servant 0.9.4","Youmu£®ªÍ∆«—˝√Œ£©"],"gold_per_floor":[115,134,154,166,166,193,210,210,210,230,261,261,287,287,287,392,392,402,282,282,1,1,30,45,73,73,73,86,111,121,121,121,224,224,258,258,274,274,291,318,318,348,348,383,431,431,445,464,464,464,464,464,61,91,111],"floor_reached":56,"language":"ZHS","playtime":3353,"items_purged":[],"score":2070,"play_id":"b433ef5f-0282-426b-b14c-614d8940319e","local_time":"20210117112616","is_ascension_mode":true,"campfire_choices":[{"data":"Septette","floor":8.0,"key":"SMITH"},{"data":"Stigmanizer","floor":12.0,"key":"SMITH"},{"data":"MiserableFate","floor":15.0,"key":"SMITH"},{"data":"BloodRain","floor":27.0,"key":"SMITH"},{"data":"EternalNight","floor":32.0,"key":"SMITH"},{"data":"ScarletMeister","floor":41,"key":"SMITH"},{"floor":49,"key":"RECALL"},{"data":"TransientEternity","floor":52,"key":"SMITH"}],"circlet_count":0,"master_deck":["AscendersBane","Strike_RM","Strike_RM","Strike_RM","Defend_RM","Defend_RM","Defend_RM","Defend_RM","RedMoon","ScarletShoot","AT_FamilyPortrait+1","ScarletSymphony+1","Septette+1","MillenniumVampire","ScarletDevilSign","Stigmanizer+1","TransientEternity+1","Gensokyo:FourOfAKind","Gensokyo:FourOfAKind","Gensokyo:FourOfAKind","Gensokyo:FourOfAKind","Night Terror","BloodRain+1","UltimateOffering+1","VampireKiss+1","BlasphemousPunishment+1","EternalNight+1","ScarletMeister+1","DiffusionOfMisfortune+1","VampirishNight+1","ForecastOfChange","LeisurelyOfLord+1","ScarletNetherworld","EternalNight+1","BloodyCatastrophe+1"],"relics":["ScarletHat","AT_ATBox","Replay:Wax Seal","Replay:Baseball","MealTicket","AT_DeathDance","Gensokyo:CelestialsFlawlessClothing","Coffee Dripper","Gensokyo:DemonMask","Chemical X","AT_EbonyIvory","Replay:Ringing Soul","Mummified Hand","Replay:Towering Pillar of Hats","Pantograph","Ice Cream","Sozu","Bird Faced Urn","Singing Bowl","Mango","Shuriken","ReplayTheSpireMod:Ninjato","Golden Egg","Strawberry"],"acts_visited":["Gensokyo:Gensokyo","Gensokyo:Gensokyoer","Gensokyo:Gensokyoest","TheEnding"],"potions_floor_usage":[],"damage_taken":[{"damage":0.0,"enemies":"Gensokyo:Python","floor":1.0,"turns":2.0},{"damage":0.0,"enemies":"Gensokyo:2_Kodama","floor":2.0,"turns":1.0},{"damage":0.0,"enemies":"Gensokyo:Gryphon","floor":3.0,"turns":1.0},{"damage":0.0,"enemies":"Gensokyo:LivingMonolith","floor":4.0,"turns":5.0},{"damage":2.0,"enemies":"Gensokyo:Cirno","floor":6.0,"turns":7.0},{"damage":2.0,"enemies":"Gensokyo:CorruptedTreant","floor":7.0,"turns":5.0},{"damage":0.0,"enemies":"Gensokyo:Kitsune","floor":10.0,"turns":3.0},{"damage":0.0,"enemies":"Gensokyo:Aya","floor":11.0,"turns":4.0},{"damage":8.0,"enemies":"Gensokyo:Cirno","floor":13.0,"turns":5.0},{"damage":15.0,"enemies":"Gensokyo:Yukari","floor":16.0,"turns":7.0},{"damage":0.0,"enemies":"Gensokyo:Chomper","floor":18.0,"turns":5.0},{"damage":28.0,"enemies":"Gensokyo:Koishi","floor":23.0,"turns":6.0},{"damage":11.0,"enemies":"Gensokyo:3_Dogs","floor":24.0,"turns":4.0},{"damage":37.0,"enemies":"Gensokyo:Tenshi","floor":25.0,"turns":7.0},{"damage":0.0,"enemies":"Gensokyo:3_Gloops","floor":28.0,"turns":2.0},{"damage":0.0,"enemies":"Gensokyo:Koishi","floor":29.0,"turns":5.0},{"damage":0.0,"enemies":"Gensokyo:Chomper_and_Gloop","floor":30.0,"turns":2.0},{"damage":57.0,"enemies":"Gensokyo:Kaguya","floor":33.0,"turns":7.0},{"damage":13.0,"enemies":"Gensokyo:3_Boulders","floor":35.0,"turns":4.0},{"damage":29.0,"enemies":"Gensokyo:3_Bats","floor":37.0,"turns":3.0},{"damage":54,"enemies":"Gensokyo:AtlasGolem","floor":39,"turns":4},{"damage":16,"enemies":"Gensokyo:Doremy","floor":40,"turns":4},{"damage":32,"enemies":"Gensokyo:Marisa","floor":42,"turns":4},{"damage":0,"enemies":"Gensokyo:Doremy","floor":44,"turns":4},{"damage":5,"enemies":"Gensokyo:SeedOfUnknown","floor":47,"turns":5},{"damage":58,"enemies":"Gensokyo:Rafflesia","floor":48,"turns":3},{"damage":15,"enemies":"Gensokyo:Shinki","floor":50,"turns":4},{"damage":18,"enemies":"Shield and Spear","floor":54,"turns":2},{"damage":153,"enemies":"The Heart","floor":55,"turns":8}],"seed_played":"-7946274642395103482","potions_obtained":[{"floor":2.0,"key":"Adrenaline Potion"},{"floor":4.0,"key":"Strength Potion"},{"floor":7.0,"key":"PowerPotion"},{"floor":16.0,"key":"SpeedPotion"},{"floor":29.0,"key":"Strength Potion"}],"is_trial":false,"path_per_floor":["M","M","M","M","?","E","M","R","T","M","E","R","E","?","R","B",null,"M","?","?","COS","?","E","M","E","T","R","M","E","M","?","R","B",null,"M","?","M","?","M","E","R","E","T","E","?","?","M","M","R","B",null,"R","$","E","B",null],"character_chosen":"REMILIA","items_purchased":["Golden Egg","BloodyCatastrophe"],"campfire_rested":0,"item_purchase_floors":[53,53],"current_hp_per_floor":[68,68,68,69,69,68,69,69,69,70,73,73,65,54,54,58,71,72,72,53,53,50,33,28,56,56,56,56,59,62,65,65,17,53,41,44,20,2,65,68,68,64,64,90,93,93,102,74,74,105,105,105,108,117,102],"gold":111,"neow_bonus":"UPGRADE_CARD","is_daily":false,"chose_seed":false,"campfire_upgraded":7,"win_rate":0.0,"timestamp":1610853976,"path_taken":["M","?","M","M","?","E","M","R","T","M","E","R","E","?","R","BOSS","M","?","?","COS","?","E","M","E","T","R","M","E","M","?","R","BOSS","M","?","M","?","M","E","R","E","T","E","?","?","M","M","R","BOSS","R","$","E","BOSS"],"items_purchased_type":["Relic","Card"],"build_version":"2020-12-22","purchased_purges":0,"victory":true,"max_hp_per_floor":[75,75,75,75,75,75,75,75,75,75,75,75,75,75,75,75,75,75,75,53,53,53,53,53,56,56,56,56,59,62,65,65,65,65,65,68,71,71,74,76,76,93,93,95,98,98,102,105,105,105,105,105,108,117,117],"card_choices":[{"not_picked":["ScarletDevilSign","UnstableMagic"],"picked":"ScarletSymphony","floor":1.0},{"not_picked":["UnderTheZenith","UnstableMagic"],"picked":"Septette","floor":2.0},{"not_picked":["EndlessAdversity","MastersStateliness"],"picked":"MillenniumVampire","floor":3.0},{"not_picked":["ForbiddenFruit","EndlessAdversity","MastersStateliness"],"picked":"SKIP","floor":4.0},{"not_picked":["Maim","BloodHunter"],"picked":"ScarletDevilSign","floor":6.0},{"not_picked":["CharismaGuard","DiffusionOfMisfortune"],"picked":"Stigmanizer","floor":7.0},{"not_picked":["MastersStateliness","ScarletDevil"],"picked":"MiserableFate","floor":10.0},{"not_picked":["EmergencyRegeneration","UnderTheZenith","ForbiddenFruit"],"picked":"SKIP","floor":11.0},{"not_picked":["UnstableMagic","BloodHunter","ScarletImprint"],"picked":"SKIP","floor":13.0},{"not_picked":["BloodySeventeenLaser","BatForm"],"picked":"TransientEternity","floor":16.0},{"not_picked":["UnderTheZenith","TwelveNightmare","EndlessAdversity"],"picked":"SKIP","floor":18.0},{"not_picked":["BloodHunter","Stigmanizer+1","FavorOfDestiny"],"picked":"SKIP","floor":23.0},{"not_picked":["BloodyCatastrophe","CeilingFear"],"picked":"BloodRain","floor":24.0},{"not_picked":["MastersStateliness","UnstableMagic"],"picked":"RedRainbow+1","floor":24.0},{"not_picked":["ScarletDevil","RedRainbow"],"picked":"UltimateOffering+1","floor":25.0},{"not_picked":["BloodHunter","EmergencyRegeneration","MastersStateliness+1"],"picked":"SKIP","floor":28.0},{"not_picked":["ForbiddenFruit","EndlessAdversity"],"picked":"VampireKiss+1","floor":29.0},{"not_picked":["BloodHunter+1","UnderTheZenith"],"picked":"BlasphemousPunishment+1","floor":30.0},{"not_picked":["RedRainbow","BloodHunter","BloodyTrap+1"],"picked":"SKIP","floor":35.0},{"not_picked":["UltimateOffering+1","SuperhumanBloodyKnife"],"picked":"DiffusionOfMisfortune+1","floor":37.0},{"not_picked":["NightDance","BadLadyScramble"],"picked":"VampirishNight+1","floor":39},{"not_picked":["UnderTheZenith+1","VampireKiss+1","BlasphemousPunishment+1"],"picked":"SKIP","floor":39},{"not_picked":["ScarletImprint","DiffusionOfMisfortune","RedMagic+1"],"picked":"Singing Bowl","floor":40},{"not_picked":["RedRainbow","ScarletDevil+1"],"picked":"ForecastOfChange","floor":42},{"not_picked":["BlasphemousPunishment","DiffusionOfMisfortune","TwelveNightmare"],"picked":"Singing Bowl","floor":44},{"not_picked":["VampireKiss","MillenniumVampire"],"picked":"LeisurelyOfLord+1","floor":45},{"not_picked":["FitfulNightmare","UltimateOffering"],"picked":"ScarletNetherworld","floor":45},{"not_picked":["EndlessAdversity","CharismaGuard","MillenniumVampire"],"picked":"Singing Bowl","floor":47},{"not_picked":["UnstableMagic+1","BloodyTrap+1","ScarletDevil+1"],"picked":"Singing Bowl","floor":47},{"not_picked":["MastersStateliness+1","ScarletDevil"],"picked":"EternalNight+1","floor":48},{"not_picked":["HunterOfTheNight","CharismaGuard","UnstableMagic+1"],"picked":"Singing Bowl","floor":54}],"player_experience":259696,"relics_obtained":[{"floor":6.0,"key":"Replay:Wax Seal"},{"floor":9.0,"key":"Replay:Baseball"},{"floor":11.0,"key":"MealTicket"},{"floor":13.0,"key":"AT_DeathDance"},{"floor":23.0,"key":"AT_EbonyIvory"},{"floor":25.0,"key":"Replay:Ringing Soul"},{"floor":26.0,"key":"Mummified Hand"},{"floor":29.0,"key":"Replay:Towering Pillar of Hats"},{"floor":29.0,"key":"Pantograph"},{"floor":40,"key":"Singing Bowl"},{"floor":42,"key":"Mango"},{"floor":44,"key":"Shuriken"},{"floor":45,"key":"ReplayTheSpireMod:Ninjato"},{"floor":54,"key":"Strawberry"}],"event_choices":[],"is_beta":false,"boss_relics":[{"not_picked":["Fusion Hammer","Snecko Eye"],"picked":"Coffee Dripper"},{"not_picked":["Calling Bell","SacredBark"],"picked":"Sozu"}],"items_purged_floors":[],"is_endless":false,"potions_floor_spawned":[2,4,7,16,23,29,30,40,42,44,47,48],"ascension_level":10}}