{"host":"fworv1gvvajf3x0f","time":1610848112,"event":{"mods":["AchievementEnabler","Aspiration","BaseMod","Better Match","Better Note","Better Sensory Stone","Better Vampires","Colored Map","Colored Powertips","Displayed Cursed Tome","Good Game Mod","Highlight Path","Infinite Spire","Minty Spire (QoL Compilation)","Poor People Problems","Relic Stats","Replay The Spire","StSLib"],"gold_per_floor":[110,155,100,175,175,175,175,175,175,216,265,314,8,19,19,119,119,159,200,200,200,200,200],"floor_reached":22,"language":"ZHS","playtime":2272,"items_purged":["Defend_G"],"score":202,"play_id":"1a6eb733-d492-4d5f-9974-4aa2c2d828e3","local_time":"20210117094832","is_ascension_mode":true,"campfire_choices":[{"floor":6.0,"key":"REST"},{"data":"Wish","floor":8.0,"key":"SMITH"},{"data":"Doppelganger","floor":15.0,"key":"SMITH"}],"circlet_count":0,"master_deck":["Strike_G","Strike_G+1","Strike_G+1","Defend_G","Defend_G","Survivor","Neutralize","Wish+1","Sucker Punch","Outmaneuver","Acrobatics","Concentrate+1","Noxious Fumes","Acrobatics","ReplayTheSpireMod:Brewmster","Finisher","Purity","Doppelganger+1","Adrenaline","Flechettes","Accuracy","Sucker Punch"],"relics":["Ring of the Snake","REME:ComplimentaryCards","Tiny Chest","aspiration:RunicSpoon","Calipers"],"acts_visited":["Exordium","TheCity"],"potions_floor_usage":[],"damage_taken":[{"damage":9.0,"enemies":"Small Slimes","floor":1.0,"turns":3.0},{"damage":4.0,"enemies":"Cultist","floor":2.0,"turns":5.0},{"damage":4.0,"enemies":"Jaw Worm","floor":10.0,"turns":5.0},{"damage":16.0,"enemies":"Looter","floor":11.0,"turns":3.0},{"damage":11.0,"enemies":"Exordium Wildlife","floor":12.0,"turns":4.0},{"damage":9.0,"enemies":"Large Slime","floor":14.0,"turns":5.0},{"damage":12.0,"enemies":"Fading Forest","floor":16.0,"turns":11.0},{"damage":6.0,"enemies":"3 Byrds","floor":18.0,"turns":3.0},{"damage":45.0,"enemies":"Shell Parasite","floor":19.0,"turns":10.0},{"damage":0,"enemies":"Snecko","floor":22,"turns":1}],"seed_played":"6622294862837679410","potions_obtained":[{"floor":1.0,"key":"Strength Potion"},{"floor":11.0,"key":"SmokeBomb"},{"floor":12.0,"key":"SneckoOil"}],"is_trial":false,"path_per_floor":["M","M","$","?","?","R","?","R","T","M","M","M","$","M","R_BF","B",null,"M","M","AVR","?","M"],"character_chosen":"THE_SILENT","items_purchased":["Concentrate+1","ReplayTheSpireMod:Brewmster","Finisher","Purity"],"campfire_rested":1,"item_purchase_floors":[3,13,13,13],"current_hp_per_floor":[61,57,57,46,32,53,53,53,53,49,33,22,22,13,13,1,70,64,19,19,19,19,19],"gold":200,"neow_bonus":"TRANSFORM_CARD","is_daily":false,"chose_seed":false,"campfire_upgraded":2,"win_rate":0.0,"timestamp":1610848112,"path_taken":["M","M","$","?","?","R","?","R","T","M","M","M","$","M","R_BF","BOSS","M","M","AVR","?","M"],"items_purchased_type":["Card","Card","Card","Card"],"build_version":"2020-12-22","purchased_purges":1,"victory":false,"max_hp_per_floor":[70,70,70,70,70,70,70,70,70,70,70,70,70,70,70,70,70,70,70,70,70,70,70],"relic_stats":{"counters":[10,50],"aspiration:RunicSpoon":[23],"Tiny Chest":0,"obtain_stats":[{"REME:ComplimentaryCards":0,"Calipers":20,"aspiration:RunicSpoon":17,"Tiny Chest":9,"Ring of the Snake":0},{"REME:ComplimentaryCards":0,"Calipers":9,"aspiration:RunicSpoon":7,"Tiny Chest":2,"Ring of the Snake":0},{"REME:ComplimentaryCards":0,"Calipers":49,"aspiration:RunicSpoon":36,"Tiny Chest":8,"Ring of the Snake":0}],"Ring of the Snake":[20]},"card_choices":[{"not_picked":["Eviscerate","Blur"],"picked":"Outmaneuver","floor":1.0},{"not_picked":["Toxin Wave","Dagger Spray"],"picked":"Acrobatics","floor":2.0},{"not_picked":["Slice","Dagger Spray","Poisoned Stab"],"picked":"SKIP","floor":10.0},{"not_picked":["Deflect","Riddle With Holes"],"picked":"Noxious Fumes","floor":11.0},{"not_picked":["Deflect","Accuracy"],"picked":"Acrobatics","floor":12.0},{"not_picked":["Slice","Masterful Stab"],"picked":"Doppelganger","floor":14.0},{"not_picked":["Doppelganger","Envenom"],"picked":"Adrenaline","floor":16.0},{"not_picked":["Quick Slash","Flying Knee+1","Dagger Spray+1"],"picked":"SKIP","floor":18.0},{"not_picked":["Dagger Spray","Poisoned Stab"],"picked":"Flechettes","floor":19.0}],"player_experience":226527,"relics_obtained":[{"floor":9.0,"key":"Tiny Chest"}],"event_choices":[{"damage_healed":0.0,"max_hp_gain":0.0,"max_hp_loss":0.0,"gold_gain":75.0,"event_name":"World of Goop","player_choice":"Gather Gold","floor":4.0,"gold_loss":0.0,"damage_taken":11.0},{"damage_healed":0.0,"max_hp_gain":0.0,"max_hp_loss":0.0,"gold_gain":0.0,"event_name":"Shining Light","player_choice":"Entered Light","floor":5.0,"gold_loss":0.0,"damage_taken":14.0,"cards_upgraded":["Strike_G","Strike_G"]},{"cards_removed":["Defend_G"],"damage_healed":0.0,"max_hp_gain":0.0,"max_hp_loss":0.0,"gold_gain":0.0,"event_name":"Purifier","player_choice":"Purged","floor":7.0,"gold_loss":0.0,"damage_taken":0.0},{"damage_healed":0.0,"max_hp_gain":0.0,"max_hp_loss":0.0,"gold_gain":0.0,"cards_transformed":["Strike_G","Defend_G"],"event_name":"Drug Dealer","player_choice":"Became Test Subject","floor":21.0,"gold_loss":0.0,"damage_taken":0.0,"cards_obtained":["Accuracy","Sucker Punch"]}],"is_beta":false,"boss_relics":[{"not_picked":["ChewingGum","HoveringKite"],"picked":"aspiration:RunicSpoon"}],"items_purged_floors":[20],"is_endless":false,"potions_floor_spawned":[1,11,12,16],"killed_by":"Snecko","ascension_level":3}}