{"host":"ovxa65d68iy9l57e","time":1610900637,"event":{"mods":["AchievementEnabler","BaseMod","Better Altar","Better Skull","Better Vampires","Colored Map","Curses Come First","Minty Spire (QoL Compilation)","Relic Stats","StSLib"],"gold_per_floor":[112,125,125,140,140,140,174,174,197,209,209,134,134,152,152,250,250,268,288,37,37,37,37,64,64,134,161,174,174,184,184,184,282,332,344,171,181,196,212,241,241,260,260,310,310,339,339,339,339,339,339],"floor_reached":50,"language":"SPA","playtime":3715,"items_purged":["Strike_P","Defend_P","Strike_P"],"score":672,"play_id":"66740310-9d9f-4aac-82de-563fbc113d8b","local_time":"20210117172357","is_ascension_mode":true,"campfire_choices":[{"data":"Crescendo","floor":6.0,"key":"SMITH"},{"data":"Eruption","floor":8.0,"key":"SMITH"},{"data":"EmptyFist","floor":13.0,"key":"SMITH"},{"data":"WheelKick","floor":15.0,"key":"SMITH"},{"data":"Vault","floor":23,"key":"SMITH"},{"data":"MentalFortress","floor":25,"key":"SMITH"},{"data":"LessonLearned","floor":29,"key":"SMITH"},{"data":"Judgement","floor":32,"key":"SMITH"},{"data":"Scrawl","floor":41,"key":"SMITH"},{"floor":45,"key":"REST"},{"floor":49,"key":"REST"}],"circlet_count":0,"master_deck":["Strike_P+1","Defend_P+1","Eruption+1","Vigilance+1","Crescendo+1","WheelKick+1","Judgement+1","EmptyFist+1","Vengeance+1","Vault+1","MentalFortress+1","LessonLearned+1","FlurryOfBlows+1","ThirdEye+1","SpiritShield+1","Scrawl+1","Study+1","FollowUp+1","Protect+1","FearNoEvil+1","WindmillStrike+1","Secret Technique","Forethought"],"relics":["PureWater","Damaru","Toy Ornithopter","Philosopher\u0027s Stone","HandDrill","Kunai","Potion Belt","TeardropLocket","Frozen Egg 2","Tiny House","Blue Candle","Molten Egg 2","Turnip","Nunchaku"],"acts_visited":["Exordium","TheCity","TheBeyond"],"potions_floor_usage":[27,27,39,40,50,50],"damage_taken":[{"damage":15.0,"enemies":"Small Slimes","floor":1.0,"turns":2.0},{"damage":0.0,"enemies":"Jaw Worm","floor":2.0,"turns":4.0},{"damage":0.0,"enemies":"Cultist","floor":4.0,"turns":3.0},{"damage":7.0,"enemies":"Lagavulin","floor":7.0,"turns":4.0},{"damage":0.0,"enemies":"Blue Slaver","floor":10.0,"turns":1.0},{"damage":0.0,"enemies":"2 Fungi Beasts","floor":14.0,"turns":1.0},{"damage":23.0,"enemies":"The Guardian","floor":16.0,"turns":7.0},{"damage":22,"enemies":"2 Thieves","floor":18,"turns":4},{"damage":3,"enemies":"Shell Parasite","floor":19,"turns":3},{"damage":0,"enemies":"Slavers","floor":24,"turns":3},{"damage":5,"enemies":"Gremlin Leader","floor":27,"turns":5},{"damage":11,"enemies":"Snecko","floor":28,"turns":5},{"damage":14,"enemies":"Chosen and Byrds","floor":30,"turns":4},{"damage":6,"enemies":"Collector","floor":33,"turns":10},{"damage":0,"enemies":"Orb Walker","floor":35,"turns":3},{"damage":0,"enemies":"3 Darklings","floor":37,"turns":2},{"damage":0,"enemies":"Jaw Worm Horde","floor":38,"turns":3},{"damage":0,"enemies":"Spire Growth","floor":39,"turns":4},{"damage":10,"enemies":"Reptomancer","floor":40,"turns":6},{"damage":0,"enemies":"Sphere and 2 Shapes","floor":42,"turns":3},{"damage":0,"enemies":"Mind Bloom Boss Battle","floor":44,"turns":3},{"damage":21,"enemies":"Giant Head","floor":46,"turns":7},{"damage":112,"enemies":"Donu and Deca","floor":50,"turns":5}],"seed_played":"7250059658850559125","potions_obtained":[{"floor":1.0,"key":"DistilledChaos"},{"floor":4.0,"key":"ColorlessPotion"},{"floor":10.0,"key":"Weak Potion"},{"floor":16.0,"key":"BottledMiracle"},{"floor":18,"key":"Weak Potion"},{"floor":24,"key":"Strength Potion"},{"floor":34,"key":"AttackPotion"},{"floor":35,"key":"AttackPotion"},{"floor":40,"key":"Weak Potion"},{"floor":46,"key":"DuplicationPotion"}],"is_trial":false,"path_per_floor":["M","M","$","M","?","R","E","R","T","M","?","$","R","M","R","B",null,"M","M","$","?","?","R","E","R","T","E","M","R","M","?","R","B",null,"M","$","M","M","M","E","R","M","T","?","R","E","?","?","R","B"],"character_chosen":"WATCHER","items_purchased":["HandDrill","FollowUp"],"campfire_rested":2,"item_purchase_floors":[20,36],"current_hp_per_floor":[50,50,50,50,43,43,36,36,36,36,36,36,36,36,36,18,86,64,61,61,61,61,61,61,61,61,66,55,55,41,41,41,35,91,91,91,91,91,91,81,81,81,81,81,91,70,65,65,91,0,0],"gold":339,"neow_bonus":"TWENTY_PERCENT_HP_BONUS","is_daily":false,"chose_seed":false,"campfire_upgraded":9,"win_rate":0.0,"timestamp":1610900637,"path_taken":["M","M","$","M","?","R","E","R","T","M","?","$","R","?","R","BOSS","M","M","$","?","?","R","E","R","T","E","M","R","M","?","R","BOSS","M","$","M","M","M","E","R","M","T","?","R","E","?","?","R","BOSS"],"items_purchased_type":["Relic","Card"],"build_version":"2020-12-22","purchased_purges":3,"victory":false,"max_hp_per_floor":[86,86,86,86,86,86,86,86,86,86,86,86,86,86,86,86,86,86,86,86,86,86,86,86,86,86,86,86,86,86,86,86,86,91,91,91,91,91,91,91,91,91,91,91,91,91,91,91,91,91,91],"relic_stats":{"Nunchaku":[0],"counters":[23,92],"Blue Candle":[0],"Turnip":[0],"HandDrill":[12],"Kunai":[29],"obtain_stats":[{"Potion Belt":24,"Tiny House":34,"Blue Candle":40,"Damaru":7,"TeardropLocket":26,"Frozen Egg 2":27,"Nunchaku":46,"Philosopher\u0027s Stone":17,"Molten Egg 2":43,"Turnip":44,"HandDrill":20,"Kunai":21,"PureWater":0,"Toy Ornithopter":9},{"Potion Belt":10,"Tiny House":14,"Blue Candle":19,"Damaru":4,"TeardropLocket":10,"Frozen Egg 2":11,"Nunchaku":22,"Philosopher\u0027s Stone":7,"Molten Egg 2":20,"Turnip":21,"HandDrill":9,"Kunai":9,"PureWater":0,"Toy Ornithopter":4},{"Potion Belt":32,"Tiny House":56,"Blue Candle":74,"Damaru":13,"TeardropLocket":32,"Frozen Egg 2":37,"Nunchaku":87,"Philosopher\u0027s Stone":22,"Molten Egg 2":77,"Turnip":80,"HandDrill":29,"Kunai":29,"PureWater":0,"Toy Ornithopter":13}],"Toy Ornithopter":21},"card_choices":[{"not_picked":["PathToVictory","Protect"],"picked":"Crescendo","floor":1.0},{"not_picked":["EmptyBody","BowlingBash"],"picked":"WheelKick","floor":2.0},{"not_picked":["PathToVictory","CarveReality"],"picked":"Judgement","floor":4.0},{"not_picked":["CrushJoints","Evaluate","Crescendo"],"picked":"SKIP","floor":7.0},{"not_picked":["CrushJoints","Evaluate","Crescendo"],"picked":"SKIP","floor":7.0},{"not_picked":["Halt","PathToVictory"],"picked":"EmptyFist","floor":10.0},{"not_picked":["Crescendo","CutThroughFate"],"picked":"Vengeance","floor":14.0},{"not_picked":["Blasphemy","ConjureBlade"],"picked":"Vault","floor":16.0},{"not_picked":["EmptyFist","Conclude+1","WheelKick"],"picked":"SKIP","floor":18},{"not_picked":["Consecrate","SandsOfTime","CutThroughFate+1"],"picked":"SKIP","floor":19},{"not_picked":["CutThroughFate+1","Evaluate"],"picked":"MentalFortress","floor":24},{"not_picked":["SashWhip","Prostrate"],"picked":"LessonLearned","floor":27},{"not_picked":["ReachHeaven","CarveReality+1"],"picked":"FlurryOfBlows+1","floor":28},{"not_picked":["Prostrate","Crescendo"],"picked":"ThirdEye+1","floor":30},{"not_picked":["DeusExMachina","Omniscience"],"picked":"Scrawl","floor":33},{"not_picked":["Halt+1","BowlingBash"],"picked":"Study+1","floor":34},{"not_picked":["ReachHeaven","Evaluate+1","Prostrate"],"picked":"SKIP","floor":35},{"not_picked":["Study+1","EmptyBody"],"picked":"Protect+1","floor":37},{"not_picked":["CutThroughFate","EmptyFist+1","Wireheading+1"],"picked":"SKIP","floor":38},{"not_picked":["CutThroughFate","EmptyFist+1","Wireheading+1"],"picked":"SKIP","floor":38},{"not_picked":["CutThroughFate","EmptyFist+1","Wireheading+1"],"picked":"SKIP","floor":38},{"not_picked":["EmptyFist+1","DeceiveReality+1"],"picked":"FearNoEvil","floor":39},{"not_picked":["WreathOfFlame","FollowUp","CrushJoints+1"],"picked":"SKIP","floor":40},{"not_picked":["Prostrate+1","Vengeance+1"],"picked":"WindmillStrike+1","floor":44},{"not_picked":["ReachHeaven+1","Study+1","Pray"],"picked":"SKIP","floor":46},{"not_picked":["Finesse","The Bomb"],"picked":"Secret Technique","floor":47},{"not_picked":["Dramatic Entrance+1","Master of Strategy"],"picked":"Forethought","floor":47}],"player_experience":286121,"relics_obtained":[{"floor":7.0,"key":"Damaru"},{"floor":9.0,"key":"Toy Ornithopter"},{"floor":24,"key":"Potion Belt"},{"floor":26,"key":"TeardropLocket"},{"floor":27,"key":"Frozen Egg 2"},{"floor":40,"key":"Blue Candle"},{"floor":43,"key":"Molten Egg 2"},{"floor":44,"key":"Turnip"},{"floor":46,"key":"Nunchaku"}],"event_choices":[{"cards_removed":["Strike_P"],"damage_healed":0.0,"max_hp_gain":0.0,"max_hp_loss":0.0,"gold_gain":0.0,"event_name":"Golden Wing","player_choice":"Card Removal","floor":5.0,"gold_loss":0.0,"damage_taken":7.0},{"cards_removed":["Defend_P"],"damage_healed":0.0,"max_hp_gain":0.0,"max_hp_loss":0.0,"gold_gain":0.0,"event_name":"Bonfire Elementals","player_choice":"Offered Basic","floor":11.0,"gold_loss":0.0,"damage_taken":0.0},{"damage_healed":0,"gold_gain":0,"player_choice":"Opened","damage_taken":0,"relics_obtained":["Kunai"],"max_hp_gain":0,"max_hp_loss":0,"event_name":"The Mausoleum","floor":21,"gold_loss":0},{"damage_healed":0,"gold_gain":0,"player_choice":"Ignored","damage_taken":0,"max_hp_gain":0,"max_hp_loss":0,"event_name":"Ghosts","floor":22,"gold_loss":0},{"damage_healed":0,"gold_gain":0,"player_choice":"1 cards matched","damage_taken":0,"max_hp_gain":0,"max_hp_loss":0,"event_name":"Match and Keep!","floor":31,"gold_loss":0,"cards_obtained":["SpiritShield"]},{"damage_healed":0,"gold_gain":0,"player_choice":"Fight","damage_taken":0,"max_hp_gain":0,"max_hp_loss":0,"event_name":"MindBloom","floor":44,"gold_loss":0},{"damage_healed":0,"gold_gain":0,"player_choice":"Memory 2","damage_taken":5,"max_hp_gain":0,"max_hp_loss":0,"event_name":"SensoryStone","floor":47,"gold_loss":0},{"cards_removed":["Defend_P"],"damage_healed":0,"gold_gain":0,"player_choice":"Removed Skill","damage_taken":0,"max_hp_gain":0,"max_hp_loss":0,"event_name":"Falling","floor":48,"gold_loss":0}],"is_beta":false,"boss_relics":[{"not_picked":["Fusion Hammer","Velvet Choker"],"picked":"Philosopher\u0027s Stone"},{"not_picked":["SacredBark","Empty Cage"],"picked":"Tiny House"}],"items_purged_floors":[12,20,36],"is_endless":false,"potions_floor_spawned":[1,4,10,16,18,24,35,40,46],"killed_by":"Donu and Deca","ascension_level":3}}