{"host":"w3q5ijqu8eoknil3","time":1610873322,"event":{"mods":["AchievementEnabler","BaseMod","Block Reminder","Colored Map","Colored Powertips","Curses Come First","Dark Map","Minty Spire (QoL Compilation)","Quick Restart","Relic Stats","StSLib","ojb\u0027s Better Paths Mod","ojb\u0027s Info Mod","slay the spire mod where everything is the same but ironclad has a cowboy hat"],"gold_per_floor":[119,131,131,149,160,172,172,198,198,218,218,218,218],"floor_reached":12,"language":"ENG","playtime":447,"items_purged":[],"score":156,"play_id":"a4606c5d-fd2f-4912-b6a6-40277fa5bfa4","local_time":"20210117084842","is_ascension_mode":true,"campfire_choices":[{"data":"Die Die Die","floor":7,"key":"SMITH"},{"floor":11,"key":"REST"}],"circlet_count":0,"master_deck":["AscendersBane","Strike_G","Strike_G","Strike_G","Strike_G","Defend_G","Defend_G","Defend_G","Defend_G","Defend_G","Survivor","Neutralize","Blade Dance","Sucker Punch","Predator","Acrobatics","Die Die Die+1","Backflip"],"relics":["Runic Dome","WingedGreaves","Potion Belt"],"acts_visited":["Exordium"],"potions_floor_usage":[8,8],"damage_taken":[{"damage":2,"enemies":"Jaw Worm","floor":1,"turns":4},{"damage":0,"enemies":"Cultist","floor":2,"turns":4},{"damage":0,"enemies":"2 Louse","floor":4,"turns":3},{"damage":27,"enemies":"Large Slime","floor":5,"turns":8},{"damage":0,"enemies":"2 Fungi Beasts","floor":6,"turns":3},{"damage":29,"enemies":"Gremlin Nob","floor":8,"turns":4},{"damage":0,"enemies":"Exordium Wildlife","floor":10,"turns":3},{"damage":30,"enemies":"Lagavulin","floor":12,"turns":6}],"seed_played":"-1175419625511378884","potions_obtained":[{"floor":2,"key":"SkillPotion"},{"floor":6,"key":"Strength Potion"}],"is_trial":false,"path_per_floor":["M","M","?","M","M","M","R","E","T","M","R","E"],"character_chosen":"THE_SILENT","items_purchased":[],"campfire_rested":1,"item_purchase_floors":[],"current_hp_per_floor":[57,57,57,57,30,30,30,1,1,1,20,0,0],"gold":218,"neow_bonus":"BOSS_RELIC","is_daily":false,"chose_seed":false,"campfire_upgraded":1,"win_rate":0.0,"timestamp":1610873322,"path_taken":["M","M","?","M","M","M","R","E","T","M","R","E"],"items_purchased_type":[],"build_version":"2020-12-22","purchased_purges":0,"victory":false,"max_hp_per_floor":[66,66,66,66,66,66,66,66,66,66,66,66,66],"relic_stats":{"counters":[8,35],"obtain_stats":[{"Potion Belt":9,"Runic Dome":0,"WingedGreaves":8,"Ring of the Snake":0},{"Potion Belt":6,"Runic Dome":0,"WingedGreaves":6,"Ring of the Snake":0},{"Potion Belt":26,"Runic Dome":0,"WingedGreaves":26,"Ring of the Snake":0}]},"card_choices":[{"not_picked":["Dagger Throw","Dodge and Roll"],"picked":"Blade Dance","floor":1},{"not_picked":["Dagger Throw","Blade Dance"],"picked":"Sucker Punch","floor":2},{"not_picked":["Prepared","Tactician"],"picked":"Predator","floor":4},{"not_picked":["Heel Hook","Dodge and Roll"],"picked":"Acrobatics","floor":5},{"not_picked":["Dodge and Roll","Outmaneuver"],"picked":"Die Die Die","floor":6},{"not_picked":["Underhanded Strike","Setup"],"picked":"Backflip","floor":8},{"not_picked":["Blade Dance","Flechettes","Reflex"],"picked":"SKIP","floor":10}],"player_experience":983962,"relics_obtained":[{"floor":8,"key":"WingedGreaves"},{"floor":9,"key":"Potion Belt"}],"event_choices":[{"cards_removed":["Strike_G"],"damage_healed":0,"gold_gain":0,"player_choice":"Offered Basic","damage_taken":0,"max_hp_gain":0,"max_hp_loss":0,"event_name":"Bonfire Elementals","floor":3,"gold_loss":0}],"is_beta":false,"boss_relics":[],"items_purged_floors":[],"is_endless":false,"potions_floor_spawned":[2,6],"killed_by":"Lagavulin","ascension_level":18}}