{"host":"y1oqg7uy0jc6f5mb","time":1610900974,"event":{"mods":["BaseMod","Better Altar","Better Match","Better Note","Better Sensory Stone","Better Skull","Better Third Choice","BetterRewards","Block Reminder","Colored Map","Colored Powertips","Custom Start","DeckTracker","Highlight Path","Minty Spire (QoL Compilation)","Permanent Neow","Quick Restart","Relic Sorter","Relic Stats","Shop Mod","StSLib"],"gold_per_floor":[367,383,11,11,23,48,48,78,78,88,120,120,120,130,130,233,283,295,295,311,311,311],"floor_reached":21,"language":"ENG","playtime":1602,"items_purged":["Pain"],"score":269,"play_id":"19fb71ea-8e96-4aa5-9065-b8ddeffd9b06","local_time":"20210118002934","is_ascension_mode":true,"campfire_choices":[{"data":"Shockwave","floor":7.0,"key":"SMITH"},{"floor":12.0,"key":"REST"},{"data":"Demon Form","floor":15.0,"key":"SMITH"}],"circlet_count":0,"master_deck":["Strike_R","Strike_R","Strike_R","Strike_R","Defend_R","Defend_R","Defend_R+1","Defend_R","Bash","Rampage","Shockwave+1","Cleave","Cleave","Spot Weakness","Demon Form+1","Shrug It Off","Fire Breathing+1","Limit Break","Thunderclap","Metallicize+1","True Grit","Inflame+1"],"relics":["Burning Blood","Pantograph","Darkstone Periapt","Paper Frog","Frozen Egg 2","Prayer Wheel","Tiny House"],"acts_visited":["Exordium","TheCity"],"potions_floor_usage":[21],"damage_taken":[{"damage":17.0,"enemies":"Jaw Worm","floor":1.0,"turns":6.0},{"damage":9.0,"enemies":"Small Slimes","floor":2.0,"turns":4.0},{"damage":6.0,"enemies":"Cultist","floor":5.0,"turns":3.0},{"damage":28.0,"enemies":"Gremlin Nob","floor":6.0,"turns":4.0},{"damage":36.0,"enemies":"Lagavulin","floor":8.0,"turns":7.0},{"damage":18.0,"enemies":"Exordium Thugs","floor":10.0,"turns":4.0},{"damage":34.0,"enemies":"Gremlin Nob","floor":11.0,"turns":4.0},{"damage":6.0,"enemies":"Blue Slaver","floor":14.0,"turns":3.0},{"damage":32.0,"enemies":"The Guardian","floor":16.0,"turns":10.0},{"damage":22.0,"enemies":"3 Byrds","floor":18.0,"turns":4.0},{"damage":41.0,"enemies":"2 Thieves","floor":20.0,"turns":5.0},{"damage":32,"enemies":"Shelled Parasite and Fungi","floor":21,"turns":2}],"seed_played":"7553456742282118427","potions_obtained":[{"floor":2.0,"key":"SpeedPotion"},{"floor":8.0,"key":"Dexterity Potion"},{"floor":10.0,"key":"BloodPotion"},{"floor":14.0,"key":"Dexterity Potion"},{"floor":16.0,"key":"AttackPotion"},{"floor":17.0,"key":"SmokeBomb"},{"floor":20.0,"key":"AttackPotion"}],"is_trial":false,"path_per_floor":["M","M","$","?","M","E","R","E","T","M","E","R","?","M","R","B",null,"M","?","M","M"],"character_chosen":"IRONCLAD","items_purchased":["Shockwave","Pantograph"],"campfire_rested":1,"item_purchase_floors":[3,3],"current_hp_per_floor":[61,58,58,58,58,36,36,31,31,19,7,31,57,57,57,54,79,63,63,28,0,0],"gold":311,"neow_bonus":"TWO_FIFTY_GOLD","is_daily":false,"chose_seed":false,"campfire_upgraded":2,"win_rate":0.0,"timestamp":1610900974,"path_taken":["M","M","$","?","M","E","R","E","T","M","E","R","?","M","R","BOSS","M","?","M","M"],"items_purchased_type":["Card","Relic"],"build_version":"2020-12-22","purchased_purges":1,"victory":false,"max_hp_per_floor":[80,80,80,80,80,80,80,80,80,80,80,80,80,80,80,80,85,85,85,85,85,85],"relic_stats":{"Darkstone Periapt":0,"counters":[12,56],"Pantograph":23,"Prayer Wheel":3,"obtain_stats":[{"Darkstone Periapt":6,"Tiny House":17,"Pantograph":3,"Prayer Wheel":11,"Frozen Egg 2":9,"Burning Blood":0,"Paper Frog":8},{"Darkstone Periapt":4,"Tiny House":9,"Pantograph":2,"Prayer Wheel":7,"Frozen Egg 2":5,"Burning Blood":0,"Paper Frog":5},{"Darkstone Periapt":17,"Tiny House":45,"Pantograph":10,"Prayer Wheel":32,"Frozen Egg 2":24,"Burning Blood":0,"Paper Frog":24}],"Burning Blood":66},"card_choices":[{"not_picked":["Havoc","Clash"],"picked":"Rampage","floor":1.0},{"not_picked":["Fire Breathing","Warcry"],"picked":"Spot Weakness","floor":2.0},{"not_picked":["Iron Wave","Wild Strike"],"picked":"Cleave","floor":5.0},{"not_picked":["Shockwave","Spot Weakness"],"picked":"Cleave","floor":6.0},{"not_picked":["Power Through","Sword Boomerang"],"picked":"Demon Form","floor":8.0},{"not_picked":["Warcry","Armaments"],"picked":"Shrug It Off","floor":10.0},{"not_picked":["Iron Wave","Whirlwind"],"picked":"Fire Breathing+1","floor":11.0},{"not_picked":["Wild Strike","Anger","Spot Weakness"],"picked":"SKIP","floor":14.0},{"not_picked":["Clash","Sword Boomerang","Warcry"],"picked":"SKIP","floor":14.0},{"not_picked":["Barricade+1","Feed"],"picked":"Limit Break","floor":16.0},{"not_picked":["Anger","Shockwave"],"picked":"Thunderclap","floor":17.0},{"not_picked":["Rampage","Flex"],"picked":"Metallicize+1","floor":18.0},{"not_picked":["Searing Blow","Wild Strike","True Grit"],"picked":"SKIP","floor":18.0},{"not_picked":["Searing Blow","Wild Strike"],"picked":"True Grit","floor":18.0},{"not_picked":["Thunderclap","Sever Soul"],"picked":"Inflame+1","floor":20.0},{"not_picked":["Thunderclap","Bloodletting+1","Burning Pact"],"picked":"SKIP","floor":20.0}],"player_experience":48238,"relics_obtained":[{"floor":6.0,"key":"Darkstone Periapt"},{"floor":8.0,"key":"Paper Frog"},{"floor":9.0,"key":"Frozen Egg 2"},{"floor":11.0,"key":"Prayer Wheel"}],"event_choices":[{"damage_healed":0.0,"max_hp_gain":0.0,"max_hp_loss":0.0,"gold_gain":0.0,"event_name":"Living Wall","player_choice":"Grow","floor":4.0,"gold_loss":0.0,"damage_taken":0.0,"cards_upgraded":["Spot Weakness"]},{"damage_healed":26.0,"max_hp_gain":0.0,"max_hp_loss":0.0,"gold_gain":0.0,"event_name":"Big Fish","player_choice":"Banana","floor":13.0,"gold_loss":0.0,"damage_taken":0.0},{"cards_removed":["Strike_R"],"damage_healed":0.0,"max_hp_gain":0.0,"max_hp_loss":0.0,"gold_gain":0.0,"event_name":"Bonfire Elementals","player_choice":"Offered Basic","floor":19.0,"gold_loss":0.0,"damage_taken":0.0}],"is_beta":false,"boss_relics":[{"not_picked":["Fusion Hammer","Astrolabe"],"picked":"Tiny House"}],"items_purged_floors":[3],"is_endless":false,"potions_floor_spawned":[2,8,10,14,16,20],"killed_by":"Shelled Parasite and Fungi","ascension_level":7}}