{"host":"1a3cjta80tad0aqj","time":1610903241,"event":{"mods":["2.2 Compatiblity","AchievementEnabler","BaseMod","Colored Map","DeckTracker","KOR Keyword Fix","Keyboard Shortcuts","Minty Spire (QoL Compilation)","Permanent Neow","Quick Restart","Random Character Button","StSLib","SuperFastMode","everything is the same but u backflip on backflip"],"gold_per_floor":[114,131,131,148,163,163,163,204,204,217,217,217],"floor_reached":11,"language":"KOR","playtime":339,"items_purged":[],"score":170,"play_id":"b737f8ad-c411-4eb6-8317-1ccfa31dc9d0","local_time":"20210118020721","is_ascension_mode":true,"campfire_choices":[{"data":"Eruption","floor":6.0,"key":"SMITH"}],"circlet_count":0,"master_deck":["AscendersBane","Strike_P","Strike_P","Strike_P+1","Defend_P","Defend_P","Defend_P","Eruption+1","Vigilance","BattleHymn","CutThroughFate","Halt","BowlingBash+1","FollowUp","Injury"],"relics":["PureWater","Golden Idol","Whetstone","Omamori"],"acts_visited":["Exordium"],"potions_floor_usage":[],"damage_taken":[{"damage":2.0,"enemies":"Jaw Worm","floor":1.0,"turns":3.0},{"damage":0.0,"enemies":"2 Louse","floor":2.0,"turns":2.0},{"damage":5.0,"enemies":"Small Slimes","floor":4.0,"turns":3.0},{"damage":6.0,"enemies":"Exordium Wildlife","floor":5.0,"turns":4.0},{"damage":0.0,"enemies":"Lagavulin","floor":8.0,"turns":4.0},{"damage":8,"enemies":"Large Slime","floor":10,"turns":3},{"damage":39,"enemies":"Gremlin Nob","floor":11,"turns":3}],"seed_played":"-1641483384480352293","potions_obtained":[{"floor":1.0,"key":"Regen Potion"}],"is_trial":false,"path_per_floor":["M","M","?","M","M","R","?","E","T","M","E"],"character_chosen":"WATCHER","items_purchased":[],"campfire_rested":0,"item_purchase_floors":[],"current_hp_per_floor":[59,59,52,47,41,41,41,41,41,33,0,0],"gold":217,"neow_bonus":"TRANSFORM_CARD","is_daily":false,"chose_seed":false,"campfire_upgraded":1,"win_rate":0.0,"timestamp":1610903241,"path_taken":["M","M","?","M","M","R","?","E","T","M","E"],"items_purchased_type":[],"build_version":"2020-12-22","purchased_purges":0,"victory":false,"max_hp_per_floor":[68,68,68,68,68,68,68,68,68,68,68,68],"card_choices":[{"not_picked":["Perseverance","Study"],"picked":"CutThroughFate","floor":1.0},{"not_picked":["Consecrate","ReachHeaven"],"picked":"Halt","floor":2.0},{"not_picked":["Fasting2","FollowUp"],"picked":"BowlingBash","floor":4.0},{"not_picked":["CarveReality","Prostrate"],"picked":"FollowUp","floor":5.0},{"not_picked":["FollowUp","CutThroughFate","DevaForm"],"picked":"SKIP","floor":8.0},{"not_picked":["PathToVictory","Prostrate","CutThroughFate"],"picked":"SKIP","floor":10}],"player_experience":721369,"relics_obtained":[{"floor":8.0,"key":"Whetstone"},{"floor":9.0,"key":"Omamori"}],"event_choices":[{"cards_removed":["Strike_P"],"damage_healed":0.0,"max_hp_gain":0.0,"max_hp_loss":0.0,"gold_gain":0.0,"event_name":"Golden Wing","player_choice":"Card Removal","floor":3.0,"gold_loss":0.0,"damage_taken":7.0},{"damage_healed":0.0,"max_hp_gain":0.0,"max_hp_loss":0.0,"gold_gain":0.0,"event_name":"Golden Idol","player_choice":"Take Wound","floor":7.0,"gold_loss":0.0,"damage_taken":0.0,"relics_obtained":["Golden Idol"],"cards_obtained":["Injury"]}],"is_beta":false,"boss_relics":[],"items_purged_floors":[],"is_endless":false,"potions_floor_spawned":[1],"killed_by":"Gremlin Nob","ascension_level":14}}