{"host":"i7jfea87xc8lz16p","time":1610897723,"event":{"mods":["AchievementEnabler","BaseMod","Colored Powertips","Minty Spire (QoL Compilation)","Relic Stats"],"gold_per_floor":[113,213,230,280,291,316,316,342,342,353,364,382,382,55,55,55,55],"floor_reached":16,"language":"ENG","playtime":491,"items_purged":["Strike_G"],"score":224,"play_id":"175783ae-d6c3-451f-b587-7b76fc360158","local_time":"20210117163523","is_ascension_mode":true,"campfire_choices":[{"data":"Eviscerate","floor":7,"key":"SMITH"},{"floor":13,"key":"REST"},{"floor":15,"key":"REST"}],"circlet_count":0,"master_deck":["AscendersBane","Strike_G","Strike_G","Strike_G","Strike_G","Defend_G","Defend_G","Defend_G","Defend_G","Defend_G","Survivor","Neutralize","Dagger Throw","Eviscerate+1","Dagger Throw","Well Laid Plans","Leg Sweep","PiercingWail","Prepared","Tools of the Trade","Leg Sweep"],"relics":["Ring of the Snake","NeowsBlessing","Ninja Scroll","Gremlin Horn","StrikeDummy"],"acts_visited":["Exordium"],"potions_floor_usage":[6,6,6,10],"damage_taken":[{"damage":0,"enemies":"2 Louse","floor":1,"turns":1},{"damage":0,"enemies":"Cultist","floor":3,"turns":1},{"damage":0,"enemies":"Jaw Worm","floor":5,"turns":1},{"damage":27,"enemies":"Lagavulin","floor":6,"turns":5},{"damage":22,"enemies":"3 Sentries","floor":8,"turns":7},{"damage":0,"enemies":"Red Slaver","floor":10,"turns":2},{"damage":0,"enemies":"3 Louse","floor":11,"turns":2},{"damage":0,"enemies":"2 Fungi Beasts","floor":12,"turns":3},{"damage":55,"enemies":"Slime Boss","floor":16,"turns":7}],"seed_played":"5489738714711360732","potions_obtained":[{"floor":1,"key":"EntropicBrew"},{"floor":5,"key":"Swift Potion"},{"floor":8,"key":"SkillPotion"},{"floor":10,"key":"EssenceOfSteel"}],"is_trial":false,"path_per_floor":["M","?","M","?","M","E","R","E","T","M","M","M","R","$","R","B"],"character_chosen":"THE_SILENT","items_purchased":["Tools of the Trade","Leg Sweep"],"campfire_rested":2,"item_purchase_floors":[14,14],"current_hp_per_floor":[59,59,59,59,59,32,32,10,10,10,10,10,29,29,48,0,0],"gold":55,"neow_bonus":"THREE_ENEMY_KILL","is_daily":false,"chose_seed":false,"campfire_upgraded":1,"win_rate":0.0,"timestamp":1610897723,"path_taken":["M","?","?","?","?","E","R","E","T","M","M","M","R","$","R","BOSS"],"items_purchased_type":["Card","Card"],"build_version":"2020-12-22","purchased_purges":1,"victory":false,"max_hp_per_floor":[66,66,66,66,66,66,66,66,66,66,66,66,66,66,66,66,66],"relic_stats":{"Gremlin Horn":[3,3],"counters":[9,29],"obtain_stats":[{"NeowsBlessing":0,"Gremlin Horn":8,"Ninja Scroll":6,"StrikeDummy":9,"Ring of the Snake":0},{"NeowsBlessing":0,"Gremlin Horn":5,"Ninja Scroll":4,"StrikeDummy":5,"Ring of the Snake":0},{"NeowsBlessing":0,"Gremlin Horn":15,"Ninja Scroll":8,"StrikeDummy":15,"Ring of the Snake":0}],"Ring of the Snake":[18]},"card_choices":[{"not_picked":["Blur","Backflip"],"picked":"Dagger Throw","floor":1},{"not_picked":["Quick Slash","Deflect"],"picked":"Eviscerate","floor":3},{"not_picked":["Escape Plan","Quick Slash"],"picked":"Dagger Throw","floor":5},{"not_picked":["Dagger Throw","Riddle With Holes","Poisoned Stab"],"picked":"SKIP","floor":6},{"not_picked":["Tactician","Envenom"],"picked":"Well Laid Plans","floor":8},{"not_picked":["Sucker Punch","Blade Dance"],"picked":"Leg Sweep","floor":10},{"not_picked":["Accuracy","Blade Dance"],"picked":"PiercingWail","floor":11},{"not_picked":["Cloak And Dagger","Deflect"],"picked":"Prepared","floor":12}],"player_experience":1787683,"relics_obtained":[{"floor":6,"key":"Ninja Scroll"},{"floor":8,"key":"Gremlin Horn"},{"floor":9,"key":"StrikeDummy"}],"event_choices":[{"damage_healed":0,"gold_gain":100,"player_choice":"Gold","damage_taken":0,"max_hp_gain":0,"max_hp_loss":0,"event_name":"Wheel of Change","floor":2,"gold_loss":0},{"damage_healed":0,"gold_gain":50,"player_choice":"Pray","damage_taken":0,"max_hp_gain":0,"max_hp_loss":0,"event_name":"Golden Shrine","floor":4,"gold_loss":0}],"is_beta":false,"boss_relics":[],"items_purged_floors":[14],"is_endless":false,"potions_floor_spawned":[1,5,8,10,11],"killed_by":"Slime Boss","ascension_level":20}}