{"host":"gg","time":1610880436,"event":{"mods":["BaseMod","Colored Map","Googly Eyes","Minty Spire (QoL Compilation)","Permanent Neow","Relic Stats","The IronCluck"],"gold_per_floor":[99,99,99,99,99,99,99,99,99,99,99,99,99,99,99,99,99,79,79,79,79,79,79,79,79,79,79,79,79,79,79,79,79,79,79,79,79,0,0,0,0,0,0,0,0,0,0,0,0,0,0,0,0,0,0,0,0],"floor_reached":56,"language":"ENG","playtime":3544,"items_purged":[],"score":2628,"play_id":"a97924b2-650e-48e9-84ad-8267b3113821","local_time":"20210117024716","is_ascension_mode":true,"campfire_choices":[{"floor":7.0,"key":"REST"},{"data":"Eruption","floor":15.0,"key":"SMITH"},{"data":"Adaptation","floor":24.0,"key":"SMITH"},{"data":"Scrawl","floor":27.0,"key":"SMITH"},{"floor":32.0,"key":"REST"},{"data":"Vault","floor":40.0,"key":"SMITH"},{"data":"Meditate","floor":45.0,"key":"SMITH"},{"floor":49.0,"key":"RECALL"},{"data":"Vigilance","floor":53.0,"key":"SMITH"}],"circlet_count":0,"master_deck":["AscendersBane","Strike_P","Strike_P","Strike_P+1","Strike_P","Defend_P","Defend_P","Eruption+1","Vigilance+1","SashWhip+1","Meditate+1","Consecrate+1","FollowUp+1","Adaptation+1","ReachHeaven+1","SashWhip+1","FlurryOfBlows+1","Scrawl+1","Wallop+1","CrushJoints+1","DeusExMachina","EmptyFist+1","FlurryOfBlows+1","Halt+1","JustLucky+1","Vault+1","CrushJoints+1","FlurryOfBlows+1","CutThroughFate+1","Vengeance","WaveOfTheHand"],"relics":["Ectoplasm","Molten Egg 2","Blood Vial","Shuriken","Whetstone","Mercury Hourglass","Tiny Chest","Pear","Black Star","White Beast Statue","Lantern","Blue Candle","Bottled Lightning","Pen Nib","Question Card","Anchor","Eternal Feather","Runic Pyramid","Red Mask","Smiling Mask","Damaru","CeramicFish","Letter Opener","FossilizedHelix","TeardropLocket","Centennial Puzzle"],"acts_visited":["Exordium","TheCity","TheBeyond","TheEnding"],"potions_floor_usage":[56,56],"damage_taken":[{"damage":0.0,"enemies":"Small Slimes","floor":1.0,"turns":2.0},{"damage":0.0,"enemies":"2 Louse","floor":5.0,"turns":2.0},{"damage":12.0,"enemies":"Gremlin Nob","floor":6.0,"turns":3.0},{"damage":7.0,"enemies":"Jaw Worm","floor":8.0,"turns":3.0},{"damage":0.0,"enemies":"Lagavulin","floor":10.0,"turns":4.0},{"damage":12.0,"enemies":"3 Sentries","floor":12.0,"turns":3.0},{"damage":0.0,"enemies":"Large Slime","floor":13.0,"turns":1.0},{"damage":0.0,"enemies":"Gremlin Gang","floor":14.0,"turns":3.0},{"damage":1.0,"enemies":"Hexaghost","floor":16.0,"turns":5.0},{"damage":11.0,"enemies":"2 Thieves","floor":18.0,"turns":2.0},{"damage":0.0,"enemies":"Chosen","floor":19.0,"turns":2.0},{"damage":16.0,"enemies":"Shelled Parasite and Fungi","floor":21.0,"turns":2.0},{"damage":7.0,"enemies":"Cultist and Chosen","floor":22.0,"turns":3.0},{"damage":0.0,"enemies":"Gremlin Leader","floor":23.0,"turns":3.0},{"damage":23.0,"enemies":"Slavers","floor":25.0,"turns":4.0},{"damage":0.0,"enemies":"Gremlin Leader","floor":28.0,"turns":2.0},{"damage":0.0,"enemies":"Snake Plant","floor":29.0,"turns":2.0},{"damage":0.0,"enemies":"Champ","floor":33.0,"turns":4.0},{"damage":0.0,"enemies":"3 Darklings","floor":35.0,"turns":2.0},{"damage":0.0,"enemies":"Orb Walker","floor":36.0,"turns":1.0},{"damage":4.0,"enemies":"4 Shapes","floor":39.0,"turns":3.0},{"damage":0.0,"enemies":"Giant Head","floor":41.0,"turns":4.0},{"damage":0.0,"enemies":"3 Darklings","floor":42.0,"turns":2.0},{"damage":19.0,"enemies":"Nemesis","floor":44.0,"turns":4.0},{"damage":0.0,"enemies":"Jaw Worm Horde","floor":46.0,"turns":2.0},{"damage":0.0,"enemies":"Spire Growth","floor":47.0,"turns":3.0},{"damage":0.0,"enemies":"3 Darklings","floor":48.0,"turns":2.0},{"damage":0.0,"enemies":"Donu and Deca","floor":50.0,"turns":4.0},{"damage":0.0,"enemies":"Awakened One","floor":51.0,"turns":6.0},{"damage":0.0,"enemies":"Shield and Spear","floor":55.0,"turns":4.0},{"damage":78,"enemies":"The Heart","floor":56,"turns":8}],"seed_played":"-4296188695504618478","potions_obtained":[{"floor":5.0,"key":"Energy Potion"},{"floor":6.0,"key":"DuplicationPotion"},{"floor":14.0,"key":"Block Potion"},{"floor":21.0,"key":"BlessingOfTheForge"},{"floor":22.0,"key":"Block Potion"},{"floor":23.0,"key":"StancePotion"},{"floor":33.0,"key":"AttackPotion"},{"floor":35.0,"key":"BlessingOfTheForge"},{"floor":39.0,"key":"PowerPotion"},{"floor":41.0,"key":"LiquidMemories"}],"is_trial":false,"path_per_floor":["M","?","?","T","M","E","R","M","T","E","?","E","M","M","R","B",null,"M","M","?","M","M","E","R","E","T","R","E","M","T","T","R","B",null,"M","M","?","?","M","R","E","M","T","E","R","M","M","M","R","B","B",null,"R","$","E","B"],"character_chosen":"WATCHER","items_purchased":[],"campfire_rested":2,"item_purchase_floors":[],"current_hp_per_floor":[61,26,26,26,28,18,38,33,33,35,35,35,37,39,39,40,69,60,62,62,48,43,45,45,24,24,24,26,28,28,28,66,68,76,78,78,78,78,74,78,78,78,78,59,74,76,78,78,78,78,78,78,78,78,78,0,0],"gold":0,"neow_bonus":"BOSS_RELIC","is_daily":false,"chose_seed":false,"campfire_upgraded":6,"win_rate":0.0,"timestamp":1610880436,"path_taken":["M","?","?","?","M","E","R","M","T","E","?","E","?","M","R","BOSS","M","M","?","M","M","E","R","E","T","R","E","M","?","?","R","BOSS","M","M","?","?","?","R","E","M","T","E","R","M","M","M","R","BOSS","BOSS","R","$","E","BOSS"],"items_purchased_type":[],"build_version":"2020-12-18","purchased_purges":0,"victory":false,"max_hp_per_floor":[68,68,68,68,68,68,68,68,68,68,68,78,78,78,78,78,78,78,78,78,78,78,78,78,78,78,78,78,78,78,78,78,78,78,78,78,78,78,78,78,78,78,78,78,78,78,78,78,78,78,78,78,78,78,78,78,78],"relic_stats":{"counters":[31,95],"Blue Candle":[0],"CeramicFish":0,"Eternal Feather":34,"Pen Nib":[22],"Whetstone":["Strike_P","SashWhip"],"Letter Opener":[42],"Question Card":13,"Smiling Mask":0,"Mercury Hourglass":[345],"Blood Vial":40,"Centennial Puzzle":[1],"Shuriken":[80],"Tiny Chest":1,"Ectoplasm":909,"Black Star":6,"obtain_stats":[{"Lantern":23,"CeramicFish":43,"Whetstone":9,"TeardropLocket":55,"Smiling Mask":41,"Blood Vial":4,"Centennial Puzzle":55,"Tiny Chest":11,"Red Mask":38,"Runic Pyramid":34,"Pear":12,"Blue Candle":25,"Damaru":41,"Eternal Feather":30,"Pen Nib":26,"Letter Opener":44,"Question Card":28,"White Beast Statue":23,"Mercury Hourglass":10,"Anchor":28,"Shuriken":6,"Molten Egg 2":2,"Ectoplasm":0,"Black Star":17,"Bottled Lightning":25,"PureWater":0,"FossilizedHelix":44},{"Lantern":14,"CeramicFish":23,"Whetstone":4,"TeardropLocket":30,"Smiling Mask":22,"Blood Vial":1,"Centennial Puzzle":30,"Tiny Chest":5,"Red Mask":20,"Runic Pyramid":18,"Pear":6,"Blue Candle":15,"Damaru":22,"Eternal Feather":17,"Pen Nib":15,"Letter Opener":24,"Question Card":16,"White Beast Statue":14,"Mercury Hourglass":5,"Anchor":16,"Shuriken":3,"Molten Egg 2":1,"Ectoplasm":0,"Black Star":9,"Bottled Lightning":15,"PureWater":0,"FossilizedHelix":24},{"Lantern":38,"CeramicFish":62,"Whetstone":10,"TeardropLocket":87,"Smiling Mask":60,"Blood Vial":2,"Centennial Puzzle":87,"Tiny Chest":14,"Red Mask":53,"Runic Pyramid":50,"Pear":17,"Blue Candle":42,"Damaru":60,"Eternal Feather":46,"Pen Nib":42,"Letter Opener":66,"Question Card":44,"White Beast Statue":38,"Mercury Hourglass":14,"Anchor":44,"Shuriken":7,"Molten Egg 2":2,"Ectoplasm":0,"Black Star":26,"Bottled Lightning":42,"PureWater":0,"FossilizedHelix":66}]},"card_choices":[{"not_picked":["Consecrate","Adaptation"],"picked":"SashWhip","floor":1.0},{"not_picked":["ThirdEye","EmptyBody"],"picked":"Consecrate+1","floor":5.0},{"not_picked":["Prostrate","Sanctity"],"picked":"FollowUp+1","floor":6.0},{"not_picked":["Nirvana","Halt"],"picked":"Adaptation","floor":8.0},{"not_picked":["Study","Crescendo"],"picked":"ReachHeaven+1","floor":12.0},{"not_picked":["Worship","Consecrate+1"],"picked":"SashWhip+1","floor":13.0},{"not_picked":["EmptyBody","PathToVictory"],"picked":"FlurryOfBlows+1","floor":14.0},{"not_picked":["Alpha","DeusExMachina"],"picked":"Scrawl","floor":16.0},{"not_picked":["Study+1","WreathOfFlame+1","ClearTheMind"],"picked":"SKIP","floor":18.0},{"not_picked":["Prostrate","Adaptation+1","MentalFortress"],"picked":"SKIP","floor":19.0},{"not_picked":["FlurryOfBlows+1","SashWhip+1"],"picked":"CrushJoints+1","floor":21.0},{"not_picked":["ClearTheMind","Prostrate"],"picked":"DeusExMachina","floor":22.0},{"not_picked":["Devotion","Collect"],"picked":"EmptyFist+1","floor":23.0},{"not_picked":["Wireheading+1","CrushJoints+1"],"picked":"FlurryOfBlows+1","floor":25.0},{"not_picked":["Protect","SashWhip+1"],"picked":"Halt+1","floor":28.0},{"not_picked":["FlyingSleeves+1","Consecrate+1","ThirdEye"],"picked":"JustLucky+1","floor":29.0},{"not_picked":["LessonLearned+1","Scrawl","Omniscience"],"picked":"Vault","floor":33.0},{"not_picked":["JustLucky+1","FollowUp+1","PathToVictory+1","DeceiveReality+1"],"picked":"SKIP","floor":35.0},{"not_picked":["PathToVictory","Adaptation","ForeignInfluence"],"picked":"CrushJoints+1","floor":36.0},{"not_picked":["ForeignInfluence","JustLucky+1","Wish"],"picked":"FlurryOfBlows+1","floor":39.0},{"not_picked":["EmptyFist+1","InnerPeace","EmptyBody","CrushJoints+1"],"picked":"SKIP","floor":41.0},{"not_picked":["FollowUp+1","FlyingSleeves+1","Nirvana"],"picked":"CutThroughFate+1","floor":42.0},{"not_picked":["WindmillStrike+1","DeceiveReality+1","Consecrate+1","Judgement"],"picked":"SKIP","floor":44.0},{"not_picked":["Crescendo","Halt","WreathOfFlame+1","Nirvana+1"],"picked":"SKIP","floor":46.0},{"not_picked":["Protect","FollowUp+1","Halt","ThirdEye"],"picked":"SKIP","floor":47.0},{"not_picked":["FlurryOfBlows+1","SandsOfTime+1","Wireheading"],"picked":"Vengeance","floor":48.0},{"not_picked":["DeceiveReality","Consecrate+1","Worship"],"picked":"WaveOfTheHand","floor":55.0}],"player_experience":1232831,"relics_obtained":[{"floor":4.0,"key":"Blood Vial"},{"floor":6.0,"key":"Shuriken"},{"floor":9.0,"key":"Whetstone"},{"floor":10.0,"key":"Mercury Hourglass"},{"floor":12.0,"key":"Pear"},{"floor":23.0,"key":"White Beast Statue"},{"floor":23.0,"key":"Lantern"},{"floor":25.0,"key":"Blue Candle"},{"floor":25.0,"key":"Bottled Lightning"},{"floor":26.0,"key":"Pen Nib"},{"floor":28.0,"key":"Question Card"},{"floor":28.0,"key":"Anchor"},{"floor":30.0,"key":"Eternal Feather"},{"floor":41.0,"key":"Smiling Mask"},{"floor":41.0,"key":"Damaru"},{"floor":43.0,"key":"CeramicFish"},{"floor":44.0,"key":"Letter Opener"},{"floor":44.0,"key":"FossilizedHelix"},{"floor":55.0,"key":"TeardropLocket"},{"floor":55.0,"key":"Centennial Puzzle"}],"event_choices":[{"damage_healed":0.0,"max_hp_gain":0.0,"max_hp_loss":0.0,"gold_gain":0.0,"event_name":"Scrap Ooze","player_choice":"Success","floor":2.0,"gold_loss":0.0,"damage_taken":35.0,"relics_obtained":["Molten Egg 2"]},{"damage_healed":0.0,"max_hp_gain":0.0,"max_hp_loss":0.0,"gold_gain":0.0,"cards_transformed":["Defend_P"],"event_name":"Living Wall","player_choice":"Change","floor":3.0,"gold_loss":0.0,"damage_taken":0.0,"cards_obtained":["Meditate"]},{"damage_healed":0.0,"max_hp_gain":0.0,"max_hp_loss":0.0,"gold_gain":0.0,"event_name":"WeMeetAgain","player_choice":"Gave Potion","floor":11.0,"gold_loss":0.0,"damage_taken":0.0,"relics_obtained":["Tiny Chest"]},{"damage_healed":0.0,"max_hp_gain":0.0,"max_hp_loss":0.0,"gold_gain":0.0,"event_name":"The Library","player_choice":"Read","floor":20.0,"gold_loss":0.0,"damage_taken":0.0,"cards_obtained":["Wallop"]},{"cards_removed":["Defend_P"],"damage_healed":0.0,"max_hp_gain":0.0,"max_hp_loss":0.0,"gold_gain":0.0,"event_name":"Falling","player_choice":"Removed Skill","floor":37.0,"gold_loss":0.0,"damage_taken":0.0},{"damage_healed":0.0,"max_hp_gain":0.0,"max_hp_loss":0.0,"gold_gain":0.0,"event_name":"Tomb of Lord Red Mask","player_choice":"Paid","floor":38.0,"gold_loss":79.0,"damage_taken":0.0,"relics_obtained":["Red Mask"]}],"is_beta":true,"boss_relics":[{"not_picked":["Busted Crown","Cursed Key"],"picked":"Black Star"},{"not_picked":["Astrolabe","Calling Bell"],"picked":"Runic Pyramid"}],"items_purged_floors":[],"is_endless":false,"potions_floor_spawned":[5,6,8,14,21,22,23,25,28,29,33,35,36,39,41,42,44,46,47,48,55],"killed_by":"The Heart","ascension_level":20}}