{"host":"2se5dq1do2gp0x9k","time":1610872654,"event":{"mods":["AchievementEnabler","BaseMod","Block Reminder","Colored Map","Colored Powertips","Minty Spire (QoL Compilation)","Relic Stats","StSLib","SuperFastMode"],"gold_per_floor":[110,32,48,62,73,73,105,105,105,139,139,150,16,34,34,34,34],"floor_reached":16,"language":"ENG","playtime":308,"items_purged":["Strike_R"],"score":224,"play_id":"8ec6ddc9-6afd-4d28-bd07-0a94ebe6cfbb","local_time":"20210117003734","is_ascension_mode":true,"campfire_choices":[{"data":"Heavy Blade","floor":6.0,"key":"SMITH"},{"data":"Spot Weakness","floor":8.0,"key":"SMITH"},{"data":"Armaments","floor":15,"key":"SMITH"}],"circlet_count":0,"master_deck":["AscendersBane","Strike_R","Strike_R","Strike_R","Strike_R","Defend_R","Defend_R","Defend_R","Defend_R","Bash","Twin Strike","Spot Weakness+1","Cleave","Heavy Blade+1","Sword Boomerang+1","Headbutt","Power Through","Armaments+1","Shrug It Off","Shrug It Off"],"relics":["Burning Blood","NeowsBlessing","Calipers","Mercury Hourglass","InkBottle"],"acts_visited":["Exordium"],"potions_floor_usage":[10],"damage_taken":[{"damage":0.0,"enemies":"Cultist","floor":1.0,"turns":1.0},{"damage":0.0,"enemies":"Small Slimes","floor":3.0,"turns":1.0},{"damage":0.0,"enemies":"Jaw Worm","floor":4.0,"turns":1.0},{"damage":11.0,"enemies":"2 Fungi Beasts","floor":5.0,"turns":3.0},{"damage":40.0,"enemies":"Lagavulin","floor":7.0,"turns":6.0},{"damage":8,"enemies":"Gremlin Nob","floor":10,"turns":3},{"damage":0,"enemies":"Gremlin Gang","floor":12,"turns":2},{"damage":15,"enemies":"Lots of Slimes","floor":14,"turns":3},{"damage":36,"enemies":"Slime Boss","floor":16,"turns":7}],"seed_played":"-1197921449538356584","potions_obtained":[{"floor":1.0,"key":"AttackPotion"},{"floor":3.0,"key":"SpeedPotion"},{"floor":5.0,"key":"CultistPotion"},{"floor":12,"key":"BlessingOfTheForge"}],"is_trial":false,"path_per_floor":["M","$","M","M","M","R","E","R","T","E","?","M","$","M","R","B"],"character_chosen":"IRONCLAD","items_purchased":["Spot Weakness","Shrug It Off"],"campfire_rested":0,"item_purchase_floors":[2,13],"current_hp_per_floor":[74,74,75,75,70,70,36,36,36,34,34,40,40,31,31,0,0],"gold":34,"neow_bonus":"THREE_ENEMY_KILL","is_daily":false,"chose_seed":false,"campfire_upgraded":3,"win_rate":0.0,"timestamp":1610872654,"path_taken":["M","?","?","M","M","R","E","R","T","E","?","M","?","M","R","BOSS"],"items_purchased_type":["Card","Card"],"build_version":"2020-12-22","purchased_purges":1,"victory":false,"max_hp_per_floor":[75,75,75,75,75,75,75,75,75,75,75,75,75,75,75,75,75],"relic_stats":{"counters":[9,27],"obtain_stats":[{"Calipers":7,"NeowsBlessing":0,"Burning Blood":0,"InkBottle":10,"Mercury Hourglass":9},{"Calipers":5,"NeowsBlessing":0,"Burning Blood":0,"InkBottle":6,"Mercury Hourglass":5},{"Calipers":12,"NeowsBlessing":0,"Burning Blood":0,"InkBottle":15,"Mercury Hourglass":12}],"Burning Blood":37,"InkBottle":[2],"Mercury Hourglass":[91]},"card_choices":[{"not_picked":["Disarm","Flex"],"picked":"Twin Strike","floor":1.0},{"not_picked":["Body Slam","Metallicize"],"picked":"Cleave","floor":3.0},{"not_picked":["Body Slam","Seeing Red"],"picked":"Heavy Blade","floor":4.0},{"not_picked":["Dropkick","Anger"],"picked":"Sword Boomerang","floor":5.0},{"not_picked":["Entrench","Blood for Blood"],"picked":"Headbutt","floor":7.0},{"not_picked":["Wild Strike","Corruption"],"picked":"Power Through","floor":10},{"not_picked":["Carnage","Entrench"],"picked":"Armaments","floor":12},{"not_picked":["Cleave","Power Through"],"picked":"Shrug It Off","floor":14}],"player_experience":3892659,"relics_obtained":[{"floor":7.0,"key":"Calipers"},{"floor":9.0,"key":"Mercury Hourglass"},{"floor":10,"key":"InkBottle"}],"event_choices":[{"damage_healed":0,"gold_gain":0,"player_choice":"Grow","damage_taken":0,"max_hp_gain":0,"max_hp_loss":0,"event_name":"Living Wall","floor":11,"gold_loss":0,"cards_upgraded":["Sword Boomerang"]}],"is_beta":false,"boss_relics":[],"items_purged_floors":[13],"is_endless":false,"potions_floor_spawned":[1,3,5,12],"killed_by":"Slime Boss","ascension_level":20}}