{"host":"wrlgpq1wkw8k1x5v","time":1610863494,"event":{"mods":["Act Like it!","BaseMod","Colored Powertips","Gensokyo","Koishi","Minty Spire (QoL Compilation)","StSLib"],"gold_per_floor":[113,130,130,405,75,105,105,121,121,121,134,159,172,185,185,269,269,285,305,315,325,325,325,366,375,375,218,218,218,39,80,80,166,166,166,166],"floor_reached":35,"language":"ZHS","playtime":3478,"items_purged":["Regret"],"score":1414,"play_id":"2fd62c84-ef1b-4515-ae0f-21e47ce53f68","local_time":"20210117140454","daily_mods":["SealedDeck","Vintage","Uncertain Future"],"is_ascension_mode":true,"campfire_choices":[{"data":"Koishi:Untouchable","floor":7,"key":"SMITH"},{"data":"Koishi:Untouchable","floor":10,"key":"SMITH"},{"floor":15,"key":"DIG"},{"data":"Koishi:FormlessExistence","floor":23,"key":"SMITH"},{"data":"RitualDagger","floor":28,"key":"SMITH"},{"floor":32,"key":"DIG"}],"circlet_count":0,"master_deck":["AscendersBane","Koishi:TraumaticStroke","Koishi:JumpScare","Koishi:HeartfeltFancy","Koishi:DNAsFlaw","Koishi:UnseenTerror","Koishi:Possession","Koishi:PhantomBarrier","Koishi:UnseenTerror","Koishi:PhantomStrike","Koishi:Untouchable+1","Koishi:Untouchable+1","Koishi:SpiritedAway","Koishi:Vanish","Koishi:FormlessExistence+1","Koishi:Untouchable","RitualDagger+1","Koishi:Vanish","Koishi:SilentAndRestless","Koishi:UnconsciousUrges","Koishi:FormlessExistence"],"relics":["Koishi:ImaginaryFriend","Letter Opener","Unceasing Top","Blood Vial","MealTicket","Bag of Marbles","Koishi:BloodstainedWhiteRose","White Beast Statue","Bottled Tornado","Shovel","Sundial","CeramicFish","Happy Flower","Coffee Dripper","Koishi:TeethAndClaws","Koishi:LettersToReimu","Singing Bowl","Bag of Preparation","Eternal Feather","Prayer Wheel","Art of War","MutagenicStrength","Boot","Potion Belt","Cursed Key"],"acts_visited":["Exordium","TheCity","Gensokyo:Gensokyoest"],"potions_floor_usage":[6,11,12,14,16,16,18,20,21,22,33,33,35],"damage_taken":[{"damage":3,"enemies":"Cultist","floor":1,"turns":5},{"damage":4,"enemies":"Jaw Worm","floor":2,"turns":3},{"damage":21,"enemies":"3 Sentries","floor":6,"turns":14},{"damage":0,"enemies":"Small Slimes","floor":8,"turns":3},{"damage":0,"enemies":"3 Louse","floor":11,"turns":3},{"damage":6,"enemies":"Gremlin Nob","floor":12,"turns":4},{"damage":3,"enemies":"Exordium Wildlife","floor":13,"turns":4},{"damage":0,"enemies":"2 Fungi Beasts","floor":14,"turns":3},{"damage":0,"enemies":"Slime Boss","floor":16,"turns":7},{"damage":11,"enemies":"2 Thieves","floor":18,"turns":5},{"damage":0,"enemies":"Chosen","floor":19,"turns":5},{"damage":14,"enemies":"Snake Plant","floor":20,"turns":4},{"damage":0,"enemies":"Centurion and Healer","floor":21,"turns":5},{"damage":0,"enemies":"Sentry and Sphere","floor":22,"turns":1},{"damage":0,"enemies":"Gremlin Leader","floor":24,"turns":5},{"damage":11,"enemies":"Slavers","floor":31,"turns":8},{"damage":0,"enemies":"Collector","floor":33,"turns":12},{"damage":0,"enemies":"Gensokyo:AncientGuardian","floor":35,"turns":18}],"seed_played":"8678726498571747580","potions_obtained":[{"floor":1,"key":"Weak Potion"},{"floor":6,"key":"AttackPotion"},{"floor":11,"key":"FearPotion"},{"floor":12,"key":"Fire Potion"},{"floor":13,"key":"Swift Potion"},{"floor":14,"key":"Fire Potion"},{"floor":16,"key":"ColorlessPotion"},{"floor":18,"key":"Dexterity Potion"},{"floor":19,"key":"FearPotion"},{"floor":20,"key":"FearPotion"},{"floor":21,"key":"SmokeBomb"},{"floor":24,"key":"AttackPotion"},{"floor":33,"key":"Dexterity Potion"}],"is_trial":true,"path_per_floor":["M","M","?","?","$","E","R","M","T","R","M","E","M","M","R","B",null,"M","M","M","M","M","R","E","?","T","$","R","?","$","E","R","B",null,"M"],"character_chosen":"KOISHI","items_purchased":["MealTicket","Koishi:Untouchable","Art of War","Koishi:Vanish","Koishi:SilentAndRestless"],"campfire_rested":0,"item_purchase_floors":[5,5,27,30,30],"current_hp_per_floor":[56,57,46,46,46,33,33,41,41,41,48,51,57,57,57,57,57,46,48,36,38,40,40,42,36,36,51,57,57,57,46,57,57,57,57,57],"gold":166,"neow_bonus":"","is_daily":false,"chose_seed":false,"campfire_upgraded":4,"win_rate":0.0,"timestamp":1610863494,"path_taken":["M","M","?","?","$","E","R","M","T","R","?","E","M","M","R","BOSS","M","M","M","M","M","R","E","?","T","$","R","?","?","E","R","BOSS","M"],"items_purchased_type":["Relic","Card","Relic","Card","Card"],"build_version":"2020-12-22","purchased_purges":1,"victory":false,"max_hp_per_floor":[57,57,57,57,57,57,57,57,57,57,57,57,57,57,57,57,57,57,57,57,57,57,57,57,57,57,57,57,57,57,57,57,57,57,57,57],"card_choices":[{"not_picked":["Koishi:Jaunt","Koishi:TremblingHands"],"picked":"Koishi:SpiritedAway","floor":6},{"not_picked":["Koishi:Whimsy","Koishi:DreadfulBlow"],"picked":"Koishi:Vanish","floor":12},{"not_picked":["Koishi:RoseHell","Koishi:TerrifyingSpectre"],"picked":"Koishi:FormlessExistence","floor":16},{"not_picked":["Koishi:ReflexRadar","Koishi:RorschachInDanmaku"],"picked":"Koishi:Untouchable","floor":24},{"not_picked":["Koishi:JumpScare","Koishi:Prune"],"picked":"Koishi:UnconsciousUrges","floor":31},{"not_picked":["Koishi:SuperEgo","Koishi:MentalBreakdown"],"picked":"Koishi:FormlessExistence","floor":33}],"player_experience":48452,"relics_obtained":[{"floor":1,"key":"Letter Opener"},{"floor":2,"key":"Unceasing Top"},{"floor":6,"key":"Bag of Marbles"},{"floor":8,"key":"Koishi:BloodstainedWhiteRose"},{"floor":9,"key":"White Beast Statue"},{"floor":11,"key":"Bottled Tornado"},{"floor":12,"key":"Shovel"},{"floor":13,"key":"Sundial"},{"floor":14,"key":"CeramicFish"},{"floor":15,"key":"Happy Flower"},{"floor":18,"key":"Koishi:TeethAndClaws"},{"floor":19,"key":"Koishi:LettersToReimu"},{"floor":20,"key":"Singing Bowl"},{"floor":21,"key":"Bag of Preparation"},{"floor":24,"key":"Eternal Feather"},{"floor":26,"key":"Prayer Wheel"},{"floor":31,"key":"Boot"},{"floor":32,"key":"Potion Belt"}],"event_choices":[{"damage_healed":0,"gold_gain":0,"player_choice":"Success","damage_taken":11,"relics_obtained":["Blood Vial"],"max_hp_gain":0,"max_hp_loss":0,"event_name":"Scrap Ooze","floor":3,"gold_loss":0},{"damage_healed":0,"gold_gain":275,"player_choice":"Desecrate","damage_taken":0,"max_hp_gain":0,"max_hp_loss":0,"event_name":"Golden Shrine","floor":4,"gold_loss":0,"cards_obtained":["Regret"]},{"damage_healed":0,"gold_gain":0,"player_choice":"Joined the Cult","damage_taken":6,"max_hp_gain":0,"max_hp_loss":0,"event_name":"Nest","floor":25,"gold_loss":0,"cards_obtained":["RitualDagger"]},{"damage_healed":0,"gold_gain":0,"player_choice":"Inject Mutagens","damage_taken":0,"relics_obtained":["MutagenicStrength"],"max_hp_gain":0,"max_hp_loss":0,"event_name":"Drug Dealer","floor":29,"gold_loss":0}],"is_beta":false,"boss_relics":[{"not_picked":["Sozu","Calling Bell"],"picked":"Coffee Dripper"},{"not_picked":["Tiny House","Fusion Hammer"],"picked":"Cursed Key"}],"items_purged_floors":[5],"is_endless":true,"potions_floor_spawned":[1,6,11,12,13,14,16,18,19,20,21,22,24,31,33],"killed_by":"Gensokyo:AncientGuardian","ascension_level":20}}