{"host":"00tqcjwpycel7e54","time":1610853873,"event":{"mods":["ATMod(阿瑾Mod)","Act Like it!","BaseMod","Colored Powertips","Decade(王小明)","Hermit","Highlight Path","Hubris","Luminous","Marisa（F雨　魔理沙）","Minty Spire (QoL Compilation)","Reimu（博丽灵梦）","Remilia（蕾米莉亚）","Robot Space Explorer","SOS（斯巴达之子）","Shop Mod","Spicy Shops","StSLib","The Administrix","The Animator","The Bug Knight","The Construct","The Cursed","The Gatherer","The Hierophant","The Mystic","The Runesmith","The Servant 0.9.4","WarShipGirlsR/战舰少女R mod","Youmu（魂魄妖梦）","Yuyuko","vexMod","【遗物卡牌】REMEMod"],"gold_per_floor":[365,294,313,13,28,28,63,87,112,130,143,143,158,188,188,348,348,365,389,416,440,488,521,185,325,325,107,129,129,146,146],"floor_reached":30,"language":"ZHS","playtime":1682,"items_purged":["Pain"],"score":319,"play_id":"af6922ee-3c64-48c1-906c-d65da318361f","local_time":"20210117112433","is_ascension_mode":true,"campfire_choices":[{"data":"hermit:EyeOfTheStorm","floor":6.0,"key":"SMITH"},{"data":"hermit:Maintenance","floor":12.0,"key":"SMITH"},{"floor":15.0,"key":"REST"},{"floor":29.0,"key":"REST"}],"circlet_count":0,"master_deck":["hermit:Strike_Hermit","hermit:Strike_Hermit","hermit:Strike_Hermit","hermit:Strike_Hermit","hermit:Defend_Hermit","hermit:Defend_Hermit","hermit:Defend_Hermit","hermit:Defend_Hermit","hermit:Snapshot","hermit:Covet","hermit:Maintenance+1","hermit:Glare","hermit:EyeOfTheStorm+1","hermit:FinalCanter","hermit:Quickdraw","hermit:Shortfuse","hermit:HeroicBravado","hermit:Headshot","hermit:HeroicBravado","hermit:Enervate","hermit:Manifest+1","hermit:ShadowCloak","hermit:Scavenge","hermit:GhostlyPresence+1","hermit:GhostlyPresence","Flash of Steel","hermit:Dive+1","hermit:Maintenance","hermit:FlashPowder"],"relics":["hermit:Momento","AT_ATBox","REME_ComplimentaryCards","vexMod:Spyglass","AT_GoldPhoenixTree","Question Card","Art of War","AT_ChloranthyRing","REME_ArchaeologicalTools","hubris:VirtuousBlindfold","AT_TheCollector","hubris:ToyBattleship","hermit:CharredGlove","vexMod:FocusSash"],"acts_visited":["Exordium","TheCity"],"potions_floor_usage":[],"damage_taken":[{"damage":2.0,"enemies":"Jaw Worm","floor":1.0,"turns":3.0},{"damage":0.0,"enemies":"Cultist","floor":3.0,"turns":4.0},{"damage":0.0,"enemies":"Small Slimes","floor":5.0,"turns":4.0},{"damage":8.0,"enemies":"Lagavulin","floor":7.0,"turns":7.0},{"damage":12.0,"enemies":"Exordium Thugs","floor":10.0,"turns":6.0},{"damage":0.0,"enemies":"Looter","floor":11.0,"turns":2.0},{"damage":3.0,"enemies":"Exordium Wildlife","floor":13.0,"turns":4.0},{"damage":3.0,"enemies":"Gremlin Nob","floor":14.0,"turns":3.0},{"damage":19.0,"enemies":"Slime Boss","floor":16.0,"turns":11.0},{"damage":0.0,"enemies":"Chosen","floor":18.0,"turns":4.0},{"damage":0.0,"enemies":"Shell Parasite","floor":19.0,"turns":3.0},{"damage":16.0,"enemies":"3 Cultists","floor":20.0,"turns":7.0},{"damage":6.0,"enemies":"Snecko","floor":21.0,"turns":5.0},{"damage":3.0,"enemies":"Cultist and Chosen","floor":22.0,"turns":7.0},{"damage":20.0,"enemies":"Centurion and Healer","floor":23.0,"turns":7.0},{"damage":3.0,"enemies":"HollowMod:Nosk","floor":25.0,"turns":4.0},{"damage":13.0,"enemies":"Snake Plant","floor":28.0,"turns":4.0},{"damage":44,"enemies":"Gremlin Leader","floor":30,"turns":4}],"seed_played":"3410188142826900141","potions_obtained":[{"floor":1.0,"key":"ColorlessPotion"},{"floor":5.0,"key":"Swift Potion"},{"floor":10.0,"key":"ZuzhouPotion:ReiMu"},{"floor":11.0,"key":"REME_GoldPotion"},{"floor":16.0,"key":"SkillPotion"},{"floor":18.0,"key":"SpeedPotion"},{"floor":20.0,"key":"REME_GoldPotion"},{"floor":25.0,"key":"Energy Potion"}],"is_trial":false,"path_per_floor":["M","$","M","$","M","R","E","T","T","M","M","R","M","E","R","B",null,"M","M","M","M","M","M","$","E","T","$","M","R","E"],"character_chosen":"HERMIT","items_purchased":["vexMod:Spyglass","AT_GoldPhoenixTree","AT_TheCollector","Flash of Steel","hermit:Maintenance","vexMod:FocusSash"],"campfire_rested":2,"item_purchase_floors":[2,4,24,24,27,27],"current_hp_per_floor":[52,52,52,52,52,52,44,44,44,32,32,32,29,26,48,29,75,75,75,59,53,50,30,30,27,27,27,14,36,0,0],"gold":146,"neow_bonus":"TWO_FIFTY_GOLD","is_daily":false,"chose_seed":false,"campfire_upgraded":2,"win_rate":0.0,"timestamp":1610853873,"path_taken":["M","$","M","$","M","R","E","?","T","M","M","R","M","E","R","BOSS","M","M","M","?","M","M","$","E","T","?","M","R","E"],"items_purchased_type":["Relic","Relic","Relic","Card","Card","Relic"],"build_version":"2020-12-22","purchased_purges":1,"victory":false,"max_hp_per_floor":[75,75,75,75,75,75,75,75,75,75,75,75,75,75,75,75,75,75,75,75,75,75,75,75,75,75,75,75,75,75,75],"card_choices":[{"not_picked":["hermit:LowProfile","hermit:Showdown"],"picked":"hermit:Maintenance","floor":1.0},{"not_picked":["hermit:CalledShot","hermit:TakeAim"],"picked":"hermit:Glare","floor":3.0},{"not_picked":["hermit:Coalescence","hermit:ItchyTrigger"],"picked":"hermit:EyeOfTheStorm","floor":5.0},{"not_picked":["hermit:Roulette","hermit:Grudge"],"picked":"hermit:FinalCanter","floor":7.0},{"not_picked":["hermit:Desperado","hermit:WideOpen","hermit:CalledShot"],"picked":"hermit:Quickdraw","floor":10.0},{"not_picked":["hermit:Desperado","hermit:LowProfile","hermit:WideOpen"],"picked":"hermit:Shortfuse","floor":11.0},{"not_picked":["hermit:Scavenge","hermit:ItchyTrigger","hermit:Ricochet"],"picked":"hermit:HeroicBravado","floor":13.0},{"not_picked":["hermit:LowProfile","hermit:FatalDesire","hermit:Misfire"],"picked":"hermit:Headshot","floor":14.0},{"not_picked":["hermit:FromBeyond","hermit:Reprieve","hermit:Roughhouse"],"picked":"hermit:HeroicBravado","floor":16.0},{"not_picked":["hermit:BodyArmor","hermit:CursedWeapon","hermit:Quickdraw"],"picked":"hermit:Enervate","floor":18.0},{"not_picked":["hermit:Virtue","hermit:Glare","hermit:Coalescence"],"picked":"hermit:Manifest+1","floor":19.0},{"not_picked":["hermit:ItchyTrigger","hermit:Determination","hermit:WideOpen"],"picked":"hermit:ShadowCloak","floor":20.0},{"not_picked":["hermit:Grudge+1","hermit:Roulette","hermit:Quickdraw"],"picked":"hermit:Scavenge","floor":21.0},{"not_picked":["hermit:LowProfile+1","hermit:NoHoldsBarred","hermit:Grudge"],"picked":"hermit:GhostlyPresence+1","floor":22.0},{"not_picked":["hermit:Headshot","hermit:WideOpen","hermit:Snipe"],"picked":"hermit:GhostlyPresence","floor":23.0},{"not_picked":["hermit:Roughhouse","hermit:EyeOfTheStorm","hermit:Ricochet"],"picked":"hermit:Dive+1","floor":25.0},{"not_picked":["hermit:Coalescence","hermit:Misfire+1","hermit:Showdown+1"],"picked":"hermit:FlashPowder","floor":28.0}],"player_experience":725843,"relics_obtained":[{"floor":7.0,"key":"Question Card"},{"floor":8.0,"key":"Art of War"},{"floor":9.0,"key":"AT_ChloranthyRing"},{"floor":14.0,"key":"REME_ArchaeologicalTools"},{"floor":25.0,"key":"hubris:ToyBattleship"},{"floor":26.0,"key":"hermit:CharredGlove"}],"event_choices":[],"is_beta":false,"boss_relics":[{"not_picked":["vexMod:MysteryBossChallenge","Pandora\u0027s Box"],"picked":"hubris:VirtuousBlindfold"}],"items_purged_floors":[24],"is_endless":false,"potions_floor_spawned":[1,5,10,11,16,18,20,25],"killed_by":"Gremlin Leader","ascension_level":4}}