{"host":"lv71j503waqnafdc","time":1610873145,"event":{"mods":["Act Like it!","Arknights The Spire","BaseMod","Hermit","Jorbs\u0027s Wanderer Trilogy","Minty Spire (QoL Compilation)","Replay The Spire","StSLib","The Cursed"],"gold_per_floor":[115,10,10,60,72,72,84,117,117,150,161,190,21,32,32,131,131,141,141,4,17,17,45,45,63,87,123,123,48,7,32,32,151,151,201,72,125,125,0,24,24],"floor_reached":40,"language":"ZHS","playtime":2256,"items_purged":["Shame"],"score":499,"play_id":"f07b9031-5086-4cc3-810e-4fc4a6a49c99","local_time":"20210117164545","is_ascension_mode":false,"campfire_choices":[{"data":"ats:Thorns","floor":6,"key":"SMITH"},{"floor":15,"key":"REST"},{"data":"Mayhem","floor":24,"key":"SMITH"},{"floor":28,"key":"REST"},{"data":"ats:Wolf Pack","floor":32,"key":"SMITH"}],"circlet_count":0,"master_deck":["ats:Strike C","ats:Strike G","ats:Strike S","ats:Strike V","ats:Armor Crushing Shot","ats:Defend","ats:Defend","ats:Defend","ats:Defend","ats:Emotion Absorption","ats:Wolf Pack+1","ats:Poison Spread","ats:Leaping Hammer","ats:Consecutive Shot Auto","ats:Soul Rend","ats:Thorns+1","ats:Apocalypse","ats:Powerful Strike+1","Pot Of Greed","Pot Of Greed","ats:Cat Scratch+1","ats:Apocalypse","ats:Red Shift+1","Mayhem+1","ats:Support Order","Pot Of Greed","ats:True Silver Slash+1","ats:Sunburst+1","Panacea","Panacea","ats:Thermite Blade+1","ReplayTheSpireMod:Faulty Equipment","ats:Sword Rain+1","ats:Shell Defense","ats:Poison Spread+1","ats:Revitalization","ats:Hammer On+1","ats:Hammer On+1","Pot Of Greed","ats:Red Shift+1","ats:Roar Of Ursus","ats:Demon Strength+1","Apotheosis","Apotheosis","ats:Curse Doll+1","Writhe"],"relics":["ats:Sanity Plus","ReplayTheSpireMod:Ring of Collecting","Ring of Fury","ats:Originium","Molten Egg 2","Ring of Peace","White Beast Statue","Grinning Jar","Blue Doll","ats:Omniscience","Pear","Incense Burner","Snack Pack","Ring of Hypnosis","Replay:Bandana","Red Mask"],"acts_visited":["Exordium","TheCity","TheBeyond"],"potions_floor_usage":[8,10,12,12,14,23,33,40,40],"damage_taken":[{"damage":4,"enemies":"Small Slimes","floor":1,"turns":5},{"damage":8,"enemies":"2 Louse","floor":5,"turns":3},{"damage":1,"enemies":"Jaw Worm","floor":7,"turns":3},{"damage":28,"enemies":"Gremlin Nob","floor":8,"turns":5},{"damage":17,"enemies":"Lagavulin","floor":10,"turns":7},{"damage":1,"enemies":"Blue Slaver","floor":11,"turns":5},{"damage":15,"enemies":"3 Sentries","floor":12,"turns":6},{"damage":0,"enemies":"Looter","floor":14,"turns":3},{"damage":55,"enemies":"Fading Forest","floor":16,"turns":11},{"damage":12,"enemies":"Shell Parasite","floor":18,"turns":5},{"damage":6,"enemies":"2 Thieves","floor":21,"turns":5},{"damage":16,"enemies":"Slavers","floor":23,"turns":4},{"damage":33,"enemies":"Snake Plant","floor":25,"turns":5},{"damage":20,"enemies":"Shelled Parasite and Fungi","floor":27,"turns":7},{"damage":0,"enemies":"Snecko","floor":31,"turns":6},{"damage":77,"enemies":"Collector","floor":33,"turns":10},{"damage":20,"enemies":"3 Darklings","floor":35,"turns":6},{"damage":43,"enemies":"3 Shapes","floor":37,"turns":3},{"damage":75,"enemies":"Reptomancer","floor":40,"turns":3}],"seed_played":"-5681583861423003094","potions_obtained":[{"floor":4,"key":"SneckoOil"},{"floor":4,"key":"Dexterity Potion"},{"floor":4,"key":"Doom Potion"},{"floor":7,"key":"Flashbang"},{"floor":10,"key":"Fire Potion"},{"floor":11,"key":"FearPotion"},{"floor":12,"key":"Fruit Juice"},{"floor":14,"key":"Elixir"},{"floor":16,"key":"FearPotion"},{"floor":18,"key":"Death Potion"},{"floor":23,"key":"BlessingOfTheForge"},{"floor":33,"key":"Venom Potion"},{"floor":37,"key":"ColorlessPotion"}],"is_trial":false,"path_per_floor":["M","$","?","?","M","R","M","E","T","E","M","E","$","M","R","B",null,"M","?","$","M","?","E","R","M","T","M","R","?","$","M","R","B",null,"M","$","M","?","?","E"],"character_chosen":"DOCTOR_CLASS","items_purchased":["ats:Leaping Hammer","ats:Consecutive Shot Auto","Mayhem","Panacea","ats:Revitalization","ats:Hammer On+1","Apotheosis"],"campfire_rested":2,"item_purchase_floors":[2,2,13,20,30,30,36],"current_hp_per_floor":[68,68,68,50,43,43,42,24,24,16,24,13,13,22,45,18,77,69,79,79,73,73,61,61,42,42,34,60,60,60,70,70,36,87,72,72,35,57,57,0,0],"gold":24,"neow_bonus":"ONE_RANDOM_RARE_CARD","is_daily":false,"chose_seed":false,"campfire_upgraded":3,"win_rate":0.0,"timestamp":1610873145,"path_taken":["M","$","?","?","M","R","M","E","T","E","M","E","$","M","R","BOSS","M","?","$","M","?","E","R","M","T","M","R","?","$","M","R","BOSS","M","$","M","?","?","E"],"items_purchased_type":["Card","Card","Card","Card","Card","Card","Card"],"build_version":"2020-12-22","purchased_purges":1,"victory":false,"max_hp_per_floor":[72,72,72,72,72,72,72,72,72,72,72,72,72,77,77,77,77,77,87,87,87,87,87,87,87,87,87,87,87,87,87,87,87,87,87,87,87,87,87,87,87],"card_choices":[{"not_picked":["ats:Flame Of Heaven","ats:Rapid Magazine"],"picked":"ats:Poison Spread","floor":1},{"not_picked":["ats:Soul Absorption","ats:Powerful Strike"],"picked":"ats:Soul Rend","floor":4},{"not_picked":["ats:Beaten Up","ats:Assault Order"],"picked":"ats:Thorns","floor":5},{"not_picked":["ats:Childhood Dance","ats:Revitalization"],"picked":"ats:Apocalypse","floor":7},{"not_picked":["ats:Consecutive Shot Auto+1","ats:Fractured Body"],"picked":"ats:Powerful Strike+1","floor":8},{"not_picked":["ats:Flexible Camouflage","ats:Echo Reverb"],"picked":"ats:Cat Scratch+1","floor":10},{"not_picked":["ats:Curse Doll","ats:Poison Spread+1"],"picked":"ats:Apocalypse","floor":11},{"not_picked":["ats:Poison Spread+1","ats:Spore Proliferation"],"picked":"ats:Red Shift+1","floor":12},{"not_picked":["ats:Powerful Strike+1","ats:Poison Spread+1"],"picked":"ats:Support Order","floor":14},{"not_picked":["ats:Soul Rend","ats:Volcano+1"],"picked":"ats:True Silver Slash+1","floor":16},{"not_picked":["ats:Hammer On+1","ats:Consecutive Shot Auto+1"],"picked":"ats:Sunburst+1","floor":18},{"not_picked":["ats:Assault Order+1","ats:Soul Absorption"],"picked":"ats:Thermite Blade+1","floor":21},{"not_picked":["ats:Thorns","ats:Assault Order+1"],"picked":"ats:Sword Rain+1","floor":23},{"not_picked":["ats:Poison Spread+1","ats:Powerful Strike+1"],"picked":"ats:Shell Defense","floor":25},{"not_picked":["ats:Shell Defense+1","ats:Flexible Camouflage"],"picked":"ats:Poison Spread+1","floor":27},{"not_picked":["ats:Shell Defense","ats:Directed Diagnosis"],"picked":"ats:Red Shift+1","floor":31},{"not_picked":["ats:Volcano+1","ats:Dogmatic Field"],"picked":"ats:Roar Of Ursus","floor":33},{"not_picked":["ats:Powerful Strike+1","ats:Cat Scratch+1"],"picked":"ats:Demon Strength+1","floor":35},{"not_picked":["ats:Poison Spread+1","ats:Spore Proliferation"],"picked":"ats:Curse Doll+1","floor":37}],"player_experience":253666,"relics_obtained":[{"floor":3,"key":"ReplayTheSpireMod:Ring of Collecting"},{"floor":3,"key":"Ring of Fury"},{"floor":8,"key":"ats:Originium"},{"floor":8,"key":"Molten Egg 2"},{"floor":9,"key":"Ring of Peace"},{"floor":9,"key":"White Beast Statue"},{"floor":10,"key":"ats:Originium"},{"floor":10,"key":"Grinning Jar"},{"floor":12,"key":"ats:Originium"},{"floor":12,"key":"Blue Doll"},{"floor":23,"key":"Snack Pack"},{"floor":26,"key":"Ring of Hypnosis"},{"floor":26,"key":"Replay:Bandana"}],"event_choices":[{"damage_healed":0,"gold_gain":0,"player_choice":"Stole Relic","damage_taken":0,"relics_obtained":["Pear"],"max_hp_gain":0,"max_hp_loss":0,"event_name":"Addict","floor":19,"gold_loss":0,"cards_obtained":["Shame"]},{"cards_removed":["Doubt"],"damage_healed":0,"gold_gain":0,"player_choice":"Gave Gold","damage_taken":0,"max_hp_gain":0,"max_hp_loss":0,"event_name":"Beggar","floor":29,"gold_loss":75},{"damage_healed":22,"gold_gain":0,"player_choice":"Writhe","damage_taken":0,"max_hp_gain":0,"max_hp_loss":0,"event_name":"Winding Halls","floor":38,"gold_loss":0,"cards_obtained":["Writhe"]},{"damage_healed":0,"gold_gain":0,"player_choice":"Paid","damage_taken":0,"relics_obtained":["Red Mask"],"max_hp_gain":0,"max_hp_loss":0,"event_name":"Tomb of Lord Red Mask","floor":39,"gold_loss":125}],"is_beta":false,"boss_relics":[{"not_picked":["Replay:Drink Me","Kintsugi"],"picked":"ats:Omniscience"},{"not_picked":["ats:Tactical Delivery","Replay:Wanted Poster"],"picked":"ats:Sanity Plus"}],"items_purged_floors":[20],"is_endless":false,"potions_floor_spawned":[7,10,11,12,14,16,18,21,23,25,27,31,33,35,37],"killed_by":"Reptomancer","ascension_level":0}}