{"host":"qmlry8i8enac5s44","time":1610877221,"event":{"mods":["Act Like it!","BaseMod","Colored Map","Gensokyo","Luminous","Marisa£®ÏF”Í°°ƒß¿Ì…≥£©","Minty Spire (QoL Compilation)","StSLib","°æ“≈ŒÔø®≈∆°øREMEMod"],"gold_per_floor":[113,113,126,126,51,76,26,57,103,119,137,137,332,332,332],"floor_reached":14,"language":"ZHS","playtime":873,"items_purged":["Strike_MRS"],"score":116,"play_id":"8d9a9fbc-bb0d-47a0-9d36-a7b80df13e09","local_time":"20210117175341","is_ascension_mode":true,"campfire_choices":[],"circlet_count":0,"master_deck":["Strike_MRS","Strike_MRS","Strike_MRS","Defend_MRS","Defend_MRS","Defend_MRS","Defend_MRS","MasterSpark","UpSweep","Metamorphosis","Gensokyo:CrescentMoonSlash","Gensokyo:BlessingOfVigor","Orbital","SatelliteIllusion","Pain"],"relics":["MiniHakkero","REME_ComplimentaryCards","Gensokyo:OccultBall","REME_LimitBreaker","Bag of Preparation","Gensokyo:LunaticRedEyes"],"acts_visited":["Exordium"],"potions_floor_usage":[3,14,14],"damage_taken":[{"damage":0.0,"enemies":"Gensokyo:Python","floor":1.0,"turns":2.0},{"damage":6.0,"enemies":"Gensokyo:Gryphon","floor":3.0,"turns":4.0},{"damage":11,"enemies":"Gensokyo:Aya","floor":6,"turns":4},{"damage":5,"enemies":"Gensokyo:Cirno","floor":8,"turns":5},{"damage":0,"enemies":"Gensokyo:3_Fairies","floor":10,"turns":4},{"damage":0,"enemies":"Gensokyo:3_Kodama","floor":11,"turns":1},{"damage":18,"enemies":"Gensokyo:2_Rabbits","floor":13,"turns":1},{"damage":24,"enemies":"Gensokyo:Mamizou","floor":14,"turns":5}],"seed_played":"3754927897971336212","potions_obtained":[{"floor":1.0,"key":"SkillPotion"},{"floor":3,"key":"REME_GoldPotion"},{"floor":10,"key":"SkillPotion"}],"is_trial":false,"path_per_floor":["M","?","M","?","$","E","?","E","T","M","M","?","M","E"],"character_chosen":"MARISA","items_purchased":[],"campfire_rested":0,"item_purchase_floors":[],"current_hp_per_floor":[68,58,52,52,52,41,41,36,36,36,36,36,18,0,0],"gold":332,"neow_bonus":"RANDOM_COLORLESS_2","is_daily":false,"chose_seed":false,"campfire_upgraded":0,"win_rate":0.0,"timestamp":1610877221,"path_taken":["M","?","M","?","$","E","?","E","T","M","M","?","M","E"],"items_purchased_type":[],"build_version":"2020-12-22","purchased_purges":1,"victory":false,"max_hp_per_floor":[68,68,68,68,68,68,68,68,68,68,68,68,68,68,68],"card_choices":[{"not_picked":["REME_BodyOfCthun","Mayhem"],"picked":"Metamorphosis","floor":0.0},{"not_picked":["DoubleSpark","DarkSpark","GravityBeat"],"picked":"SKIP","floor":1.0},{"not_picked":["DC","6A","PowerUp"],"picked":"SKIP","floor":3},{"not_picked":["LuminesStrike","DarkSpark","6A"],"picked":"SKIP","floor":6},{"not_picked":["6A","Acceleration","SporeBomb"],"picked":"SKIP","floor":8},{"not_picked":["6A","IllusionStar"],"picked":"Orbital","floor":10},{"not_picked":["ShootTheMoon","6A"],"picked":"SatelliteIllusion","floor":11},{"not_picked":["DC","GravityBeat","SporeBomb"],"picked":"SKIP","floor":13}],"player_experience":348113,"relics_obtained":[{"floor":6,"key":"REME_LimitBreaker"},{"floor":8,"key":"Gensokyo:OccultBall"},{"floor":8,"key":"Bag of Preparation"},{"floor":13,"key":"Gensokyo:OccultBall"}],"event_choices":[],"is_beta":false,"boss_relics":[],"items_purged_floors":[5],"is_endless":false,"potions_floor_spawned":[1,3,10],"killed_by":"Gensokyo:Mamizou","ascension_level":4}}