{"host":"me7pax5d7uwssv6n","time":1610881355,"event":{"mods":["BaseMod","Downfall","Minty Spire (QoL Compilation)","StSLib"],"gold_per_floor":[99,114,99,111,131,131,205,205,42,56,41,51,51,36,54,54,54,54],"floor_reached":16,"language":"ENG","playtime":2168,"items_purged":[],"score":92,"play_id":"6b06a8a8-d039-43d8-a6ae-3cc8073dd166","local_time":"20210117190235","is_ascension_mode":false,"campfire_choices":[{"data":"Guardian:TwinSlam","floor":1,"key":"SMITH"},{"data":"Guardian:FloatingOrbs","floor":13,"key":"SMITH"}],"circlet_count":0,"master_deck":["Guardian:Strike_Guardian","Guardian:Strike_Guardian","Guardian:Strike_Guardian","Guardian:Strike_Guardian","Guardian:Defend_Guardian","Guardian:Defend_Guardian+1","Guardian:Defend_Guardian","Guardian:Defend_Guardian","Guardian:CurlUp+1","Guardian:TwinSlam+1","Guardian:FloatingOrbs+1","Guardian:ArmoredProtocol","Guardian:ExploitGems","Guardian:TemporalShield+1","Guardian:DecasProtection+1","Guardian:Suspension+1","Guardian:Gem_Purple","Guardian:ConstructionForm"],"relics":["Guardian:ModeShifter","Toxic Egg 2","War Paint"],"acts_visited":["Exordium"],"potions_floor_usage":[16,16,16],"damage_taken":[{"damage":1,"enemies":"Cultist","floor":2,"turns":3},{"damage":0,"enemies":"downfall:FleeingMerchant","floor":3,"turns":4},{"damage":3,"enemies":"Small Slimes","floor":4,"turns":4},{"damage":0,"enemies":"Jaw Worm","floor":5,"turns":4},{"damage":0,"enemies":"downfall:FleeingMerchant","floor":9,"turns":4},{"damage":13,"enemies":"Exordium Thugs","floor":10,"turns":7},{"damage":15,"enemies":"downfall:FleeingMerchant","floor":11,"turns":4},{"damage":12,"enemies":"Blue Slaver","floor":12,"turns":5},{"damage":2,"enemies":"downfall:FleeingMerchant","floor":14,"turns":4},{"damage":14,"enemies":"Gremlin Gang","floor":15,"turns":6},{"damage":26,"enemies":"SI_SHIV_ARCHETYPE","floor":16,"turns":8}],"seed_played":"1529794846883161890","potions_obtained":[{"floor":4,"key":"champ:CounterPotion"},{"floor":12,"key":"Strength Potion"},{"floor":15,"key":"Weak Potion"}],"is_trial":false,"path_per_floor":["R","M","$","M","M","?","T","?","$","M","$","M","R","$","M","B"],"character_chosen":"GUARDIAN","items_purchased":["War Paint"],"campfire_rested":0,"item_purchase_floors":[9],"current_hp_per_floor":[88,87,87,84,84,84,84,84,84,71,56,44,44,42,28,2,2,2],"gold":54,"neow_bonus":"TEN_PERCENT_HP_BONUS","is_daily":false,"chose_seed":false,"campfire_upgraded":2,"win_rate":0.0,"timestamp":1610881355,"path_taken":["R","M","?","M","M","?","T","?","?","M","$","?","R","$","M","BOSS"],"items_purchased_type":["Relic"],"build_version":"2020-12-22","purchased_purges":0,"victory":false,"max_hp_per_floor":[88,88,88,88,88,88,88,88,88,88,88,88,88,88,88,88,88,88],"card_choices":[{"not_picked":["Guardian:Gem_Cyan","Guardian:Gem_Fragmented"],"picked":"Guardian:FloatingOrbs","floor":2},{"not_picked":["Guardian:TemporalShield","Guardian:Gem_Lightblue"],"picked":"Guardian:Gem_Green","floor":3},{"not_picked":["Guardian:Gem_Cyan","Guardian:PrismaticBarrier"],"picked":"Guardian:ArmoredProtocol","floor":4},{"not_picked":["Guardian:WalkerClaw","Guardian:Incinerate"],"picked":"Guardian:ExploitGems","floor":5},{"not_picked":["Guardian:FloatingOrbs","Guardian:BodySlam"],"picked":"Guardian:TemporalShield+1","floor":9},{"not_picked":["Guardian:RollAttack","Guardian:ShieldCharger+1"],"picked":"Guardian:DecasProtection+1","floor":10},{"not_picked":["Guardian:VentSteam+1","Guardian:TemporalShield+1"],"picked":"Guardian:Suspension+1","floor":11},{"not_picked":["Guardian:VentSteam+1","Guardian:ChargeCore"],"picked":"Guardian:Gem_Cyan","floor":12},{"not_picked":["Guardian:Suspension+1","Guardian:Gem_Green"],"picked":"Guardian:Gem_Purple","floor":14},{"not_picked":["Guardian:ShieldCharger+1","Guardian:ChargeCore"],"picked":"Guardian:ConstructionForm","floor":15}],"player_experience":10154,"relics_obtained":[],"event_choices":[{"damage_healed":0,"gold_gain":0,"player_choice":"Box","damage_taken":0,"relics_obtained":["Toxic Egg 2"],"max_hp_gain":0,"max_hp_loss":0,"event_name":"Big Fish","floor":6,"gold_loss":0,"cards_obtained":["Regret"]},{"cards_removed":["Regret"],"damage_healed":0,"gold_gain":0,"player_choice":"Card Removal","damage_taken":0,"max_hp_gain":0,"max_hp_loss":0,"event_name":"The Cleric","floor":8,"gold_loss":0}],"is_beta":false,"boss_relics":[],"items_purged_floors":[],"is_endless":false,"potions_floor_spawned":[4,12,15],"killed_by":"SI_SHIV_ARCHETYPE","ascension_level":0}}