{"host":"paldcvh53cshz2ra","time":1610884291,"event":{"mods":["BaseMod","Downfall","Marisa????????","Minty Spire (QoL Compilation)","Quick Restart","Robot Space Explorer","StSLib","The Cursed","The Forsaken","The Servant 0.9.4","The Wild Card"],"gold_per_floor":[99,114,114,114,126,126,204,222,235,235,235,160,26,26,38,134,134,84,484,504,515,515,532,614,628,639,589,589,539,539,555,567,665,665,615,634,646,696,714,714,764,431,445,495,509,526,476,476,489,489],"floor_reached":51,"language":"ENG","playtime":5084,"items_purged":[],"score":693,"play_id":"3ae21a5e-1486-4992-8a3a-5b95e60ea90e","local_time":"20210117125131","is_ascension_mode":false,"campfire_choices":[{"data":"Slimebound:CorrosiveSpit","floor":1.0,"key":"SMITH"},{"data":"Slimebound:GrowthPunch","floor":6.0,"key":"SMITH"},{"data":"Slimebound:LeechLife","floor":10.0,"key":"SMITH"},{"data":"Slimebound:TagTeam","floor":18.0,"key":"SMITH"},{"data":"Slimebound:LeechEnergy","floor":27.0,"key":"SMITH"},{"data":"Slimebound:SamplingLick","floor":29.0,"key":"SMITH"},{"data":"Slimebound:Schlurp","floor":35.0,"key":"SMITH"},{"data":"Slimebound:Nibble","floor":47.0,"key":"SMITH"}],"circlet_count":0,"master_deck":["Slimebound:Strike_Slimebound","Slimebound:Strike_Slimebound","Slimebound:Tackle","Slimebound:Defend_Slimebound","Slimebound:Defend_Slimebound","Slimebound:Defend_Slimebound","Slimebound:Defend_Slimebound","Slimebound:Split","Slimebound:CorrosiveSpit+1","Slimebound:SamplingLick+1","Slimebound:GrowthPunch+1","Slimebound:LeechLife+1","Slimebound:LevelUp+1","Slimebound:Darklings","Slimebound:FinishingTackle","Slimebound:SpikyOuterGoop+1","Slimebound:SamplingLick+1","Slimebound:TagTeam+1","Slimebound:Equalize+1","Slimebound:SlimeBarrage+1","Slimebound:LeechEnergy+1","Slimebound:Schlurp+1","Slimebound:LeechingTouch","Slimebound:SlimeTap+1","Slimebound:MinionMaster+1","CurseOfTheBell","Slimebound:RainOfGoop+1","Slimebound:SplitSpecialist+1","Slimebound:ItLooksTasty","Slimebound:Nibble+1","expansioncontent:AwakenDeath+1","Slimebound:Replication+1","Slimebound:LeadByExample+1","Parasite","Slimebound:Equalize+1","Slimebound:LeadByExample+1","Wraith","Slimebound:GoopSpray"],"relics":["Slimebound:AbsorbEndCombat","Frozen Egg 2","Slimebound:GreedOozeRelic","SacredBark","Old Coin","Meat on the Bone","theForsaken:ScaryMask","MutagenicStrength","Calling Bell","Boot","StrikeDummy","Torii","Calipers","theForsaken:Lifeblossom","Thread and Needle"],"acts_visited":["Exordium","TheCity","TheBeyond"],"potions_floor_usage":[50,50],"damage_taken":[{"damage":5.0,"enemies":"Jaw Worm","floor":2.0,"turns":4.0},{"damage":0.0,"enemies":"Small Slimes","floor":5.0,"turns":3.0},{"damage":0.0,"enemies":"Cultist","floor":8.0,"turns":3.0},{"damage":17.0,"enemies":"Exordium Wildlife","floor":9.0,"turns":5.0},{"damage":0.0,"enemies":"downfall:FleeingMerchant","floor":13.0,"turns":4.0},{"damage":3.0,"enemies":"Large Slime","floor":15.0,"turns":5.0},{"damage":40.0,"enemies":"SI_SHIV_ARCHETYPE","floor":16.0,"turns":8.0},{"damage":22.0,"enemies":"DF_ARCHETYPE_STREAMLINE","floor":19.0,"turns":6.0},{"damage":0.0,"enemies":"Chosen","floor":20.0,"turns":4.0},{"damage":26.0,"enemies":"Shelled Parasite and Fungi","floor":21.0,"turns":4.0},{"damage":24.0,"enemies":"Centurion and Healer","floor":23.0,"turns":4.0},{"damage":33.0,"enemies":"Cultist and Chosen","floor":25.0,"turns":6.0},{"damage":24.0,"enemies":"3 Cultists","floor":26.0,"turns":5.0},{"damage":27.0,"enemies":"Sentry and Sphere","floor":31.0,"turns":5.0},{"damage":23.0,"enemies":"Centurion and Healer","floor":32.0,"turns":3.0},{"damage":13.0,"enemies":"IC_MUSHROOM_ARCHETYPE","floor":33.0,"turns":5.0},{"damage":37.0,"enemies":"3 Darklings","floor":36.0,"turns":3.0},{"damage":10.0,"enemies":"3 Shapes","floor":37.0,"turns":6.0},{"damage":3.0,"enemies":"3 Shapes","floor":38.0,"turns":4.0},{"damage":19.0,"enemies":"Maw","floor":39.0,"turns":7.0},{"damage":9.0,"enemies":"Jaw Worm Horde","floor":43.0,"turns":4.0},{"damage":24.0,"enemies":"2 Orb Walkers","floor":44.0,"turns":5.0},{"damage":7.0,"enemies":"Writhing Mass","floor":45.0,"turns":4.0},{"damage":39.0,"enemies":"Spire Growth","floor":46.0,"turns":5.0},{"damage":0.0,"enemies":"Transient","floor":49.0,"turns":5.0},{"damage":70,"enemies":"DF_ARCHETYPE_ORBS","floor":50,"turns":9}],"seed_played":"2101007308274051534","potions_obtained":[{"floor":9.0,"key":"LiquidBronze"},{"floor":16.0,"key":"bronze:BurnAndBuffPotion"},{"floor":20.0,"key":"GamblersBrew"},{"floor":21.0,"key":"bronze:BurnAndBuffPotion"},{"floor":23.0,"key":"SkillPotion"},{"floor":31.0,"key":"LiquidMemories"},{"floor":32.0,"key":"Fire Potion"},{"floor":36.0,"key":"SpeedPotion"},{"floor":39.0,"key":"Block Potion"},{"floor":43.0,"key":"FearPotion"},{"floor":46.0,"key":"DuplicationPotion"}],"is_trial":false,"path_per_floor":["R","M","?","?","M","R","T","M","M","R","?","?","$","?","M","B",null,"R","?","M","M","?","M","T","M","M","R","?","R","?","M","M","B",null,"R","M","M","?","M","?","T","?","M","?","M","M","R","?","M","B",null],"character_chosen":"SLIMEBOUND","items_purchased":["Slimebound:FinishingTackle","Slimebound:SpikyOuterGoop+1"],"campfire_rested":0,"item_purchase_floors":[13,13],"current_hp_per_floor":[71,68,68,68,70,70,70,71,67,67,72,72,76,76,74,38,76,76,56,62,54,54,50,50,41,40,40,40,40,65,48,47,43,76,76,40,48,48,42,42,42,86,86,68,69,50,50,50,68,33],"gold":489,"neow_bonus":"TEN_PERCENT_HP_BONUS","is_daily":false,"chose_seed":false,"campfire_upgraded":8,"win_rate":0.0,"timestamp":1610884291,"path_taken":["R","M","?","?","M","R","T","?","M","R","?","?","$","?","M","BOSS","R","?","M","M","?","?","T","M","M","R","?","R","?","M","M","BOSS","R","M","M","?","M","?","T","?","M","?","M","M","R","?","M","BOSS"],"items_purchased_type":["Card","Card"],"build_version":"2020-12-22","purchased_purges":0,"victory":true,"max_hp_per_floor":[71,71,71,71,71,71,71,71,71,71,76,76,76,76,76,76,76,76,76,76,76,76,76,76,76,76,76,76,76,76,76,76,76,76,76,76,76,76,76,76,76,86,86,86,86,86,86,86,86,86],"card_choices":[{"not_picked":["Slimebound:GrowthPunch","Slimebound:PressTheAttack"],"picked":"Slimebound:SamplingLick","floor":2.0},{"not_picked":["Slimebound:ProtectTheBoss","Slimebound:LivingWall"],"picked":"Slimebound:GrowthPunch","floor":5.0},{"not_picked":["Slimebound:Schlurp","Slimebound:DivideAndConquer"],"picked":"Slimebound:LeechLife","floor":8.0},{"not_picked":["Slimebound:GoopTackle","Slimebound:LeechingTouch"],"picked":"Slimebound:LevelUp+1","floor":9.0},{"not_picked":["Slimebound:Schlurp","Slimebound:FlameTackle"],"picked":"Slimebound:Darklings","floor":13.0},{"not_picked":["Slimebound:ComboTackle","Slimebound:Replication"],"picked":"Slimebound:SamplingLick","floor":15.0},{"not_picked":["Slimebound:FirmFortitude","Slimebound:Darklings"],"picked":"Slimebound:TagTeam","floor":16.0},{"not_picked":["Slimebound:SlimeBrawl","Slimebound:BestDefense+1"],"picked":"Slimebound:Equalize+1","floor":19.0},{"not_picked":["Slimebound:LeechingTouch+1","Slimebound:SplitAcid"],"picked":"Slimebound:SlimeBarrage","floor":20.0},{"not_picked":["Slimebound:Schlurp","Slimebound:ComboTackle"],"picked":"Slimebound:LeechEnergy","floor":21.0},{"not_picked":["Slimebound:LeechEnergy+1","Slimebound:Prepare+1"],"picked":"Slimebound:Schlurp","floor":23.0},{"not_picked":["Slimebound:SplitLeeching","Slimebound:SlimeBrawl"],"picked":"Slimebound:LeechingTouch","floor":25.0},{"not_picked":["Slimebound:ProtectTheBoss+1","Slimebound:Dissolve","Slimebound:LeechEnergy+1"],"picked":"SKIP","floor":26.0},{"not_picked":["Slimebound:SplitBruiser+1","Slimebound:PressTheAttack","Slimebound:RollThrough"],"picked":"SKIP","floor":31.0},{"not_picked":["Slimebound:RollThrough","Slimebound:GrowthPunch"],"picked":"Slimebound:SlimeTap+1","floor":32.0},{"not_picked":["Slimebound:SlimeSlap","Slimebound:MassRepurpose"],"picked":"Slimebound:MinionMaster+1","floor":33.0},{"not_picked":["Slimebound:GoopSpray","Slimebound:Grow+1"],"picked":"Slimebound:RainOfGoop+1","floor":36.0},{"not_picked":["Slimebound:DisruptingSlam","Slimebound:FormOfPuddle"],"picked":"Slimebound:SplitSpecialist+1","floor":37.0},{"not_picked":["Slimebound:Nibble","Slimebound:LivingWall"],"picked":"Slimebound:ItLooksTasty","floor":38.0},{"not_picked":["Slimebound:GoopSpray","Slimebound:GoopTackle+1"],"picked":"Slimebound:Nibble","floor":39.0},{"not_picked":["expansioncontent:LastStand+1","expansioncontent:HyperBeam"],"picked":"expansioncontent:AwakenDeath+1","floor":40.0},{"not_picked":["Slimebound:SplitLeeching","Slimebound:MassRepurpose"],"picked":"Slimebound:Replication+1","floor":43.0},{"not_picked":["Slimebound:FlameTackle+1","Slimebound:GoopSpray"],"picked":"Slimebound:LeadByExample+1","floor":44.0},{"not_picked":["Slimebound:Grow+1","Slimebound:FormOfPuddle+1"],"picked":"Slimebound:Equalize+1","floor":45.0},{"not_picked":["Slimebound:LeechEnergy","Slimebound:Grow+1"],"picked":"Slimebound:LeadByExample+1","floor":46.0},{"not_picked":["Slimebound:FlameTackle+1","Slimebound:LeadByExample+1"],"picked":"Slimebound:GoopSpray","floor":49.0}],"player_experience":2051953,"relics_obtained":[{"floor":7.0,"key":"Frozen Egg 2"},{"floor":19.0,"key":"Old Coin"},{"floor":19.0,"key":"Meat on the Bone"},{"floor":24.0,"key":"theForsaken:ScaryMask"},{"floor":34.0,"key":"Boot"},{"floor":34.0,"key":"StrikeDummy"},{"floor":34.0,"key":"Torii"},{"floor":38.0,"key":"Calipers"},{"floor":41.0,"key":"theForsaken:Lifeblossom"},{"floor":44.0,"key":"Thread and Needle"}],"event_choices":[{"damage_healed":0.0,"max_hp_gain":5.0,"max_hp_loss":0.0,"gold_gain":0.0,"event_name":"Big Fish","player_choice":"Donut","floor":11.0,"gold_loss":0.0,"damage_taken":0.0},{"damage_healed":0.0,"max_hp_gain":0.0,"max_hp_loss":0.0,"gold_gain":0.0,"event_name":"Accursed Blacksmith","player_choice":"Forge","floor":22.0,"gold_loss":0.0,"damage_taken":0.0,"cards_upgraded":["Slimebound:SlimeBarrage"]},{"damage_healed":0.0,"max_hp_gain":0.0,"max_hp_loss":0.0,"gold_gain":0.0,"event_name":"Drug Dealer","player_choice":"Inject Mutagens","floor":28.0,"gold_loss":0.0,"damage_taken":0.0,"relics_obtained":["MutagenicStrength"]},{"damage_healed":25.0,"max_hp_gain":0.0,"max_hp_loss":0.0,"gold_gain":0.0,"event_name":"The Library","player_choice":"Heal","floor":30.0,"gold_loss":0.0,"damage_taken":0.0},{"damage_healed":0.0,"max_hp_gain":0.0,"max_hp_loss":0.0,"gold_gain":0.0,"event_name":"Mysterious Sphere","player_choice":"Fight","floor":44.0,"gold_loss":0.0,"damage_taken":0.0},{"damage_healed":0.0,"max_hp_gain":0.0,"max_hp_loss":0.0,"gold_gain":0.0,"event_name":"OrinTheCat","player_choice":"Ignored","floor":48.0,"gold_loss":0.0,"damage_taken":0.0}],"is_beta":false,"boss_relics":[{"not_picked":["Snecko Eye","Philosopher\u0027s Stone"],"picked":"SacredBark"},{"not_picked":["Runic Dome","Sozu"],"picked":"Calling Bell"}],"items_purged_floors":[],"is_endless":false,"potions_floor_spawned":[9,16,20,21,23,31,32,36,39,43,46],"ascension_level":0}}