{"host":"rl5ku05escnl5kxo","time":1610917525,"event":{"mods":["Act Like it!","BaseMod","Minty Spire (QoL Compilation)","StSLib","The Bug Knight"],"gold_per_floor":[111,124,135,150,250,250,270,270,295,308,322,341,361,13,13,13,13],"floor_reached":16,"language":"ENG","playtime":953,"items_purged":[],"score":98,"play_id":"344a533b-ddc5-47fc-a5f1-931c28b7b068","local_time":"20210117130525","is_ascension_mode":false,"campfire_choices":[{"data":"HollowMod:AbyssShriek","floor":6,"key":"SMITH"},{"data":"HollowMod:HowlingWraiths","floor":8,"key":"SMITH"},{"floor":15,"key":"REST"}],"circlet_count":0,"master_deck":["HollowMod:NailStrikeStart","HollowMod:NailStrikeStart","HollowMod:NailStrikeStart","HollowMod:NailStrikeStart","HollowMod:QuickDashStart","HollowMod:QuickDashStart","HollowMod:QuickDashStart","HollowMod:QuickDashStart","HollowMod:FocusHealStart","HollowMod:PogoStrike","HollowMod:AbyssShriek+1","HollowMod:ChannelNail","HollowMod:SiblingsSouls","HollowMod:HeavyBlow","HollowMod:HowlingWraiths+1","HollowMod:LifebloodCocoon","HollowMod:SoulStrike","HollowMod:DashSlash","HollowMod:BrokenVessel","HollowMod:FastStrike","The Bomb","Flash of Steel","HollowMod:ShadowDash"],"relics":["HollowMod:VesselMask","NeowsBlessing","Nunchaku"],"acts_visited":["Exordium"],"potions_floor_usage":[16,16],"damage_taken":[{"damage":0,"enemies":"Jaw Worm","floor":1,"turns":1},{"damage":0,"enemies":"Cultist","floor":2,"turns":1},{"damage":0,"enemies":"Small Slimes","floor":3,"turns":1},{"damage":0,"enemies":"Gremlin Gang","floor":4,"turns":2},{"damage":14,"enemies":"Large Slime","floor":7,"turns":5},{"damage":17,"enemies":"Blue Slaver","floor":10,"turns":3},{"damage":11,"enemies":"Exordium Wildlife","floor":11,"turns":4},{"damage":13,"enemies":"Looter","floor":12,"turns":2},{"damage":2,"enemies":"2 Fungi Beasts","floor":13,"turns":2},{"damage":47,"enemies":"The Guardian","floor":16,"turns":6}],"seed_played":"8244696692836830047","potions_obtained":[{"floor":2,"key":"SneckoOil"},{"floor":3,"key":"Dexterity Potion"},{"floor":11,"key":"SteroidPotion"},{"floor":12,"key":"Energy Potion"},{"floor":13,"key":"LiquidBronze"}],"is_trial":false,"path_per_floor":["M","M","M","M","?","R","M","R","T","M","M","M","M","$","R","B"],"character_chosen":"THE_BUGKNIGHT","items_purchased":["HollowMod:FastStrike","The Bomb","Flash of Steel","HollowMod:ShadowDash"],"campfire_rested":1,"item_purchase_floors":[14,14,14,14],"current_hp_per_floor":[75,75,75,75,75,75,61,61,61,44,33,20,24,24,46,0,0],"gold":13,"neow_bonus":"THREE_ENEMY_KILL","is_daily":false,"chose_seed":false,"campfire_upgraded":2,"win_rate":0.0,"timestamp":1610917525,"path_taken":["M","M","M","M","?","R","M","R","T","?","?","M","M","$","R","BOSS"],"items_purchased_type":["Card","Card","Card","Card"],"build_version":"2020-12-22","purchased_purges":0,"victory":false,"max_hp_per_floor":[75,75,75,75,75,75,75,75,75,75,75,75,75,75,75,75,75],"card_choices":[{"not_picked":["HollowMod:CornifersMapStart","HollowMod:InfectedCysts"],"picked":"HollowMod:AbyssShriek","floor":1},{"not_picked":["HollowMod:TaintedHusks","HollowMod:CornifersMapStart"],"picked":"HollowMod:ChannelNail","floor":2},{"not_picked":["HollowMod:DoubleDash","HollowMod:WraithStrike"],"picked":"HollowMod:SiblingsSouls","floor":3},{"not_picked":["HollowMod:WraithStrike","HollowMod:CornifersMapStart"],"picked":"HollowMod:HeavyBlow","floor":4},{"not_picked":["HollowMod:DescendingDark","HollowMod:CycloneSlash"],"picked":"HollowMod:HowlingWraiths","floor":7},{"not_picked":["HollowMod:VengefulVoid","HollowMod:HerrahsAnger"],"picked":"HollowMod:LifebloodCocoon","floor":10},{"not_picked":["HollowMod:NewLittleFool","HollowMod:SiblingsShadow"],"picked":"HollowMod:SoulStrike","floor":11},{"not_picked":["HollowMod:DoubleDash","HollowMod:InfectedAttack"],"picked":"HollowMod:DashSlash","floor":12},{"not_picked":["HollowMod:CornifersMapStart","HollowMod:InfectedAttack"],"picked":"HollowMod:BrokenVessel","floor":13}],"player_experience":438857,"relics_obtained":[{"floor":9,"key":"Nunchaku"}],"event_choices":[{"damage_healed":0,"gold_gain":100,"player_choice":"Pray","damage_taken":0,"max_hp_gain":0,"max_hp_loss":0,"event_name":"Golden Shrine","floor":5,"gold_loss":0}],"is_beta":false,"boss_relics":[],"items_purged_floors":[],"is_endless":false,"potions_floor_spawned":[2,3,11,12,13],"killed_by":"The Guardian","ascension_level":0}}