{"host":"kvxcn6q9iznza62e","time":1610898981,"event":{"mods":["100% Spire Juice","2.2 Compatiblity","Act Like it!","Aspiration","BaseMod","Beaked The Cultist","Better Altar","Better Match","Better Note","Better Sensory Stone","Better Skull","Better Third Choice","BetterRewards","Block Reminder","Colored Map","Colored Powertips","Defective Defect","Dota2Spire","Energized Spire","Fox Events","Friendly Minions","GifTheSpireLib","Gold Saver","Gremlin Mod","GungeonMod","Hallownest","Hubris","Lobotomy","LobotomyExtend","Mimic Mod","Minty Spire (QoL Compilation)","Poor People Problems","Quick Restart","Rare Cards Sparkle","Relic Stats","Reorder Act Four","Replay The Spire","Reworked Bosses","Robot Space Explorer","Shade Mod","Spicy Shops","StSLib","Stuff the Spire","The Animator","The Blue Laboratory","The Bug Knight","The Cursed","The Factory","The Jungle","The Necromancer","The Sage","TheHeartMod","Uncapped","Unceasing Turn Reminder","Useless Jewels Mod","Wandering Minibosses","[GremlinLeader]The Maniac","[IsaacMod]????","egg","vexMod","??????REMEMod"],"gold_per_floor":[114,114,126,136,150,150,7,87,122,139,151,151,151,151,163,175,175,175,175],"floor_reached":18,"language":"ENG","playtime":1348,"items_purged":[],"score":106,"play_id":"04868b99-6a04-48b9-81ee-228724517c94","local_time":"20210117155621","is_ascension_mode":false,"campfire_choices":[{"floor":6,"key":"REST"},{"floor":14,"key":"REST"},{"floor":17,"key":"REST"}],"circlet_count":0,"master_deck":["RobotSpaceExplorer:Strike","RobotSpaceExplorer:Strike","RobotSpaceExplorer:Strike","RobotSpaceExplorer:Strike","RobotSpaceExplorer:Defend","RobotSpaceExplorer:Defend","RobotSpaceExplorer:Defend","RobotSpaceExplorer:Defend","RobotSpaceExplorer:MiniLasers","EpicFetus","RobotSpaceExplorer:Accelerator","CrumblingArmor","RobotSpaceExplorer:PowerCollector","RobotSpaceExplorer:ScrapMissile","HappyTeddy","SpiderBud","RobotSpaceExplorer:DroneSwarm","RobotSpaceExplorer:ScrapShield","CherryBlossoms","RobotSpaceExplorer:LaserBurst","LittlePrince","Scorched","RobotSpaceExplorer:Ammunition","RobotSpaceExplorer:MiniBoosters","GalaxyChild","BeautyBeast","RobotSpaceExplorer:Fix","PunishingBird","RobotSpaceExplorer:Probe"],"relics":["RobotSpaceExplorer:RoboCore","HushsDoor","REME_ComplimentaryCards","GuppysTail","CogitoBucket","LetterFromLob","hubris:EmptyBottle","Gremlin Horn","hubris:TenFootPole","RedMistMask","SkinProphecy"],"acts_visited":["Exordium"],"potions_floor_usage":[],"damage_taken":[{"damage":9,"enemies":"Small Slimes","floor":1,"turns":4},{"damage":0,"enemies":"Cultist","floor":3,"turns":3},{"damage":20,"enemies":"Jaw Worm","floor":4,"turns":6},{"damage":7,"enemies":"3 Louse","floor":5,"turns":2},{"damage":0,"enemies":"Gremlin Gang","floor":9,"turns":5},{"damage":30,"enemies":"Gremlin Gang","floor":10,"turns":5},{"damage":7,"enemies":"Exordium Thugs","floor":11,"turns":2},{"damage":29,"enemies":"Large Slime","floor":15,"turns":4},{"damage":12,"enemies":"Exordium Wildlife","floor":16,"turns":3},{"damage":95,"enemies":"Hexaghost","floor":18,"turns":1}],"seed_played":"9138060395769720421","potions_obtained":[{"floor":3,"key":"Milkshake"},{"floor":11,"key":"blueLaboratory:BottleOfVodka"},{"floor":16,"key":"blueLaboratory:HorrorPotion"}],"is_trial":false,"path_per_floor":["M","?","M","M","M","R","$","T","MIM","M","M","PTL","PTL","R","M","M","R","B"],"character_chosen":"RobotSpaceExplorer","items_purchased":["hubris:EmptyBottle"],"campfire_rested":3,"item_purchase_floors":[7],"current_hp_per_floor":[66,75,75,55,48,70,70,70,70,40,29,29,29,52,19,3,27,0,0],"gold":175,"neow_bonus":"","is_daily":false,"chose_seed":false,"campfire_upgraded":0,"win_rate":0.0,"timestamp":1610898981,"path_taken":["M","?","?","M","M","R","?","?","MIM","M","M","PTL","PTL","R","M","M","R","BOSS"],"items_purchased_type":["Relic"],"build_version":"2020-12-22","purchased_purges":0,"victory":false,"max_hp_per_floor":[75,75,75,75,75,75,75,75,75,75,77,77,77,77,79,81,81,83,83],"relic_stats":{"Gremlin Horn":[3,3],"counters":[11,36],"obtain_stats":[{"KeepersGift":0,"GuppysTail":0,"Gremlin Horn":8,"RobotSpaceExplorer:RoboCore":0,"DemoMod:GlassGuonStoneRelic":9,"hubris:EmptyBottle":7,"SkinProphecy":10,"CogitoBucket":0,"RedMistMask":10,"LetterFromLob":1,"hubris:TenFootPole":9,"HushsDoor":0,"REME_ComplimentaryCards":0},{"KeepersGift":0,"GuppysTail":0,"Gremlin Horn":4,"RobotSpaceExplorer:RoboCore":0,"DemoMod:GlassGuonStoneRelic":5,"hubris:EmptyBottle":4,"SkinProphecy":7,"CogitoBucket":0,"RedMistMask":7,"LetterFromLob":1,"hubris:TenFootPole":5,"HushsDoor":0,"REME_ComplimentaryCards":0},{"KeepersGift":0,"GuppysTail":0,"Gremlin Horn":15,"RobotSpaceExplorer:RoboCore":0,"DemoMod:GlassGuonStoneRelic":20,"hubris:EmptyBottle":15,"SkinProphecy":26,"CogitoBucket":0,"RedMistMask":26,"LetterFromLob":4,"hubris:TenFootPole":20,"HushsDoor":0,"REME_ComplimentaryCards":0}]},"card_choices":[{"not_picked":[],"picked":"EpicFetus","floor":0},{"not_picked":["Scorched","CherryBlossoms"],"picked":"CrumblingArmor","floor":1},{"not_picked":["RobotSpaceExplorer:StunGrenade","RobotSpaceExplorer:JunkDive"],"picked":"RobotSpaceExplorer:PowerCollector","floor":1},{"not_picked":["RobotSpaceExplorer:GearShield","RobotSpaceExplorer:DoubleFind"],"picked":"RobotSpaceExplorer:ScrapMissile","floor":3},{"not_picked":["Bloodbath","OldLady","UniverseFragment"],"picked":"Singing Bowl","floor":3},{"not_picked":["OldLady","OSAHOGD"],"picked":"HappyTeddy","floor":3},{"not_picked":["CherryBlossoms","Bloodbath"],"picked":"SpiderBud","floor":4},{"not_picked":["RobotSpaceExplorer:ImprovisedAttack","RobotSpaceExplorer:Pulsar"],"picked":"RobotSpaceExplorer:DroneSwarm","floor":4},{"not_picked":["Bomb","RobotSpaceExplorer:Arsenal"],"picked":"RobotSpaceExplorer:ScrapShield","floor":5},{"not_picked":["UniverseFragment","Scorched"],"picked":"CherryBlossoms","floor":5},{"not_picked":["RobotSpaceExplorer:StunGrenade","RobotSpaceExplorer:SlimeMissile"],"picked":"RobotSpaceExplorer:LaserBurst","floor":9},{"not_picked":["GalaxyChild","Bloodbath"],"picked":"LittlePrince","floor":9},{"not_picked":["BlackSwan","PunishingBird"],"picked":"Scorched","floor":10},{"not_picked":["RobotSpaceExplorer:StunGrenade","RobotSpaceExplorer:FrostMissile"],"picked":"RobotSpaceExplorer:Ammunition","floor":10},{"not_picked":["RobotSpaceExplorer:GlueShot","RobotSpaceExplorer:IronShell"],"picked":"RobotSpaceExplorer:MiniBoosters","floor":11},{"not_picked":["VoidDream","QueenOfHatred"],"picked":"GalaxyChild","floor":11},{"not_picked":["BigBird","SnowQueen"],"picked":"BeautyBeast","floor":15},{"not_picked":["RobotSpaceExplorer:FranticSearch","RobotSpaceExplorer:Asteroid"],"picked":"RobotSpaceExplorer:Fix","floor":15},{"not_picked":["Alriune","OSAHOGD"],"picked":"PunishingBird","floor":16},{"not_picked":["RobotSpaceExplorer:MakeshiftVolley","RobotSpaceExplorer:LaserBurst"],"picked":"RobotSpaceExplorer:Probe","floor":16}],"player_experience":89826,"relics_obtained":[{"floor":1,"key":"LetterFromLob"},{"floor":8,"key":"Gremlin Horn"},{"floor":9,"key":"hubris:TenFootPole"},{"floor":10,"key":"RedMistMask"}],"event_choices":[],"is_beta":false,"boss_relics":[],"items_purged_floors":[],"is_endless":false,"potions_floor_spawned":[3,5,11,16],"killed_by":"Hexaghost","ascension_level":0}}