{"host":"q3109sz2drhwh89o","time":1610852033,"event":{"mods":["BaseMod","Downfall","Minty Spire (QoL Compilation)","StSLib","everything is the same but u backflip on backflip"],"gold_per_floor":[99,99,99,99,99,99,124,299,299,332,347,247,232,251,269,364,364,264,280,295,295,11,41,41,41,41,52,52,52,52,152,163,163,163,163],"floor_reached":33,"language":"ENG","playtime":2195,"items_purged":["downfall:Malfunctioning"],"score":298,"play_id":"9e0952a5-629f-40be-b226-cb3de19da6f9","local_time":"20210116215353","is_ascension_mode":true,"campfire_choices":[{"data":"hexamod:Float","floor":1.0,"key":"SMITH"},{"floor":9.0,"key":"RECALL"},{"data":"hexamod:BurningTouch","floor":12.0,"key":"SMITH"},{"data":"hexamod:FlamesFromBeyond","floor":18,"key":"SMITH"},{"data":"hexamod:BurningTouch","floor":26,"key":"SMITH"}],"circlet_count":0,"master_deck":["hexamod:Strike","hexamod:Strike","hexamod:Strike","hexamod:Strike","hexamod:Defend","hexamod:Defend+1","hexamod:Defend","hexamod:Sear","hexamod:Float+1","hexamod:Again+1","hexamod:Hexaguard+1","Doubt","hexamod:SoulSteal","hexamod:BurningTouch+1","hexamod:BurningTouch+1","hexamod:FlamesFromBeyond+1","hexamod:ThermalTransfer","hexamod:VolcanoVisage","CurseOfTheBell","hexamod:SpectralSpark","hexamod:HeatMetal","hexamod:Hexaguard","hexamod:AdvancingGuard+1","hexamod:EmpoweredFlame","hexamod:TimeOfNeed"],"relics":["hexamod:SpiritBrand","downfall:HeartsMalice","downfall:ShatteredFragment","MealTicket","hexamod:InflammatoryLetter","downfall:HeartBlessingRed","Calling Bell","Girya","Juzu Bracelet","Sundial","downfall:HeartBlessingGreen","MutagenicStrength","Toy Ornithopter","Matryoshka","Pantograph","downfall:RedIOU","downfall:GremlinWheel"],"acts_visited":["Exordium","TheCity"],"potions_floor_usage":[20,23,33],"damage_taken":[{"damage":0.0,"enemies":"Small Slimes","floor":2.0,"turns":1.0},{"damage":0.0,"enemies":"2 Louse","floor":3.0,"turns":1.0},{"damage":0.0,"enemies":"Lagavulin","floor":10.0,"turns":1.0},{"damage":1.0,"enemies":"Cultist","floor":11.0,"turns":3.0},{"damage":0.0,"enemies":"downfall:FleeingMerchant","floor":13.0,"turns":4.0},{"damage":0,"enemies":"Blue Slaver","floor":14,"turns":3},{"damage":16,"enemies":"Gremlin Gang","floor":15,"turns":3},{"damage":17,"enemies":"IC_STATUS_ARCHETYPE","floor":16,"turns":6},{"damage":12,"enemies":"Spheric Guardian","floor":19,"turns":4},{"damage":0,"enemies":"Chosen and Byrds","floor":20,"turns":4},{"damage":10,"enemies":"downfall:FleeingMerchant","floor":22,"turns":4},{"damage":2,"enemies":"Book of Stabbing","floor":23,"turns":5},{"damage":0,"enemies":"Centurion and Healer","floor":27,"turns":4},{"damage":11,"enemies":"Centurion and Healer","floor":31,"turns":3},{"damage":11,"enemies":"Snecko","floor":32,"turns":4},{"damage":64,"enemies":"DF_ARCHETYPE_CLAW","floor":33,"turns":8}],"seed_played":"2001781932650823200","potions_obtained":[{"floor":14,"key":"Dexterity Potion"},{"floor":15,"key":"Dexterity Potion"},{"floor":16,"key":"Fruit Juice"},{"floor":20,"key":"Dexterity Potion"},{"floor":32,"key":"SteroidPotion"}],"is_trial":false,"path_per_floor":["R","M","M","?","?","?","T","?","R","E","M","R","$","M","M","B",null,"R","M","M","?","$","E","T","?","R","M","?","?","?","?","M","B"],"character_chosen":"THE_SPIRIT","items_purchased":["hexamod:Hexaguard","Toy Ornithopter"],"campfire_rested":0,"item_purchase_floors":[22,22],"current_hp_per_floor":[70,70,70,70,70,49,49,49,49,49,48,48,63,63,47,30,70,70,58,63,63,65,68,68,54,54,54,54,54,54,43,32,0,0,0],"gold":163,"neow_bonus":"THREE_ENEMY_KILL","is_daily":false,"chose_seed":false,"campfire_upgraded":4,"win_rate":0.0,"timestamp":1610852033,"path_taken":["R","M","M","?","?","?","T","?","R","E","M","R","$","M","M","BOSS","R","M","M","?","$","E","T","?","R","M","?","?","?","?","M","BOSS"],"items_purchased_type":["Card","Relic"],"build_version":"2020-12-22","purchased_purges":1,"victory":false,"max_hp_per_floor":[70,70,70,70,70,70,70,70,70,70,70,70,70,70,70,70,70,70,70,75,75,75,75,75,80,80,80,80,80,80,80,80,80,80,80],"card_choices":[{"not_picked":["hexamod:BacktrackSmack","hexamod:InspiringFlames"],"picked":"hexamod:Again","floor":2.0},{"not_picked":["hexamod:RecurringNightmare","hexamod:RadiantFlame"],"picked":"hexamod:Hexaguard","floor":3.0},{"not_picked":["hexamod:BurningTouch","hexamod:NightmareGuise"],"picked":"hexamod:SoulSteal","floor":10.0},{"not_picked":["hexamod:NightmareGuise","hexamod:SuperheatedStrike"],"picked":"hexamod:BurningTouch","floor":11.0},{"not_picked":["hexamod:ExtraCrispy","hexamod:HauntingEcho"],"picked":"hexamod:BurningTouch","floor":13},{"not_picked":["hexamod:GhostflameInferno","hexamod:NightmareStrike"],"picked":"hexamod:FlamesFromBeyond","floor":14},{"not_picked":["hexamod:FastForward","hexamod:GhostShield"],"picked":"hexamod:ThermalTransfer","floor":15},{"not_picked":["hexamod:ForkedFlame","hexamod:TurnItUp"],"picked":"hexamod:VolcanoVisage","floor":16},{"not_picked":["hexamod:RainOfEmbers","hexamod:SkipABeat"],"picked":"hexamod:SpectralSpark","floor":19},{"not_picked":["hexamod:GhostShield+1","hexamod:BacktrackSmack+1","hexamod:Firestarter"],"picked":"SKIP","floor":20},{"not_picked":["hexamod:EtherealExpedition","hexamod:ShieldOfDarkness"],"picked":"hexamod:HeatMetal","floor":22},{"not_picked":["hexamod:GhostOfSpireFuture+1","hexamod:PhantomCloak"],"picked":"hexamod:AdvancingGuard+1","floor":23},{"not_picked":["hexamod:FastForward","hexamod:GhostOfSpirePast"],"picked":"hexamod:EmpoweredFlame","floor":27},{"not_picked":["hexamod:StepThrough+1","hexamod:ChargedBarrage+1","hexamod:BacktrackSmack"],"picked":"SKIP","floor":32}],"player_experience":102251,"relics_obtained":[{"floor":7.0,"key":"MealTicket"},{"floor":10.0,"key":"hexamod:InflammatoryLetter"},{"floor":17,"key":"Girya"},{"floor":17,"key":"Juzu Bracelet"},{"floor":17,"key":"Sundial"},{"floor":23,"key":"Matryoshka"},{"floor":24,"key":"Nunchaku"},{"floor":24,"key":"Pantograph"},{"floor":31,"key":"downfall:GremlinWheel"}],"event_choices":[{"cards_removed":["hexamod:Defend"],"damage_healed":0.0,"max_hp_gain":0.0,"max_hp_loss":0.0,"gold_gain":0.0,"event_name":"The Cleric","player_choice":"Card Removal","floor":4.0,"gold_loss":0.0,"damage_taken":0.0},{"damage_healed":0,"gold_gain":0,"player_choice":"Inject Mutagens","damage_taken":0,"relics_obtained":["MutagenicStrength"],"max_hp_gain":0,"max_hp_loss":0,"event_name":"Drug Dealer","floor":21,"gold_loss":0}],"is_beta":false,"boss_relics":[{"not_picked":["Snecko Eye","Runic Dome"],"picked":"Calling Bell"}],"items_purged_floors":[22],"is_endless":false,"potions_floor_spawned":[14,15,16,19,20,32],"killed_by":"DF_ARCHETYPE_CLAW","ascension_level":1}}