{"host":"h3vysik1bw5w0dm6","time":1610898950,"event":{"mods":["AchievementEnabler","Aspiration","BaseMod","Better Note","Better Sensory Stone","Better Vampires","BetterRewards","Colored Powertips","Conspire","Downfall","Friendly Minions","Googly Eyes","Gremlin Skip","Halation","Infinite Spire","Minty Spire (QoL Compilation)","Quick Restart","Shop Mod","StSLib"],"gold_per_floor":[110,110,59,70,70,100,100,100,127,25,45,80,29,45,45,147,147,157,171,171,186,186,186,186,186,209,224,224,239,241,241],"floor_reached":30,"language":"ENG","playtime":2068,"items_purged":["Defend_G"],"score":238,"play_id":"1436b3a2-35a7-43fd-848e-98c3fc51b2ee","local_time":"20210117165550","daily_mods":["Diverse","Heirloom"],"is_ascension_mode":false,"campfire_choices":[{"floor":8,"key":"REST"},{"data":"Slimebound:Schlurp","floor":15,"key":"SMITH"},{"floor":24,"key":"REST"},{"floor":28,"key":"REST"}],"circlet_count":0,"master_deck":["Strike_G+1","Strike_G+1","Strike_G+1","Strike_G+1","Strike_G+1","Defend_G+1","Defend_G+1","Defend_G+1","Survivor","Neutralize","Slimebound:Schlurp+1","sneckomod:UnknownUncommonAttack","Guardian:Recover","Storm","hexamod:TimeOfNeed","Seek","Writhe","Coolheaded+1","Establishment"],"relics":["Ring of the Snake","aspiration:AnachronicSnailShell","Pen Nib","Tough Bandages","conspire:TopHat","Smiling Mask","Paper Crane","conspire:RunicOctahedron","Toy Ornithopter","halation:HeavySnake","Snake Skull","Vajra"],"acts_visited":["Exordium","TheCity"],"potions_floor_usage":[6,11,12,16,16,19],"damage_taken":[{"damage":3,"enemies":"Jaw Worm","floor":1,"turns":8},{"damage":1,"enemies":"Cultist","floor":4,"turns":5},{"damage":30,"enemies":"Gremlin Nob","floor":6,"turns":5},{"damage":0,"enemies":"2 Louse","floor":11,"turns":2},{"damage":2,"enemies":"3 Sentries","floor":12,"turns":10},{"damage":0,"enemies":"Exordium Wildlife","floor":14,"turns":3},{"damage":17,"enemies":"The Guardian","floor":16,"turns":13},{"damage":0,"enemies":"Shell Parasite","floor":18,"turns":8},{"damage":0,"enemies":"3 Byrds","floor":19,"turns":7},{"damage":54,"enemies":"Sentry and Sphere","floor":21,"turns":13},{"damage":19,"enemies":"Centurion and Healer","floor":27,"turns":7},{"damage":11,"enemies":"Snecko","floor":29,"turns":7},{"damage":28,"enemies":"Cultist and Chosen","floor":30,"turns":9}],"seed_played":"4142958657204681827","potions_obtained":[{"floor":1,"key":"Energy Potion"},{"floor":6,"key":"LiquidMemories"},{"floor":11,"key":"LiquidBronze"},{"floor":14,"key":"AttackPotion"},{"floor":16,"key":"champ:CounterPotion"},{"floor":18,"key":"Swift Potion"},{"floor":21,"key":"FearPotion"}],"is_trial":true,"path_per_floor":["M","?","$","M","?","E","T","R","T","$","M","E","$","M","R","B",null,"M","M","AVR","M","?","?","R","?","T","M","R","M","M"],"character_chosen":"THE_SILENT","items_purchased":["Slimebound:Schlurp","Poison Potion","AttackPotion"],"campfire_rested":3,"item_purchase_floors":[3,10,13],"current_hp_per_floor":[67,67,67,66,63,33,33,54,54,54,54,52,52,52,52,35,70,70,70,70,16,16,16,37,37,37,18,39,28,0,0],"gold":241,"neow_bonus":"","is_daily":false,"chose_seed":false,"campfire_upgraded":1,"win_rate":0.0,"timestamp":1610898950,"path_taken":["M","?","$","?","?","E","?","R","T","?","M","E","$","M","R","BOSS","M","M","AVR","M","?","?","R","?","T","?","R","M","M"],"items_purchased_type":["Card","Potion","Potion"],"build_version":"2020-12-22","purchased_purges":1,"victory":false,"max_hp_per_floor":[70,70,70,70,70,70,70,70,70,70,70,70,70,70,70,70,70,70,70,70,70,70,70,70,70,70,70,70,70,70,70],"card_choices":[{"not_picked":["EmptyFist","bronze:Shield","Guardian:PrismaticBeam"],"picked":"SKIP","floor":1},{"not_picked":["Blade Dance","bronze:BugBarrage","bronze:FollowUp"],"picked":"SKIP","floor":4},{"not_picked":["Slimebound:TongueLash","Slimebound:AcidTongue"],"picked":"sneckomod:UnknownUncommonAttack","floor":6},{"not_picked":["Redo","ConjureBlade"],"picked":"Guardian:Recover","floor":11},{"not_picked":["bronze:Branch","bronze:ItsAFeature"],"picked":"Storm","floor":12},{"not_picked":["JustLucky","Accuracy","FollowUp"],"picked":"SKIP","floor":14},{"not_picked":["Vault","Slimebound:OozeBath"],"picked":"hexamod:TimeOfNeed","floor":16},{"not_picked":["bronze:ItsAFeature","BowlingBash","Skewer"],"picked":"SKIP","floor":18},{"not_picked":["champ:TornadoPunch+1","sneckomod:DiceBlock+1","Guardian:TemporalShield"],"picked":"SKIP","floor":19},{"not_picked":["Clash","hexamod:InspiringFlames+1","Slimebound:PressTheAttack"],"picked":"SKIP","floor":21},{"not_picked":["Guardian:Suspension","Clash"],"picked":"Coolheaded+1","floor":27},{"not_picked":["Guardian:Suspension","champ:GutPunch"],"picked":"Establishment","floor":29}],"player_experience":372017,"relics_obtained":[{"floor":6,"key":"Tough Bandages"},{"floor":7,"key":"conspire:TopHat"},{"floor":9,"key":"Smiling Mask"},{"floor":12,"key":"Paper Crane"},{"floor":26,"key":"Vajra"}],"event_choices":[{"cards_removed":["Defend_G"],"damage_healed":0,"gold_gain":0,"player_choice":"Purged","damage_taken":0,"max_hp_gain":0,"max_hp_loss":0,"event_name":"Purifier","floor":2,"gold_loss":0},{"damage_healed":0,"gold_gain":0,"player_choice":"Success","damage_taken":3,"relics_obtained":["Pen Nib"],"max_hp_gain":0,"max_hp_loss":0,"event_name":"Scrap Ooze","floor":5,"gold_loss":0},{"cards_removed":["hexamod:TimeOfNeed"],"damage_healed":0,"gold_gain":0,"player_choice":"Take \u0026 Give","damage_taken":0,"max_hp_gain":0,"max_hp_loss":0,"event_name":"betterNote:BetterNote","floor":22,"gold_loss":0,"cards_obtained":["Seek"]},{"damage_healed":0,"gold_gain":0,"player_choice":"Opened","damage_taken":0,"relics_obtained":["Snake Skull"],"max_hp_gain":0,"max_hp_loss":0,"event_name":"The Mausoleum","floor":23,"gold_loss":0,"cards_obtained":["Writhe"]},{"damage_healed":0,"gold_gain":0,"player_choice":"Simplicity","damage_taken":0,"max_hp_gain":0,"max_hp_loss":0,"event_name":"Back to Basics","floor":25,"gold_loss":0,"cards_upgraded":["Strike_G","Strike_G","Strike_G","Strike_G","Strike_G","Defend_G","Defend_G","Defend_G"]}],"is_beta":false,"boss_relics":[{"not_picked":["halation:MonkeysPaw","Busted Crown"],"picked":"conspire:RunicOctahedron"}],"items_purged_floors":[10],"is_endless":false,"potions_floor_spawned":[1,6,11,14,16,18,21],"killed_by":"Cultist and Chosen","ascension_level":0}}