{"host":"xm0tf1maiknh0fp9","time":1610916069,"event":{"mods":["BaseMod","Colored Map","Colored Powertips","Googly Eyes","Minty Spire (QoL Compilation)","Replay The Spire","StSLib"],"gold_per_floor":[112,112,287,300,300,334,334,369,395,415,415,444,455,470,470,470,470],"floor_reached":16,"language":"ENG","playtime":716,"items_purged":[],"score":196,"play_id":"2471e956-747d-45bd-8dc3-6a64a50370e2","local_time":"20210117154109","is_ascension_mode":true,"campfire_choices":[{"data":"Defend_G","floor":7,"key":"SMITH"},{"data":"Defend_G","floor":11,"key":"SMITH"},{"floor":15,"key":"REST"}],"circlet_count":0,"master_deck":["Strike_G","Strike_G","Strike_G","Strike_G","Strike_G","Defend_G+1","Defend_G","Defend_G","Defend_G","Defend_G+1","Survivor","Neutralize+1","Doubt"],"relics":["Ring of the Snake","NeowsBlessing","Oddly Smooth Stone","White Beast Statue","Replay:Mystery Machine","Bag of Preparation"],"acts_visited":["Exordium"],"potions_floor_usage":[8,12,13,16,16,16],"damage_taken":[{"damage":0,"enemies":"Cultist","floor":1,"turns":1},{"damage":0,"enemies":"Small Slimes","floor":4,"turns":1},{"damage":0,"enemies":"Lagavulin","floor":6,"turns":1},{"damage":18,"enemies":"3 Sentries","floor":8,"turns":15},{"damage":1,"enemies":"2 Louse","floor":10,"turns":4},{"damage":30,"enemies":"Gremlin Nob","floor":12,"turns":5},{"damage":3,"enemies":"Large Slime","floor":13,"turns":13},{"damage":1,"enemies":"Red Slaver","floor":14,"turns":5},{"damage":48,"enemies":"Fading Forest","floor":16,"turns":8}],"seed_played":"1361458056914976404","potions_obtained":[{"floor":1,"key":"Toxic Potion"},{"floor":4,"key":"Adrenaline Potion"},{"floor":8,"key":"EssenceOfSteel"},{"floor":10,"key":"Milkshake"},{"floor":12,"key":"Doom Potion"},{"floor":13,"key":"EntropicBrew"}],"is_trial":false,"path_per_floor":["M","?","?","M","?","E","R","E","T","M","R","E","M","M","R","B"],"character_chosen":"THE_SILENT","items_purchased":[],"campfire_rested":1,"item_purchase_floors":[],"current_hp_per_floor":[63,63,63,63,68,68,68,50,50,49,49,19,16,15,37,0,0],"gold":470,"neow_bonus":"THREE_ENEMY_KILL","is_daily":false,"chose_seed":false,"campfire_upgraded":2,"win_rate":0.0,"timestamp":1610916069,"path_taken":["M","?","?","M","?","E","R","E","T","M","R","E","M","M","R","BOSS"],"items_purchased_type":[],"build_version":"2020-12-22","purchased_purges":0,"victory":false,"max_hp_per_floor":[70,70,70,70,75,75,75,75,75,75,75,75,75,75,75,75,75],"card_choices":[{"not_picked":["Masterful Stab","Leg Sweep","Toxin Wave"],"picked":"SKIP","floor":1},{"not_picked":["Deflect","Skewer","Dagger Throw"],"picked":"SKIP","floor":4},{"not_picked":["Backflip","Well Laid Plans","Bane"],"picked":"SKIP","floor":6},{"not_picked":["ReplayTheSpireMod:Necrosis","Outmaneuver","Prepared"],"picked":"SKIP","floor":8},{"not_picked":["Underhanded Strike","Backstab","Backflip"],"picked":"SKIP","floor":10},{"not_picked":["Deadly Poison","Slice","Dodge and Roll"],"picked":"SKIP","floor":12},{"not_picked":["Dagger Spray","Sucker Punch","Well Laid Plans"],"picked":"SKIP","floor":13},{"not_picked":["Poisoned Stab","Tactician","All Out Attack"],"picked":"SKIP","floor":14}],"player_experience":136928,"relics_obtained":[{"floor":6,"key":"Oddly Smooth Stone"},{"floor":8,"key":"White Beast Statue"},{"floor":9,"key":"Replay:Mystery Machine"},{"floor":12,"key":"Bag of Preparation"}],"event_choices":[{"damage_healed":0,"gold_gain":175,"player_choice":"AGREE","damage_taken":0,"max_hp_gain":0,"max_hp_loss":0,"event_name":"Liars Game","floor":3,"gold_loss":0,"cards_obtained":["Doubt"]},{"damage_healed":0,"gold_gain":0,"player_choice":"Donut","damage_taken":0,"max_hp_gain":5,"max_hp_loss":0,"event_name":"Big Fish","floor":5,"gold_loss":0}],"is_beta":false,"boss_relics":[],"items_purged_floors":[],"is_endless":false,"potions_floor_spawned":[1,4,8,10,12,13,14],"killed_by":"Fading Forest","ascension_level":7}}