{"host":"lf8w6lk2ipwfzeol","time":1610884077,"event":{"mods":["ATMod(阿瑾Mod)","Act Like it!","BaseMod","BetterRewards","Downfall","Hermit","Minty Spire (QoL Compilation)","Quick Restart","Robot Space Explorer","StSLib","TestMod","The Cursed","The Hierophant","The Marked","The Runesmith","The Servant 0.9.4","Youmu（魂魄妖梦）"],"gold_per_floor":[119,119,194,194,441,441,472,422,490,51,64,88,88,88,88,208,208,221,234,234,334,355,355,355,355,381,381,306,431,431,454,454,573,573,588,424,424,487,552,595,595,285,363,387,387,387,423,438,438,438],"floor_reached":51,"language":"ZHS","playtime":3575,"items_purged":["Bash","Strike_R","Pain","Juggernaut"],"score":1221,"play_id":"d7e6f3dc-3ca4-425c-8763-a731ebe22f21","local_time":"20210117194757","is_ascension_mode":true,"campfire_choices":[{"data":"AT_ShrugMaster","floor":6.0,"key":"SMITH"},{"data":"Armaments","floor":15.0,"key":"SMITH"},{"data":"Juggernaut","floor":23.0,"key":"SMITH"},{"data":"Second Wind","floor":25.0,"key":"SMITH"},{"data":"AT_BodySlamDance","floor":32.0,"key":"SMITH"},{"data":"AT_ShrugMaster","floor":41.0,"key":"SMITH"},{"data":"Body Slam","floor":46,"key":"SMITH"},{"data":"Madness","floor":49,"key":"SMITH"}],"circlet_count":0,"master_deck":["Defend_R","Defend_R","Defend_R","Defend_R","AT_ShrugMaster+1","Armaments+1","AT_BodySlamDance+1","Body Slam+1","Headbutt","Cleave+1","Bite","Bite","Bite","Bite","CurseOfTheBell","Juggernaut+1","Second Wind+1","Shame","Rage+1","True Grit+1","AT_ShrugMaster+1","Madness+1","Madness","Sentinel+1","Dual Wield"],"relics":["Burning Blood","AT_ATBox","testmod-CasingShield","Anchor","Magic Flower","Golden Idol","Juzu Bracelet","Sling","Meat on the Bone","Art of War","testmod-CrystalShield","AT_RedNoBalance","Bag of Preparation","testmod-Maize","testmod-Fanaticism","Calling Bell","testmod-Antiphasic","AT_ImmortalShieldbow","testmod-Déjàvu","Nunchaku","testmod-Laevatain","Molten Egg 2","testmod-Recursion","CaptainsWheel","Bird Faced Urn","Smiling Mask","Frozen Egg 2","Self Forming Clay","Runesmith:AutoHammer"],"acts_visited":["Exordium","TheCity","TheBeyond"],"potions_floor_usage":[],"damage_taken":[{"damage":0.0,"enemies":"2 Louse","floor":1.0,"turns":4.0},{"damage":0.0,"enemies":"Lagavulin","floor":7.0,"turns":4.0},{"damage":0.0,"enemies":"Jaw Worm","floor":11.0,"turns":2.0},{"damage":0.0,"enemies":"Cultist","floor":12.0,"turns":2.0},{"damage":0.0,"enemies":"The Guardian","floor":16.0,"turns":3.0},{"damage":24.0,"enemies":"2 Thieves","floor":18.0,"turns":2.0},{"damage":0.0,"enemies":"3 Byrds","floor":19.0,"turns":2.0},{"damage":0.0,"enemies":"Snecko","floor":22.0,"turns":4.0},{"damage":0.0,"enemies":"Colosseum Slavers","floor":29.0,"turns":1.0},{"damage":4.0,"enemies":"Colosseum Nobs","floor":29.0,"turns":2.0},{"damage":7.0,"enemies":"Cultist and Chosen","floor":31.0,"turns":3.0},{"damage":4.0,"enemies":"Collector","floor":33.0,"turns":4.0},{"damage":4.0,"enemies":"3 Shapes","floor":35.0,"turns":1.0},{"damage":0.0,"enemies":"Mind Bloom Boss Battle","floor":38.0,"turns":3.0},{"damage":17.0,"enemies":"2 Orb Walkers","floor":39.0,"turns":2.0},{"damage":68.0,"enemies":"Reptomancer","floor":40.0,"turns":3.0},{"damage":0,"enemies":"Orb Walker","floor":44,"turns":2},{"damage":0,"enemies":"Nemesis","floor":47,"turns":3},{"damage":0,"enemies":"Sphere and 2 Shapes","floor":48,"turns":1},{"damage":36,"enemies":"Awakened One","floor":50,"turns":5}],"seed_played":"-7371405815821803562","potions_obtained":[{"floor":1.0,"key":"Strength Potion"},{"floor":31.0,"key":"ColorlessPotion"},{"floor":33.0,"key":"Guardian:BlockOnCardUsePotion"}],"is_trial":false,"path_per_floor":["M","?","?","?","$","R","E","?","T","$","M","M","?","?","R","B",null,"M","M","?","?","M","R","?","R","T","?","?","?","?","M","R","B",null,"M","$","?","?","?","E","R","$","T","M","?","R","E","M","R","B",null],"character_chosen":"IRONCLAD","items_purchased":["Anchor","Armaments","Sling","Meat on the Bone","Art of War","Body Slam","Bag of Preparation","testmod-Maize","AT_ShrugMaster","Frozen Egg 2"],"campfire_rested":0,"item_purchase_floors":[0,0,5,5,5,5,10,10,36,42],"current_hp_per_floor":[80,60,49,49,49,49,58,58,58,58,67,67,67,59,59,67,80,80,80,56,61,61,61,61,61,61,61,61,61,61,61,61,61,61,61,61,53,61,66,76,76,76,76,76,76,76,76,76,76,81],"gold":438,"neow_bonus":"","is_daily":false,"chose_seed":false,"campfire_upgraded":8,"win_rate":0.0,"timestamp":1610884077,"path_taken":["M","?","?","?","?","R","E","?","T","$","M","M","?","?","R","BOSS","M","M","?","?","M","R","?","R","T","?","?","?","?","M","R","BOSS","M","$","?","?","?","E","R","$","T","M","?","R","E","M","R","BOSS"],"items_purchased_type":["Relic","Card","Relic","Relic","Relic","Card","Relic","Relic","Card","Relic"],"build_version":"2020-12-22","purchased_purges":4,"victory":true,"max_hp_per_floor":[80,80,80,80,80,80,80,80,80,80,80,80,80,80,80,80,80,80,80,56,61,61,61,61,61,61,61,61,61,61,61,61,61,61,61,61,61,61,66,76,76,76,76,76,76,76,76,76,76,81],"card_choices":[{"not_picked":["Uppercut","Heavy Blade"],"picked":"AT_BodySlamDance","floor":1.0},{"not_picked":["Clash","Shockwave","Wild Strike"],"picked":"SKIP","floor":7.0},{"not_picked":["Rupture","Wild Strike"],"picked":"Headbutt","floor":11.0},{"not_picked":["Dark Embrace","Anger","Heavy Blade"],"picked":"SKIP","floor":12.0},{"not_picked":["Demon Form","Limit Break"],"picked":"Juggernaut","floor":16.0},{"not_picked":["Perfected Strike","Pommel Strike","Anger"],"picked":"SKIP","floor":18.0},{"not_picked":["Perfected Strike+1","Heavy Blade"],"picked":"Cleave+1","floor":19.0},{"not_picked":["Clothesline","Perfected Strike","Armaments"],"picked":"SKIP","floor":22.0},{"not_picked":["Second Wind","Clash+1"],"picked":"Rage+1","floor":29.0},{"not_picked":["AT_DiedThrough","Heavy Blade+1","Clash+1"],"picked":"SKIP","floor":31.0},{"not_picked":["Burning Pact+1","AT_ManFootWork"],"picked":"True Grit+1","floor":35.0},{"not_picked":["Twin Strike+1","Heavy Blade+1"],"picked":"Sentinel+1","floor":39.0},{"not_picked":["Clothesline+1","True Grit+1","Warcry+1"],"picked":"SKIP","floor":40.0},{"not_picked":["Armaments","Reaper+1"],"picked":"Dual Wield","floor":44},{"not_picked":["Dark Embrace+1","Iron Wave+1","Perfected Strike+1"],"picked":"SKIP","floor":47},{"not_picked":["Twin Strike+1","Anger+1","Headbutt+1"],"picked":"SKIP","floor":48}],"player_experience":136741,"relics_obtained":[{"floor":7.0,"key":"testmod-CrystalShield"},{"floor":9.0,"key":"AT_SilverBalance"},{"floor":21.0,"key":"testmod-Antiphasic"},{"floor":21.0,"key":"AT_ImmortalShieldbow"},{"floor":21.0,"key":"testmod-Déjàvu"},{"floor":26.0,"key":"Nunchaku"},{"floor":29.0,"key":"testmod-Laevatain"},{"floor":29.0,"key":"Molten Egg 2"},{"floor":38.0,"key":"CaptainsWheel"},{"floor":39.0,"key":"Bird Faced Urn"},{"floor":40.0,"key":"Smiling Mask"},{"floor":43.0,"key":"Self Forming Clay"},{"floor":47,"key":"Runesmith:AutoHammer"}],"event_choices":[{"damage_healed":0.0,"max_hp_gain":0.0,"max_hp_loss":0.0,"gold_gain":0.0,"event_name":"Golden Idol","player_choice":"Take Damage","floor":2.0,"gold_loss":0.0,"damage_taken":20.0,"relics_obtained":["Golden Idol"]},{"damage_healed":0.0,"max_hp_gain":0.0,"max_hp_loss":0.0,"gold_gain":75.0,"event_name":"World of Goop","player_choice":"Gather Gold","floor":3.0,"gold_loss":0.0,"damage_taken":11.0},{"damage_healed":0.0,"max_hp_gain":0.0,"max_hp_loss":0.0,"gold_gain":0.0,"event_name":"给自己的盒子","player_choice":"Swap Relic","floor":4.0,"relics_lost":["testmod-TestBox"],"gold_loss":0.0,"damage_taken":0.0,"relics_obtained":["Juzu Bracelet"]},{"cards_removed":["Strike_R"],"damage_healed":0.0,"max_hp_gain":0.0,"max_hp_loss":0.0,"gold_gain":0.0,"event_name":"The Cleric","player_choice":"Card Removal","floor":8.0,"gold_loss":50.0,"damage_taken":0.0},{"damage_healed":0.0,"max_hp_gain":0.0,"max_hp_loss":0.0,"gold_gain":0.0,"event_name":"Match and Keep!","player_choice":"0 cards matched","floor":13.0,"gold_loss":0.0,"damage_taken":0.0,"cards_obtained":[]},{"damage_healed":0.0,"max_hp_gain":0.0,"max_hp_loss":0.0,"gold_gain":0.0,"event_name":"恩洛斯的盘子","player_choice":"Ignored","floor":14.0,"gold_loss":0.0,"damage_taken":8.0},{"damage_healed":0.0,"max_hp_gain":0.0,"max_hp_loss":24.0,"gold_gain":0.0,"event_name":"Vampires","player_choice":"Became a vampire","floor":20.0,"gold_loss":0.0,"damage_taken":0.0,"cards_obtained":["Bite","Bite","Bite","Bite","Bite"]},{"damage_healed":0.0,"max_hp_gain":0.0,"max_hp_loss":0.0,"gold_gain":0.0,"event_name":"The Library","player_choice":"Read","floor":24.0,"gold_loss":0.0,"damage_taken":0.0,"cards_obtained":["Second Wind"]},{"cards_removed":["downfall:Icky","downfall:Bewildered","Injury","Shame"],"damage_healed":0.0,"max_hp_gain":0.0,"max_hp_loss":0.0,"gold_gain":0.0,"event_name":"Fountain of Cleansing","player_choice":"Removed Curses","floor":27.0,"gold_loss":0.0,"damage_taken":0.0},{"cards_removed":["Warcry"],"damage_healed":0.0,"max_hp_gain":0.0,"max_hp_loss":0.0,"gold_gain":0.0,"event_name":"Beggar","player_choice":"Gave Gold","floor":28.0,"gold_loss":75.0,"damage_taken":0.0},{"damage_healed":0.0,"max_hp_gain":0.0,"max_hp_loss":0.0,"gold_gain":0.0,"event_name":"Colosseum","player_choice":"Fight","floor":29.0,"gold_loss":0.0,"damage_taken":0.0},{"damage_healed":0.0,"max_hp_gain":0.0,"max_hp_loss":0.0,"gold_gain":0.0,"event_name":"Colosseum","player_choice":"Fought Nobs","floor":29.0,"gold_loss":0.0,"damage_taken":0.0},{"cards_removed":["Normality"],"damage_healed":0.0,"max_hp_gain":0.0,"max_hp_loss":0.0,"gold_gain":0.0,"event_name":"Purifier","player_choice":"Purged","floor":30.0,"gold_loss":0.0,"damage_taken":0.0},{"damage_healed":0.0,"max_hp_gain":0.0,"max_hp_loss":0.0,"gold_gain":0.0,"event_name":"Winding Halls","player_choice":"Embrace Madness","floor":37.0,"gold_loss":0.0,"damage_taken":8.0,"cards_obtained":["Madness","Madness"]},{"damage_healed":0.0,"max_hp_gain":0.0,"max_hp_loss":0.0,"gold_gain":0.0,"event_name":"MindBloom","player_choice":"Fight","floor":38.0,"gold_loss":0.0,"damage_taken":0.0},{"damage_healed":0.0,"max_hp_gain":0.0,"max_hp_loss":0.0,"gold_gain":0.0,"event_name":"Mysterious Sphere","player_choice":"Fight","floor":39.0,"gold_loss":0.0,"damage_taken":0.0},{"cards_removed":["Bite"],"damage_healed":0,"gold_gain":0,"player_choice":"Removed Attack","damage_taken":0,"max_hp_gain":0,"max_hp_loss":0,"event_name":"Falling","floor":45,"gold_loss":0}],"is_beta":false,"boss_relics":[{"not_picked":["AT_MortalBlade","testmod-HarvestTotem"],"picked":"testmod-Fanaticism"},{"not_picked":["Velvet Choker","Mark of Pain"],"picked":"testmod-Recursion"}],"items_purged_floors":[0,5,36,42],"is_endless":false,"potions_floor_spawned":[1,29,31,33,39,44,48],"ascension_level":1}}