{"host":"a0jvtjlr4867li78","time":1610850560,"event":{"mods":["BaseMod","Colored Powertips","Minty Spire (QoL Compilation)"],"gold_per_floor":[363,141,160,160,110,110,136,136,160,160,186,204,279,109,109,214,214,232,232,252,352,367,367,397,397,397,152,3,3,18,52,52,150,150,163,163,213,97,111,111,125,125,125,125,125,202,212,228,228,228],"floor_reached":51,"language":"ENG","playtime":3854,"items_purged":["Normality","EmptyBody","LessonLearned"],"score":914,"play_id":"daf6fbc8-5675-49fe-b58c-d5a9f4666468","local_time":"20210116202920","is_ascension_mode":true,"campfire_choices":[{"data":"Eruption","floor":6.0,"key":"SMITH"},{"data":"Vigilance","floor":10.0,"key":"SMITH"},{"floor":15.0,"key":"REST"},{"data":"CrushJoints","floor":23.0,"key":"SMITH"},{"data":"WindmillStrike","floor":29.0,"key":"SMITH"},{"floor":32.0,"key":"REST"},{"data":"Alpha","floor":40.0,"key":"SMITH"},{"data":"MasterReality","floor":42,"key":"SMITH"},{"data":"Enlightenment","floor":45,"key":"SMITH"},{"floor":49,"key":"REST"}],"circlet_count":0,"master_deck":["Strike_P","Strike_P","Strike_P","Defend_P","Defend_P+1","Defend_P","Eruption+1","Vigilance+1","ReachHeaven","Evaluate+1","WindmillStrike+1","CrushJoints+1","MasterReality+1","EmptyBody+1","Alpha+1","BattleHymn+1","Swivel","WaveOfTheHand","FlurryOfBlows","SashWhip+1","Enlightenment+1"],"relics":["PureWater","PreservedInsect","Meat on the Bone","Vajra","Oddly Smooth Stone","Toolbox","Sozu","TeardropLocket","Bottled Flame","Membership Card","Ancient Tea Set","VioletLotus","StoneCalendar","Sundial","The Courier"],"acts_visited":["Exordium","TheCity","TheBeyond"],"potions_floor_usage":[50,50],"damage_taken":[{"damage":1.0,"enemies":"Small Slimes","floor":1.0,"turns":3.0},{"damage":5.0,"enemies":"Jaw Worm","floor":3.0,"turns":6.0},{"damage":15.0,"enemies":"3 Sentries","floor":7.0,"turns":3.0},{"damage":8.0,"enemies":"Lagavulin","floor":11.0,"turns":4.0},{"damage":0.0,"enemies":"Cultist","floor":12.0,"turns":2.0},{"damage":17.0,"enemies":"The Guardian","floor":16.0,"turns":5.0},{"damage":0.0,"enemies":"Spheric Guardian","floor":18.0,"turns":3.0},{"damage":0.0,"enemies":"Chosen","floor":20.0,"turns":3.0},{"damage":4.0,"enemies":"Centurion and Healer","floor":22.0,"turns":5.0},{"damage":16.0,"enemies":"Book of Stabbing","floor":24.0,"turns":3.0},{"damage":7.0,"enemies":"Snake Plant","floor":30.0,"turns":3.0},{"damage":0.0,"enemies":"Gremlin Leader","floor":31.0,"turns":3.0},{"damage":46.0,"enemies":"Automaton","floor":33.0,"turns":7.0},{"damage":0.0,"enemies":"3 Shapes","floor":35.0,"turns":4.0},{"damage":0.0,"enemies":"Mind Bloom Boss Battle","floor":37.0,"turns":5.0},{"damage":17.0,"enemies":"Orb Walker","floor":39.0,"turns":5.0},{"damage":2,"enemies":"Sphere and 2 Shapes","floor":41,"turns":4},{"damage":32,"enemies":"4 Shapes","floor":47,"turns":4},{"damage":4,"enemies":"3 Darklings","floor":48,"turns":5},{"damage":60,"enemies":"Awakened One","floor":50,"turns":8}],"seed_played":"-2549504378658354945","potions_obtained":[{"floor":3.0,"key":"GamblersBrew"},{"floor":7.0,"key":"Block Potion"},{"floor":12.0,"key":"GamblersBrew"}],"is_trial":false,"path_per_floor":["M","$","M","?","?","R","E","?","T","R","E","M","?","$","R","B",null,"M","?","M","?","M","R","E","?","T","$","$","R","M","E","R","B",null,"M","?","?","$","M","R","M","R","T","?","R","T","M","M","R","B",null],"character_chosen":"WATCHER","items_purchased":["PreservedInsect","CrushJoints","Toolbox","LessonLearned","Membership Card","WaveOfTheHand","FlurryOfBlows"],"campfire_rested":3,"item_purchase_floors":[2,14,14,27,28,38,38],"current_hp_per_floor":[71,71,66,59,59,59,44,44,44,44,48,48,37,37,58,41,72,72,72,72,72,68,68,52,39,39,39,39,39,44,44,67,33,77,77,77,77,77,60,60,58,58,58,58,58,58,38,46,69,21],"gold":228,"neow_bonus":"TWO_FIFTY_GOLD","is_daily":false,"chose_seed":false,"campfire_upgraded":7,"win_rate":0.0,"timestamp":1610850560,"path_taken":["M","$","M","?","?","R","E","?","T","R","E","?","?","?","R","BOSS","M","?","M","?","?","R","E","?","T","?","$","R","M","E","R","BOSS","M","?","?","$","M","R","M","R","T","?","R","?","M","?","R","BOSS"],"items_purchased_type":["Relic","Card","Relic","Card","Relic","Card","Card"],"build_version":"2020-12-22","purchased_purges":3,"victory":true,"max_hp_per_floor":[72,72,72,72,72,72,72,72,72,72,72,72,72,72,72,72,72,72,72,72,72,72,72,72,77,77,77,77,77,77,77,77,77,77,77,77,77,77,77,77,77,77,77,77,77,77,77,77,77,77],"card_choices":[{"not_picked":["Crescendo","CutThroughFate","SashWhip"],"picked":"SKIP","floor":1.0},{"not_picked":["Perseverance","WindmillStrike"],"picked":"ReachHeaven","floor":3.0},{"not_picked":["Weave","Adaptation"],"picked":"Evaluate","floor":7.0},{"not_picked":["FearNoEvil","CutThroughFate"],"picked":"WindmillStrike","floor":11.0},{"not_picked":["FlyingSleeves","ClearTheMind","CutThroughFate"],"picked":"SKIP","floor":12.0},{"not_picked":["Omniscience","Devotion"],"picked":"MasterReality","floor":16.0},{"not_picked":["Collect","WreathOfFlame","CutThroughFate"],"picked":"SKIP","floor":18.0},{"not_picked":["JustLucky","Swivel","Halt"],"picked":"SKIP","floor":20.0},{"not_picked":["CrushJoints","InnerPeace+1","Swivel"],"picked":"SKIP","floor":22.0},{"not_picked":["TalkToTheHand","SignatureMove+1"],"picked":"EmptyBody+1","floor":24.0},{"not_picked":["FearNoEvil","Indignation","Worship+1"],"picked":"SKIP","floor":30.0},{"not_picked":["FearNoEvil","Indignation","Worship+1"],"picked":"SKIP","floor":30.0},{"not_picked":["Halt","CrushJoints","Conclude"],"picked":"SKIP","floor":31.0},{"not_picked":["LessonLearned","Ragnarok"],"picked":"Alpha","floor":33.0},{"not_picked":["WindmillStrike+1","Protect+1"],"picked":"BattleHymn+1","floor":35.0},{"not_picked":["Study+1","FlyingSleeves+1"],"picked":"Swivel","floor":37.0},{"not_picked":["EmptyBody+1","WindmillStrike"],"picked":"SashWhip+1","floor":39.0},{"not_picked":["ThirdEye+1","ForeignInfluence","Worship+1"],"picked":"SKIP","floor":41},{"not_picked":["Impatience","Thinking Ahead"],"picked":"Enlightenment","floor":44},{"not_picked":["EmptyBody","JustLucky+1","Halt"],"picked":"SKIP","floor":47},{"not_picked":["CarveReality+1","MentalFortress+1","ThirdEye+1"],"picked":"SKIP","floor":48}],"player_experience":1215060,"relics_obtained":[{"floor":7.0,"key":"Meat on the Bone"},{"floor":9.0,"key":"Vajra"},{"floor":11.0,"key":"Oddly Smooth Stone"},{"floor":24.0,"key":"TeardropLocket"},{"floor":26.0,"key":"Bottled Flame"},{"floor":31.0,"key":"Ancient Tea Set"},{"floor":37.0,"key":"StoneCalendar"},{"floor":43,"key":"Sundial"},{"floor":46,"key":"The Courier"}],"event_choices":[{"cards_removed":["Defend_P"],"damage_healed":0.0,"max_hp_gain":0.0,"max_hp_loss":0.0,"gold_gain":0.0,"event_name":"Golden Wing","player_choice":"Card Removal","floor":4.0,"gold_loss":0.0,"damage_taken":7.0},{"cards_removed":["Strike_P"],"damage_healed":0.0,"max_hp_gain":0.0,"max_hp_loss":0.0,"gold_gain":0.0,"event_name":"The Cleric","player_choice":"Card Removal","floor":5.0,"gold_loss":50.0,"damage_taken":0.0},{"damage_healed":0.0,"max_hp_gain":0.0,"max_hp_loss":0.0,"gold_gain":0.0,"event_name":"Upgrade Shrine","player_choice":"Upgraded","floor":8.0,"gold_loss":0.0,"damage_taken":0.0,"cards_upgraded":["Evaluate"]},{"damage_healed":0.0,"max_hp_gain":0.0,"max_hp_loss":0.0,"gold_gain":75.0,"event_name":"World of Goop","player_choice":"Gather Gold","floor":13.0,"gold_loss":0.0,"damage_taken":11.0},{"damage_healed":0.0,"max_hp_gain":0.0,"max_hp_loss":0.0,"gold_gain":0.0,"event_name":"The Library","player_choice":"Read","floor":19.0,"gold_loss":0.0,"damage_taken":0.0,"cards_obtained":["EmptyBody"]},{"damage_healed":0.0,"max_hp_gain":0.0,"max_hp_loss":0.0,"gold_gain":100.0,"event_name":"Golden Shrine","player_choice":"Pray","floor":21.0,"gold_loss":0.0,"damage_taken":0.0},{"damage_healed":0.0,"max_hp_gain":5.0,"max_hp_loss":0.0,"gold_gain":0.0,"event_name":"Forgotten Altar","player_choice":"Shed Blood","floor":25.0,"gold_loss":0.0,"damage_taken":18.0},{"damage_healed":0.0,"max_hp_gain":0.0,"max_hp_loss":0.0,"gold_gain":0.0,"event_name":"Tomb of Lord Red Mask","player_choice":"Ignored","floor":36.0,"gold_loss":0.0,"damage_taken":0.0},{"damage_healed":0.0,"max_hp_gain":0.0,"max_hp_loss":0.0,"gold_gain":0.0,"event_name":"MindBloom","player_choice":"Fight","floor":37.0,"gold_loss":0.0,"damage_taken":0.0},{"damage_healed":0,"gold_gain":0,"player_choice":"Memory 1","damage_taken":0,"max_hp_gain":0,"max_hp_loss":0,"event_name":"SensoryStone","floor":44,"gold_loss":0}],"is_beta":false,"boss_relics":[{"not_picked":["Fusion Hammer","Runic Dome"],"picked":"Sozu"},{"not_picked":["Philosopher\u0027s Stone","Empty Cage"],"picked":"VioletLotus"}],"items_purged_floors":[2,27,38],"is_endless":false,"potions_floor_spawned":[3,7,12,18,30,35,39,41],"ascension_level":3}}