{"host":"bycas0s5rx7l5h3x","time":1610863773,"event":{"mods":["100% Spire Juice","AchievementEnabler","Act Like it!","Arknights The Spire","BaseMod","Minty Spire (QoL Compilation)","Pale of the Ancients","StSLib"],"gold_per_floor":[110,123,123,134,148,148,165,22,47,0,14,14,24,42,42,138,138,158,175,188,188,73,73,102,102,151,163,163,163],"floor_reached":28,"language":"ZHS","playtime":1530,"items_purged":[],"score":234,"play_id":"c29c3e15-5e1d-4a99-9914-9fbdcf5c968c","local_time":"20210117140933","is_ascension_mode":false,"campfire_choices":[{"floor":6,"key":"REST"},{"floor":12,"key":"REST"},{"floor":15,"key":"REST"},{"floor":23,"key":"REST"},{"floor":25,"key":"REST"}],"circlet_count":0,"master_deck":["ats:Strike C","ats:Strike G","ats:Strike S","ats:Strike V","ats:Armor Crushing Shot","ats:Defend","ats:Defend","ats:Defend","ats:Defend","ats:Emotion Absorption","ats:Durian","ats:Ignite","ats:Thorns+1","ats:Childhood Dance","ats:Ignite","ats:Shadow Raid","ats:Curse Doll","ats:Closed Bolt Burst Fire","ats:Burning Ground","ats:Apocalypse","ats:Disruption Kick","ats:Childhood Dance+1","ats:Automatic Cover+1","ats:Magnetic Hammer+1","ats:Thorns","ats:Shell Defense","ats:Charging Defense","ats:Assault Order+1"],"relics":["ats:Sanity","Bronze Scales","ats:Ability Aura","ats:Originium","Centennial Puzzle","Boot"],"acts_visited":["Exordium","TheCity"],"potions_floor_usage":[],"damage_taken":[{"damage":25,"enemies":"Small Slimes","floor":1,"turns":4},{"damage":3,"enemies":"2 Louse","floor":2,"turns":3},{"damage":13,"enemies":"Cultist","floor":4,"turns":4},{"damage":10,"enemies":"2 Fungi Beasts","floor":5,"turns":3},{"damage":18,"enemies":"Looter","floor":7,"turns":3},{"damage":17,"enemies":"Blue Slaver","floor":11,"turns":3},{"damage":3,"enemies":"3 Louse","floor":13,"turns":3},{"damage":16,"enemies":"Exordium Thugs","floor":14,"turns":4},{"damage":40,"enemies":"The Guardian","floor":16,"turns":12},{"damage":22,"enemies":"Chosen","floor":18,"turns":5},{"damage":24,"enemies":"Shell Parasite","floor":19,"turns":7},{"damage":31,"enemies":"Sentry and Sphere","floor":20,"turns":6},{"damage":25,"enemies":"Book of Stabbing","floor":24,"turns":6},{"damage":6,"enemies":"Chosen and Byrds","floor":27,"turns":7},{"damage":10,"enemies":"Cultist and Chosen","floor":28,"turns":4}],"seed_played":"-2474195873245411468","potions_obtained":[{"floor":1,"key":"SpeedPotion"},{"floor":4,"key":"Dexterity Potion"},{"floor":5,"key":"SteroidPotion"},{"floor":11,"key":"FairyPotion"},{"floor":20,"key":"FearPotion"}],"is_trial":false,"path_per_floor":["M","M","?","M","M","R","M","$","T","$","M","R","M","M","R","B",null,"M","M","M","?","$","R","E","R","T","M","M"],"character_chosen":"DOCTOR_CLASS","items_purchased":["Bronze Scales","ats:Curse Doll","ats:Thorns","ats:Shell Defense"],"campfire_rested":5,"item_purchase_floors":[8,10,22,22],"current_hp_per_floor":[47,44,44,31,21,42,24,24,24,24,7,28,25,9,30,25,72,51,35,4,4,4,25,7,28,28,28,24,24],"gold":163,"neow_bonus":"ONE_RANDOM_RARE_CARD","is_daily":false,"chose_seed":false,"campfire_upgraded":0,"win_rate":0.0,"timestamp":1610863773,"path_taken":["M","M","?","M","M","R","M","$","T","$","M","R","M","M","R","BOSS","M","M","M","?","$","R","E","R","T","M","M"],"items_purchased_type":["Relic","Card","Card","Card"],"build_version":"2020-12-22","purchased_purges":0,"victory":false,"max_hp_per_floor":[72,72,72,72,72,72,72,72,72,72,72,72,72,72,72,72,72,72,72,72,72,72,72,72,72,72,72,72,72],"card_choices":[{"not_picked":["ats:Counter Healing Mode","ats:Demon Strength"],"picked":"ats:Ignite","floor":1},{"not_picked":["ats:Leaping Hammer","ats:Hammer On"],"picked":"ats:Thorns","floor":2},{"not_picked":["ats:Burning Ground","ats:Poison Spread"],"picked":"ats:Childhood Dance","floor":4},{"not_picked":["ats:Composite Medical Shells","ats:Childhood Dance"],"picked":"ats:Ignite","floor":5},{"not_picked":["ats:Poison Spread","ats:Defend Order"],"picked":"ats:Shadow Raid","floor":7},{"not_picked":["ats:Sword Rain","ats:Chain Hook"],"picked":"ats:Closed Bolt Burst Fire","floor":11},{"not_picked":["ats:Leaping Hammer","ats:Healing Strengthening"],"picked":"ats:Burning Ground","floor":13},{"not_picked":["ats:Very Hot Blade","ats:Poison Spread"],"picked":"ats:Apocalypse","floor":14},{"not_picked":["ats:Roar Of Ursus","ats:Nebulous Foxfire"],"picked":"ats:Disruption Kick","floor":16},{"not_picked":["ats:Revitalization","ats:Red Shift"],"picked":"ats:Childhood Dance+1","floor":18},{"not_picked":["ats:Encircling Forest","ats:Support Order"],"picked":"ats:Automatic Cover+1","floor":19},{"not_picked":["ats:Cat Scratch","ats:Defend Order"],"picked":"ats:Magnetic Hammer+1","floor":20},{"not_picked":["ats:Thorns+1","ats:Composite Medical Shells+1"],"picked":"ats:Charging Defense","floor":24},{"not_picked":["ats:Flexible Camouflage","ats:Hammer On+1"],"picked":"ats:Assault Order+1","floor":27}],"player_experience":32350,"relics_obtained":[{"floor":9,"key":"ats:Ability Aura"},{"floor":24,"key":"ats:Originium"},{"floor":24,"key":"Centennial Puzzle"},{"floor":26,"key":"Boot"}],"event_choices":[{"damage_healed":0,"gold_gain":0,"player_choice":"Grow","damage_taken":0,"max_hp_gain":0,"max_hp_loss":0,"event_name":"Living Wall","floor":3,"gold_loss":0,"cards_upgraded":["ats:Thorns"]},{"damage_healed":0,"gold_gain":0,"player_choice":"Ignored","damage_taken":0,"max_hp_gain":0,"max_hp_loss":0,"event_name":"Ghosts","floor":21,"gold_loss":0}],"is_beta":false,"boss_relics":[{"not_picked":["Fusion Hammer","Philosopher\u0027s Stone","Cursed Key"]}],"items_purged_floors":[],"is_endless":false,"potions_floor_spawned":[1,4,5,11,20],"killed_by":"Cultist and Chosen","ascension_level":0}}